4020 6494
234 507 339 559 229

1362 508 1732 569 ADVEltSL‘S
1768 500 2269 570 sputus-mit

3310 514 3333 569 i
3344 514 3450 573 9.30

194 624 357 687 εὐθὺς
384 622 440 674 έν
472 638 533 673 τε
564 624 629 693 τῇ
668 624 948 696 ἐπιγραφῇ
983 626 1075 679 τοῦ
1110 627 1268 695 λόγου
1295 629 1560 687 διδάσκειν
1579 649 1771 685 κατεπ-

1893 632 2147 701 μιίερίοιη
2183 627 2568 693 allirmavcrit;
2602 636 2884 699 propterea
2929 628 3031 685 hoc
3060 630 3237 701 ipsum
3278 630 3332 685 in
3364 632 3437 683 di-

192 721 550 789 αγγέλλεται’,
645 716 726 767 ὃτι
776 716 898 769 καθ’
950 718 1207 786 ὁμοίωσιν
1260 721 1545 793 ἀνθρώπου
1582 724 1673 775 καὶ
1714 724 1775 775 τὸ

184 816 341 867 Θεῖον
362 813 421 865 ἐν
470 808 632 878 σαρκὶ
666 806 984 880 θεωρεῖται,
1015 812 1109 865 καὶ⁹
1141 811 1235 865 νῦν
1271 815 1328 865 ἐν
1360 814 1435 885 τῷ
1468 816 1620 887 μέρει
1651 816 1775 867 τού-

191 918 286 953 του
318 899 412 952 τοῦ
438 899 598 967 λόγου
622 898 734 967 (26)
768 901 955 970 σαφῶς
992 904 1420 969 κατασκευάζει.
1454 907 1536 958 ὅτι
1573 907 1632 959 ἐν
1662 909 1775 958 ἐστι

195 991 508 1061 πρόσωπον,
532 991 624 1042 καὶ
647 990 783 1053 ζῶον
810 992 888 1055 ἐν,
911 994 945 1063 ἥ
968 1011 1025 1047 τε
1047 995 1184 1065 σὰρξ
1208 1001 1301 1054 καὶ
1318 1000 1346 1051 ὁ
1370 998 1585 1071 Κύριος,
1610 1000 1781 1054 ὡσαν-

195 1086 244 1136 εὶ
309 1081 488 1150 λέγοι,
559 1082 769 1136 Παῦλον
808 1084 899 1137 τὸν
939 1088 1102 1141 αὑτὸν
1150 1084 1395 1157 εἶναιτῷ
1434 1087 1661 1159 κρυπτῷ
1686 1088 1776 1140 τὸν

198 1173 524 1243 φαινόμενον
555 1175 690 1243 (27),
738 1175 826 1230 διὰ
890 1178 989 1249 τὴν
1030 1178 1123 1232 τοῦ
1184 1181 1433 1250 σώματος
1490 1181 1627 1249 πρὸς
1679 1180 1777 1250 τὴν

197 1264 376 1333 ψυχὴν
434 1268 728 1335 συμφυΐαν.
773 1267 837 1319 Τί
887 1266 979 1322 οὖν
1032 1270 1137 1341 ἄρα
1190 1272 1461 1338 ἐπεξιέναι
1512 1272 1779 1341 προσήκει

198 1356 311 1415 τοῖς
344 1354 653 1423 εἰρημένοις
696 1356 787 1408 καὶ
838 1358 1256 1429 ἀντιμάχεσθαι;
1286 1362 1395 1414 Καὶ
1422 1360 1537 1423 πῶς
1578 1361 1677 1413 οὐκ
1714 1361 1779 1415 ἄν

197 1461 283 1505 τις
313 1446 461 1515 ἡμᾶς
489 1446 771 1515 ἀφραίνειν
802 1452 1168 1519 κατῃτιάσατο
1206 1454 1316 1514 τοῖς
1363 1452 1778 1523 παρεξευρημέ-

198 1552 310 1597 νοις
342 1535 451 1589 τῶν
497 1538 783 1606 νοημάτων
829 1541 1241 1611 ὲνισταμένουςς
1285 1543 1494 1597 Οὐκοῦν
1534 1544 1594 1595 τὸ
1644 1544 1780 1612 μετά

197 1625 356 1678 τοῦτο
376 1622 818 1697 κατανοήσωμεν.
843 1633 913 1684 El
935 1633 1147 1700 μηδὲν,
1168 1634 1321 1705 φησὶ,
1346 1636 1570 1702 ποίημα
1592 1647 1781 1702 προσ-

200 1719 467 1785 κυνητὸν
507 1721 656 1787 μετὰ
696 1721 800 1774 τοῦ
828 1722 1071 1790 Κυρίου,
1102 1726 1181 1791 ὠς
1224 1727 1261 1793 ἡ
1284 1725 1441 1794 σὰρξ
1460 1726 1664 1779 αὐτοῦ.
1687 1726 1782 1787 Τίς

205 1809 606 1880 ἀγωνοθετήσει
641 1813 770 1882 περὶ
799 1814 905 1866 τῶν
934 1818 989 1869 ἐν
1019 1817 1240 1887 ἀσεϐείᾳ
1269 1818 1549 1887 πρωτείων
1582 1818 1783 1885 ἀγωνι-

202 1902 417 1972 ζομένῳ
445 1903 523 1973 τῷ
562 1906 918 1977 Ἀπολιναρίῳ
951 1908 1084 1979 πρὸς
1114 1909 1203 1961 τὸν
1238 1909 1531 1979 Εὐνόμιον;
1566 1909 1647 1971 τίς
1676 1908 1783 1977 ἄρα

200 1994 310 2047 τῶν
352 1996 641 2064 ἀριστείων
693 1999 750 2049 ἐν
802 2002 912 2061 τοῖς
957 2000 1098 2052 κατά
1140 2001 1239 2070 τῆς
1269 2001 1524 2070 ἀληθείας
1571 1999 1784 2069 ἱδρῶσιν
1818 1977 1858 2035 Β

201 2085 601 2155 ἀξιωθήσεται;
640 2088 792 2158 Τάχα
832 2090 1053 2159 ἄκριτος
1094 2092 1178 2142 ἐπ’
1229 2091 1555 2162 ἀμφοτέρων
1662 2092 1784 2162 νίκη

199 2180 283 2250 τῷ
335 2182 662 2253 ἀμφηρίστῳ
696 2183 806 2252 ('28)
840 2185 933 2237 καὶ
980 2184 1223 2237 ἰσοπαλεί
1251 2187 1348 2254 τῆς
1395 2186 1647 2248 ἀσεϐείας
1690 2205 1789 2240 κα-

200 2272 642 2344 ταλειφθήσεται.
708 2276 768 2327 ὐ
826 2277 922 2345 μὲν
970 2276 1078 2347 γὰρ
1126 2277 1337 2347 ποίημα
1386 2277 1477 2330 τὸν
1526 2279 1787 2348 μονογενῆ

201 2364 338 2416 Θεὸν
370 2365 477 2433 (29)
510 2365 700 2433 λέγων,
732 2367 919 2435 νοερόν
942 2385 1001 2420 τε
1028 2369 1212 2431 αὐτὸν,
1244 2368 1340 2421 καὶ
1374 2368 1477 2432 ἔξω
1510 2370 1610 2437 τῆς
1638 2371 1787 2422 ἀντι-

202 2454 378 2507 τύπου
420 2454 634 2523 φύσεως
674 2451 813 2507 εἶναι
846 2456 945 2508 οὐκ
974 2458 1317 2528 ἀπομάχεται
1342 2477 1356 2489 ’
1398 2461 1558 2527 αὐτὸς
1584 2462 1640 2514 δὲ
1675 2461 1785 2532 (50)

204 2543 458 2598 σύνθετον
490 2546 546 2611 ἐξ
587 2546 760 2617 ἀρχῆς
800 2545 959 2597 αὐτὸν
999 2546 1058 2611 ἐξ
1090 2549 1395 2619 ἐτεροφυῶν
1440 2551 1784 2615 ἀναπλάσας,

204 2638 272 2689 ἐκ
300 2637 499 2707 σαρκός
523 2654 583 2689 τε
622 2638 713 2689 καὶ
745 2637 993 2709 θεότητος
1025 2642 1531 2711 συγκεκροτημένον
1564 2642 1620 2694 ἓν
1651 2639 1789 2696 εἶναι

206 2725 347 2790 ζῶον
376 2729 805 2791 κατασκευάζει,
852 2728 973 2781 καθ’
1006 2729 1262 2799 ὁμοίωσιν
1293 2733 1401 2800 (51)
1434 2736 1533 2803 τῆς
1576 2733 1788 2805 ἀνθρω-

205 2819 372 2888 πίνης
414 2820 643 2886 φύσεως.
690 2818 750 2872 Ἠ
796 2821 892 2889 μέν
936 2823 1043 2892 γάρ
1083 2823 1175 2875 τοῦ
1204 2826 1506 2894 ποιήματος
1549 2829 1790 2897 προσκύο

205 2925 364 2979 νησις
390 2912 473 2963 ἐπ’
499 2912 702 2980 ἀμφοῖν
726 2910 814 2982 ίση
836 2930 850 2943 ·
882 2912 995 2964 ἀλλ’
1024 2914 1232 2977 ἐκεῖνος
1263 2916 1362 2985 μὲν
1387 2918 1485 2987 τὴν
1515 2918 1705 2989 νοεράν
1729 2938 1789 2973 τε

208 3004 303 3056 καὶ
323 3003 609 3073 ἀσώματον
632 3003 791 3071 φύσιν
811 3005 1141 3074 πεποιῆσθαι
1164 3024 1349 3075 φησιν’
1372 3004 1523 3071 οὗτος
1545 3010 1601 3062 δὲ
1623 3028 1790 3082 προσ-

206 3094 387 3166 τίθησι
418 3098 512 3148 καὶ
542 3097 603 3148 τὸ
630 3138 643 3159 ,
680 3097 930 3167 σαρκώδη
957 3098 1115 3166 φύσιν
1142 3096 1279 3152 εἶναι
1306 3102 1433 3171 περὶ
1464 3102 1523 3154 τὸ
1557 3103 1787 3175 ποίημα,

209 3186 306 3238 καὶ
343 3185 545 3255 ταύτην
592 3190 1008 3257 προσκυνεῖσθαι
1058 3191 1216 3244 πλέον
1260 3192 1366 3244 τῶν
1403 3194 1601 3247 λοιπῶν
1637 3212 1792 3265 ποιη-

1879 724 2000 775 vina
2046 722 2211 775 etiam
2258 729 2453 775 natura
2492 721 2629 786 fieri,
2668 722 2851 791 inepte
2885 723 3069 777 animo
3100 738 3202 777 suo
3233 724 3447 794 ﬁngens

1878 814 2139 883 scriptor,
2174 813 2357 868 statim
2401 822 2454 868 et
2484 813 2537 866 in
2572 813 2689 882 ipsa
2731 819 3003 869 tractatus
3046 813 3211 883 hujus
3252 816 3451 869 inscri-

1880 907 2064 975 ptione
2110 904 2616 958 demonstraturum
2670 918 2730 957 se
2776 902 3093 972 pollicetur,
3144 903 3455 961 divinitatis

1877 997 2322 1066 conjunctionem
2355 1011 2479 1049 cum
2509 1010 2675 1049 carne
2704 993 2769 1046 ad
2811 994 3227 1050 similitudinem
3274 996 3454 1049 homi-

1876 1089 1966 1143 nis
1995 1087 2347 1157 spectandam
2379 1100 2531 1149 esse;
2555 1094 2609 1140 et
2654 1101 2800 1139 nunc
2846 1086 2901 1139 in
2931 1086 3034 1140 hac
3066 1087 3311 1153 ejusdem
3347 1097 3454 1141 tra-

1879 1188 2058 1233 ctatus
2094 1186 2247 1247 parte
2277 1176 2568 1231 manifeste
2601 1185 2850 1230 astruere
2890 1176 3107 1242 nititur,
3147 1192 3367 1233 carnem
3401 1185 3457 1231 et

1882 1270 2168 1324 Dominum
2228 1283 2393 1323 unam
2450 1282 2740 1339 personam
2795 1276 2961 1337 atque
3021 1285 3190 1323 unum
3252 1270 3455 1324 animal

1881 1378 2023 1425 esse,
2053 1362 2211 1431 quasi
2247 1360 2454 1415 diceret
2498 1360 2554 1415 in
2602 1360 2771 1415 Paulo
2799 1360 2872 1415 ob
2900 1362 3148 1432 corporis
3172 1370 3227 1414 et
3258 1362 3457 1418 anima

1882 1454 2323 1521 conjunctionem
2365 1453 2506 1507 idem
2542 1468 2665 1507 esse
2714 1453 2857 1521 quod
2907 1454 3059 1517 latet,
3100 1464 3265 1523 atque
3320 1449 3456 1509 illud

1880 1546 2024 1614 quod
2060 1545 2303 1597 omnium
2354 1546 2530 1599 oculis
2579 1544 2844 1598 cernitur.
2897 1544 3036 1609 Quid
3066 1560 3198 1613 ergo
3226 1559 3290 1601 ea
3335 1560 3457 1617 quae

1883 1638 2045 1689 modo
2075 1636 2626 1688 commemoravimus
2669 1642 2925 1688 accurata
2956 1634 3340 1704 disquisitione
3369 1646 3457 1689 re-

1884 1727 2070 1781 fellere
2096 1727 2389 1779 convenit?
2418 1725 2553 1791 Quis
2586 1726 2748 1781 etiam
2774 1725 2970 1779 merito
3004 1740 3106 1779 nos
3132 1726 3459 1795 insipientia:

1886 1835 1991 1873 non
2038 1817 2380 1872 accusaverit
2413 1819 2558 1887 quod
2596 1816 2748 1871 hisce
2795 1828 3080 1887 perperam
3126 1819 3452 1886 excogitatis

1887 1909 2455 1979 argumentationibus
2506 1908 2815 1975 refutandis
2876 1908 3271 1962 immoremur?
3318 1907 3460 1979 Ergo

1888 2001 2030 2069 quod
2071 2001 2342 2069 sequitur,
2388 2000 2783 2069 expendamus.
2834 1999 3087 2061 Sinulla,
3134 2000 3331 2069 inquit,
3378 2014 3458 2054 res

1887 2101 2064 2145 creata
2092 2109 2235 2163 mque
2268 2091 2548 2145 adoranda
2576 2108 2682 2144 una
2717 2107 2833 2143 cum
2867 2089 3094 2143 Domino
3119 2098 3219 2155 est,
3255 2108 3317 2143 ac
3345 2091 3460 2160 ejus

1887 2199 2034 2237 caro.
2087 2182 2284 2252 Ecquis
2323 2182 2613 2237 certamini
2664 2181 2877 2250 prmerit
2914 2180 3246 2251 praemiaque
3296 2188 3461 2250 ponet

1888 2276 2191 2346 Apollinari
2244 2288 2408 2345 atque
2443 2275 2714 2328 Eunomio
2767 2277 2909 2330 inter
2953 2289 3013 2329 se
3053 2272 3121 2329 de
3167 2273 3463 2343 impietatis

1888 2370 2123 2437 primatu
2188 2367 2568 2421 certantibus?
2620 2366 2748 2420 Uter
2796 2380 2987 2421 eorum
3035 2365 3108 2420 ob
3154 2365 3463 2420 exantlatos

1890 2462 2154 2514 adversus
2178 2460 2462 2513 veritatem
2491 2459 2727 2518 labores.
2758 2460 2937 2528 palma
2963 2458 3164 2527 dignus
3188 2473 3310 2513 esse
3331 2473 3461 2513 cen—

1889 2552 2143 2604 sebitur?
2185 2550 2446 2604 Fortasse
2482 2549 2553 2603 ob
2589 2565 2771 2619 parem
2819 2551 2873 2603 in
2927 2549 3221 2604 asserenda
3270 2548 3461 2618 impie-

1888 2650 2000 2695 tate
2037 2643 2366 2696 ccrtantium
2399 2642 2671 2707 ardorem,
2706 2654 2909 2711 anceps
2956 2642 3079 2707 erit,
3113 2656 3177 2695 ac
3208 2649 3461 2695 neutram

1890 2732 1944 2783 in
1978 2740 2184 2799 partem
2213 2732 2473 2785 inclinata
2519 2732 2768 2786 victoria.
2813 2731 2947 2785 Nam
2995 2732 3088 2787 ille
3122 2731 3463 2800 unigenitum

1890 2824 2057 2877 Deum
2093 2824 2293 2878 factum
2327 2840 2449 2879 esse
2478 2826 2780 2890 aﬂirmans,
2816 2824 3068 2879 eumdem
3114 2832 3295 2878 mente
3326 2834 3465 2892 pra:-

1890 2916 2063 2968 ditum
2112 2923 2165 2968 et
2194 2932 2223 2968 a
2258 2930 2524 2985 corporea
2563 2924 2759 2969 natura
2794 2916 3033 2970 alienum
3068 2928 3192 2970 esse
3224 2928 3334 2967 non
3368 2929 3465 2967 ne-

1890 3016 2014 3075 gat;
2066 3006 2155 3060 hic
2191 3020 2320 3059 vero
2370 3007 2524 3060 illum
2575 3006 2753 3077 ipsum
2806 3007 3148 3077 unigenitum
3183 3005 3351 3061 Deum
3395 3019 3463 3059 ex

1892 3098 2122 3152 diversae
2151 3106 2359 3152 naturae
2398 3098 2561 3153 rebus
2595 3099 2663 3151 ab
2704 3098 2861 3152 initio
2889 3098 3254 3168 compositum
3296 3096 3468 3153 fuisse

1896 3188 2126 3259 ﬁngens,
2156 3188 2406 3243 eumdem
2434 3204 2601 3242 unum
2633 3202 2759 3243 esse
2781 3205 2843 3241 ex
2870 3204 3034 3242 carne
3065 3203 3129 3242 ac
3153 3188 3463 3250 divinitate,

214 3275 422 3346 μάτων,
462 3277 537 3340 ὡς
570 3278 665 3330 καὶ
706 3278 886 3341 ἄλλοις
939 3283 1209 3352 ποιήμασι
1246 3286 1663 3356 προσαγομένης
1692 3291 1791 3359 τῆς

1894 3281 2145 3335 humanae
2176 3286 2383 3333 naturae
2417 3280 2613 3342 instar,
2642 3277 2937 3333 conﬂatum
2972 3279 3174 3332 animal
3202 3294 3325 3334 esse
3354 3287 3465 3334 sta-

212 3369 655 3440 προσκυνήσεως,
680 3369 707 3422 ὃ
747 3372 838 3423 καὶ
864 3374 976 3435 τοῖς
1002 3374 1069 3426 τὰ
1101 3374 1365 3445 Εὑνομίου
1396 3376 1793 3446 πρεσϐεύουσιν

211 3457 410 3522 ἀσεϐὲς
452 3456 589 3512 εἶναι
632 3461 991 3530 ὁμολογεῖται.
1032 3465 1241 3519 Οὐκοῦν
1296 3468 1468 3537 ἐχέτω
1518 3469 1658 3522 κατά
1704 3470 1795 3523 τοῦ

213 3550 481 3621 Εὑνομίου
508 3552 575 3605 τὰ
612 3554 925 3623 νικητήρια,
964 3558 1056 3608 καὶ
1098 3557 1513 3624 ἐπαγαλλιάσθω
1543 3560 1655 3630 (52)
1685 3564 1798 3624 τοῖς

212 3644 314 3715 τῆς
344 3643 599 3707 ἀσεϐείας
627 3643 909 3712 στεφάνοις
938 3648 1410 3717 καλλωπιζόμενος
1434 3667 1448 3680 ·
1477 3651 1585 3721 ὅσῳ
1606 3652 1713 3722 γὰρ
1740 3653 1797 3705 ἐν

214 3738 281 3805 τῇ
300 3734 395 3787 ἀνθ
404 3736 611 3806 ρωπίνῃ
631 3737 787 3803 φύσει
804 3736 903 3806 τῆς
918 3738 1093 3809 ψυχῆς
1106 3742 1166 3792 τὸ
1184 3741 1340 3809 σῶμα
1356 3742 1793 3813 καταδεέστερον,

214 3823 471 3878 τοσοῦτον
507 3826 565 3877 ἐν
610 3828 721 3887 τοῖς
766 3824 831 3878 τά
874 3828 1153 3898 ποιήματα
1187 3828 1599 3899 προσκυνοῦσιν,
1640 3832 1669 3883 ὁ
1700 3831 1798 3902 τὴν

218 3918 395 3987 σάρκα
431 3920 751 3987 προσκυνεῖν
791 3918 1098 3987 νομοθετῶν
1126 3920 1235 3973 τῶν
1277 3920 1337 3972 τὸ
1370 3921 1554 3990 νοερὸν
1588 3922 1799 3993 ποίημα

220 4009 528 4079 σεϐομένων
561 4010 617 4061 ἐν
651 4008 727 4079 τῷ
759 4008 899 4077 λόγῳ
928 4012 1026 4080 τῆς
1052 4010 1306 4074 ἀσεϐείας
1336 4013 1484 4065 ἐστὶν
1525 4012 1799 4066 ἀτοπώτε-

224 4114 335 4173 ρος,
354 4103 446 4154 καὶ
471 4101 704 4170 μάλιστα
726 4102 773 4153 εί
800 4102 892 4153 καὶ
918 4102 1050 4154 ἀλλα
1074 4104 1494 4173 προσκυνεῖσθαι
1517 4106 1799 4174 ποιήματα

219 4194 387 4263 λέγοι,
420 4187 493 4247 ὧν
530 4194 590 4247 τὸ
618 4192 777 4245 πλέον
808 4195 840 4262 ἡ
878 4193 1015 4264 σὰρξ
1038 4194 1128 4247 διὰ
1160 4196 1495 4265 συγκρίσεως
1534 4198 1674 4251 κατὰ
1701 4198 1799 4267 τὴν

220 4283 592 4355 πορσκύνησιν
630 4285 773 4355 ἔχει’
808 4285 970 4339 Οὐδὲν
1006 4286 1143 4357 γὰρ,
1196 4288 1359 4356 φησὶ,
1394 4287 1604 4358 ποίημα
1632 4306 1800 4359 προσ-

219 4376 481 4447 κυνητὸν,
526 4374 600 4438 ὡς
651 4377 683 4445 ἡ
726 4376 859 4446 σὰρξ
899 4374 993 4429 τοῦ
1039 4377 1266 4448 Κυρίου.
1333 4379 1516 4431 Πάντα
1556 4378 1654 4449 μὲν
1692 4380 1801 4451 γάρ

220 4469 419 4540 ἐπίσης
458 4468 607 4521 κάτω
649 4469 746 4538 τῆς
780 4468 927 4531 θείας
955 4468 1064 4537 (5'5)
1110 4468 1227 4521 ἐστὶ
1267 4469 1567 4539 δυνάμεως,
1595 4472 1801 4541 ὅσαπερ

220 4564 281 4616 ἐν
306 4565 373 4631 τῇ
402 4561 575 4615 κτίσει
617 4560 1091 4629 καταλαμϐάνεται
1113 4600 1128 4623 ,
1170 4560 1272 4614 κᾶν
1298 4560 1585 4631 ἀσώματον
1614 4559 1670 4635 ᾗ,
1689 4545 1801 4615 ’κᾶν

1899 3373 2021 3425 tuit.
2080 3370 2320 3440 Uterque
2368 3371 2512 3425 enim
2550 3381 2857 3424 creaturam
2912 3385 3065 3439 aeque
3104 3372 3321 3431 adorat:
3370 3366 3465 3425 sed

1898 3463 2200 3517 Eunomius
2244 3461 2466 3532 quidem
2500 3477 2643 3524 eam,
2694 3463 2796 3516 etsi
2849 3462 3073 3525 factam,
3110 3462 3470 3517 nihilominus

1898 3557 2275 3625 incorpoream
2327 3562 2381 3607 et
2424 3554 2779 3625 intelligentia
2816 3554 3099 3624 pranlitam
3144 3566 3269 3609 esse
3297 3553 3468 3609 dicit:

1897 3648 1987 3703 hic
2020 3662 2149 3702 vero
2180 3664 2287 3701 non
2328 3646 2529 3701 factam
2564 3647 2962 3710 tantummodo,
2998 3647 3090 3701 sed
3122 3655 3178 3702 et
3211 3662 3470 3703 carneam

1898 3752 2019 3791 esse
2046 3736 2277 3789 aﬂirmat
2305 3750 2535 3803 eamque
2564 3749 2675 3804 pra:
2700 3736 2913 3790 caeteris
2943 3736 3216 3791 creaturis
3250 3736 3471 3790 adorari

1899 3837 2175 3897 oportere,
2226 3830 2384 3897 quasi
2438 3828 2687 3883 adoratio
2720 3828 2843 3880 aliis
2874 3841 3094 3896 quoque
3142 3827 3344 3882 creatis
3380 3842 3472 3881 τοι

1898 3919 2001 3973 bus
2027 3920 2421 3989 impertiretur,
2452 3920 2597 3989 quod
2626 3928 2679 3975 et
2704 3920 2777 3973 illi
2808 3920 2899 3989 qui
2928 3918 3181 3973 Eunomii
3215 3918 3473 3988 dogmata

1900 4012 2230 4081 suspiciunt.
2269 4011 2492 4080 impium
2530 4026 2652 4065 esse
2704 4028 2814 4064 non
2859 4010 3175 4065 diﬂitentm.
3214 4009 3474 4066 Victoria:

1901 4102 2084 4167 itaque
2131 4100 2397 4157 adversus
2442 4100 2771 4154 Eunomium
2816 4102 3039 4169 prmmia
3098 4100 3257 4163 ferat,
3314 4115 3475 4155 coro-

1900 4194 2097 4263 nisque
2153 4193 2451 4262 impietatis
2502 4200 2731 4246 ornatus
2773 4191 3049 4255 exsultet;
3102 4206 3229 4245 nam
3266 4199 3475 4262 quanto

1902 4285 1955 4338 in
1988 4285 2225 4338 humana
2258 4294 2452 4337 natura
2491 4299 2692 4353 corpus
2734 4281 2876 4336 intra
2910 4282 3147 4336 animam
3183 4290 3287 4349 est,
3319 4291 3474 4338 tanto

1903 4377 2044 4430 inter
2073 4383 2451 4430 creaturarum
2488 4376 2733 4429 cultores
2761 4374 2854 4444 qui
2887 4388 3108 4428 carnem
3138 4372 3474 4429 adorandam

1901 4485 2024 4523 esse
2065 4470 2277 4531 statuit,
2316 4469 2445 4533 illis,
2482 4477 2752 4537 quantum
2802 4466 2870 4521 ad
2919 4467 3277 4538 impietatem,
3315 4470 3477 4543 longe

1904 4563 2140 4631 ineptior
2183 4572 2285 4626 est,
2337 4561 2427 4629 qui
2479 4576 2590 4613 non
2639 4560 2742 4615 nisi
2795 4559 3156 4629 intelligentia
3190 4560 3472 4630 praeditam

224 4654 364 4726 μετά
394 4653 662 4724 σώματος.
706 4653 845 4705 Ἀλλ’
885 4653 995 4723 ἔχει
1026 4653 1161 4723 πρὸς
1193 4654 1390 4724 ἑαυτὴν
1432 4657 1463 4725 ή
1494 4655 1671 4717 κτίσις
1709 4655 1791 4708 διά

1902 4662 2206 4709 creaturam
2255 4653 2472 4717 colunt;
2520 4653 2816 4721 prasertim
2872 4652 2920 4705 si
2969 4666 3077 4705 non
3130 4667 3295 4706 unam
3339 4652 3474 4720 ipse.

222 4748 561 4818 συγκρίσεως
616 4745 941 4818 ὑπερϐολὴν,
1001 4747 1098 4798 καὶ
1160 4745 1484 4811 ἐλάττωσιν,
1540 4748 1637 4817 τῆς
1687 4748 1797 4802 τῶν

219 4840 529 4909 ἀσωμάτων
565 4838 781 4909 φύσεως
821 4837 1254 4910 προτερευούσης
1286 4839 1397 4907 (54)
1423 4839 1573 4909 παρά
1595 4838 1692 4910 τὴν
1713 4841 1797 4892 al-

222 4931 427 5001 σθητήν
470 4948 528 4985 τε
564 4934 656 4985 καὶ
707 4932 1007 5003 σωματώδη
1065 4931 1415 4985 κατάστασιν.
1465 4931 1625 4983 ’Ὥστε
1665 4929 1798 4983 καθὸ

220 5026 321 5095 μὲν
346 5025 424 5095 τῷ
459 5027 720 5095 ποιήματι
751 5024 1032 5097 λατρεύειν
1066 5024 1267 5079 οἴονται
1293 5024 1404 5077 δεῖν
1440 5024 1703 5095 Εὑνόμιός
1739 5040 1797 5075 τε

214 5120 316 5171 καὶ
357 5118 749 5188 Ἀπολινάριος,
783 5117 1051 5180 ίσοπαλεῖς
1082 5118 1139 5170 ἐν
1159 5116 1237 5187 τῷ
1261 5116 1403 5184 λόγῳ
1426 5116 1525 5185 τῆς
1546 5114 1800 5179 ἀσεϐείας

214 5211 325 5263 εἰσὶ
359 5210 449 5263 καὶ
478 5210 845 5279 ἀμφήριστοι·
875 5212 903 5262 ὁ
929 5209 984 5261 δὲ
1007 5210 1071 5279 τῇ
1108 5208 1269 5279 σαρκὶ
1302 5207 1451 5278 παρὰ
1476 5208 1574 5277 τὴν
1606 5205 1799 5276 νοεράν

215 5298 382 5371 φύσιν
411 5299 479 5352 τὰ
504 5300 741 5369 πρωτεῖα
775 5298 975 5369 νέμων,
1008 5299 1068 5352 τὸ
1102 5298 1261 5351 πλέον
1290 5300 1368 5360 εἰς
1390 5297 1643 5350 ἀσέϐειαν
1665 5296 1796 5367 ἔχει.

229 5388 644 5442 Ἀκουσάτωσαν
678 5388 727 5439 οἱ
772 5387 1010 5457 μαθηταὶ⁵
1044 5385 1143 5457 τῆς
1172 5386 1388 5458 ἀπάτης
1414 5386 1549 5457 πρὸς
1572 5385 1691 5440 τίνα
1719 5384 1796 5457 τῷ

214 5476 527 5542 διδασκάλῳ
556 5478 735 5533 αὐτῶν
768 5479 860 5532 καὶ
888 5479 1015 5549 περὶ
1044 5478 1203 5531 τίνων
1230 5478 1264 5548 ή
1294 5476 1515 5547 ἅμιλλα.

297 5655 413 5727 (26)
443 5653 516 5708 Ita
545 5670 711 5721 corr.;
756 5663 914 5710 antea
942 5655 1039 5727 τοῦ
1073 5655 1433 5727 λογογράφου.

294 5726 409 5797 (27)
436 5726 511 5797 [ta
540 5741 721 5789 corr.;
755 5735 912 5780 antea
938 5726 998 5778 τὸ
1028 5726 1367 5797 φαινόμενον.

294 5794 411 5868 (ἓξ)
433 5794 511 5868 ita
546 5811 713 5868 corr.;
750 5806 906 5850 antea
936 5794 1274 5868 ἀμφορίστῳ.

294 5861 409 5929 (29)
433 5864 554 5919 Haac
579 5867 736 5934 lectio
771 5882 799 5918 a
821 5861 986 5921 corrf
1008 5861 1110 5934 est;
1154 5861 1275 5922 nain
1310 5873 1469 5922 antea
1495 5875 1609 5921 erat
1633 5866 1788 5921 Θιοῦ.

299 5934 412 6005 (30)
445 5937 599 5992 Corr.
630 5933 780 5999 οὗτος
803 5937 877 5990 δέ.

1904 4747 1997 4802 sed
2036 4747 2218 4816 plures
2266 4756 2550 4799 creaturas
2598 4743 3047 4799 adorandasesse
3078 4742 3245 4808 dicat,
3278 4744 3480 4812 quibus

1904 4845 2219 4909 comparata
2279 4852 2408 4891 caro
2456 4837 2719 4905 majorem
2780 4852 2891 4905 prae
2946 4836 3053 4889 illis
3099 4834 3479 4889 adorationem

1904 4933 2160 4999 consequi
2196 4940 2471 4985 mereatur
2501 4928 2693 4984 :Nulla
2723 4930 2893 4992 enim,
2928 4927 3126 4996 inquit,
3162 4933 3345 4981 creata
3390 4940 3481 4980 res

1906 5038 2059 5091 aeque
2093 5020 2369 5076 adoranda
2415 5028 2497 5075 est
2532 5030 2697 5091 atque
2737 5033 2868 5073 caro
2916 5016 3154 5071 Domini.
3190 5014 3326 5070 Nam
3363 5029 3483 5070 om-

1909 5114 2021 5178 nia,
2072 5127 2193 5182 qua'
2241 5112 2295 5165 in
2337 5125 2522 5165 rerum
2557 5117 2866 5163 creatarum
2907 5122 3140 5162 numero
3184 5106 3478 5168 habentur,

1910 5206 2027 5260 sive
2047 5219 2312 5272 corporea
2346 5203 2478 5265 sint,
2510 5201 2625 5255 sive
2648 5200 2993 5261 incorporea,
3023 5214 3177 5269 atque
3206 5197 3346 5252 infra
3380 5212 3480 5267 po-

1907 5304 2155 5352 testatem
2178 5295 2417 5350 divinam
2446 5302 2591 5355 sunt,
2635 5301 2691 5345 at
2733 5290 3090 5344 nihilominus
3130 5303 3220 5344 res
3260 5297 3477 5348 creatae,

1906 5388 1951 5441 si
1986 5388 2127 5441 inter
2173 5402 2231 5441 se
2265 5391 2675 5453 comparentur,
2738 5382 2857 5435 alia:
2902 5380 3025 5435 aliis
3061 5380 3182 5450 plus
3224 5379 3475 5433 minusve

1907 5478 2189 5549 dignitatis
2243 5478 2478 5540 habent,
2528 5491 2653 5529 cum
2704 5475 3036 5543 incorporea
3103 5479 3305 5526 natura
3348 5485 3473 5526 eam

1973 5654 2086 5724 (31)
2112 5652 2286 5708 Verba
2324 5652 2445 5705 καθ’
2482 5650 2757 5724 ὁμοίωσιν,
2784 5665 2813 5702 a
2836 5665 2981 5703 corr.
3024 5658 3153 5705 sunt
3182 5647 3383 5702 addita.

1973 5722 2085 5793 (52)
2114 5724 2269 5777 Corr.
2297 5722 2707 5790 ὲπαγαλλέσθω.

1974 5787 2086 5864 (55)
2113 5794 2201 5864 ΫΙια
2236 5808 2380 5847 corr.
2410 5787 2429 5857 ς’
2461 5793 2614 5861 prius
2645 5802 2763 5843 erat
2792 5789 3014 5864 iactato
3035 5787 3157 5858 τῆς.

1973 5859 2087 5936 (54)
2111 5863 2187 5918 Ita
2214 5879 2384 5928 corr.;
2416 5859 2572 5917 antea
2610 5859 3073 5932 προπορευούσης.
