4020 6522
317 263 456 316 59.7.3

1485 274 1852 332 ADVERSUS
1890 276 2404 336 APOLLINAREM.

3434 286 3571 343 l'llSl

313 377 461 452 'Apz
491 380 589 433 οὑκ
618 379 841 451 ἀριθμεῖ
867 381 926 435 τὸ
955 385 1220 438 οἰκετικὸν
1253 387 1311 439 ἐν
1337 389 1448 450 τοῖς
1487 387 1665 453 ζώοις,
1700 390 1782 441 ὅτι
1815 387 1889 459 μὴ

2001 387 2180 442 elYecta
2233 390 2394 444 [inerit
2424 411 2435 444 :
2467 409 2594 463 ergo
2647 395 2902 464 quoniam
2953 397 3025 448 ita
3063 410 3184 452 sese
3236 411 3323 449 res
3362 395 3571 470 habuit,

313 474 680 537 αὐτεξουσίως
730 476 1091 545 οἰκονομεῖται
1149 478 1302 548 παρὰ
1355 479 1445 532 τὸν
1481 479 1626 549 βίον,
1677 483 1742 549 τῇ
1780 483 1897 532 ἐπι-

317 568 594 640 κρατούσῃ
637 567 924 639 δυναστείᾳ
951 569 1380 640 δεδουλωμένον;
1429 573 1516 624 Ἐν
1545 572 1654 642 γὰρ
1691 573 1770 642 τῷ
1803 574 1898 625 αύ-

316 659 576 729 τεξουσίῳ
598 659 658 711 τὸ
688 659 824 723 ζῶον
853 657 1014 723 εἶναι,
1047 661 1167 714 τίνα
1208 661 1319 733 (45)
1351 664 1378 716 6
1415 662 1750 734 λογογράφος
1781 663 1897 734 ὀρί-

318 751 490 816 ζεται.
532 745 603 823 ’ᾫ
644 753 700 805 δὲ
750 750 824 822 μὴ
857 752 1121 823 πάρεστιν
1165 753 1198 824 ἡ
1231 755 1571 825 αὐτοκρατὴς
1607 756 1696 808 τοῦ
1745 755 1899 826 θελή-

323 860 492 914 ματος
530 843 771 913 κίνησις,
811 845 943 916 μηδὲ
983 845 1120 909 ζῶον
1169 845 1377 898 οἴεσθαι
1406 845 1593 898 τοῦτον
1639 841 1777 900 εἶναι
1806 863 1894 899 νο-

325 935 557 1006 μοθετεῖ.
606 936 815 989 υύκοῠν
859 938 1048 1008 νεκρὸς
1083 933 1149 1007 ἦν
1194 939 1398 1000 ἐκεῖνος
1433 940 1460 990 ὁ
1510 938 1757 1001 Χαναὰν,
1809 938 1897 990 ὅτε

320 1031 433 1090 τοῖς
469 1027 716 1096 ἀδελφοῖς
755 1028 843 1082 διὰ
865 1029 961 1098 τὴν
1007 1028 1232 1092 ἀταξίαν
1277 1027 1675 1100 κατεδουλώθη.
1707 1028 1898 1098 νεκρὸς

319 1125 349 1175 6
391 1121 608 1191 οἰκέτης
652 1121 745 1174 τοῦ
781 1121 1063 1192 Ἀϐραὰμ,
1097 1123 1288 1193 νεκρὸς
1318 1120 1465 1185 Γιεζὶ
1494 1121 1554 1173 τὸ
1589 1119 1683 1173 τοῦ
1725 1119 1898 1172 Ἐλισ-

323 1211 475 1264 σαίου
536 1210 855 1280 παιδάριον,
903 1212 997 1264 καὶ
1030 1213 1088 1264 ἐν
1131 1213 1244 1273 τοῖς
1288 1208 1426 1281 μετὰ
1469 1207 1641 1262 ταῦτα
1685 1207 1898 1278 χρόνοις

319 1303 510 1374 νεκρὸς
545 1305 573 1355 6
610 1302 929 1372 Ὀνήσιμος,
961 1307 1144 1374 νεκροὶ
1176 1303 1376 1365 πάντες
1417 1303 1466 1355 οί
1509 1301 1898 1373 ἑκατοντάρχαι

317 1393 678 1457 δουλεύοντες.
728 1395 840 1448 Καὶ
868 1394 920 1447 τί
957 1395 1128 1448 ταῦτα
1158 1397 1302 1463 λέγω
1322 1435 1336 1459 ,
1371 1393 1588 1447 τεθνᾶσι
1618 1393 1817 1457 πάντες
1848 1397 1897 1447 οἱ

320 1487 720 1556 ὑπεζευγμένοι
768 1488 885 1550 ταῖς
923 1485 1031 1539 τῶν
1077 1485 1421 1558 κρατούντων
1462 1487 1677 1556 ἀρχαῖς,
1724 1486 1780 1538 ἐν
1817 1478 1897 1548 οἷς

321 1577 586 1630 κωλύεται
632 1576 692 1630 τὸ
740 1575 1082 1642 αὐτεξούσιον
1130 1576 1393 1647 βούλημα.
1435 1576 1594 1630 Ἀλλὰ
1625 1577 1718 1630 καὶ
1763 1571 1843 1640 οἷς
1869 1579 1898 1630 6

320 1669 531 1732 Παῦλος
563 1670 843 1740 νομοθετεί
877 1672 996 1732 ταῖς
1037 1669 1434 1741 ὑπερεχούσαις
1467 1667 1734 1732 ἐξουσίαις
1765 1669 1896 1721 ὑπο-

1998 480 2161 549 periit
2198 483 2351 549 juxta
2413 486 2677 552 poeticam
2718 488 2977 548 fabulam,
3035 489 3089 541 in
3145 489 3381 540 humana
3419 500 3575 544 natu-

1999 579 2058 617 ra
2116 566 2338 624 libertas
2371 571 2605 638 arbitrii,
2644 583 2696 628 et
2738 577 2880 630 servi
2923 576 3049 629 facti
3093 585 3222 630 sunt
3270 579 3468 648 angeli,
3506 580 3576 632 li-

1997 657 2116 711 beri
2163 660 2376 715 arbitrii
2437 665 2625 719 eadem
2685 667 2752 722 de
2788 682 2953 722 causa
3009 670 3279 738 jacturam
3333 671 3575 739 passi.0

1998 747 2286 803 absurdam
2345 767 2540 806 vocum
2589 757 2922 810 novitatem!
2976 759 3165 823 Qualis
3217 760 3380 814 etiam
3452 762 3573 815 illa-

1996 840 2080 894 tio
2113 849 2197 894 est
2242 842 2444 910 dicere,
2481 843 2770 917 Corruptio
2824 858 3003 904 autem
3059 852 3314 907 animalis
3361 854 3576 908 arbitrii

1998 930 2246 986 libertate
2279 934 2508 1003 praediti,
2535 946 2618 993 est
2637 939 2825 995 eadem
2858 941 3104 997 libertate
3135 944 3403 1013 privatum
3431 961 3574 1000 esse.

1997 1021 2252 1094 Nunquid
2313 1043 2501 1082 servos
2548 1046 2612 1084 ex
2667 1033 2980 1087 animalium
3035 1034 3158 1090 albo
3235 1037 3394 1098 tollit,
3439 1053 3578 1106 quo-

1996 1115 2141 1168 niam
2177 1117 2228 1170 hi
2267 1119 2369 1174 sub
2405 1120 2751 1176 dominorum
2794 1133 3064 1194 potestate
3100 1126 3286 1196 positi,
3337 1143 3432 1198 per
3455 1130 3580 1184 vitae

1997 1209 2330 1265 curriculum
2393 1214 2462 1268 ab
2529 1215 2756 1271 alterius
2824 1218 3055 1272 arbitrio
3107 1219 3389 1289 pendent?
3442 1219 3576 1277 Nam

1997 1299 2153 1352 illum
2195 1303 2287 1372 qui
2344 1304 2500 1358 liberi
2547 1307 2761 1360 arbitrii
2820 1323 3045 1378 compos
3085 1319 3188 1374 est,
3223 1311 3426 1366 animal
3457 1328 3580 1370 esse

1997 1391 2236 1462 scriptor
2293 1393 2579 1464 decernit;
2625 1407 2679 1451 at
2711 1415 2844 1454 vero
2898 1401 2991 1470 qui
3066 1401 3239 1456 libero
3280 1395 3578 1459 voluntatis

1997 1493 2146 1538 motu
2177 1485 2514 1551 destituitur,
2563 1489 2708 1544 hune
2764 1507 2937 1560 neque
2986 1493 3191 1546 animal
3241 1494 3578 1549 censendum

1997 1590 2118 1630 esse
2157 1577 2371 1632 statuit.
2445 1580 2612 1650 Igitur
2677 1592 2926 1637 mortuus
2995 1591 3115 1638 erat
3171 1583 3432 1639 Chanaan
3489 1585 3580 1640 ille

1999 1667 2220 1738 quando
2262 1670 2332 1724 ob
2382 1672 2738 1740 petulantiam
2796 1690 2990 1730 servus
3041 1674 3270 1731 effectus
3319 1685 3405 1732 est
3470 1676 3580 1731 fra-

318 1761 644 1824 τασσεσθαι,
690 1765 873 1832 νεκροὶ
911 1761 1125 1824 πάντως
1167 1763 1294 1824 είσὶ,
1323 1761 1426 1815 κᾶν
1464 1761 1634 1831 ψυχαὶ
1665 1756 1784 1826 ὦσι,
1822 1764 1888 1833 τῇ

2001 1770 2138 1815 trum
2190 1763 2253 1824 η,
2314 1770 2564 1818 mortuus
2617 1773 2733 1818 erat
2776 1767 3072 1820 Abrahami
3122 1766 3390 1833 famulus,
3431 1783 3578 1823 mor-

317 1854 554 1926 ἀπουσίᾳ
579 1853 672 1906 τοῦ
703 1853 1050 1917 αὑτεξουσίου
1081 1853 1398 1925 φθαρέντες,
1433 1854 1528 1906 καὶ
1551 1854 1748 1924 μηκέτι
1778 1854 1892 1918 ζῶα

316 1944 454 1998 εἶναι
478 1945 783 2016 δυνάμενοι.
828 1944 998 1998 Τοῦτο
1045 1947 1156 2017 γὰρ
1199 1943 1413 1998 κελεύει
1441 1947 1470 1998 6
1515 1946 1890 2017 Ἀπολιναρίου

320 2038 506 2107 μῦθος,
534 2038 620 2091 ἵνα
638 2038 737 2108 τὴν
757 2037 960 2107 ἄψυχον
982 2037 1194 2108 ἐκείνην
1217 2037 1396 2107 σάρκα
1431 2039 1663 2110 συζεύξῃ
1693 2038 1768 2108 τῷ
1795 2039 1888 2092 ἐπὶ

325 2129 543 2182 πάντων
573 2128 712 2200 Θεῷ,
745 2129 844 2181 εἶτ’
870 2125 962 2182 οὖν
989 2129 1212 2200 ἄψυχον,
1239 2129 1334 2182 εἴτ’
1365 2124 1456 2182 οὖν
1479 2131 1724 2200 ἀνόητον,
1759 2129 1894 2199 πρὸς

316 2221 600 2291 ἀμφότερα
641 2221 749 2292 γὰρ
776 2221 972 2291 ἐπίσης
1013 2222 1040 2273 6
1065 2221 1234 2292 μῦθος
1261 2221 1466 2290 βλέπει.
1510 2221 1672 2274 Ἀλλὰ
1695 2221 1756 2274 τὸ
1789 2219 1886 2290 μὲν

315 2313 520 2383 ἄψυχον
557 2313 747 2383 νεκρός
786 2314 922 2365 ἐστι.
975 2313 1048 2365 Τὸ
1094 2313 1150 2364 δὲ
1197 2311 1320 2382 δίχα
1361 2311 1597 2375 διανοίας
1646 2311 1889 2382 ἔμψυχον

314 2403 508 2472 κτῆνος
549 2403 718 2466 ἐστιν,
753 2403 888 2471 ὅπερ
930 2401 1050 2454 οὐδὲ
1092 2400 1253 2463 αὐτὸς
1296 2396 1446 2464 οὗτος
1468 2400 1768 2470 ἀποφεύγει
1813 2401 1890 2464 ὠς

311 2492 533 2551 ἄτοπον,
554 2490 956 2561 ἀφαιρούμενος
978 2490 1078 2559 τῆς
1104 2489 1303 2560 σαρκὸς
1325 2490 1539 2559 ἐκείνης
1558 2489 1618 2543 τὸ
1641 2491 1892 2557 αὐτεξού-

315 2600 449 2636 σιον·
476 2583 584 2636 τῶν
608 2583 716 2654 γὰρ
755 2583 964 2650 ἀλόγων
999 2580 1147 2646 ἴδιον,
1175 2581 1236 2634 τὸ
1265 2580 1338 2652 μὴ
1363 2583 1448 2651 ἐφ’
1487 2582 1696 2634 ἑαυτῶν
1726 2579 1889 2645 εἶναι,

310 2677 426 2729 ἀλλ’
449 2675 808 2745 ὑποτετάχθαι
843 2677 908 2746 τῇ
941 2674 1035 2728 τοῦ
1057 2672 1342 2743 ἀνθρώπου
1369 2675 1536 2746 ἀρχῇ.

1995 1861 2123 1907 tuus
2152 1864 2204 1907 et
2245 1852 2392 1908 Giezi
2422 1871 2557 1924 puer
2596 1855 2797 1919 Eliszei,
2845 1867 2898 1913 et
2930 1860 2980 1912 in
3006 1861 3400 1928 posterioribus
3443 1868 3580 1915 tem-

1995 1943 2223 2012 poribus
2297 1956 2546 2000 mortuus
2601 1957 2716 2000 erat
2769 1945 3088 2011 Onesimus,
3144 1950 3347 2002 mortui
3413 1951 3576 2003 etiam

1996 2029 2351 2082 centuriones
2395 2045 2584 2084 omnes
2625 2031 2728 2085 sub
2760 2031 2986 2085 alterius
3049 2041 3313 2102 potestate
3366 2033 3578 2086 consti-

1995 2119 2119 2173 tuti.
2173 2118 2376 2174 Verum
2435 2123 2564 2192 quid
2597 2123 2710 2178 inec
2755 2123 2878 2187 aio,
2918 2125 3119 2179 mortui
3167 2135 3296 2179 sunt
3345 2140 3575 2186 omnes.

1994 2210 2088 2279 qui
2143 2211 2489 2282 principibus
2529 2230 2707 2268 rerum
2757 2215 2996 2269 dominis
3047 2214 3379 2277 subduntur,
3441 2230 3578 2283 quo-

1996 2317 2115 2355 rum
2148 2306 2446 2360 voluntatis
2479 2305 2705 2359 libertas
2751 2306 3070 2376 impeditur.
3105 2303 3210 2360 Sed
3239 2314 3292 2359 et
3327 2306 3402 2358 illi
3438 2320 3578 2375 quos

1995 2392 2197 2451 Paulus
2244 2398 2465 2450 mandat
2518 2398 2749 2452 summis
2805 2398 3168 2467 potestatibus
3217 2397 3396 2460 subdi,
3440 2411 3582 2450 mur-

1999 2493 2095 2549 tui.
2140 2491 2366 2545 omnino
2411 2500 2557 2555 sunt,
2600 2493 2817 2546 tametsi
2887 2494 3068 2545 anima
3127 2492 3362 2562 prtediti,
3429 2489 3579 2560 quod

1996 2582 2243 2639 libertate
2273 2583 2482 2638 arbitrii
2511 2592 2760 2639 carentes
2807 2584 3086 2654 perierint,
3124 2599 3300 2653 neque
3342 2582 3578 2652 amplius

1999 2675 2139 2731 inter
2199 2675 2496 2731 animantia
2535 2677 2714 2730 locum
2745 2675 2945 2730 habere
2985 2676 3214 2744 possint.
3267 2673 3380 2728 Hoc
3431 2673 3578 2728 enim

311 2766 546 2821 conﬁcta
601 2767 672 2821 ab
731 2766 1029 2835 Apollinari
1082 2764 1265 2818 fabula
1313 2764 1488 2835 jubet,
1565 2775 1625 2820 ut
1664 2782 1886 2822 carnem
1927 2766 2074 2821 illam
2137 2767 2318 2821 anima
2386 2767 2726 2832 destitutam,
2810 2766 2920 2822 Deo
2969 2769 3061 2839 qui
3124 2775 3320 2821 cuncta
3388 2779 3582 2835 super-

310 2858 784 2928 enitiuet,jungat,
831 2860 947 2913 sive
1006 2859 1184 2912 anima
1219 2859 1333 2911 sive
1375 2865 1555 2911 mente
1604 2859 1791 2912 orbata
1833 2860 1906 2912 sit
1942 2873 2072 2915 caro
2101 2859 2212 2925 illa,
2242 2871 2534 2929 utrumque
2561 2861 2706 2914 enim
2738 2875 2890 2930 aeque
2951 2859 3176 2930 respicit
3225 2857 3425 2912 fabula.
3487 2856 3581 2911 Αι-

311 2954 404 3023 qui
444 2953 677 3007 cadaver
710 2951 930 3021 quidem
978 2958 1082 3012 est,
1126 2951 1270 3021 quod
1306 2950 1486 3002 anima
1524 2959 1713 3016 caret;
1757 2951 1903 3020 quod
1943 2963 2071 3007 vero
2113 2953 2348 3007 animam
2401 2953 2519 3008 sine
2573 2961 2753 3008 mente
2826 2953 2987 3008 habet
3049 2949 3354 3022 iumentum
3396 2950 3581 3019 utique

311 3056 437 3113 est;
525 3045 576 3098 id
659 3044 805 3114 quod
859 3057 961 3098 nec
1006 3042 1240 3112 scriptor
1294 3041 1398 3096 iste
1448 3050 1707 3112 tanquam
1756 3043 2054 3099 absurdum
2126 3046 2357 3116 refugit,
2440 3046 2510 3099 ab
2558 3046 2647 3098 illa
2694 3061 2861 3100 carne
2927 3045 3124 3099 tollens
3159 3043 3459 3098 libertatem
3489 3055 3582 3095 ar-

315 3139 498 3203 bitrii;
556 3135 955 3191 irrationalium
986 3134 1185 3206 quippe
1229 3133 1545 3188 animalium
1593 3138 1875 3207 proprium
1954 3147 2056 3202 est,
2126 3139 2367 3194 hominis
2436 3139 2665 3208 imperio
2715 3138 2931 3208 subjici.
2981 3153 3089 3191 non
3144 3151 3269 3191 vero
3326 3151 3438 3190 suae
3481 3151 3580 3205 po-

311 3230 531 3285 testatis
581 3243 725 3283 esse.

396 3320 532 3374 Ἀλλ’
554 3320 728 3374 ἐάσθω
745 3317 1048 3382 καὶταῦτα,
1069 3319 1202 3392 πρὸς
1219 3320 1276 3374 δέ
1301 3322 1367 3374 τὰ
1389 3319 1583 3389 ἐφεξῆς
1605 3318 1698 3372 τοῦ
1727 3317 1889 3387 λόγου

2066 3312 2251 3367 XLVI.
2300 3313 2441 3376 Sed,
2477 3323 2532 3368 et
2567 3314 2652 3369 his
2696 3315 2951 3378 omissis,
2995 3313 3062 3367 ad
3103 3315 3207 3368 alia
3245 3330 3534 3384 pergamus
3563 3357 3578 3381 ,

317 3414 678 3485 μετέλθωμενο
703 3412 838 3478 λέξω
871 3411 930 3464 δὲ
955 3414 1020 3482 τῇ
1051 3412 1287 3483 ἐμαυτοῦ
1323 3416 1477 3485 φωνῇ
1499 3414 1597 3483 τὴν
1622 3412 1716 3465 τοῦ
1743 3416 1897 3465 ἐναν-

2005 3406 2142 3460 meis
2175 3413 2357 3458 autem
2394 3405 2574 3458 verbis
2602 3403 2904 3457 adversarii
2941 3404 3268 3459 sententiam
3304 3403 3535 3457 referam
3563 3445 3578 3468 ,

311 3507 426 3559 τίου
447 3506 682 3558 διάνοιαν
709 3505 996 3573 συντομίας
1019 3504 1196 3576 χάριν.
1233 3505 1328 3560 Ἐκ
1344 3507 1508 3577 τριῶν
1541 3501 1678 3558 εἶναι
1704 3506 1793 3558 τὸν
1814 3503 1897 3558 άν-

2002 3497 2292 3551 brevitatis
2331 3511 2518 3550 causa.
2563 3495 2643 3549 Ex
2683 3496 2865 3549 tribus
2905 3496 3071 3550 rebus
3113 3504 3371 3550 constare
3408 3497 3583 3548 homi-

315 3598 529 3670 θρωπόν
566 3613 718 3666 φησι,
752 3596 1054 3667 πνεύματος
1075 3639 1088 3661 ,
1133 3598 1225 3650 καὶ
1252 3597 1463 3666 ψυχῆς,
1502 3598 1594 3650 καὶ
1624 3595 1894 3666 σώματος,

313 3691 390 3752 ὡς
413 3690 507 3743 καὶ⁵
528 3688 621 3740 τοῦ
658 3687 976 3741 Ἀποστόλου
1005 3687 1163 3740 τοῦτο
1180 3686 1267 3740 διὰ
1293 3688 1394 3757 τῆς
1424 3689 1562 3758 πρὸς
1578 3686 1902 3740 Θεσσαλονι-

316 3785 432 3846 κείς
464 3781 776 3852 Ἐπιστολῆς
799 3779 1233 3851 δογματίζοντος,
1259 3780 1351 3832 κα)⁸
1371 3778 1564 3846 ἐπάγει
1590 3779 1687 3848 τῆς
1715 3779 1899 3848 ὑμνῳ-

315 3875 435 3937 δίας
464 3874 576 3940 (46)
604 3873 712 3925 τῶν
742 3873 910 3942 τριῶν
940 3871 1144 3925 παίδων
1169 3869 1326 3923 τοῦτο
1363 3871 1425 3923 τὸ
1461 3871 1625 3942 μέρος
1647 3912 1662 3936 ,
1693 3870 1753 3923 τὸ
1787 3872 1902 3924 Εὑ-

315 3963 567 4032 λογεῖτε,
600 3963 908 4030 πνεύματα
937 3961 1033 4014 καὶ
1059 3960 1250 4029 ψυχαὶ
1274 3959 1537 4013 δικαίων·
1561 3959 1678 4013 εἶτα
1706 3961 1798 4012 καὶ
1819 3960 1901 4025 τὸ,

331 4054 430 4104 Ἐν
459 4054 768 4122 πνεύματι,
806 4053 957 4123 φησι,
985 4051 1295 4119 λατρεύειν
1332 4049 1413 4115 τῷ
1437 4050 1646 4119 Κυρίῳο
1679 4052 1772 4104 καὶ⁵
1798 4052 1897 4120 τὴν

318 4144 412 4198 τοῦ
443 4145 773 4213 Εύαγγελίου
810 4147 993 4216 φωνὴν
1027 4145 1416 4215 παρατίθεται,
1458 4143 1525 4197 δι’
1560 4138 1628 4215 ἧς
1659 4143 1904 4197 διδασκό-

324 4235 482 4307 μεθα,
516 4236 641 4298 τοὺς
667 4235 1102 4305 προσκυνοῦντας
1124 4236 1244 4306 Θεῷ
1266 4236 1379 4305 (47)
1402 4235 1459 4288 ἐν
1489 4233 1760 4303 πνεύματι
1791 4235 1903 4287 δεῖν

322 4331 664 4398 προσκυνεῖν.
706 4327 888 4381 Ταῦτα
922 4328 1225 4392 διεξελθὼν,
1269 4327 1591 4400 προστίθησι
1623 4323 1760 4379 εἶναί
1790 4326 1900 4396 (48)

320 4440 372 4473 τι
422 4419 572 4491 παρὰ
614 4419 806 4482 τοῦτο,
853 4421 952 4490 τὴν
989 4421 1167 4491 σάρκα
1207 4423 1306 4492 τὴν
1344 4420 1903 4490 ἀντιστρατευομένην

320 4513 399 4584 τῷ
444 4512 742 4581 πνεύματιο
784 4511 987 4583 ταύτην
1028 4513 1084 4566 δὲ
1111 4514 1210 4567 ούκ
1247 4513 1452 4583 ἄψυχον
1497 4512 1681 4581 λέγει,
1717 4511 1792 4573 ὡς
1817 4510 1904 4564 διὰ

320 4603 478 4657 τοῦτο
502 4602 611 4673 (49)
653 4602 962 4656 δείκνυσθαι
1002 4604 1183 4675 τρίτον
1221 4600 1359 4657 εἶναι
1397 4605 1456 4657 τὸ
1494 4602 1707 4673 πνεῦμα
1753 4600 1904 4672 παρὰ

2005 3606 2127 3644 nem
2171 3589 2341 3654 dicit,
2381 3588 2615 3659 spiritu,
2657 3589 2840 3641 anima
2884 3599 2938 3642 et
2975 3603 3240 3657 corpore,
3279 3588 3437 3658 quasi
3482 3588 3584 3642 hoc

2005 3680 2307 3748 Apostolus
2358 3679 2416 3732 in
2472 3678 2716 3748 Epistula
2767 3679 2834 3732 ad
2886 3677 3406 3734 Thessalonicenses
3451 3677 3586 3731 deli-

2006 3769 2118 3821 uiat
2159 3769 2203 3800 ¹⁰
2239 3785 2252 3833 ;
2295 3755 2594 3838 subditqne
2635 3768 2776 3821 hanc
2822 3769 2986 3822 trium
3043 3784 3339 3836 puerorum
3379 3769 3582 3820 cantici

2004 3869 2216 3929 partem
2240 3903 2254 3921 .
2295 3874 2487 3928 nempe
2509 3899 2523 3922 ,
2563 3858 2898 3921 Benedicite,
2937 3861 3158 3928 spiritus
3190 3869 3238 3912 et
3273 3860 3468 3912 anima:
3493 3861 3586 3928 ju—

2004 3964 2206 4007 storum
2240 3953 2316 4018 ²¹;
2367 3951 2564 4006 deinde
2632 3959 2687 4006 et
2738 3951 2909 4015 illud,
2968 3950 3033 4016 Ιιι
3083 3953 3314 4020 spiritu,
3368 3951 3581 4020 inquit,

2004 4047 2196 4101 servire
2245 4045 2475 4099 Domino
2508 4045 2553 4074 "
2581 4060 2595 4109 ;
2631 4051 2685 4097 et
2717 4044 2811 4098 illa
2852 4042 3130 4114 Evangelii
3164 4044 3328 4096 verba
3360 4043 3587 4112 insuper

2007 4138 2196 4203 addit,
2233 4139 2434 4208 quibus
2467 4137 2731 4192 docemur
2769 4151 2864 4190 eos
2904 4135 2997 4204 qui
3040 4135 3270 4187 adorant
3297 4133 3497 4199 Deum,
3530 4135 3586 4189 in

2007 4229 2207 4299 spiritu
2249 4228 2486 4282 adorare
2522 4234 2801 4295 oportere.
2862 4223 2986 4287 Haec
3029 4223 3119 4276 ubi
3173 4225 3420 4292 pluribus
3474 4223 3589 4278 dis-

2012 4323 2215 4384 seruit,
2256 4319 2405 4375 aliud
2439 4319 2570 4390 quid
2605 4326 2868 4388 prmterea
2908 4317 3096 4371 subdit
3125 4316 3392 4370 exsistere
3415 4357 3428 4378 ,
3460 4331 3585 4369 car~

2014 4431 2138 4470 nem
2181 4413 2438 4468 videlicet
2479 4417 2876 4482 repugnantem
2919 4409 3135 4478 spiritui
3168 4425 3182 4472 ;
3226 4408 3365 4462 hanc
3405 4416 3586 4463 autem

2011 4522 2118 4560 non
2175 4505 2473 4560 inanimem
2530 4520 2650 4558 esse
2706 4502 2874 4565 dicit,
2927 4509 2984 4555 ut
3031 4519 3095 4554 eo
3135 4509 3296 4570 pacto
3337 4501 3590 4556 ostendat

2010 4599 2231 4652 tertium
2250 4596 2378 4666 quid
2414 4602 2608 4664 prteter
2625 4595 2862 4647 animam
2877 4601 2931 4646 et
2952 4609 3153 4661 corpus
3172 4610 3292 4648 esse
3309 4593 3584 4662 spiritum.

320 4692 420 4762 τὴν
654 4692 746 4744 καὶ
776 4691 836 4744 τὸ
879 4663 1058 4762 σῶμαί
1102 4693 1165 4744 Εἰ
1204 4689 1297 4745 οὖν
1331 4694 1393 4746 ἐκ
1429 4663 1897 4763 τριῶν,“φησὶν,’ό

2011 4690 2066 4741 Si
2108 4663 2358 4756 igitur-ex
2389 4663 2586 4745 tribus,
2631 4684 2826 4752 inquit,
2853 4683 3016 4734 hmno
3045 4688 3260 4734 constat
3281 4721 3295 4744 ,
3328 4679 3587 4732 Dominus

323 4777 630 4849 ἅνθρωπος,
659 4779 945 4850 ἄνθρωπος
969 4780 1025 4833 δέ
1046 4779 1143 4833 ’καὶ
1176 4782 1204 4833 6
1228 4781 1452 4852 Κύριος,
1481 4785 1544 4834 ἐκ
1568 4782 1734 4853 τριῶν
1767 4782 1906 4836 πάν-

322 4889 432 4933 τως
465 4871 580 4922 ἐστὶ
610 4871 703 4924 καὶ
735 4874 762 4925 6
806 4871 1040 4942 Κύριος,
1068 4871 1398 4943 πνεύματος,
1445 4874 1538 4927 καὶ
1578 4873 1780 4944 ψυχῆς,
1813 4875 1906 4928 καὶ

327 4961 598 5032 σώματος.
644 4963 760 5016 Ἵνα
805 4965 983 5016 τοίνυν
1023 4965 1083 5016 τὸ
1121 4965 1564 5036 διημαρτημένον
1596 4965 1760 5018 αὑτοῦ
1809 4966 1907 5034 τῆς

327 5053 454 5122 περὶ
476 5052 583 5105 τῶν
605 5053 763 5107 θείων
791 5054 1022 5125 Γραφῶν
1045 5055 1364 5123 ὑπολήψεως
1390 5055 1610 5124 γένηται
1636 5056 1814 5125 δῆλον,
1847 5059 1904 5108 ἐν

324 5143 490 5214 ὀλίγῳ
521 5143 590 5198 τὰ
622 5145 741 5198 καθ’
769 5145 999 5198 ἕκαστον
1031 5146 1138 5198 τῶν
1178 5147 1478 5217 εἰρημένων
1506 5146 1894 5217 διαληψόμεθα.

327 5235 438 5289 Καὶ
469 5237 683 5308 πρῶτον
714 5254 777 5306 γε
804 5237 865 5291 τὸ
901 5239 1253 5292 ἀποστολικὸν
1292 5238 1653 5308 ἐξετάσωμεν.
1685 5240 1758 5292 Οὑ
1792 5239 1897 5310 γὰρ

402 5417 444 5447 ¹⁹
476 5414 614 5471 Gen.
642 5429 720 5480 Ix,
746 5413 837 5468 25.
916 5413 963 5443 ¹⁰
995 5413 1012 5467 l
1041 5413 1235 5468 Thess.
1259 5427 1311 5474 ν,
1347 5413 1437 5465 ‘25.

401 5569 517 5640 (45)
549 5569 744 5640 Dictio,
777 5568 926 5640 τίνα,
951 5584 1358 5639 supervacanea
1387 5569 1598 5623 videtur
1631 5583 1772 5622 esse.

403 5638 515 5705 (46)
549 5639 702 5694 Corr.
735 5639 1017 5708 συνῳδίας.

406 5709 520 5778 (ΓΗ
555 5708 709 5764 Corr.
737 5711 890 5764 Θεόν.

1516 5413 1560 5442 ’ί
1595 5411 1730 5465 Dan.
1777 5426 1858 5474 ιιι,
1894 5413 1982 5465 86.

2010 4785 2189 4830 autem
2229 4776 2392 4828 homo
2423 4785 2548 4839 est;
2589 4788 2719 4841 ergo
2769 4787 2833 4825 ex
2877 4772 3054 4825 tribus
3094 4785 3320 4839 prorsus
3360 4775 3579 4820 constat

2009 4877 2063 4923 et
2099 4867 2397 4929 Dominus,
2433 4867 2628 4936 spiritu
2665 4879 2893 4932 nempe,
2929 4867 3110 4917 anima
3137 4869 3191 4915 et
3223 4876 3475 4929 corpore.
3521 4858 3587 4913 Ut

2013 4969 2193 5016 autem
2228 4960 2585 5013 manifestum
2621 4959 2711 5011 ﬁat
2744 4959 2947 5028 quibus
2985 4957 3037 5008 in
3081 4956 3244 5008 rebus
3290 4968 3396 5004 non
3441 4959 3587 5005 recte

2011 5053 2324 5106 divinarum
2357 5051 2692 5105 Litterarum
2713 5063 2934 5104 sensum
2969 5058 3317 5115 assequatur,
3353 5043 3588 5096 breviter

2007 5147 2071 5199 de
2110 5145 2346 5213 singulis
2384 5159 2523 5213 quos
2563 5142 2762 5210 allegat
2801 5139 3102 5208 Scriptura.-
3144 5137 3280 5190 locis
3319 5131 3580 5188 tractabi-

2006 5256 2148 5293 mus.
2208 5237 2270 5292 Et
2327 5239 2562 5308 primum
2609 5233 2829 5304 quidem
2884 5233 2939 5286 in
2983 5231 3116 5287 illud
3155 5227 3307 5282 Pauli
3349 5224 3581 5296 apostoli

2063 5413 2108 5442 “
2146 5409 2304 5486 Rom.
2349 5428 2386 5473 ι,
2430 5409 2483 5462 9.

2085 5567 2193 5634 (48)
2226 5568 2381 5620 Corr.
2412 5562 2768 5634 προστίθησιν
2796 5559 2854 5614 τὸ
2887 5561 3072 5628 ἕτερον
3097 5550 3260 5610 εἶναι.

2087 5632 2198 5706 (-19)
2230 5639 2382 5690 (ἴοι-ι’.
2415 5632 2500 5687 διὰ
2527 5632 2742 5685 τούτου.
