4020 6564
428 247 577 308 αἳὖῦ

1715 259 1771 311 S.
1810 256 2131 311 (illiiLORll
2170 258 2212 312 Ν
2226 258 2467 313 YSSENI

3565 245 3705 302 13.36

435 364 824 445 inquiramus;
863 387 1041 443 neque
1071 373 1216 428 enim
1249 374 1303 427 in
1340 384 1450 430 tres
1486 376 1606 430 illas
1643 376 1696 429 in
1733 393 1871 445 quas
1903 391 2046 435 ηοει

2151 391 2195 430 iv
2225 377 2511 448 ἄνθρωπον
2536 374 2679 445 τρισὶ
2716 374 2965 444 τμήμασι
3007 372 3396 444 καταμερίζων
3428 372 3460 425 ὁ
3486 370 3709 436 Παῦλος

438 460 830 516 distribuimus
854 471 1039 532 partes
1060 505 1074 529 ,
1108 464 1380 519 hominem
1406 465 1599 520 dividit
1619 466 1819 521 Paulus
1840 508 1854 531 ,
1882 468 2011 521 dum

441 552 510 606 ad
550 550 1079 609 Thessalonicenses
1115 555 1388 624 scribens,
1428 556 1721 612 Dominum
1760 569 1911 622 orat,
1958 568 2016 612 ut

441 644 550 715 ipsi
584 661 682 715 per
717 645 905 701 omnia
942 648 995 700 in
1032 662 1292 718 corpore,
1332 650 1513 704 anima
1552 660 1607 705 et
1646 652 1841 722 spiritu
1884 668 2016 707 san-

441 737 758 793 ctiﬂcentur
788 739 852 792 ".
892 739 1000 794 Sed
1036 741 1281 810 quadam
1313 742 1473 812 longe
1504 744 1794 798 sublimior
1824 745 1890 799 de
1922 760 2020 798 no—

443 840 573 887 strae
605 834 729 887 vitae
766 834 1019 890 instituto
1046 834 1469 906 philosOphandi
1503 839 1643 891 ratio
1673 847 1758 893 est
1788 853 1895 892 non
1929 856 2021 893 so-

445 924 557 977 lum
597 924 703 980 hoc
744 926 799 980 in
840 927 1002 989 loco,
1044 929 1140 982 sed
1185 937 1239 982 et
1278 930 1368 982 ubi
1404 930 1471 983 ad
1510 930 1825 985 Corinthios
1857 931 2018 986 verba

446 1014 601 1071 facit.
632 1016 793 1072 Novit
818 1018 962 1073 enim
995 1020 1069 1074 ibi
1094 1020 1369 1074 carnalem
1397 1021 1687 1090 quemdam
1719 1021 2019 1087 hominem,

447 1117 503 1163 et
540 1125 732 1164 rursus
766 1112 1104 1181 spiritualem
1147 1113 1315 1167 alium
1354 1114 1421 1177 ",
1474 1121 1529 1167 et
1581 1114 1822 1169 medium
1880 1114 2023 1168 inter

449 1200 553 1254 bos
605 1201 746 1263 duos
792 1205 1085 1265 animalem
1141 1204 1453 1272 hominem;
1487 1221 1611 1260 eum
1663 1206 1882 1274 quidem
1930 1206 2024 1275 qui

451 1294 960 1362 perturbationibus
1000 1295 1274 1351 obnoxius
1313 1306 1427 1356 est,
1472 1297 1821 1367 terrenisque
1859 1298 2025 1353 rebus

451 1384 682 1445 inhaeret
705 1424 719 1447 ,
753 1386 1027 1443 carnalem
1062 1402 1308 1453 vocans;
1344 1403 1466 1443 eum
1499 1404 1663 1452 vero,
1703 1405 1863 1459 quem
1903 1405 2028 1444 cor—

452 1478 605 1546 poris
644 1477 864 1531 sarcina
905 1494 1013 1532 non
1047 1487 1340 1549 aggravat,
1379 1479 1475 1536 sed
1512 1480 1569 1534 in
1601 1482 1836 1536 excelsis
1871 1498 2027 1536 men-

452 1578 562 1626 tem
593 1570 756 1624 babet
782 1570 1053 1640 positam,
1106 1572 1446 1641 spiritualem
1487 1574 1784 1629 nominans
1815 1592 1830 1640 ;
1872 1575 2026 1628 illum

455 1661 672 1723 tandem
698 1700 713 1724 ,
749 1663 841 1735 qui
880 1672 1137 1721 neutrum
1171 1680 1363 1720 eorum
1411 1681 1642 1737 prorsus
1679 1674 1797 1730 est,
1844 1676 1897 1721 et
1944 1674 2028 1719 ta-

456 1768 581 1817 men
615 1768 741 1809 cum
771 1765 1003 1825 utroque
1035 1758 1478 1812 communionem
1513 1758 1710 1825 habet,
1742 1759 2028 1813 animalem

458 1845 761 1917 appellans.
800 1844 925 1915 Παῖς
956 1855 1135 1903 autem
1164 1863 1423 1905 asserens
1444 1890 1459 1913 ,
1490 1864 1593 1903 nec
1622 1850 1898 1903 carnalem
1935 1849 2033 1902 ho-

458 1936 663 1990 minem
714 1939 914 1993 mcntis
965 1941 1051 1995 vel
1101 1939 1297 1995 anima:
1345 1941 1656 1996 actionibus
1710 1940 2031 1996 destitutum

459 2043 586 2085 esse
631 2029 802 2097 dicit,
851 2046 953 2095 nec
1001 2032 1346 2103 spiritualem
1397 2047 1428 2086 a
1472 2032 1869 2102 conjunctione
1908 2049 2031 2087 cum

462 2112 645 2183 anima
692 2130 747 2175 et
793 2137 1025 2191 corpore
1076 2123 1315 2181 alienum
1365 2139 1489 2179 esse
1536 2124 1812 2186 ostendit,
1862 2140 2036 2195 neque

465 2212 758 2279 animalem
814 2215 1088 2269 hominem
1133 2215 1218 2269 vel
1257 2226 1443 2271 mente
1468 2256 1482 2279 ,
1522 2216 1609 2270 vel
1643 2231 1811 2271 carne
1848 2231 2038 2271 carere

467 2304 701 2378 Statuit;
738 2305 831 2360 sed
869 2306 1104 2376 singulis
1139 2307 1263 2361 vitae
1296 2308 1571 2364 institutis
1602 2324 1666 2363 ex
1702 2324 1767 2363 eo
1803 2308 1947 2378 quod
1982 2310 2037 2362 in

468 2412 798 2466 unoquoque
854 2414 1045 2453 eorum
1099 2401 1271 2470 magis
1315 2400 1563 2467 eminet,
1612 2416 1811 2455 nomen
1861 2403 2040 2469 impo-

468 2489 551 2543 nit
580 2490 645 2543 ".
682 2489 787 2555 Qui
818 2490 962 2545 enim
987 2492 1205 2557 judicat
1242 2492 1455 2559 omnia,
1495 2500 1545 2545 et
1586 2509 1619 2545 a
1658 2493 1861 2545 nemine
1898 2491 2044 2560 judi-

469 2588 648 2643 catur,
681 2589 734 2636 et
766 2580 812 2636 si
847 2597 1067 2637 carnem
1099 2591 1265 2653 atque
1313 2585 1551 2638 animam
1601 2584 1833 2647 habeat,
1870 2583 2041 2653 spiri-

470 2668 687 2724 ritualis
716 2671 1083 2727 nihilominus
1126 2682 1510 2743 nuncupatur;
1556 2684 1611 2729 et
1653 2675 1745 2744 qui
1795 2674 2043 2728 libidinis

473 2759 659 2817 furore
689 2764 947 2833 abreptus
967 2806 981 2827 ,
1011 2766 1192 2820 cubile
1218 2776 1502 2835 paternum
1536 2767 1813 2822 invaserat
1843 2768 1911 2831 ",
1946 2782 2044 2821 nec

473 2853 655 2924 anima
680 2897 695 2923 ,
731 2870 833 2919 nec
870 2865 1051 2912 mente
1084 2858 1311 2912 orbatus
1345 2867 1462 2913 erat
1491 2878 1503 2912 :
1545 2859 1798 2914 similiter
1837 2860 2001 2911 etiam
2030 2898 2043 2920 ,

476 2947 573 3018 qui
608 2946 750 3007 inter
788 2950 1017 3019 probam
1062 2961 1225 3021 atque
1262 2952 1564 3019 improbam
1607 2952 1732 3006 vitae
1775 2954 2044 3011 rationem

475 3036 717 3103 medium
754 3046 938 3107 tenet,
976 3052 1167 3094 neutra
1203 3049 1388 3106 caret,
1424 3043 1623 3112 quippe
1658 3045 1750 3113 qui
1780 3052 1832 3099 et
1866 3057 2045 3101 mente
2074 3063 2116 3119 (ι

478 3129 742 3204 praeditus
777 3142 896 3197 est,
933 3143 985 3187 et
1015 3149 1183 3188 carne
1217 3135 1705 3205 circumvestitur;
1735 3139 1827 3193 sed
1863 3156 2052 3209 quem-

479 3221 774 3277 admodum
806 3224 1080 3288 diximus,
1113 3241 1178 3279 ex
1210 3240 1274 3280 eo
1305 3227 1451 3296 quod
1485 3228 1539 3281 in
1569 3244 1902 3301 unoquoque
1934 3232 2054 3287 vita:

481 3329 678 3385 genere
708 3316 881 3386 magis
910 3326 1169 3387 apparet,
1199 3334 1396 3374 nomen
1424 3328 1549 3390 apte
1595 3321 1889 3378 desumens
1913 3323 2056 3394 Apo-

484 3408 699 3471 stolus.
741 3424 836 3463 eos
872 3410 1097 3479 quidem
1132 3410 1224 3479 qui
1270 3411 1645 3482 voluptatibus
1685 3429 1750 3468 ac
1788 3416 2057 3485 intempe-

484 3497 678 3552 rantia:
703 3500 948 3554 serviunt
976 3508 1031 3554 et
1057 3502 1123 3555 ad
1148 3501 1363 3557 rixosas
1386 3503 1767 3560 contentiones
1791 3507 2058 3574 proclives

488 3600 651 3659 sunt,
686 3594 939 3649 carnales
969 3604 1169 3660 vocat;
1214 3594 1337 3649 illos
1378 3611 1540 3661 vero,
1579 3596 1673 3666 qui
1711 3612 1900 3653 omnes
1939 3599 2058 3668 qui-

490 3682 614 3741 dem
645 3682 990 3753 dijudicant,
1026 3685 1231 3742 nullam
1271 3701 1400 3740 vero
1430 3686 1623 3754 judicii
1663 3687 1731 3742 de
1765 3705 1822 3744 se
1855 3688 2059 3745 ferendi

492 3786 685 3828 ansam
732 3772 855 3827 aliis
898 3775 1172 3842 praebent,
1207 3775 1279 3834 ob
1318 3775 1439 3830 vitae
1476 3777 1907 3845 sublimitatem,
1941 3783 2056 3850 spi-

491 3862 723 3939 rituales
747 3867 993 3920 nominat
1022 3884 1036 3933 ;
1060 3868 1291 3938 denique
1320 3869 1610 3926 animalem
1634 3882 1914 3944 nuncupat
1937 3877 2063 3946 qui,

496 3954 551 4009 in
586 3954 784 4011 horum
822 3957 1002 4012 medio
1037 3959 1247 4028 positus
1270 3998 1284 4023 ,
1329 3968 1482 4015 tanto
1525 3963 1798 4031 spirituali
1841 3965 2068 4024 inferior

496 4055 605 4113 est,
635 4059 843 4119 quanto
872 4054 1124 4123 superior
1154 4053 1383 4108 carnali.
1415 4054 1681 4120 Quoniam
1714 4057 1881 4127 igitur
1905 4075 2027 4114 eum
2054 4104 2068 4125 ,

497 4141 591 4211 qui
624 4143 828 4197 virtute
863 4142 1098 4213 profecit
1120 4184 1132 4205 ,
1170 4160 1278 4197 non
1311 4145 1488 4199 solum
1518 4147 1635 4199 vult
1666 4147 1793 4201 vitae
1823 4150 2071 4203 sublimi-

499 4234 629 4303 tatis
681 4234 999 4289 testimonio
1045 4234 1429 4303 comprobari,
1485 4236 1578 4289 sed
1626 4245 1680 4290 et
1732 4236 1958 4307 insuper
2004 4240 2070 4293 ad

501 4323 669 4383 Deum
718 4325 1026 4394 respicere,
1062 4340 1188 4378 cum
1220 4326 1303 4379 vel
1346 4328 1597 4396 corporis
1642 4331 2070 4386 necessitatibus

2118 472 2260 525 κατά
2296 487 2361 538 γε
2404 468 2497 522 τὸν
2536 467 2801 539 ἡμέτερον
2822 466 2998 534 λόγον,
3048 467 3162 529 τοῖς
3211 462 3704 518 Θεσσαλονικεῦσιν

2118 565 2298 615 ἐκεῖνα
2325 564 2557 633 γράφει,
2593 558 2851 621 ὀλοτελῶς
2881 558 3076 621 αὐτοὺς
3109 554 3439 627 ἁγιασθῆναι
3471 552 3707 624 εὐχόμεο

2118 672 2208 718 νος
2235 653 2313 724 τῷ
2352 652 2561 723 Κυρίῳ,
2595 652 2653 705 ὲν
2698 649 2930 721 σώματι,
2961 649 3056 703 καὶ
3088 649 3234 720 ψυχῇ
3268 648 3364 700 καὶ
3402 645 3708 716 πνεύματι.

2132 747 2292 801 Ἀλλὰ
2325 747 2410 810 τίς
2442 747 2555 800 ἐστι
2587 743 2871 814 φιλοσοφία
2907 744 3036 815 περὶ
3064 744 3164 812 τῆς
3209 740 3354 795 κατὰ
3396 738 3589 794 τοῦτον
3615 737 3711 790 τὸν

2122 840 2235 909 βίον
2269 838 2637 910 προαιρέσεως
2666 837 2937 909 διαφόρως
2979 834 3305 905 ὑψηλοτέρα,
3340 833 3439 885 οὐκ
3471 829 3712 884 ἐνταῦθα

2124 932 2302 1003 μόνον,
2335 931 2470 984 ἀλλὰ
2493 931 2586 984 καὶ
2612 934 2669 984 ἐν
2697 925 2778 992 οἷς
2810 928 2943 999 πρὸς
2969 928 3096 989 τοὺς
3126 924 3445 996 Κορινθίους
3472 924 3711 975 ποιεῖται

2121 1023 2212 1077 τὸν
2246 1023 2421 1091 λόγον.
2470 1018 2591 1075 Οἷδε
2620 1022 2730 1092 γὰρ
2774 1022 2889 1073 ἐκεῖ
2933 1035 3055 1071 τινα
3097 1018 3351 1084 σάρκινον
3399 1014 3711 1084 ἄνθρωπον,

2123 1115 2216 1167 καὶ
2254 1114 2618 1185 πνευματικὸν
2665 1112 2826 1167 πάλιν
2864 1111 3073 1182 ἕτερον,
3125 1109 3218 1162 καὶ
3266 1108 3351 1161 διὰ
3398 1108 3571 1178 μέσου
3602 1105 3712 1159 τῶν

2123 1207 2216 1261 δύο
2246 1207 2338 1260 τὸν
2364 1205 2611 1277 ψυχικὸν,
2638 1204 2729 1257 τὸν
2762 1204 2858 1274 μὲν
2887 1200 3109 1272 ἐμπαθῆ
3141 1200 3234 1253 καὶ
3268 1198 3439 1268 ὑλώδη
3468 1240 3482 1262 ,
3514 1197 3714 1267 σάρκι-

2125 1314 2213 1350 νον
2238 1294 2677 1367 προσαγορεύων·
2708 1293 2800 1346 τὸν
2825 1292 2882 1345 δὲ
2913 1292 2987 1363 μὴ
3014 1289 3343 1360 βαρούμενον
3371 1289 3449 1357 τῷ
3474 1286 3717 1357 ὲφολκίῳ

2125 1388 2220 1442 τοῦ
2247 1388 2514 1459 σώματος,
2539 1386 2651 1440 ἀλλ’
2676 1388 2731 1440 ἐν
2750 1387 2862 1447 τοῖς
2880 1383 3102 1454 ὑψηλοῖς
3131 1382 3229 1450 τὴν
3264 1380 3499 1433 διάνοιαν
3521 1379 3716 1447 ἔχοντα

2128 1477 2493 1547 πνευματικὸν
2536 1474 2835 1545 ὀνομάζων·
2884 1473 2974 1527 τὸν
3027 1471 3084 1524 δὲ
3134 1470 3428 1539 μηθέτερον
3464 1467 3715 1538 ἀκριϐῶς

2128 1571 2254 1624 ὄντα
2285 1573 2381 1625 καὶ
2414 1571 2548 1644 πρὸς
2586 1570 2697 1640 (50)
2741 1569 2999 1639 ἑκάτερον
3040 1566 3230 1637 ἔχοντα
3268 1566 3364 1636 τὴν
3400 1563 3716 1626 κοινωνίαν,

2129 1664 2354 1734 ψυχικὸν
2387 1664 2695 1718 ἀποκαλῶν.
2727 1662 2912 1715 Ταῦτα
2938 1662 2994 1714 δὲ
3020 1660 3214 1729 λέγων,
3248 1660 3371 1713 οὕτε
3400 1659 3494 1712 τὸν
3524 1656 3719 1727 σάρκιο

2133 1776 2220 1810 νον
2258 1758 2355 1827 τῆς
2392 1755 2533 1809 κατά
2558 1756 2647 1809 τὸν
2676 1754 2800 1808 νοῦν
2858 1755 2891 1825 ἢ
2926 1754 3024 1824 τὴν
3056 1752 3232 1823 ψυχὴν
3260 1751 3539 1822 ἐνεργείας
3564 1752 3722 1802 ἐστεο

2139 1848 2335 1919 ρῆσθαι
2360 1847 2528 1915 λέγειν
2556 1845 2679 1901 οὒτε
2702 1846 2793 1899 τὸν
2815 1843 3179 1915 πνευματικὸν
3195 1843 3292 1914 τῆς
3313 1843 3447 1912 πρὸς
3472 1840 3533 1892 τὸ
3559 1838 3723 1907 σιῖιμα

2136 1940 2229 1999 καὶ
2256 1938 2353 2009 τὴν
2384 1938 2561 2009 ψυχὴν
2598 1936 2917 2005 συμπλοκῆς
2944 1934 3221 2005 ἀλλότριον
3263 1933 3561 1995 δείκνυσιν,
3596 1930 3723 1983 οὐδὲ

2141 2031 2237 2084 τὸν
2271 2029 2523 2099 ψυχικὸν,
2566 2028 2597 2099 ἢ
2639 2028 2817 2092 ἄνουν,
2860 2026 2894 2097 ἣ
2930 2027 3169 2097 ἇσαρκον
3217 2024 3563 2079 ὑποτίθεται·
3602 2016 3722 2077 ἀλλ’

2137 2125 2203 2179 ἐκ
2229 2122 2320 2177 τοῦ
2350 2119 2730 2185 πλεονάζοντος
2751 2119 2846 2183 τὰς
2869 2120 3184 2189 ἐπωνυμίας
3212 2120 3332 2180 ταῖς
3359 2116 3721 2186 προαιρέσεσι

2139 2217 2363 2271 τίθεται.
2401 2216 2473 2268 Ὅ
2502 2232 2565 2267 τε
2603 2214 2712 2283 γὰρ
2740 2214 3079 2282 ἀνακρίνων
3122 2212 3193 2266 τὰ
3236 2209 3432 2264 πάντα
3476 2208 3576 2262 καί
3621 2210 3726 2262 ὑπ’

2141 2307 2389 2375 οὐδενὸς
2437 2306 2941 2375 ἀνακρινόμενος,
2986 2304 3080 2358 καὶ
3135 2303 3397 2375 ἐνσαρκός
3442 2303 3580 2366 ἐστι,
3630 2302 3729 2353 καὶ

2142 2402 2380 2473 ἔμψυχος
2404 2441 2416 2463 ,
2451 2402 2545 2453 κα).
2580 2397 2948 2470 πνευματικὸς
2988 2395 3346 2467 ὀνομάζεταιο
3392 2396 3486 2448 καὶ
3516 2396 3544 2447 ὁ
3584 2392 3729 2446 κατᾶ

2141 2496 2239 2565 τῆς
2273 2493 2433 2563 εὐνῆς
2455 2492 2554 2562 τῆς
2588 2489 2845 2560 πατρῴας
2870 2487 2947 2559 τῷ
2975 2488 3073 2558 τῆς
3102 2486 3303 2558 σαρκὸς
3330 2485 3491 2539 πάθει
3520 2484 3729 2552 λυσσή-

2146 2604 2264 2651 σας,
2292 2584 2413 2638 οὔτε
2449 2583 2652 2653 ἄψυχος
2674 2577 2764 2652 ἦν,
2792 2580 2916 2635 οὔτε
2945 2579 3179 2643 διανοίας
3200 2578 3518 2648 κεχώριστο·
3548 2574 3735 2628 disad-

2144 2697 2251 2742 τως
2272 2678 2328 2731 δὲ
2360 2678 2453 2731 καὶ
2480 2678 2507 2729 ὁ
2542 2676 2702 2746 μέσος
2740 2675 2877 2744 έχων
2906 2673 2999 2725 τοῦ
3041 2690 3099 2724 τε
3146 2666 3430 2725 ἐπαινετοῦ
3452 2708 3467 2731 ,
3498 2668 3593 2721 καὶ
3636 2665 3735 2719 τοῦ

2147 2768 2617 2838 κατεγνωσμένου,
2648 2768 2707 2819 ὲν
2740 2765 3023 2836 ἑκατέροις
3052 2764 3190 2828 ἐστὶ,
3226 2762 3319 2815 καὶ
3352 2760 3475 2814 νοῦν
3503 2760 3643 2829 ἔχων
3675 2760 3737 2811 ἐν

2153 2862 2355 2934 ἐαυτῷ,
2379 2863 2473 2916 κα)¹
2501 2862 2599 2931 τὴν
2624 2860 2785 2929 φύσιν
2804 2860 2905 2929 τῆς
2928 2856 3127 2929 σαρκὸς
3150 2855 3546 2927 περικείμενος
3570 2852 3737 2913 ἀλλὰ,

2150 2954 2331 3017 καθὼς
2359 2954 2568 3023 εἴρηται
2588 2991 2600 3014 ,
2633 2950 2769 3023 πρὸς
2811 2950 2880 3002 τὰ
2932 2948 3232 3017 φαινόμενα
3256 2943 3348 2997 τοῦ
3376 2943 3489 3013 βίον
3535 2939 3742 3009 γνωρί-

2153 3062 2332 3115 σματα
2354 3044 2450 3113 τῆς
2468 3040 2835 3113 προσηγορίας
2861 3038 3064 3109 κυρίως
3095 3034 3525 3107 ὲφαρμοζούσης,
3555 3031 3606 3083 oi
3638 3030 3743 3099 μὲν

2154 3135 2539 3189 ἀπολαυστικοί
2572 3152 2631 3186 τε
2657 3133 2751 3186 κα).
2782 3131 3074 3201 φιλήδονοι,
3103 3129 3196 3182 καὶ
3231 3128 3365 3199 πρὸς
3402 3125 3499 3187 τὰς
3531 3126 3744 3194 ἐριστι-

2155 3228 2255 3291 κὰς
2284 3226 2610 3295 φιλονεικίας
2639 3224 2891 3293 ἐκθύμως
2925 3222 3159 3292 ἔχοντες,
3189 3220 3433 3287 σάρκινοι
3458 3216 3740 3283 λέγονταιο

2155 3323 2205 3374 οἱ
2226 3321 2280 3373 δὲ
2300 3320 2366 3373 τὰ
2386 3320 2561 3373 πάντα
2588 3318 2683 3388 μὲν
2709 3314 3109 3386 ἀνακρίνοντες,
3136 3312 3286 3365 αὐτοὶ
3306 3308 3574 3380 μηδεμίαν
3596 3322 3746 3377 παρ-

2158 3406 2369 3485 έχοντες
2413 3414 2525 3474 τοῖς
2569 3408 2912 3480 βουλομένοις
2949 3406 3285 3477 ἀνακρίσεως
3321 3402 3511 3473 λαϐὴν,
3545 3400 3638 3453 διὰ
3680 3398 3751 3451 τὸ

2160 3502 2358 3572 ὑψηλὸν
2396 3501 2496 3571 τῆς
2530 3500 2801 3563 πολιτείας
2835 3498 3194 3568 πνευματικοὶ
3226 3494 3603 3566 ὀνομάζονται·
3639 3491 3751 3561 ψυ-

2161 3594 2311 3666 χικὸν
2344 3595 2399 3647 δὲ
2430 3594 2518 3646 τὸν
2568 3592 2678 3663 (51)
2729 3589 2929 3662 μεταξὺ
2978 3588 3181 3642 τούτων
3232 3585 3441 3640 ὲστῶτά
3484 3602 3651 3653 φησι,
3685 3582 3750 3645 ὃς

2162 3686 2411 3740 τοσοῦτον
2436 3684 2741 3756 ὑποϐέϐηκε
2760 3683 2968 3746 τούτου,
3000 3682 3120 3733 ὅσον
3143 3678 3253 3749 (52)
3276 3677 3483 3731 ἐκείνου
3508 3676 3754 3744 ὑπεραν-

2165 3782 2411 3851 έστηκεν.
2482 3778 2698 3850 Ἐπειδὴ
2744 3777 2921 3832 τοίνυν
2983 3774 3228 3846 βούλεται
3274 3773 3365 3825 τὸν
3430 3771 3496 3822 δι’
3544 3766 3753 3839 ἀρετῆς

2166 3872 2535 3942 τελειούμενον
2576 3871 2651 3941 μὴ
2698 3870 2855 3939 μόνον
2890 3870 2946 3921 ἐν
3008 3866 3084 3937 τῷ
3124 3865 3310 3936 ὑψηλῷ
3352 3857 3752 3935 μαρτυρεῖσθαι

2172 3964 2294 4034 βίῳ,
2333 3962 2467 4016 ἀλλά
2492 3962 2594 4014 κᾶν
2621 3979 2673 4013 τι
2708 3960 2814 4014 τῶν
2858 3959 3182 4030 σωματικῶν
3212 3960 3403 4027 ἐνεργῇ
3444 3956 3581 4026 πρὸς
3615 3954 3751 4008 Θεὸν

2173 4057 2406 4127 βλέπειν,
2431 4054 2532 4107 κᾶν
2550 4072 2600 4106 τι
2624 4054 2730 4106 τῶν
2763 4052 2961 4124 μέσων,
2993 4051 3128 4122 μηδὲ
3142 4050 3311 4113 οὕτως
3333 4048 3425 4102 τοῦ
3457 4047 3592 4099 Θεοῦ
3614 4048 3753 4099 ἀπο-

2171 4145 2470 4200 λείπεσθαι.
2503 4144 2635 4197 Εἴτε
2685 4142 2794 4212 γὰρ
2836 4141 3082 4202 ἐσθίετε,
3130 4136 3313 4207 φησὶν,
3358 4135 3476 4189 εἴτε
3521 4135 3751 4198 πίνετε,

2173 4241 2291 4293 εἴτε
2311 4256 2363 4291 τι
2387 4238 2497 4303 (55)
2517 4236 2753 4298 ποιεῖτε,
2780 4233 2973 4287 πάντα
2999 4235 3086 4297 είς
3116 4230 3302 4295 δόξαν
3328 4228 3474 4282 Θεοῦ
3504 4225 3751 4289 ποιεῖτε,

2176 4333 2250 4395 ὡς
2296 4332 2388 4383 καὶ
2426 4330 2513 4383 διὰ
2558 4329 2666 4382 τῶν
2699 4328 2808 4398 (54)
2859 4324 3182 4395 σωματικῶν
3224 4322 3614 4393 ἀσχολημάτων
3654 4319 3754 4374 τοῦ

501 4414 712 4470 servire
738 4417 974 4485 cogitur,
1012 4431 1074 4469 ac
1112 4424 1410 4486 praeterea,
1446 4418 1490 4471 si
1535 4419 1667 4488 quid
1712 4421 1861 4474 aliud
1905 4433 2027 4493 agat

2177 4420 2377 4475 σκοποῦ
2400 4421 2497 4490 τῆς
2520 4419 2667 4480 θείας
2689 4418 2847 4487 δόξης
2874 4415 2946 4487 μὴ
2967 4414 3314 4469 ἀποπίπτειν.
3344 4412 3441 4465 Διὰ
3461 4410 3620 4464 τοῦτο
3640 4412 3755 4474 τοῖς

502 4509 650 4581 quod
683 4515 794 4560 tam
836 4507 903 4561 ad
941 4509 1168 4573 animae,
1204 4524 1368 4579 quam
1405 4509 1469 4563 ad
1505 4512 1753 4581 corporis
1787 4512 2073 4573 facultates

502 4600 805 4669 pertineat,
836 4614 933 4653 nec
963 4607 1094 4655 tunc
1118 4599 1338 4670 quidem
1362 4599 1458 4654 Dei
1483 4603 1597 4655 vult
1622 4603 1868 4660 oblivisci
1894 4628 1908 4673 ,
1954 4608 2074 4663 Sive

503 4690 676 4755 enim,
717 4691 925 4758 inquit,
964 4692 1332 4754 manducatis,
1381 4693 1487 4745 sive
1534 4692 1746 4756 bibitis,
1780 4698 1885 4750 sive
1927 4700 2073 4752 aliud

503 4781 630 4851 quid
665 4782 846 4850 facitis
870 4824 884 4843 .
919 4782 1100 4835 omnia
1134 4782 1189 4834 in
1222 4782 1451 4851 gloriam
1490 4781 1587 4835 Dei
1616 4784 1777 4852 facile
1808 4788 1849 4818 ’τ
1874 4828 1888 4850 ,
1920 4788 1990 4841 ita
2019 4798 2076 4843 ut

506 4875 756 4941 corporis
783 4872 947 4926 etiam
981 4870 1403 4927 necessitatibus
1431 4881 1691 4928 vacantes
1719 4874 2075 4943 gloriﬁcando

504 4964 621 5031 Deo
651 4980 867 5034 semper
897 4965 1294 5034 incumberent.
1328 4964 1538 5019 Idcirco
1566 4964 2076 5025 Thessalonicensi—

507 5056 646 5115 bus,
679 5055 771 5124 qui
805 5055 913 5124 jam
952 5072 1047 5124 per
1078 5055 1259 5108 omnia
1296 5056 1362 5108 ad
1403 5055 1722 5124 perfectiora
1762 5060 1858 5112 niti
1888 5062 2075 5118 Crede-

581 5256 628 5313 ”
660 5255 681 5309 ι
708 5254 896 5310 Thess.
932 5272 984 5318 v,
1005 5254 1094 5309 25.

586 5414 701 5482 (50)
735 5414 891 5486 Corr.
923 5415 1305 5486 ἀκριϐώσαντα
1330 5416 1423 5470 καὶ
1466 5416 1621 5485 πρὸς.

589 5485 700 5549 (Si)
737 5485 811 5537 Ita
846 5485 1030 5548 coni;
1059 5496 1215 5539 antea
1244 5487 1322 5539 τό.

590 5556 701 5621 (32)
720 5556 874 5610 (Sorr.
905 5556 1213 5624 ὑποϐέϐηκε
1238 5556 1329 5609 τοῦ
1354 5556 1441 5609 τὸν
1468 5557 1609 5610 ὅσον.

590 5627 701 5696 (55)
762 5627 840 5679 Ita
884 5641 1050 5687 corr.,
1078 5637 1131 5679 et
1179 5643 1331 5680 sacer
1371 5637 1590 5694 textus;
1638 5630 1775 5684 male
1813 5628 1929 5682 Vat.
1962 5628 2083 5684 cod.

521 5697 760 5774 pcriptor
785 5698 1042 5753 omiserat
1094 5715 1163 5750 τι.
1384 5696 1389 5703 ”
1595 5717 1598 5721 ’

1172 5256 1215 5285 ³³
1246 5256 1416 5308 ICor.
1456 5272 1515 5315 ιι,
1559 5255 1651 5318 ίός
1685 5270 1763 5318 ιιι,
1802 5256 1820 5308 Ι
1848 5274 1862 5322 ;
1890 5275 1975 5324 xv,
2007 5262 2094 5319 63,

2173 4511 2671 4577 Θεσσαλονικεῦσιν,
2720 4511 2819 4580 ἤδη
2865 4510 2951 4562 διὰ
2983 4508 3198 4561 πάντων
3230 4507 3364 4577 πρὸς
3402 4504 3464 4557 τὸ
3504 4499 3755 4574 κρεῖττον

2176 4605 2619 4676 ὑπειλημμένοις,
2639 4602 2857 4671 ὁλοτελῆ
2880 4602 2968 4654 τὸν
2990 4603 3155 4668 ἁγιασ
3163 4599 3258 4669 μὸν
3279 4598 3365 4651 διὰ
3387 4597 3482 4666 τῆς
3503 4596 3755 4663 εὐλογίας

2175 4697 2473 4769 χαρίζεται,
2509 4694 2698 4757 είπὼν,
2735 4693 2789 4745 '0
2830 4691 2899 4745 δὲ
2929 4692 3069 4756 Θεὸς
3103 4688 3333 4759 ἀγιάσει
3365 4686 3520 4757 ὑμᾶς
3554 4689 3756 4739 ὁλοτε-

2176 4788 2321 4853 λεῖς,
2352 4786 2449 4840 καί
2484 4785 2823 4852 ὀλόκληρον
2850 4782 3016 4851 ὑμῶν
3054 4781 3119 4834 τὸ
3149 4779 3337 4848 σῶμα.
3368 4777 3464 4831 καὶ
3493 4779 3529 4844 ἠ
3557 4776 3755 4844 ψυχὴ,

2178 4879 2374 4933 καὶτὸ
2422 4857 2695 4945 πνεῦμα,
2738 4874 2983 4927 τουτέστι
3032 4872 3139 4925 πᾶν
3184 4870 3244 4923 τὸ
3293 4867 3620 4938 σωματικὸν,
3660 4866 3757 4919 καὶ

2177 4970 2424 5040 ψυχικὸν,
2457 4968 2549 5020 καὶ
2586 4966 2945 5035 πνευματικὸν
2972 4962 3304 5030 ἐπιτήδευμα
3330 4960 3463 5029 πρὸς
3488 4958 3756 5027 ἀγιασμὸν

2183 5064 2385 5114 ϐλέποι.
2424 5056 2588 5119 Οὗτος
2614 5061 2640 5111 ὁ
2663 5058 2926 5129 ἡμέτερος
2950 5055 3127 5123 λόγος.
3157 5054 3217 5105 Ei.
3245 5052 3301 5104 δέ
3329 5067 3491 5119 φησιν
3525 5052 3553 5101 ὁ
3600 5050 3746 5100 Ἀπι-

2175 5269 2218 5297 ²⁷ί
2256 5266 2425 5319 lCor.
2458 5279 2516 5324 ιι,
2546 5264 2627 5315 13.
2703 5263 2747 5293 ’θ
2782 5259 2796 5312 Ι
2832 5260 2935 5314 Cor
2974 5276 3026 5321 v,
3066 5260 3114 5311 Ι.
3193 5256 3285 5309 ³⁷1
3325 5254 3449 5310 Cor.
3476 5270 3532 5318 χ,
3571 5252 3629 5306 51

2260 5422 2369 5492 (54)
2403 5420 2502 5492 ita
2542 5419 2681 5492 Vat.
2724 5419 2896 5492 cod._;
2961 5416 3052 5471 sed
3101 5431 3224 5469 cum
3247 5414 3389 5467 inter
3415 5418 3553 5481 part.
3585 5409 3675 5492 καί
3703 5418 3756 5464 et

2191 5480 2295 5545 ari.
2344 5480 2452 5543 τῶν
2497 5491 2781 5559 vestigium
2831 5480 3004 5540 liturae
3050 5502 3348 5559 paucarum
3400 5480 3755 5552 quarumdam

2197 5564 2494 5617 litterarum
2534 5556 2809 5629 appareat,
2835 5574 2930 5612 nos
2958 5573 3123 5627 prmp.
3166 5558 3254 5609 διὰ
3300 5556 3385 5609 hic
3430 5558 3755 5629 expunctam

2202 5650 2230 5685 ιι
2260 5648 2404 5687 corr.
2443 5625 2983 5699 luisse-conjecimus.
3074 5625 3085 5627 ’
3508 5626 3509 5629 “
3755 5625 3758 5629 ’
