4020 6504
289 307 413 359 ιὲὖἹ

1446 314 1819 371 ADVERSUS
1858 312 2367 371 APOLLINAREM.

3386 317 3407 371 ί
3418 318 3525 373 238

272 426 534 501 λινάριος,
572 430 663 486 διὰ
690 429 879 484 τούτου
911 430 1055 493 ἰδίως
1087 430 1176 484 τὸν
1206 429 1330 484 νοῦν
1358 432 1689 501 εὐλογεῖσθαι
1714 473 1727 495 ,
1758 432 1851 484 καὶ

1963 434 2174 493 bantur,
2214 434 2475 501 integram
2510 431 3002 487 sanctiﬁcationem
3024 445 3123 486 sua
3148 430 3525 487 benedictione

270 522 334 577 τὸ
381 522 539 593 σῶμα
578 520 739 576 πάλιν
772 522 866 574 καὶ
898 520 998 592 τὴν
1031 519 1209 593 ψυχὴν
1263 520 1571 585 ἰδιαζόντως
1620 522 1852 575 διαστεῖ-

270 616 360 670 λαι
380 614 491 686 (55)
514 613 613 684 τῆς
633 614 718 682 ἐφ’
740 613 966 667 ἑκάστου
986 611 1193 664 τούτων
1217 612 1462 683 εὐλογίας
1485 613 1583 685 τὴν
1603 614 1849 683 δύναμιν,

270 706 391 769 πῶς
420 705 712 775 ὀλόκληρον
744 704 805 757 τὸ
835 704 993 775 σῶμα
1026 703 1388 773 φυλάσσεται,
1422 704 1482 759 τὸ
1512 706 1690 776 πάντη
1710 750 1724 772 ,
1759 708 1852 759 καὶ

271 798 493 860 πάντως
525 798 583 849 ἐν
610 794 688 865 τῷ
722 794 935 866 θανάτῳ
974 793 1435 866 διαπεσούμενον;
1481 795 1606 860 Πῶς
1632 797 1853 866 ὀλόκλη-

273 906 366 959 ρον
398 888 457 941 τὸ
489 887 556 941 δι’
582 886 906 958 ἐγκρατείας
942 883 1370 957 ὐποπιεζόμενόν
1398 903 1457 939 τε
1499 888 1592 939 καὶ
1636 887 1852 956 ρικνού-

273 997 454 1050 μενον,
490 979 581 1033 καὶ
606 978 692 1031 διὰ
718 977 819 1047 τῆς
852 977 1217 1048 σκληροτέρας
1244 976 1619 1046 δουλαγωγίας
1654 976 1848 1047 σαθρο-

272 1070 633 1141 ποιούμενον;
676 1069 799 1133 Πῶς
840 1068 905 1122 άν
946 1086 1028 1132 τις
1062 1069 1205 1121 είποι
1250 1069 1341 1121 τὸν
1386 1068 1600 1138 πτωχὸν
1650 1070 1853 1121 ἐκεῖνον

272 1163 521 1232 Λάζαρον
554 1161 628 1232 μὴ
657 1159 1087 1231 διημαρτηκέναι
1120 1164 1217 1232 τῆς
1241 1160 1511 1229 εὐλογίας,
1544 1162 1653 1224 τοῖς
1681 1160 1854 1212 τοιού-

269 1272 385 1319 τοις
409 1257 590 1308 ἕλκεσι
631 1253 882 1324 βρύοντα,
912 1252 1006 1306 καὶ
1034 1252 1120 1306 διὰ
1153 1252 1259 1306 τῶν
1295 1250 1504 1322 ἰχώρων
1533 1249 1849 1304 ἐκδαπανώ-

276 1364 468 1419 μενον;
532 1346 692 1400 Ἀλλὰ
711 1386 726 1409 ,
774 1346 879 1400 κᾶν
916 1345 1215 1417 παράδοξον
1254 1347 1449 1409 εἰπεῖν,
1478 1346 1535 1397 ἐν
1561 1343 1753 1413 ἐκείνῳ
1778 1345 1854 1413 τῷ

275 1442 487 1510 σώματι
517 1439 595 1510 τῷ
631 1438 976 1509 διερῤυηκότι
1007 1441 1119 1503 τοῖς
1163 1438 1398 1503 ἐλκεσιν,
1453 1435 1671 1508 ἐντελὴς
1718 1432 1786 1505 ἦν
1820 1438 1853 1507 ἡ

270 1531 491 1600 εὐλογία
521 1529 614 1584 τοῦ
643 1529 855 1582 Παύλου
879 1545 893 1560 ο
934 1529 1225 1601 ὁλόκληρον
1252 1530 1363 1602 γὰρ
1397 1530 1563 1583 αὐτοῦ
1599 1530 1660 1583 τὸ
1693 1529 1855 1599 σῶμα

270 1626 337 1694 τῇ
364 1622 511 1693 ψυχῇ
536 1621 622 1676 διὰ
640 1623 736 1692 τῆς
761 1622 1135 1692 πνευματικῆς
1162 1621 1438 1686 πολιτείας
1460 1621 1690 1694 διεσώθη
1716 1623 1852 1692 (56),

269 1716 357 1767 ὃτι
410 1714 470 1768 οὐ
510 1714 864 1783 κατεσπάσθη
897 1716 1017 1776 ταῖς
1064 1714 1161 1783 τῆς
1206 1714 1406 1784 σαρκὸς
1450 1712 1717 1783 ἀνάγκαις
1745 1713 1854 1768 ἀπὸ

1954 526 2204 595 largitur,
2228 526 2511 593 inquiens:
2536 524 2671 578 Deus
2694 535 2869 578 autem
2886 525 3176 593 sancti/ica
3200 541 3285 577 vos
3306 540 3397 593 per
3414 544 3527 578 0m-

1954 618 2045 670 nia
2066 657 2079 678 ,
2106 626 2155 670 et
2191 618 2450 685 integrum
2481 631 2669 682 corpus
2715 627 2977 680 vestrum,
3028 626 3076 669 at
3129 618 3311 671 anima
3335 627 3385 671 et
3422 619 3529 687 spi-

1955 710 2090 761 ritus
2126 709 2207 773 ";
2247 707 2350 761 hoc
2379 718 2464 762 est
2500 706 2783 778 corporis,
2815 707 3011 760 anima:
3045 714 3098 760 et
3132 707 3363 776 spiritus
3395 724 3529 761 cura

1953 809 2116 870 atque
2144 800 2383 854 studium
2416 814 2578 853 omne
2610 799 2675 851 ad
2707 798 3060 851 sanctitatem
3090 799 3369 868 respiciat.
3408 797 3532 851 ιιι-υ

1956 899 2141 946 nostra
2171 892 2238 945 de
2268 891 2372 943 hoc
2402 890 2648 960 Apostoli
2684 891 2804 945 loco
2830 890 3103 945 sententia
3132 897 3238 946 est.
3277 890 3434 956 Quod
3482 891 3529 943 si

1954 978 2287 1046 Apollinaris
2313 978 2496 1039 dicat,
2530 987 2817 1048 propterea
2850 990 3083 1034 mentem
3109 980 3342 1035 seorsim
3368 997 3398 1034 a
3425 996 3532 1034 ca:-

1957 1070 2122 1133 tcris,
2150 1077 2311 1139 atque
2344 1070 2530 1124 itidem
2562 1084 2765 1140 corpus
2800 1078 2852 1123 et
2882 1071 3121 1124 animam
3152 1072 3409 1140 privatim
3440 1072 3531 1126 be—

1956 1163 2168 1227 nedici,
2218 1170 2277 1217 ut
2312 1162 2383 1226 in
2430 1176 2764 1231 unoquoque
2811 1177 3003 1217 eorum
3038 1162 3274 1233 propria:
3306 1164 3531 1218 benedi-

1955 1254 2151 1308 ctionis
2177 1252 2282 1306 vim
2310 1251 2672 1322 effectumque
2696 1251 2999 1305 discernat:
3028 1252 3304 1320 quomodo
3332 1266 3531 1321 corpus

1956 1347 2227 1416 integrum
2258 1352 2570 1415 permanet,
2618 1344 2763 1415 quod
2810 1345 2864 1397 in
2913 1356 3088 1400 morte
3134 1361 3533 1415 usquequaque

1956 1438 2235 1495 concidit?
2258 1436 2544 1502 Quomodo
2568 1437 2841 1506 integrum
2865 1437 3003 1503 erit,
3026 1436 3170 1505 quod
3200 1437 3534 1491 abstinentia

1955 1537 2311 1584 extenuatum
2348 1528 2594 1583 redditur
2622 1536 2787 1598 atque
2818 1544 3076 1599 rugosum
3103 1537 3156 1583 et
3183 1544 3295 1598 pra:
3321 1527 3531 1582 duriori

1957 1620 2275 1691 captivitate
2321 1619 2703 1675 contabescit?
2746 1620 3033 1686 Quomodo
3084 1619 3286 1688 aliquis
3331 1619 3533 1673 dixerit

1960 1728 2258 1785 pauperem
2312 1712 2465 1767 illum
2516 1712 2785 1768 Lazarum
2833 1714 3215 1769 benedictione
3264 1714 3367 1767 hac
3421 1728 3533 1767 non

268 1805 372 1876 τῆς
399 1804 735 1876 ὑψηλοτέρας
762 1781 974 1868 ἐλπίδος
1006 1804 1085 1868 είς
1119 1781 1181 1856 τι
1210 1781 1316 1857 τῶν
1346 1781 1612 1875 ἀπρεπῶν
1647 1804 1855 1874 νοημά-

1963 1781 2286 1861 ἰτυειτεῑυῐη
2322 1805 2526 1869 fuisse,
2564 1806 2656 1877 qui
2693 1814 2771 1861 tot
2806 1807 2981 1877 plagis
3031 1806 3264 1862 allectus
3314 1815 3435 1861 erat
3480 1818 3534 1861 et

267 1917 399 1954 των·
428 1900 489 1952 οὐ
519 1899 629 1972 γάρ
660 1897 934 1970 παρέσχεν
957 1900 992 1967 ή
1021 1897 1157 1968 σάρξ
1182 1899 1247 1968 τῇ
1277 1896 1420 1968 ψυχῇ
1452 1898 1853 1970 περισπασμδν,

268 1991 391 2044 οὐδέ
416 1990 797 2061 ἐπεθορυὸεῖτο
828 1990 1023 2043 πάθεσι
1052 1992 1163 2052 τοῖς
1197 1992 1527 2061 σωματικοῖς
1556 1992 1589 2059 ἡ
1624 1990 1852 2045 διάνοια.

1964 1899 2119 1955 sanie
2151 1900 2619 1954 consumebatur?
2650 1898 2755 1954 Sed
2781 1938 2797 1964 ,
2846 1900 2975 1953 licet
3023 1900 3223 1952 mirum
3260 1898 3409 1952 dictu
3448 1897 3535 1950 vi-

1962 1988 2180 2055 deatur,
2213 1991 2266 2041 in
2298 1989 2390 2042 illo
2425 1997 2609 2044 tamen
2639 2005 2871 2060 corpore
2897 2029 2912 2054 ,
2947 1990 3093 2061 quod
3127 1992 3402 2046 ulceribus
3430 1988 3537 2045 dif-

270 2083 507 2149 ﬂuebat,
561 2084 717 2139 Pauli
776 2084 1089 2140 benedictio
1146 2084 1369 2155 plenum
1412 2085 1751 2141 sortiebatur
1798 2085 2097 2152 eﬂ‘ectum;
2168 2100 2291 2139 nam
2360 2085 2481 2154 ejus
2522 2100 2723 2155 corpus
2764 2087 2832 2140 ab
2872 2085 3055 2140 anima
3095 2101 3190 2155 per
3233 2085 3536 2156 spiritualis

270 2177 398 2232 vita:
427 2178 778 2249 disciplinam
821 2178 1093 2249 integrum
1133 2178 1482 2242 servabatur,
1523 2177 1785 2248 quoniam
1824 2193 1855 2232 a
1894 2178 2203 2234 sublimiori
2244 2193 2341 2247 spe
2376 2178 2447 2232 ad
2482 2176 2833 2232 inhonestum
2904 2176 3109 2246 aliquid
3182 2177 3535 2247 cogitandum

270 2271 535 2327 violentia
565 2270 752 2325 carnis
784 2286 892 2326 non
927 2271 1028 2324 fuit
1062 2270 1334 2326 adductus
1366 2288 1381 2339 ;
1417 2286 1543 2324 nam
1574 2286 1705 2326 caro
1737 2271 1975 2325 animam
2008 2271 2129 2341 ejus
2162 2287 2269 2326 non
2299 2271 2595 2335 distraxit,
2660 2287 2837 2341 neque
2910 2272 3031 2340 ejus
3104 2282 3339 2325 mentem
3414 2269 3539 2325 ullae

270 2363 526 2431 corporis
557 2363 1000 2430 perturbationes
1029 2362 1395 2433 exagitarunt.

343 2455 417 2507 Ἥ
470 2471 528 2507 τε
560 2453 667 2508 τῶν
698 2454 867 2527 τριῶν
896 2454 1137 2526 ὑμνῳδία
1175 2456 1401 2517 παίδων,
1442 2453 1727 2525 πνεύματα
1760 2454 1855 2508 καὶ

268 2547 448 2619 ψυχὰς
473 2546 695 2602 δικαίων
721 2547 856 2618 πρὸς
882 2546 1168 2601 κοινωνίαν
1200 2547 1299 2617 τῆς
1339 2546 1644 2614 δοξολογίας
1675 2563 1856 2618 παρα-

268 2638 643 2711 λαμϐάνουσα,
672 2639 773 2692 οὐκ
804 2638 909 2710 ἰδίᾳ
938 2637 1035 2702 τὰς
1059 2638 1235 2710 ψυχὰς
1262 2639 1430 2691 αἰνεῖν
1464 2637 1852 2702 διακελεύεται,

270 2732 367 2788 καὶ
398 2733 505 2803 ἰδίᾳ
531 2731 639 2785 τῶν
671 2729 859 2801 ψυχῶν
885 2730 954 2783 τὰ
987 2730 1306 2799 πνεύματα,
1341 2727 1523 2793 καθὼς
1569 2732 1598 2783 6
1645 2730 1858 2783 ’Δπολι-

269 2824 457 2895 νάριος
482 2823 672 2878 οίεται.
714 2824 809 2887 Τίς
838 2822 945 2894 γάρ
970 2823 1036 2876 ἂν
1075 2823 1281 2891 γένοιτο
1307 2825 1406 2892 τῆς
1435 2822 1611 2893 ψυχῆς
1640 2823 1856 2886 ίδιάζων

269 2910 453 2979 αἶνος,
486 2913 560 2984 μὴ
586 2911 673 2967 διὰ
714 2912 814 2981 τῆς
847 2911 1087 2974 διανοίας
1113 2910 1224 2982 (57)
1261 2908 1667 2982 πληρούμενος;
1710 2908 1857 2978 ψυχὴ

269 3005 382 3078 γὰρ
408 3004 645 3068 διανοίας
683 3003 1061 3075 κεχωρισμένη
1087 3043 1101 3065 ,
1130 3000 1311 3067 καθὼς
1349 3002 1448 3073 ἤδη
1491 3001 1750 3065 πολλάκις
1777 3002 1856 3054 εῐ-

273 3114 459 3170 ρηται,
501 3095 696 3166 κτῆνός
724 3096 839 3148 ἐστι
875 3095 975 3163 τῆς
1004 3093 1227 3163 λογικῆς
1276 3110 1334 3145 τε
1382 3092 1475 3145 καὶ
1510 3090 1857 3163 διανοητικῆς
1883 3079 1926 3137 C

274 3188 553 3261 ἐνεργείας
580 3185 865 3257 ἀμέτοχον.
894 3186 960 3239 Τί
995 3180 1086 3239 οῦν
1118 3186 1225 3256 άρα
1244 3184 1336 3238 τὸν
1367 3181 1513 3244 νοῦν.
1555 3183 1739 3247 καθὼς
1765 3176 1857 3237 οῦ-

270 3281 361 3345 τός
390 3296 576 3350 φησιν,
599 3277 929 3349 ἁποχωρίζει
951 3277 1051 3347 τῆς
1075 3276 1254 3346 ψυχῆς
1280 3275 1436 3345 ἡμῶν
1461 3275 1594 3345 (58),
1626 3274 1859 3329 δεδόσθω

268 3372 496 3426 δυνατὸν
529 3367 667 3423 εἶναι
703 3368 857 3441 παρὰ
886 3369 995 3422 τῶν
1026 3368 1353 3435 πνευμάτων
1395 3367 1733 3438 πληροῦσθαι
1766 3370 1859 3422 τὸν

270 3460 422 3521 αἰνον
452 3464 531 3533 τῷ
561 3459 679 3530 Θεῷ
702 3499 717 3523 ,
744 3458 877 3513 διότι
912 3458 1036 3513 νοῦν
1072 3452 1210 3511 εἶναι
1254 3456 1402 3526 λέγει
1447 3457 1517 3511 τὰ
1550 3457 1857 3529 πνεύματα.

275 3554 341 3609 Εἰ
362 3554 418 3607 δὲ
448 3552 545 3624 τὴν
573 3550 751 3621 ψυχὴν
783 3550 909 3605 ἄλλο
938 3568 990 3603 τι
1033 3548 1185 3620 παρά
1235 3548 1326 3601 τὸν
1356 3548 1481 3601 νοῦν
1515 3548 1716 3613 οἴεται,
1744 3550 1862 3612 πῶς

275 3646 482 3711 αἰνέσει
507 3644 600 3699 τὸν
621 3643 753 3697 Θεὸν
782 3643 810 3695 6
838 3641 1064 3712 ἀνόητος
1087 3657 1102 3703 ;
1126 3640 1210 3703 τίς
1236 3639 1293 3706 ἐξ
1321 3640 1509 3703 άνοίας
1536 3641 1722 3711 άρέσει
1748 3640 1859 3710 (59)

272 3737 353 3809 τῷ
384 3734 503 3807 Θεῷ
536 3734 804 3807 ὐμνῳδία;
828 3732 924 3795 Τίς
955 3732 999 3785 δ’
1031 3730 1097 3784 ἂν
1127 3729 1206 3783 ἐτι
1231 3728 1390 3800 χρεία
1416 3730 1625 3797 γένοιτο
1650 3728 1744 3783 τοῦ
1769 3730 1860 3784 νοῦ

274 3833 341 3901 τῇ
377 3829 545 3899 ψυχῇ,
586 3826 743 3896 εἰπερ
783 3824 875 3877 ἐπὶ
920 3822 1018 3893 τῆς
1053 3820 1201 3885 θείας
1228 3820 1537 3890 δοξολογίας
1580 3821 1861 3893 αὐτάρκης

276 3924 362 3993 είη
392 3921 500 3992 (60)
532 3918 653 3973 καθ’
690 3916 891 3987 ἑαυτὴν
918 3912 1237 3985 ύμνῳδοῦσα
1265 3954 1280 3978 ,
1310 3913 1405 3966 καὶ
1449 3914 1611 3985 μηδὲν
1642 3913 1742 3985 τῆς
1766 3912 1859 3966 τοῦ

278 4013 371 4068 νοῦ
416 4009 705 4083 συνεργίας
747 4006 1152 4080 προσδεομένη;
1210 4005 1347 4059 Ἀλλ’
1396 4005 1456 4058 οὐ
1490 4005 1664 4059 ταῦτα
1710 4006 1862 4076 παρὰ

276 4105 385 4159 τῶν
431 4101 860 4174 ἐξηγησαμένων
900 4100 1035 4170 ἡμῖν
1067 4097 1484 4169 μεμαθήκαμεν.
1544 4097 1685 4151 Ἀλλ’
1717 4099 1863 4150 ἐπει-

275 4197 347 4274 δὴ
375 4174 649 4263 ἰσάγγελοί
675 4194 812 4245 εἰσιν
842 4193 895 4245 αἰ
918 4189 1087 4259 ψυχαὶ
1112 4188 1247 4261 (6t),
1269 4188 1379 4241 τῶν
1411 4187 1739 4259 σωματικῶν
1768 4188 1861 4240 λυ-

280 4289 456 4343 θεῖσαι
500 4286 734 4358 δεσμῶν,
767 4283 951 4347 καθὼς
977 4283 1005 4334 6
1040 4282 1242 4353 Κύριος
1271 4281 1455 4351 λέγει,
1489 4280 1577 4335 διά
1608 4281 1765 4334 τοῦτο
1796 4284 1860 4353 τῇ

2032 2450 2241 2505 XLVII.
2281 2450 2568 2506 Canticum
2618 2466 2835 2522 quoque
2889 2452 3053 2505 trium
3106 2468 3431 2522 puerorum,
3482 2452 3537 2506 in

1960 2560 2071 2617 quo
2112 2544 2337 2615 spiritus
2373 2552 2427 2598 et
2466 2542 2665 2598 animae
2702 2542 2979 2613 justorum
3025 2543 3093 2597 ad
3135 2543 3327 2598 laudes
3374 2544 3541 2598 simul

1960 2635 2072 2691 Deo
2108 2633 2385 2689 canendas
2411 2632 2773 2699 advocantur,
2807 2634 3018 2689 animas
3049 2632 3343 2703 privatim,
3382 2633 3539 2687 item-

1962 2743 2070 2798 que
2101 2726 2330 2797 spiritus
2360 2725 2594 2781 seorsim
2628 2724 2697 2779 ab
2726 2724 2924 2778 animis
2961 2722 3133 2777 Deum
3166 2723 3392 2777 laudare
3426 2737 3539 2777 non

1958 2819 2152 2889 jubet,
2211 2816 2673 2887 quemadmodum
2728 2823 2916 2870 censet
2952 2814 3303 2885 Apollinaris.
3356 2813 3541 2883 Ecqua

1960 2910 2106 2965 enim
2141 2908 2301 2963 laude
2330 2910 2513 2963 anima
2547 2909 2666 2963 sola
2691 2951 2705 2975 ,
2741 2908 2860 2963 sine
2896 2907 3006 2961 ulla
3046 2907 3247 2962 mentis
3284 2906 3539 2971 actione.

1962 3002 2132 3057 Deum
2186 3000 2445 3071 prosequi
2494 3001 2743 3069 poterit?
2779 3015 2906 3054 nam
2953 2999 3173 3064 anima,
3219 3007 3403 3054 mente
3445 3014 3540 3053 ca-

1962 3110 2111 3157 rens,
2144 3093 2606 3164 quemadmodum
2630 3092 2744 3162 jam
2774 3107 2917 3163 saepe
2943 3092 3543 3167 diximusgjumentum

1960 3192 2044 3241 est
2064 3225 2079 3249 ,
2111 3183 2475 3239 ratiocinandi
2504 3190 2559 3238 et
2590 3182 2867 3253 cogitandi
2898 3181 3163 3236 facultate
3190 3180 3540 3236 destitutum.

1960 3278 2231 3347 Quoniam
2263 3277 2432 3348 igitur
2458 3277 2618 3348 juxta
2650 3274 2942 3343 scriptoris
2968 3274 3145 3329 nostri
3174 3275 3541 3337 sententiam,

1961 3374 2031 3428 ab
2060 3372 2241 3428 anima
2275 3378 2463 3424 nostra
2501 3380 2739 3425 mentem
2774 3368 3062 3440 Scriptura
3094 3368 3370 3438 sejungit,
3403 3383 3541 3422 con-

1961 3466 2187 3523 cedatur
2210 3478 2340 3535 ergo
2367 3462 2483 3519 fieri
2513 3478 2677 3533 posse
2701 3471 2761 3517 ut
2788 3478 2818 3517 a
2850 3462 3139 3533 spiritibus
3166 3461 3276 3516 Deo
3306 3461 3546 3517 laudatio

1963 3558 2245 3624 reddatur,
2277 3571 2404 3612 cum
2435 3555 2553 3627 ipse
2582 3555 2876 3627 spirituum
2917 3554 3144 3609 nomine
3180 3561 3418 3609 mentem
3456 3553 3545 3608 iu-

1964 3651 2193 3722 telligat.
2225 3648 2283 3705 Si
2313 3658 2496 3705 autem
2526 3648 2764 3704 animam
2796 3648 2945 3703 aliud
2977 3647 3262 3719 quidpiam
3298 3661 3328 3700 a
3362 3656 3547 3703 mente

1963 3743 2242 3797 diversum
2296 3756 2421 3797 esse
2474 3749 2675 3811 putat,
2729 3739 3006 3811 quomodo
3068 3738 3317 3794 laudabit
3376 3739 3544 3794 Deum

1964 3834 2163 3889 mentis
2210 3832 2450 3903 expers?
2491 3830 2778 3899 Quomodo
2828 3831 3064 3902 hymnus
3107 3831 3217 3885 Deo
3270 3830 3512 3901 placebit

1965 3940 2125 3996 quem
2148 3926 2347 3980 mentis
2370 3924 2613 3980 carentia
2636 3922 3089 3978 concinuaverit?
3114 3921 3388 3981 Prmterea
3413 3922 3545 3992 quid

1963 4025 2143 4072 mente
2167 4031 2305 4086 opus
2332 4015 2439 4069 erit
2468 4016 2685 4076 animae.
2708 4016 2753 4069 si
2785 4013 2894 4069 Deo
2936 4014 3192 4069 laudibus
3217 4012 3551 4069 celebrando

1964 4108 2068 4164 sibi
2097 4107 2212 4162 sola
2241 4105 2492 4167 sulIiciat,
2522 4122 2618 4175 per
2643 4121 2701 4160 se
2730 4105 2903 4160 solam
2937 4104 3199 4176 hymnum
3226 4118 3461 4165 canens,
3490 4110 3547 4155 et

1964 4198 2163 4255 mentis
2190 4198 2256 4252 ad
2300 4197 2351 4252 id
2392 4196 2758 4268 peragendum
2803 4195 3017 4250 auxilio
3056 4196 3195 4249 nihil
3240 4193 3546 4263 indigens?

1964 4293 2126 4363 Atqui
2160 4292 2291 4345 talia
2322 4306 2350 4344 a
2389 4292 2567 4346 sacris
2604 4289 3004 4359 interpretibus
3034 4301 3318 4358 nunquam
3350 4285 3548 4340 didici-

281 4380 423 4455 μετὰ
456 4379 564 4433 τῶν
595 4378 920 4448 πνευμάτων
970 4374 1201 4446 συζυγία
1228 4374 1327 4445 τὴν
1364 4373 1499 4445 πρὸς
1534 4373 1659 4434 τοὺς
1696 4372 1859 4441 άγγέ-

1968 4400 2109 4439 mus.
2150 4382 2255 4438 Sed
2292 4382 2553 4452 quoniam
2586 4382 2786 4436 anima:
2815 4380 3101 4449 corporeis
3133 4379 3326 4433 soluta:
3355 4378 3548 4431 vincu-

277 4476 403 4538 λούς
427 4474 535 4528 τῶν
560 4473 747 4545 ψυχῶν
770 4470 1058 4542 δμοτιμίαν
1076 4471 1105 4523 6
1150 4468 1305 4539 λόγος
1326 4469 1678 4522 ἐνδείκνυται·
1704 4466 1863 4519 πνεύ-

283 4585 430 4640 ματα
479 4567 588 4637 γάρ
632 4568 680 4620 οἰ
720 4566 942 4641 ἄγγελοι
976 4561 1119 4616 κατὰ
1162 4560 1255 4615 τδν
1288 4561 1512 4634 εἰπόντα
1549 4562 1860 4631 Προφήτην,

290 4662 354 4714 '0
398 4658 584 4712 ποιῶν
611 4656 754 4733 τοὺς
796 4655 1089 4725 ἀγγέλους
1130 4654 1316 4708 αὐτοῦ
1356 4653 1702 4722 πνεύματα,
1743 4650 1862 4721 μεθ’

278 4740 354 4803 ῶν
395 4745 659 4817 ὑμνῳδεῖν
699 4746 748 4797 οἰ
788 4745 935 4820 τρεῖς
979 4742 1167 4805 παῖδες
1212 4743 1305 4795 καὶ
1344 4742 1441 4805 τὰς
1484 4740 1595 4794 τῶν
1640 4740 1862 4794 δικαίων

279 4836 489 4907 ἀξιοῦσι
522 4835 718 4911 ψυχάς.
766 4834 825 4888 Ὀ
855 4834 911 4887 δὲ
936 4835 1127 4905 Σωτὴρ
1158 4834 1330 4901 λέγων
1361 4836 1421 4889 ἐν
1450 4834 1718 4904 πνεύματι
1752 4834 1863 4887 δεῖν

281 4930 608 4999 προσκυνεῖν
636 4928 726 4981 τὸν
761 4928 913 4991 Θεὸν,
944 4928 1005 4980 οὐ
1040 4914 1130 4981 τόν
1166 4926 1287 4980 νοῦν
1315 4926 1465 4995 δηλοῖ
1490 4929 1555 4997 τῇ
1587 4944 1863 4997 προσηγο-

285 5020 376 5092 ρίᾳ
414 5020 509 5073 τοῦ
552 5020 881 5092 πνεύματος,
913 5020 1050 5073 ἀλλὰ
1093 5020 1153 5072 τὸ
1188 5021 1262 5091 μὴ
1290 5020 1400 5072 δεῖν
1444 5018 1759 5089 σωματικάς
1786 5036 1866 5071 τι-

356 5176 442 5231 “l
471 5176 666 5233 Thess.
698 5193 752 5239 v,
779 5177 867 5231 55.
945 5176 990 5207 ’⁸
1028 5174 1161 5229 Luc.
1187 5190 1277 5238 xx,
1306 5174 1392 5229 56.
1472 5174 1517 5205 ³⁸
1544 5172 1692 5231 Psal.
1718 5189 1837 5240 cur,
1859 5176 1911 5230 4.

360 5332 474 5400 (55)
526 5332 684 5387 Corr.
723 5329 995 5399 διαστείλῃ
1027 5347 1042 5393 ;

289 5396 617 5465 ἰδιαζόντως,
653 5401 727 5464 ὼς
748 5396 1071 5463 διαστεῖλαι;
1106 5398 1264 5452 facile
1302 5398 1447 5452 enim
1492 5396 1862 5453 fuit‘librario

286 5474 360 5528 ob
388 5472 621 5529 similem
648 5471 798 5525 vocis
830 5468 1202 5524 antecedentis
1227 5468 1668 5524 terminationem
1712 5477 1856 5539 part.

290 5544 437 5599 illam
465 5542 730 5597 omittere.

384 5611 473 5681 56)
499 5614 656 5667 Corr.
688 5609 987 5681 συνεσώθη.

390 5683 479 5756 57)
504 5682 661 5756 Corr.
700 5682 773 5756 μὴ
809 5682 907 5756 τῆς
934 5681 1194 5756 διανοίας.

384 5749 477 5816 58,
510 5754 683 5826 Supra
701 5749 889 5823 ’ψυχῆς
932 5752 1105 5823 ἡμῶν,
1157 5768 1301 5807 corr.
1344 5749 1562 5821 scripsit
1619 5767 1709 5822 γρ.
1763 5750 1855 5804 καὶ

1093 5328 1195 5383 sed
1248 5326 1482 5382 fortasse
1500 5396 1514 5398 _
1545 5328 1857 5398 legendum,

1971 4474 2040 4529 lis
2063 4514 2077 4537 ,
2111 4474 2357 4542 aequales
2392 4482 2523 4529 sunt
2554 4473 2799 4544 angelis,
2833 4471 3295 4543 quemadmodum
3333 4470 3409 4524 ait
3443 4468 3549 4523 Do-

1970 4565 2155 4619 minus
2182 4565 2248 4627 ",
2283 4573 2573 4635 propterea
2610 4565 2737 4618 dum
2788 4565 2844 4617 in
2892 4564 2986 4617 illo
3031 4564 3199 4615 trium
3251 4574 3547 4631 puerorum

1968 4657 2186 4711 cantico
2210 4657 2497 4727 spiritibus
2528 4658 2723 4711 animae
2745 4657 3080 4727 junguntur,
3115 4654 3421 4708 animarum
3454 4666 3547 4721 pa-

1970 4764 2086 4803 rem
2118 4764 2241 4803 esse
2276 4765 2399 4802 cum
2436 4749 2644 4820 angelis
2676 4748 3001 4821 dignitatem
3031 4746 3331 4815 Scriptum
3364 4757 3550 4798 sermo

1971 4841 2352 4897 demonstrat:
2405 4844 2607 4914 quippe
2656 4842 2833 4913 angeli
2886 4840 3116 4910 spiritus
3169 4846 3334 4898 sunt,
3378 4836 3539 4903 juxta

1968 4931 2296 5003 Prophetam
2332 4934 2644 4999 dicentem,
2682 4935 2788 5001 Qui
2817 4934 2950 5002 facit
2978 4930 3190 5001 angelos
3225 4944 3352 4982 suos
3384 4927 3546 4996 spiri-

1976 5032 2060 5076 tus
2088 5024 2132 5055 ’θ
2158 5042 2173 5091 ;
2202 5025 2535 5095 quibuscum
2564 5034 2676 5081 tres
2702 5025 2857 5095 pueri
2882 5024 3159 5093 justorum
3186 5033 3407 5090 quoque
3434 5016 3547 5071 ani.

1968 5332 2233 5402 ύμνῳδία,
2276 5330 2422 5400 quod
2466 5329 2710 5385 indicare
2751 5328 2970 5383 videtur
3021 5328 3124 5398 legi
3160 5326 3325 5382 etiam
3364 5340 3543 5395 posse,

1975 5387 2156 5473 ιβυχῆς
2190 5387 2452 5472 ὐμνῖρδία.

2038 5474 2148 5541 (59)
2178 5470 2251 5525 Ita
2286 5470 2430 5525 corr.
2459 5488 2473 5535 ;
2502 5482 2655 5525 antea
2697 5470 2946 5539 ἁρμόσει.

2033 5546 2145 5607 (60)
2167 5542 2241 5595 Ita
2264 5556 2441 5600 corr.;
2470 5554 2622 5593 antea
2655 5542 2721 5593 εἰ.

2038 5603 2150 5682 (61)
2181 5611 2639 5682 (ΞΟΠ-,ἰσάγγελοι
2671 5609 2776 5666 τῶν
2805 5608 3028 5663 δικαίων
3069 5608 3207 5661 εἰσὶν
3254 5608 3307 5660 αἰ
3348 5603 3546 5676 ψυχαῇ

1965 5692 2019 5741 et
2046 5680 2171 5739 mox
2204 5680 2527 5736 ἐκλυθεῖσαι.
