4020 6506
632 231 773 301 tria

1849 252 1907 311 S.
1947 249 2274 312 (SREGORII
2310 248 2605 313 NYSSENI

3673 259 3770 316 lit!)

631 367 750 419 tuas
774 359 1036 437 hymnum
1069 357 1176 424 Deo
1214 386 1411 428 canere
1457 384 1750 444 postulant.
1797 374 2038 446 Denique
2072 377 2192 431 Sal-

2300 395 2396 440 νας
2426 377 2538 446 (62)
2585 380 2710 452 περὶ
2725 377 2784 431 τὸ
2800 376 2950 430 Θεῖον
2977 373 3074 438 τὰς
3103 372 3387 446 ὑπολήψεις
3414 374 3558 447 ἔχειν.
3607 381 3774 457 Ἐπειδὴ

631 458 788 510 sator
810 457 939 512 dum
967 461 1070 524 ait,
1107 461 1276 518 Deum
1300 464 1518 520 adorari
1545 476 1796 538 oportere
1823 470 1878 523 in
1907 471 2101 540 spiritu
2135 472 2201 535 ",

629 560 868 605 mentem
901 555 1126 622 spiritus
1154 549 1516 626 appellatione
1547 576 1654 614 non
1687 561 1907 617 denotat
1937 582 1951 630 ;
1994 565 2086 620 sed
2127 565 2202 634 nil

631 644 918 711 corporeis
971 645 1135 701 rebus
1184 650 1511 705 conveniens
1558 652 1624 706 de
1663 653 1948 709 divinitate
1987 655 2200 724 opinari

631 741 887 801 aportcre
919 734 1212 806 signiticat.
1246 740 1380 792 Cum
1429 741 1572 795 enim
1613 739 1956 798 Samaritana
2007 746 2204 800 mulier

631 823 862 878 dixisset
900 826 966 880 ad
1012 825 1338 892 Dominum,
1381 831 1434 885 in
1477 842 1658 886 monte
1703 832 2040 888 adorandum
2079 853 2202 892 esse

635 913 801 969 Deum
834 917 900 984 ³²,
933 919 1096 973 veluti
1133 921 1179 975 is
1210 922 1330 976 loco
1356 925 1903 981 circuntscrlberetur
1929 946 1943 995 ;
1974 945 2094 997 qua:
2121 945 2203 985 as-

633 1007 801 1060 sertio
838 1008 915 1061 illi
951 1011 1197 1079 opinioni
1231 1027 1472 1069 consona
1507 1025 1592 1070 est
1618 1033 1782 1086 quatn
1823 1019 1891 1072 de
1921 1023 2201 1089 corporeis

635 1096 798 1150 rebus
825 1097 1092 1154 habemus
1116 1118 1128 1165 ;
1156 1113 1442 1172 propterea
1470 1105 1537 1159 ad
1564 1106 1905 1161 aberrantem
1926 1125 1954 1162 a
1976 1112 2202 1164 veritate

631 1187 917 1241 mulierem
943 1190 1191 1246 Christus
1220 1195 1294 1246 ait
1323 1194 1488 1250 Deum
1519 1214 1641 1252 esse
1672 1199 1923 1267 spiritum
1942 1241 1956 1264 ,
1985 1201 2084 1256 hoc
2117 1214 2201 1257 εει

632 1277 1054 1346 incorporeum,
1100 1291 1153 1335 et
1193 1298 1288 1337 eos
1333 1285 1427 1354 qui
1471 1285 1702 1340 adorant
1733 1304 1856 1343 eum
1895 1306 2002 1344 non
2039 1305 2200 1358 posse

629 1370 996 1438 corporaliter
1025 1371 1090 1425 ad
1125 1374 1509 1445 incorporeum
1540 1380 1833 1443 accedere,
1864 1382 1955 1437 sed
1993 1385 2046 1437 itt
2081 1386 2199 1454 spi-

629 1458 738 1510 ritu
765 1465 820 1511 et
850 1461 1079 1516 veritate
1114 1464 1487 1520 adorationem
1518 1469 1804 1538 adimpleri
1835 1473 2054 1528 debere.
2092 1474 2200 1528 Ad-

629 1550 986 1606 monitionem
1016 1553 1219 1623 quippe
1247 1561 1399 1610 suam
1425 1599 1438 1623 ,
1465 1557 1620 1627 juxta
1649 1561 1918 1631 duplicem
1951 1566 2198 1623 mulieris

629 1641 994 1709 ignorantiam
1042 1645 1295 1702 Christus
1341 1649 1662 1721 distinguit,
1719 1653 1847 1708 dum
1910 1657 2196 1713 veritatem

623 1733 843 1800 quidem
878 1749 907 1787 a
937 1734 1145 1806 ﬁgura,
1169 1739 1422 1808 spiritum
1454 1757 1582 1796 vero
1612 1743 1682 1798 ab
1711 1744 2060 1814 opinionibus
2083 1787 2098 1810 ,
2126 1749 2194 1803 ad
2228 1726 2271 1782 Β

627 1836 713 1878 res
742 1837 1038 1896 corporeus
1061 1831 1488 1887 accommodatis
1507 1872 1522 1898 ,
1548 1831 1834 1890 discernit.
1855 1836 2195 1909 Quapropter

626 1914 828 1972 Paulus
856 1933 1078 1989 quoque
1106 1924 1324 1976 veritati
1369 1938 1658 1981 assensum
1690 1929 1951 2002 _pr.'ebens
1974 1970 1989 1995 ,
2022 1931 2194 2000 dicit,

623 2023 682 2059 se
725 2022 832 2062 non
879 2010 933 2062 in
972 2009 1146 2082 ﬁgura
1169 2053 1182 2073 .
1219 2029 1318 2067 nec
1352 2016 1405 2068 in
1441 2032 1708 2087 corpore,
1751 2021 1847 2076 sed
1883 2022 1937 2076 in
1995 2025 2194 2094 spiritu

624 2097 832 2153 servire
862 2095 1095 2155 Domino
1119 2101 1184 2156 ³³.
1220 2104 1375 2170 Quod
1408 2116 1589 2163 autem
1622 2109 1767 2165 idem
1819 2111 2025 2171 Paulus
2074 2118 2190 2184 ait,

622 2185 854 2244 Carnem
886 2191 988 2262 legi
1024 2191 1118 2248 Dei
1152 2211 1260 2251 non
1297 2199 1525 2268 subjici,
1560 2202 1613 2257 id
1656 2203 1831 2272 ipsum
1864 2207 1928 2261 ad
1968 2223 2190 2262 eorum-

623 2281 744 2332 dent
762 2278 1030 2350 dogmatis
1050 2297 1291 2342 errorem
1318 2291 1754 2360 redarguendum
1778 2297 2019 2365 apprime
2037 2298 2189 2367 facit;

623 2375 748 2423 nam
779 2386 1114 2442 repugnare,
1143 2385 1197 2431 ct
1228 2381 1506 2449 captivare
1527 2421 1542 2445 ,
1575 2391 1761 2438 etnon
1793 2387 2026 2456 subjici,
2059 2391 2192 2444 alia-

624 2478 728 2530 que
754 2465 936 2518 omnia
961 2466 1044 2521 his
1085 2469 1286 2525 similia
1308 2513 1320 2534 ,
1348 2472 1415 2527 ad
1441 2474 1612 2531 libere
1637 2478 1888 2549 eligentis
1913 2481 2190 2540 facultatis

623 2568 777 2614 actus
817 2561 1110 2631 pertinent.
1152 2564 1308 2630 Quod
1351 2567 1396 2624 si
1448 2587 1602 2627 mens
1637 2590 1745 2628 non
1787 2577 1892 2642 sit,
1943 2578 2189 2648 profecto

615 2657 714 2696 nec
744 2648 907 2702 etiam
937 2650 1107 2706 libere
1132 2654 1366 2724 eligendi
1397 2657 1630 2715 facultas
1661 2664 1784 2719 erit.
1815 2665 1988 2732 Quam
2026 2669 2192 2740 igitur

2304 473 2409 544 γὰρ
2439 475 2472 543 ή
2508 473 2834 542 Σαμαρεῖτίς
2865 487 2996 540 φησι
3037 469 3172 540 πρὸς
3199 470 3285 522 τὸν
3322 470 3505 541 Κύριον
3540 474 3588 526 ἐν
3613 477 3676 547 τῷ
3694 478 3776 551 δρει

2302 563 2410 616 δεῖν
2448 565 2767 634 προσκυνεῖν
2815 561 2916 614 τὸν·
2961 559 3112 621 Θεὸν.
3161 561 3234 623 ὡς
3289 562 3777 636 ἐμπεριγεγραμμένον

2302 656 2450 724 τόπῳ
2494 655 2626 724 (65),
2666 655 2800 722 ὅπερ
2828 654 2926 706 οὐκ
2969 651 3072 716 ἔξω
3109 652 3206 722 τῆς
3253 655 3542 724 σωματικῆς
3584 658 3779 726 ὑπονοίας

2303 747 2437 810 ἐστὶ,
2469 747 2558 800 διὰ
2593 746 2748 800 τοῦτό
2781 762 2911 817 φησι
2942 744 3076 814 πρὸς
3103 744 3199 812 τὴν
3229 745 3611 817 πεπλανημένην
3632 751 3683 800 ἐκ
3709 752 3778 821 τῆς

2303 837 2553 908 ἀληθείας
2581 841 2608 891 6
2639 837 2837 912 Λόγος,
2871 838 2949 890 ὅτι
2982 833 3198 906 πνεῦμα
3220 837 3246 887 6
3280 835 3404 899 Θεὸς
3431 836 3550 905 (64),
3571 841 3780 893 τουτέστιν

2303 930 2622 1001 ἀσώματος,
2671 931 2764 983 καὶ
2801 931 2926 992 τοὺς
2955 927 3383 1000 προσκυνοῦντας
3419 928 3581 994 αὐτὸν,
3619 931 3676 1001 μὴ
3698 933 3780 1000 (65)

2305 1022 2630 1092 σωματικῶς
2681 1021 2936 1076 δύνασθαι
2989 1019 3364 1091 προσεγγίζειν
3417 1018 3488 1088 τῷ
3544 1021 3780 1094 ἀσωμάτῳ,

2301 1112 2414 1165 ἀλλ’
2449 1115 2506 1164 ἐν
2544 1111 2809 1182 πνεύματι
2842 1112 2934 1164 καὶ
2965 1110 3191 1181 ἀληθείᾳ
3231 1109 3456 1180 πληροῦν
3483 1112 3571 1182 τὴν
3600 1117 3781 1184 προσκύ-

2302 1221 2475 1273 νησιν.
2539 1203 2975 1258 Ἀντιδιαστέλλει
3021 1203 3130 1273 γὰρ
3173 1201 3270 1264 τὰς
3297 1201 3618 1273 διορθωτικὰς
3650 1207 3783 1274 φωνὰς

2301 1299 2418 1361 ταῖς
2446 1296 2658 1358 διπλαῖς
2685 1296 2946 1363 ἀγνοίαις,
2970 1294 3068 1364 τὴν
3096 1293 3192 1364 μὲν
3221 1293 3465 1363 ἀλήθειαν
3492 1293 3560 1364 τῷ
3581 1295 3720 1366 τύπῳ.
3740 1300 3784 1351 τδ

2299 1389 2355 1442 δὲ
2401 1387 2616 1457 πνεῦμα
2655 1386 2998 1456 ἀντιδιαιρῶν
3029 1389 3150 1449 ταῖς
3184 1388 3503 1454 σωματικαῖς
3533 1386 3782 1456 ὑπολήψεσι.

2302 1480 2499 1533 Τούτου
2533 1480 2688 1550 χάριν
2727 1481 2819 1531 καλ⁴
2856 1481 2884 1532 6
2931 1477 3138 1539 Παῦλος
3177 1475 3300 1528 οὔτε
3331 1479 3387 1528 ἐν
3415 1477 3588 1546 τύπῳ,
3622 1476 3716 1530 οὗτε
3743 1480 3784 1530 ἐν

2302 1571 2534 1642 σώματι,
2574 1571 2687 1624 ἀλλ’
2715 1573 2772 1623 ἐν
2797 1569 3064 1640 πνεύματι
3089 1565 3365 1636 λατρεύειν
3396 1567 3519 1637 φησι
3547 1568 3613 1638 τῷ
3629 1570 3782 1638 Κυρίῳ,

2303 1665 2368 1734 τῇ
2407 1662 2636 1734 ἀληθείᾳ
2664 1661 2947 1732 ἑπόμενος.
2984 1658 3056 1712 Τὸ
3090 1659 3146 1712 δέ
3183 1657 3379 1726 λέγειν,
3412 1659 3486 1710 ὅτι
3517 1658 3574 1710 Ἦ
3599 1659 3705 1729 σὰρξ
3730 1660 3784 1728 τῷ

2299 1759 2448 1830 νόμῳ
2477 1755 2568 1811 τοῦ
2603 1755 2736 1810 Θεοῦ
2767 1757 2864 1825 οὐχ
2904 1749 3298 1816 ὑποτάσσεται,
3345 1750 3551 1806 αὐτόθεν
3592 1751 3682 1820 εχει
3714 1752 3785 1821 τῆς

2297 1849 2393 1904 τοῦ
2418 1849 2681 1918 δόγματος
2707 1847 2882 1900 αὐτῶν
2915 1845 3129 1914 ἀπάτης
3149 1843 3241 1897 τὸν
3278 1843 3506 1913 ἔλεγχον·
3531 1842 3585 1894 τὸ
3611 1843 3698 1912 γὰρ
3719 1843 3784 1894 iv-

2297 1927 2738 2011 τιστρατεύεσθαι
2758 1978 2772 2003 ,
2803 1937 2898 1989 καὶ
2926 1933 3368 2006 αίχμαλωτίζειν,
3406 1934 3493 1987 καὶ
3520 1932 3584 2003 μὴ
3609 1933 3785 1984 ὑποτάσ-

2301 2033 2486 2086 σεσθαι
2510 2071 2524 2096 ,
2553 2031 2648 2084 καὶ
2684 2030 2860 2084 πάντα
2899 2029 2968 2082 τὰ
3013 2027 3270 2091 τοιαῦτα,
3316 2022 3651 2097 προαιρέσεώς
3684 2027 3787 2078 ἐστιν

2298 2102 2667 2196 ἐνεργήματα.
2711 2120 2821 2175 Νοῦ
2862 2118 2918 2174 δέ
2955 2123 3029 2192 μὴ
3056 2121 3228 2183 ὄντος,
3257 2111 3362 2173 οὐδ’
3394 2119 3455 2173 ἂν
3482 2119 3513 2189 ἡ
3543 2118 3785 2187 προαίρεσις

2298 2219 2404 2288 εἴη.
2466 2214 2672 2268 Οὐκοῦν
2719 2215 2786 2283 ἦν
2829 2230 2992 2283 φησιν
3055 2212 3420 2282 Ἀπολινάριος
3467 2211 3622 2280 σάρκα
3660 2209 3786 2278 Euda-

2297 2325 2389 2377 χον
2416 2304 2523 2374 (66)
2563 2305 2654 2358 καὶ
2692 2301 3110 2373 ἐμπροαίρετον,
3139 2299 3346 2370 ταύτην
3374 2299 3486 2352 οὑδέ
3518 2297 3598 2351 τοῦ
3628 2298 3699 2349 νοῦ
3725 2314 3786 2349 κε-

2296 2395 2561 2469 χωρίσθαι
2606 2395 2874 2466 ὁμολογεῖ.
2919 2393 3079 2447 Ἀλλὰ
3120 2393 3224 2446 κᾶν
3257 2389 3394 2462 σὰρξ
3428 2390 3629 2459 λέγηται
3657 2390 3786 2458 μόνον,

2295 2490 2384 2543 τὸν
2413 2489 2506 2558 τῆς
2545 2487 2956 2558 ἀνθρωπότητος
2984 2485 3094 2555 (6'7)
3127 2483 3287 2552 λόγον
3327 2483 3384 2536 ἐν
3412 2484 3562 2551 ἑαυτῇ
3588 2482 3787 2548 περιέχει,

2294 2581 2368 2646 ὡς
2417 2581 2490 2651 μὴ
2519 2578 2776 2632 δύνασθαί
2815 2593 2956 2639 τινος
3000 2575 3106 2628 τῶν
3137 2573 3589 2646 συμπληρωτικῶν
3614 2572 3693 2642 τῆς
3723 2572 3772 2640 ’.ξύ

2299 2689 2432 2735 σεως
2463 2671 2741 2732 λείποντος
2761 2705 2777 2736 ,
2808 2668 3094 2739 ἄνθρωπον
3121 2666 3380 2735 λέγεσθαι
3407 2666 3532 2736 (68).

622 2746 835 2794 carnem
903 2743 1230 2811 Apollinaris
1298 2753 1477 2806 anima
1511 2761 1565 2808 et
1600 2756 1769 2813 libere
1832 2760 2064 2830 eligendi
2136 2764 2393 2821 facultate
2450 2765 2729 2836 praeditam
2789 2762 2955 2826 dicit,
3006 2777 3126 2815 eam
3177 2763 3368 2831 utique
3414 2777 3507 2815 nec
3545 2768 3695 2814 mente
3725 2758 3788 2811 de-

625 2832 863 2886 stitutam
913 2851 1034 2891 esse
1077 2836 1294 2895 fatetur.
1346 2842 1451 2899 Sed
1491 2850 1742 2916 quamvis
1782 2866 1911 2905 caro
1953 2864 2162 2910 tantum
2235 2857 2470 2921 dicatur,
2515 2856 2869 2910 nihilominus
2903 2863 3128 2916 cuncta,
3180 2870 3303 2924 quae
3350 2854 3582 2906 humanae
3641 2863 3786 2904 natura

615 2926 984 2992 conveniunt,
1017 2929 1069 2983 in
1105 2947 1165 2986 se
1214 2934 1329 3003 ipsa
1381 2939 1665 2996 continere
1705 2943 2000 3000 dicendum
2047 2960 2175 3017 est;
2217 2952 2293 3005 ita
2325 2951 2569 3005 uthomo
2594 2950 2701 3004 dici
2734 2965 2842 3003 non
2870 2949 3074 3019 possit,
3113 2947 3158 3003 si
3202 2948 3388 3018 aliqua
3409 2955 3474 3001 ex
3532 2945 3627 3000 illis
3675 2944 3790 2998 rebus

615 3013 868 3078 deficiat,
901 3036 1022 3087 qua:
1066 3022 1131 3076 ad
1168 3023 1290 3093 ejus
1339 3037 1590 3083 naturam
1641 3035 1900 3091 omnibus
1940 3041 2187 3096 numeris
2224 3041 2614 3097 absolvendam
2646 3041 3022 3110 requiruntur.

689 3110 917 3168 XLVIII.
948 3115 1108 3187 Atqui
1131 3135 1195 3172 ea:
1226 3120 1413 3186 tribus,
1440 3124 1640 3194 inquit,
1688 3129 1839 3185 rebus
1864 3131 2018 3188 homo
2057 3152 2185 3189 con-
2214 3141 2255 3196 C

614 3215 742 3260 atat.
770 3206 1118 3264 Coucedatur
1146 3211 1271 3279 hoc,
1320 3219 1573 3284 quamvis
1608 3221 1751 3273 ratio
1781 3221 1884 3276 ista
1935 3240 2186 3281 necessa-

613 3295 698 3349 rio
731 3312 833 3352 nos
872 3297 938 3351 ad
979 3303 1388 3358 assentiendum
1426 3322 1535 3361 non
1575 3309 1830 3364 adducat.
1857 3313 1960 3366 Sed
1989 3324 2036 3368 et
2077 3315 2188 3372 Do-

613 3389 809 3456 minus,
849 3391 1048 3461 inquit,
1079 3405 1196 3448 cum
1244 3396 1398 3450 homo
1429 3399 1662 3464 dicatur,
1704 3419 1768 3456 ex
1797 3403 1966 3460 tribus
2016 3417 2066 3461 et
2098 3411 2187 3465 ille

613 3482 766 3538 rebus
798 3496 1026 3548 constat,
1056 3491 1246 3557 spiritu
1303 3509 1502 3563 nempe,
1548 3505 1596 3548 et
1637 3498 1816 3551 anima
1858 3510 1907 3552 et
1946 3518 2180 3570 corpore.

611 3577 723 3632 Nec
752 3579 879 3634 huic
913 3582 1194 3638 sententiae
1230 3586 1521 3640 admodum
1563 3592 2019 3660 repugnabimus;
2057 3612 2181 3650 nam

612 3670 818 3734 omnia,
861 3687 983 3740 quze
1013 3683 1263 3728 naturam
1295 3685 1538 3731 nostram
1573 3679 1896 3752 completam
1927 3684 2179 3752 reddunt,

613 3762 656 3814 si
680 3762 805 3832 quis
840 3763 894 3818 in
935 3764 1152 3820 homine
1183 3767 1276 3822 illo
1308 3769 1586 3825 exStitisse
1615 3771 1782 3837 dicat,
1826 3790 1934 3828 non
1963 3777 2181 3832 aberra-

611 3851 689 3905 bit
716 3870 747 3906 a
779 3863 924 3910 vero.
968 3851 1071 3910 Sed
1096 3865 1147 3910 et
1175 3858 1396 3914 caelestis
1425 3860 1576 3914 homo
1601 3873 1676 3915 est
1711 3863 1798 3930 (de
1821 3864 2040 3920 Christo
2070 3867 2182 3922 haec

612 3938 766 4014 dicit)
799 3944 1024 4014 itquue
1080 3949 1296 4015 spiritus
1345 3951 1636 4020 viviﬁcaris.
1696 3952 1761 4007 Et
1807 3953 1908 4010 ista
1962 3974 2181 4029 quoque

609 4037 942 4104 probamus;
975 4055 1101 4094 nam
1132 4050 1185 4095 et
1212 4041 1328 4097 haec
1353 4053 1538 4098 nostra
1572 4045 1844 4100 sententia
1875 4057 1977 4115 est,
2012 4050 2058 4105 si
2102 4059 2182 4104 ta-

609 4142 730 4180 men
763 4128 832 4182 ab
864 4129 983 4198 ipso
1010 4131 1064 4184 in
1094 4147 1239 4197 eum,
1288 4135 1342 4186 in
1383 4151 1542 4204 quem
1574 4138 1726 4191 decet
1763 4153 1984 4194 sensum
2038 4141 2181 4196 acci-

606 4217 805 4287 piatur.
844 4219 948 4286 Qui
978 4224 1123 4277 enim
1154 4239 1278 4277 cum
1312 4240 1376 4279 eo
1405 4226 1549 4296 quod
1605 4229 1827 4283 caeleste
1877 4239 1981 4293 eSt,
2029 4247 2182 4286 com-

605 4309 890 4375 tniscetur,
928 4318 981 4366 et
1016 4330 1112 4384 per
1152 4315 1292 4370 hanc
1321 4333 1442 4371 cum
1501 4335 1558 4374 re
1611 4323 1974 4390 praestantiori
2025 4341 2178 4379 com-

606 4399 940 4462 mistionem,
963 4402 1107 4471 quod
1131 4412 1402 4461 terrenum
1421 4419 1501 4463 est
1526 4411 1579 4463 in
1610 4412 1804 4467 melius
1825 4421 2174 4484 transmutat,

2373 3137 2522 3188 Ἀλλ’
2545 3135 2612 3188 ἐκ
2646 3132 2840 3202 τριῶν,
2869 3134 3053 3204 φησὶν,
3081 3135 3113 3184 ὀ
3133 3131 3460 3199 ἄνθρωπος.
3484 3131 3690 3185 Δεδὸσθω
3703 3130 3789 3183 τοῦ·

2285 3247 2371 3288 το.
2415 3229 2516 3282 κᾶν
2553 3229 2626 3300 μὴ
2658 3229 2776 3281 κατ’
2805 3227 3048 3296 ἀνάγκην
3074 3227 3220 3295 ἡμᾶς
3249 3225 3284 3276 ὁ
3318 3225 3469 3293 λόγος
3495 3227 3554 3294 τῇ
3584 3240 3790 3291 συγκατιι·

2288 3321 2434 3375 θέσει
2461 3320 2822 3392 προσάγηται.
2867 3317 3042 3372 Ἀλλὰ
3085 3317 3182 3369 καὶ
3211 3320 3242 3370 ὀ
3274 3318 3501 3384 Κύριος,
3533 3316 3787 3384 ἄνθρωπος,

2287 3416 2438 3485 φησὶ,
2453 3414 2792 3482 λεγόμενος,
2810 3412 2876 3464 ἐκ
2893 3411 3067 3479 τριῶν
3089 3410 3389 3476 κάκεῖνος,
3414 3411 3707 3477 πνεύματος
3723 3405 3789 3458 καὶ

2285 3504 2488 3574 ψυχῆς
2536 3504 2634 3558 καὶ
2669 3503 2960 3570 σώματος.
2998 3502 3132 3555 Οὑδέ
3161 3501 3342 3571 τούτῳ
3385 3502 3515 3562 τέως
3555 3496 3788 3567 ἀντίμαχο-

2289 3597 2445 3668 μεθα’
2479 3597 2655 3649 πάντα
2680 3595 2789 3666 γὰρ
2817 3597 2913 3648 ὅσα
2939 3595 3034 3665 τὴν
3053 3594 3332 3664 ἡμετέραν
3360 3593 3644 3662 συμπληροῖ
3658 3589 3788 3657 φύσιν,

2284 3691 2376 3744 καὶ
2416 3690 2542 3759 περὶ
2572 3692 2774 3742 ἐκεῖνον
2806 3687 2899 3741 τὸν
2925 3687 3210 3758 ἄνθρωπον
3247 3682 3388 3739 εἷναί
3415 3704 3495 3749 τις
3537 3682 3700 3753 λέγων,
3721 3682 3790 3750 οὐχ

2283 3777 2677 3852 ἁμαρτήσεται.
2737 3780 2921 3834 Ἀλλὰ
2986 3779 3084 3832 καὶ
3131 3778 3486 3846 ἐποιιράνιος
3525 3775 3789 3873 ἀνθρωπρςν

2283 3873 2408 3941 περὶ
2429 3871 2520 3925 τοῦ
2544 3871 2745 3944 Κυρίου
2768 3870 2925 3924 τοῦτο
2943 3870 3109 3939 λέγει,
3142 3869 3237 3923 καὶ
3264 3869 3499 3938 πνεῦμα
3517 3866 3788 3928 ζωοποιοῦν.

2282 3964 2390 4017 Καὶ
2434 3961 2605 4017 ταῦτα
2641 3962 2926 4032 δεχόμεθα’
2961 3962 3204 4033 ἡμετέρα
3235 3962 3368 4032 γὰρ,
3400 3962 3447 4012 εί
3490 3958 3611 4030 πρὸς
3636 3957 3685 4009 τὸ
3708 3954 3791 4006 δέον

2282 4054 2575 4125 ἐκληερθείη
2627 4053 2773 4123 αὐτῷ
2803 4053 2916 4123 (69)
2952 4054 2985 4123 ἡ
3015 4053 3242 4107 διάνοια.
3300 4054 3358 4106 ’0
3398 4052 3501 4122 γὰρ
3531 4046 3789 4119 ἀνακραθεὶς

2281 4145 2359 4216 τῷ
2395 4145 2736 4216 ἐπουρανίῳ,
2785 4145 2878 4200 καὶ
2927 4145 3300 4214 μεταποιήσας
3350 4144 3435 4196 διὰ
3477 4147 3568 4213 τῆς
3608 4140 3717 4210 πρὸς
3749 4136 3790 4186 τὸ

2282 4241 2524 4308 κρεῖττον
2547 4237 2824 4306 ἐπιμιξίας
2849 4237 2908 4288 τὸ
2938 4239 3142 4306 γήϊνον,
3176 4236 3275 4288 οὐκ
3302 4235 3366 4289 ἂν
3391 4235 3498 4304 (70)
3528 4227 3788 4303 χοῖκὸς,ἀλλ’

2282 4331 2599 4400 ἐπουράνιος
2618 4330 2847 4398 λέγοιτο.
2870 4331 2978 4383 Καὶ
3004 4333 3029 4382 6
3047 4329 3122 4399 τῷ
3141 4329 3388 4398 ζωοποιῷ
3411 4327 3664 4395 Πνεύματι
3680 4320 3787 4390 (71)”

2281 4422 2308 4472 6
2331 4420 2384 4472 δὲ
2412 4420 2578 4473 ποιῶν
2608 4418 2690 4488 ἐφ’
2721 4418 2879 4488 ἡμῶν
2919 4418 3015 4487 τὴν
3041 4418 3343 4488 ἐνέργειαν,
3374 4418 3466 4470 καὶ
3498 4411 3687 4482 πνεῦμὰ
3706 4411 3790 4460 ἐστι

605 4490 651 4544 is
678 4490 803 4558 jure
843 4494 1038 4549 merito
1067 4512 1175 4552 non
1205 4502 1502 4564 terrestris,
1537 4503 1632 4557 sed
1658 4506 1898 4561 cmlestis
1940 4507 2172 4565 dicetur.

2278 4509 2591 4572 ζωοποιοῦν.
2649 4482 2790 4561 Ἃλλ⁹
2838 4482 3033 4579 ἴδωμεν
3079 4482 3215 4578 πρὸς
3261 4508 3315 4560 τί
3365 4503 3674 4578 χρῆται(72)
3710 4498 3790 4558 τοῖς

602 4577 747 4634 idem
783 4582 850 4638 de
880 4584 1189 4642 viviﬁcante
1225 4589 1423 4660 Spiritu
1459 4593 1788 4661 dicendum;
1844 4597 1939 4666 qui
1993 4606 2173 4654 autem

601 4673 776 4730 bonos
804 4683 959 4731 actus
989 4678 1215 4735 innubis
1245 4692 1521 4751 operatur,
1553 4694 1607 4740 et
1639 4687 1754 4757 ipse
1782 4689 2012 4759 spiritus
2038 4692 2175 4745 vivi-

601 4764 773 4822 ﬁcans
808 4778 910 4823 est.
950 4768 1059 4824 Sed
1090 4772 1372 4830 videamus
1401 4777 1466 4830 ad
1494 4779 1624 4848 quid
1648 4780 1990 4849 probandum
2039 4785 2175 4839 alla-

603 4858 672 4913 tis
717 4861 879 4915 modo
937 4864 1241 4920 rationibus
1301 4869 1534 4938 scriptor
1567 4878 1771 4928 utatur.
1829 4873 1901 4930 Si‘
1943 4893 2007 4930 ea:
2060 4878 2169 4932 illis

671 5005 714 5036 ³¹
744 5004 903 5060 Joan.
947 5023 1022 5072 tv,
1049 5010 1138 5062 24.
1214 5009 1259 5041 ³³
1292 5011 1422 5066 ibid.
1449 5011 1540 5067 ‘20.
1643 5015 1688 5048 ³³
1728 5015 1886 5074 Rom.
1927 5037 1965 5085 t,
1989 5021 2041 5075 9.

672 5119 870 5195 (62)_ln
895 5129 1044 5175 textu
1071 5117 1194 5175 Vat.
1219 5125 1359 5195 cod.
1384 5125 1583 5195 legitur
1613 5128 1748 5181 ἀλλὰ
1781 5131 1839 5182 τὸ
1865 5132 1972 5184 δεῖν
2008 5150 2170 5184 πνευ-

603 5191 839 5260 ματικάς
893 5209 1078 5259 τινας;
1135 5194 1227 5247 sed
1282 5191 1459 5251 nobis
1503 5199 1693 5253 melior
1736 5200 1853 5254 visa
1901 5212 1985 5257 est
2023 5215 2167 5256 corr.

599 5261 927 5315 tmeudatio.

805 5334 974 5410 _Corr.
989 5332 1584 5410 ἐμπεριγεγραμμένον
1607 5339 1685 5409 τῷ
1714 5339 1881 5410 τόπῳ.

675 5401 946 5476 (δῇίξοπ.
986 5401 1068 5457 ὅτι
1093 5401 1171 5468 εἰς
1189 5407 1246 5458 τὸ
1280 5401 1496 5476 ivstitia
1528 5408 1556 5460 6
1589 5401 1736 5473 Θεος.

677 5471 790 5548 (ϐξ)
819 5473 1213 5548 l‘lccessariaur
1239 5485 1377 5544 part.
1415 5471 1488 5548 μή
1517 5496 1658 5533 corr.
1687 5471 1812 5535 add.

678 5544 789 5614 (uti)
820 5545 976 5614 Carr.
1005 5543 1247 5614 ἔμψυχόν
1273 5563 1331 5599 τε
1364 5543 1479 5601 καί.

678 5613 794 5691 (BZ)
818 5613 971 5667 (ΞΟΠ.
1000 5613 1344 5691 τδνζτελείαςῌ
1360 5617 1456 5686 τῆς
1474 5619 1918 5691 ,ἀνθρωττὸτητος

684 5681 798 5754 {08)
828 5684 983 5741 Com
1013 5685 1298 5754 ἄνθρωπον
1322 5681 1496 5740 ἔτιτὸ
1538 5681 1852 5761 λειπόμενον
1881 5681 2159 5759 λέγεσθαι.

2274 4603 2580 4673 εἰρημένοις
2609 4605 2636 4655 6
2663 4601 3020 4672 λογογράφος.
3057 4603 3126 4654 Et
3156 4599 3222 4654 ἐκ
3254 4600 3513 4663 πάντων,
3548 4595 3680 4666 φησι,
3704 4595 3790 4643 τῶν

2274 4697 2423 4750 ἴσων
2454 4696 2595 4763 ἡμῖν
2622 4695 2752 4748 ἐστι
2788 4695 2911 4760 τοῖς
2943 4693 3167 4763 χοϊκοῖς
3196 4696 3228 4745 ό
3258 4690 3604 4760 ἑποιιρὰνιος
3627 4688 3791 4751 ἄνθρωέ

2271 4795 2382 4852 amr;
2405 4788 2451 4856 (Ἰ
2461 4787 2534 4857 5),
2561 4785 2735 4857 (ὥστε
2758 4785 2854 4839 καὶ
2878 4786 2943 4839 τὸ
2970 4785 3204 4853 πνεῦμα
3229 4785 3370 4837 ἴσον
3393 4784 3552 4850 ἔχειν
3575 4777 3682 4843 τοῖς
3699 4779 3789 4845 χοῖ-

2270 4879 2578 4950 κοῖς),οὺκ
2617 4877 2970 4948 ἐπουράνιος
3005 4875 3141 4932 ἀλλ’
3174 4871 3533 4944 ἐπουρανίου
3571 4867 3693 4927 Θεοῦ
3717 4863 3790 4919 ὄσ·

2353 5133 2464 5202 (69)
2501 5132 2658 5186 Corr.
2687 5133 2886 5186 αὐτῶν.

2352 5203 2463 5270 (70)
2498 5203 2652 5255 Corr.
2682 5204 2781 5254 οὐκ
2803 5204 2878 5254 ἔτι
2904 5204 2986 5256 ἄν.

2352 5265 2478 5349 (713⁸
2505 5271 2613 5349 Aut
2652 5273 2736 5349 hic
2782 5273 3037 5349 nonnulla
3080 5272 3295 5349 desunt,
3325 5277 3420 5349 aut
3459 5265 3696 5349 mendosa
3725 5267 3787 5349 est

2281 5344 2445 5412 hujus
2467 5343 2566 5396 loci
2603 5345 2785 5420 lectio,
2816 5343 2973 5411 cujus
3005 5341 3246 5420 Latinam
3278 5342 3576 5420 versionem
3605 5341 3668 5391 ita
3687 5348 3786 5420 catt:

2277 5410 2642 5476 cinnavimus,
2674 5410 2988 5491 utuintcger,
3013 5413 3096 5491 vel
3134 5411 3279 5464 nulla
3419 5426 3476 5466 re
3508 5410 3782 5491 depravata:

2277 5499 2399 5538 esse
2436 5484 2700 5536 videatur.
2723 5477 2988 5538 Caeterum
3015 5482 3507 5553 interpunctionem
3539 5477 3652 5534 ante
3674 5477 3780 5545 part»

2277 5555 2370 5608 καί
2404 5569 2549 5605 corr.
2573 5555 2696 5607 add.

2347 5625 2362 5675 ι
2373 5625 2459 5678 72l
2491 5625 2645 5677 Corr.
2675 5624 2954 5694 κέχρηται,

2346 5694 2455 5762 (75)
2481 5692 2850 5750 Sctn'tcirculis
2881 5693 3088 5750 inclusa
3117 5710 3259 5751 corr.
3289 5692 3418 5748 add.
