  <div class='ocr_page' id='page_1' title='image "/cluster/home/n/w/nwhite01/storage/ocr_20150623/45/hvd.32044019826437/624.png"; bbox 0 0 4020 6530; ppageno 0'>
   <div class='ocr_carea' id='block_1_1' title="bbox 331 262 462 318">
    <p class='ocr_par' dir='ltr' id='par_1_1' title="bbox 331 262 462 318">
     <span class='ocr_line' id='line_1_1' title="bbox 331 262 462 318; baseline 0 -2"><span class='ocrx_word' id='word_1_1' title='bbox 331 262 462 318; x_wconf 67' lang='grc' dir='ltr'>ΕΗ</span> 
     </span>
    </p>
   </div>
   <div class='ocr_carea' id='block_1_2' title="bbox 1490 257 2412 319">
    <p class='ocr_par' dir='ltr' id='par_1_2' title="bbox 1490 257 2412 319">
     <span class='ocr_line' id='line_1_2' title="bbox 1490 257 2412 319; baseline -0.004 -4"><span class='ocrx_word' id='word_1_2' title='bbox 1490 257 1864 319; x_wconf 81' lang='lat' dir='ltr'><strong>ADVERSUS</strong></span> <span class='ocrx_word' id='word_1_3' title='bbox 1900 257 2412 315; x_wconf 76' lang='lat' dir='ltr'><strong>APOLLINAREM.</strong></span> 
     </span>
    </p>
   </div>
   <div class='ocr_carea' id='block_1_3' title="bbox 3435 254 3574 308">
    <p class='ocr_par' dir='ltr' id='par_1_3' title="bbox 3435 254 3574 308">
     <span class='ocr_line' id='line_1_3' title="bbox 3435 254 3574 308; baseline 0.014 -2"><span class='ocrx_word' id='word_1_4' title='bbox 3435 254 3458 306; x_wconf 75' lang='grc'><strong>1</strong></span> <span class='ocrx_word' id='word_1_5' title='bbox 3481 254 3574 308; x_wconf 62' lang='grc' dir='ltr'>ξω</span> 
     </span>
    </p>
   </div>
   <div class='ocr_carea' id='block_1_4' title="bbox 329 366 1911 456">
    <p class='ocr_par' dir='ltr' id='par_1_4' title="bbox 329 375 1898 456">
     <span class='ocr_line' id='line_1_4' title="bbox 329 375 1898 456; baseline 0.013 -37"><span class='ocrx_word' id='word_1_6' title='bbox 329 387 515 456; x_wconf 55' lang='grc' dir='ltr'><strong>λεῖον,</strong></span> <span class='ocrx_word' id='word_1_7' title='bbox 544 379 687 434; x_wconf 79' lang='grc' dir='ltr'>Πολὺ</span> <span class='ocrx_word' id='word_1_8' title='bbox 729 375 828 450; x_wconf 80' lang='grc' dir='ltr'>μὲν</span> <span class='ocrx_word' id='word_1_9' title='bbox 865 380 922 432; x_wconf 81' lang='grc' dir='ltr'>ὲν</span> <span class='ocrx_word' id='word_1_10' title='bbox 954 379 1064 440; x_wconf 83' lang='grc' dir='ltr'>τοῖς</span> <span class='ocrx_word' id='word_1_11' title='bbox 1092 375 1398 448; x_wconf 75' lang='grc' dir='ltr'><strong>εἰρημένοις</strong></span> <span class='ocrx_word' id='word_1_12' title='bbox 1430 377 1547 429; x_wconf 70' lang='grc' dir='ltr'>ἐστὶ</span> <span class='ocrx_word' id='word_1_13' title='bbox 1577 376 1639 429; x_wconf 83' lang='grc' dir='ltr'><strong>τὸ</strong></span> <span class='ocrx_word' id='word_1_14' title='bbox 1664 375 1898 444; x_wconf 73' lang='grc' dir='ltr'>ἀσαφὲς,</span> 
     </span>
    </p>
   </div>
   <div class='ocr_carea' id='block_1_5' title="bbox 2013 366 3578 456">
    <p class='ocr_par' dir='ltr' id='par_1_5' title="bbox 2013 366 3578 439">
     <span class='ocr_line' id='line_1_5' title="bbox 2013 366 3578 439; baseline -0.006 -12"><span class='ocrx_word' id='word_1_15' title='bbox 2013 371 2266 438; x_wconf 76' lang='lat' dir='ltr'><strong>omnibus,</strong></span> <span class='ocrx_word' id='word_1_16' title='bbox 2327 370 2523 439; x_wconf 87' lang='lat' dir='ltr'><strong>inqttit,</strong></span> <span class='ocrx_word' id='word_1_17' title='bbox 2579 369 2731 424; x_wconf 77' lang='lat' dir='ltr'><strong>rebus</strong></span> <span class='ocrx_word' id='word_1_18' title='bbox 2770 385 2884 439; x_wconf 71' lang='lat' dir='ltr'><strong>qua!</strong></span> <span class='ocrx_word' id='word_1_19' title='bbox 2935 369 2987 421; x_wconf 87' lang='lat' dir='ltr'><strong>in</strong></span> <span class='ocrx_word' id='word_1_20' title='bbox 3017 367 3186 429; x_wconf 83' lang='lat' dir='ltr'><strong>nobis,</strong></span> <span class='ocrx_word' id='word_1_21' title='bbox 3241 367 3329 437; x_wconf 75' lang='lat' dir='ltr'><strong>qui</strong></span> <span class='ocrx_word' id='word_1_22' title='bbox 3387 366 3578 422; x_wconf 69' lang='lat' dir='ltr'><strong>terreni</strong></span> 
     </span>
    </p>
   </div>
   <div class='ocr_carea' id='block_1_6' title="bbox 329 468 1901 544">
    <p class='ocr_par' dir='ltr' id='par_1_6' title="bbox 329 468 1901 544">
     <span class='ocr_line' id='line_1_6' title="bbox 329 468 1901 544; baseline -0.007 -12"><span class='ocrx_word' id='word_1_23' title='bbox 329 479 422 532; x_wconf 63' lang='grc' dir='ltr'>καὶ</span> <span class='ocrx_word' id='word_1_24' title='bbox 452 472 802 544; x_wconf 78' lang='grc' dir='ltr'><strong>δυσφώρατον</strong></span> <span class='ocrx_word' id='word_1_25' title='bbox 826 471 968 542; x_wconf 68' lang='grc'>(74),</span> <span class='ocrx_word' id='word_1_26' title='bbox 994 471 1081 523; x_wconf 84' lang='grc' dir='ltr'><strong>διὰ</strong></span> <span class='ocrx_word' id='word_1_27' title='bbox 1104 470 1203 541; x_wconf 81' lang='grc' dir='ltr'>τὴν</span> <span class='ocrx_word' id='word_1_28' title='bbox 1226 469 1619 540; x_wconf 80' lang='grc' dir='ltr'>ἑρμηνευτικὴν</span> <span class='ocrx_word' id='word_1_29' title='bbox 1673 468 1901 524; x_wconf 59' lang='grc' dir='ltr'>ἀτονίαν</span> 
     </span>
    </p>
   </div>
   <div class='ocr_carea' id='block_1_7' title="bbox 329 557 1904 636">
    <p class='ocr_par' dir='ltr' id='par_1_7' title="bbox 329 557 1904 636">
     <span class='ocr_line' id='line_1_7' title="bbox 329 557 1904 636; baseline -0.004 -18"><span class='ocrx_word' id='word_1_30' title='bbox 329 567 470 636; x_wconf 77' lang='grc' dir='ltr'>πλὴν</span> <span class='ocrx_word' id='word_1_31' title='bbox 520 562 656 618; x_wconf 83' lang='grc' dir='ltr'>ἀλλὰ</span> <span class='ocrx_word' id='word_1_32' title='bbox 716 562 895 633; x_wconf 78' lang='grc' dir='ltr'>ῥᾴδιον</span> <span class='ocrx_word' id='word_1_33' title='bbox 950 560 1290 629; x_wconf 69' lang='grc' dir='ltr'>ἁνακαλύψαι</span> <span class='ocrx_word' id='word_1_34' title='bbox 1341 559 1401 611; x_wconf 85' lang='grc' dir='ltr'><strong>τὸ</strong></span> <span class='ocrx_word' id='word_1_35' title='bbox 1449 557 1708 629; x_wconf 86' lang='grc' dir='ltr'>βούλημα.</span> <span class='ocrx_word' id='word_1_36' title='bbox 1766 559 1904 627; x_wconf 58' lang='grc' dir='ltr'><strong>Φησὶ⁹</strong></span> 
     </span>
    </p>
   </div>
   <div class='ocr_carea' id='block_1_8' title="bbox 327 651 1906 730">
    <p class='ocr_par' dir='ltr' id='par_1_8' title="bbox 327 651 1906 730">
     <span class='ocr_line' id='line_1_8' title="bbox 327 651 1906 730; baseline -0.006 -18"><span class='ocrx_word' id='word_1_37' title='bbox 327 658 460 730; x_wconf 84' lang='grc' dir='ltr'>γὰρ,</span> <span class='ocrx_word' id='word_1_38' title='bbox 506 658 554 709; x_wconf 87' lang='grc' dir='ltr'><strong>εί</strong></span> <span class='ocrx_word' id='word_1_39' title='bbox 599 655 696 726; x_wconf 85' lang='grc' dir='ltr'><strong>μὲν</strong></span> <span class='ocrx_word' id='word_1_40' title='bbox 734 653 956 725; x_wconf 77' lang='grc' dir='ltr'>ἐλλιπὴς</span> <span class='ocrx_word' id='word_1_41' title='bbox 1001 655 1085 722; x_wconf 68' lang='grc' dir='ltr'>εἴη</span> <span class='ocrx_word' id='word_1_42' title='bbox 1119 651 1194 722; x_wconf 83' lang='grc' dir='ltr'>τῷ</span> <span class='ocrx_word' id='word_1_43' title='bbox 1234 653 1308 724; x_wconf 82' lang='grc' dir='ltr'>νῷ</span> <span class='ocrx_word' id='word_1_44' title='bbox 1337 654 1540 715; x_wconf 80' lang='grc' dir='ltr'>ἐκεῖνος</span> <span class='ocrx_word' id='word_1_45' title='bbox 1586 651 1717 721; x_wconf 73' lang='grc'>(74⁶)</span> <span class='ocrx_word' id='word_1_46' title='bbox 1742 652 1769 704; x_wconf 94' lang='lat'><strong>6</strong></span> <span class='ocrx_word' id='word_1_47' title='bbox 1810 652 1906 705; x_wconf 85' lang='grc' dir='ltr'><strong>ἄν-</strong></span> 
     </span>
    </p>
   </div>
   <div class='ocr_carea' id='block_1_9' title="bbox 329 741 1904 822">
    <p class='ocr_par' dir='ltr' id='par_1_9' title="bbox 329 741 1904 822">
     <span class='ocr_line' id='line_1_9' title="bbox 329 741 1904 822; baseline -0.005 -19"><span class='ocrx_word' id='word_1_48' title='bbox 329 750 567 822; x_wconf 83' lang='grc' dir='ltr'>θρωπος,</span> <span class='ocrx_word' id='word_1_49' title='bbox 599 746 917 818; x_wconf 80' lang='grc' dir='ltr'>ἐπουράνιον</span> <span class='ocrx_word' id='word_1_50' title='bbox 939 746 1099 800; x_wconf 75' lang='grc' dir='ltr'>αὐτὸν</span> <span class='ocrx_word' id='word_1_51' title='bbox 1128 741 1265 798; x_wconf 78' lang='grc' dir='ltr'>εἶναι</span> <span class='ocrx_word' id='word_1_52' title='bbox 1292 761 1306 776; x_wconf 76' lang='grc' dir='ltr'><strong><em>ο</em></strong></span> <span class='ocrx_word' id='word_1_53' title='bbox 1358 746 1405 798; x_wconf 90' lang='grc' dir='ltr'><strong>εί</strong></span> <span class='ocrx_word' id='word_1_54' title='bbox 1449 745 1505 798; x_wconf 85' lang='grc' dir='ltr'>δὲ</span> <span class='ocrx_word' id='word_1_55' title='bbox 1553 744 1743 816; x_wconf 80' lang='grc' dir='ltr'>ἄρτιος</span> <span class='ocrx_word' id='word_1_56' title='bbox 1787 745 1904 813; x_wconf 80' lang='grc' dir='ltr'>εἴη,</span> 
     </span>
    </p>
   </div>
   <div class='ocr_carea' id='block_1_10' title="bbox 333 833 1906 910">
    <p class='ocr_par' dir='ltr' id='par_1_10' title="bbox 333 833 1906 910">
     <span class='ocr_line' id='line_1_10' title="bbox 333 833 1906 910; baseline -0.004 -18"><span class='ocrx_word' id='word_1_57' title='bbox 333 840 531 910; x_wconf 82' lang='grc' dir='ltr'><strong>μηκέτι</strong></span> <span class='ocrx_word' id='word_1_58' title='bbox 575 839 915 910; x_wconf 76' lang='grc' dir='ltr'>ἐπουράνιον.</span> <span class='ocrx_word' id='word_1_59' title='bbox 962 835 1098 888; x_wconf 82' lang='grc' dir='ltr'>ἀλλὰ</span> <span class='ocrx_word' id='word_1_60' title='bbox 1128 835 1328 905; x_wconf 80' lang='grc' dir='ltr'>δοχεῖον</span> <span class='ocrx_word' id='word_1_61' title='bbox 1366 834 1614 902; x_wconf 86' lang='grc' dir='ltr'>γενέσθαι</span> <span class='ocrx_word' id='word_1_62' title='bbox 1651 833 1762 904; x_wconf 78' lang='lat'>(75)</span> <span class='ocrx_word' id='word_1_63' title='bbox 1812 833 1906 886; x_wconf 82' lang='grc' dir='ltr'>τοῦ</span> 
     </span>
    </p>
   </div>
   <div class='ocr_carea' id='block_1_11' title="bbox 329 927 1908 1003">
    <p class='ocr_par' dir='ltr' id='par_1_11' title="bbox 329 927 1908 1003">
     <span class='ocr_line' id='line_1_11' title="bbox 329 927 1908 1003; baseline -0.004 -18"><span class='ocrx_word' id='word_1_64' title='bbox 329 931 655 1003; x_wconf 76' lang='grc' dir='ltr'>ἐπουρανίου</span> <span class='ocrx_word' id='word_1_65' title='bbox 688 929 844 982; x_wconf 78' lang='grc' dir='ltr'>Θεοῦ.</span> <span class='ocrx_word' id='word_1_66' title='bbox 897 927 985 981; x_wconf 85' lang='grc' dir='ltr'>Ἐν</span> <span class='ocrx_word' id='word_1_67' title='bbox 1010 927 1218 990; x_wconf 84' lang='grc' dir='ltr'>τούτοις</span> <span class='ocrx_word' id='word_1_68' title='bbox 1250 927 1306 980; x_wconf 83' lang='grc' dir='ltr'>δὲ</span> <span class='ocrx_word' id='word_1_69' title='bbox 1339 927 1390 979; x_wconf 94' lang='grc' dir='ltr'><strong>τί</strong></span> <span class='ocrx_word' id='word_1_70' title='bbox 1419 927 1484 981; x_wconf 82' lang='grc' dir='ltr'>ἄν</span> <span class='ocrx_word' id='word_1_71' title='bbox 1511 944 1593 989; x_wconf 85' lang='grc' dir='ltr'><strong>τις</strong></span> <span class='ocrx_word' id='word_1_72' title='bbox 1619 927 1728 979; x_wconf 85' lang='grc' dir='ltr'><strong>τῶν</strong></span> <span class='ocrx_word' id='word_1_73' title='bbox 1759 928 1908 997; x_wconf 81' lang='grc' dir='ltr'>εἰρη-</span> 
     </span>
    </p>
   </div>
   <div class='ocr_carea' id='block_1_12' title="bbox 335 1016 1908 1094">
    <p class='ocr_par' dir='ltr' id='par_1_12' title="bbox 335 1016 1908 1094">
     <span class='ocr_line' id='line_1_12' title="bbox 335 1016 1908 1094; baseline -0.005 -18"><span class='ocrx_word' id='word_1_74' title='bbox 335 1023 510 1094; x_wconf 85' lang='grc' dir='ltr'>μένων</span> <span class='ocrx_word' id='word_1_75' title='bbox 543 1021 647 1092; x_wconf 81' lang='grc' dir='ltr'><strong>πρὸ</strong></span> <span class='ocrx_word' id='word_1_76' title='bbox 674 1019 769 1073; x_wconf 78' lang='grc' dir='ltr'>τοῦ</span> <span class='ocrx_word' id='word_1_77' title='bbox 813 1019 993 1090; x_wconf 78' lang='grc' dir='ltr'>ἐτέρου</span> <span class='ocrx_word' id='word_1_78' title='bbox 1022 1017 1361 1087; x_wconf 81' lang='grc' dir='ltr'>βδελύξαιτο;</span> <span class='ocrx_word' id='word_1_79' title='bbox 1406 1016 1480 1070; x_wconf 86' lang='grc' dir='ltr'><strong>Τὸ</strong></span> <span class='ocrx_word' id='word_1_80' title='bbox 1523 1016 1908 1089; x_wconf 75' lang='grc' dir='ltr'>ἐμποδίζεσθαι</span> 
     </span>
    </p>
   </div>
   <div class='ocr_carea' id='block_1_13' title="bbox 329 1106 1910 1184">
    <p class='ocr_par' dir='ltr' id='par_1_13' title="bbox 329 1106 1910 1184">
     <span class='ocr_line' id='line_1_13' title="bbox 329 1106 1910 1184; baseline -0.004 -18"><span class='ocrx_word' id='word_1_81' title='bbox 329 1117 396 1184; x_wconf 82' lang='grc' dir='ltr'>τῇ</span> <span class='ocrx_word' id='word_1_82' title='bbox 427 1113 703 1184; x_wconf 86' lang='grc' dir='ltr'>άρτιότητι</span> <span class='ocrx_word' id='word_1_83' title='bbox 747 1111 807 1166; x_wconf 89' lang='grc' dir='ltr'><strong>τὸ</strong></span> <span class='ocrx_word' id='word_1_84' title='bbox 826 1110 974 1165; x_wconf 86' lang='grc' dir='ltr'>Θεῖον</span> <span class='ocrx_word' id='word_1_85' title='bbox 1001 1108 1206 1161; x_wconf 78' lang='grc' dir='ltr'>οἴεσθαι</span> <span class='ocrx_word' id='word_1_86' title='bbox 1227 1146 1243 1173; x_wconf 91' lang='grc'><strong>,</strong></span> <span class='ocrx_word' id='word_1_87' title='bbox 1287 1108 1362 1170; x_wconf 85' lang='grc' dir='ltr'>ὡς</span> <span class='ocrx_word' id='word_1_88' title='bbox 1399 1107 1728 1177; x_wconf 77' lang='grc' dir='ltr'><strong>οἰκειοτέρας</strong></span> <span class='ocrx_word' id='word_1_89' title='bbox 1760 1106 1910 1178; x_wconf 78' lang='grc' dir='ltr'>παρὰ</span> 
     </span>
    </p>
   </div>
   <div class='ocr_carea' id='block_1_14' title="bbox 332 1198 1910 1272">
    <p class='ocr_par' dir='ltr' id='par_1_14' title="bbox 332 1198 1910 1272">
     <span class='ocr_line' id='line_1_14' title="bbox 332 1198 1910 1272; baseline -0.004 -14"><span class='ocrx_word' id='word_1_90' title='bbox 332 1208 421 1258; x_wconf 71' lang='grc' dir='ltr'><strong>τὸν</strong></span> <span class='ocrx_word' id='word_1_91' title='bbox 465 1205 586 1258; x_wconf 80' lang='grc' dir='ltr'>νοῦν</span> <span class='ocrx_word' id='word_1_92' title='bbox 629 1205 727 1272; x_wconf 81' lang='grc' dir='ltr'>τῆς</span> <span class='ocrx_word' id='word_1_93' title='bbox 775 1200 975 1272; x_wconf 82' lang='grc' dir='ltr'>σαρκὸς</span> <span class='ocrx_word' id='word_1_94' title='bbox 1022 1198 1187 1270; x_wconf 75' lang='grc' dir='ltr'>οὔσης</span> <span class='ocrx_word' id='word_1_95' title='bbox 1229 1199 1367 1272; x_wconf 83' lang='grc' dir='ltr'>πρὸς</span> <span class='ocrx_word' id='word_1_96' title='bbox 1395 1199 1492 1270; x_wconf 80' lang='grc' dir='ltr'><strong>τὴν</strong></span> <span class='ocrx_word' id='word_1_97' title='bbox 1523 1199 1624 1269; x_wconf 82' lang='grc' dir='ltr'><strong>τῆς</strong></span> <span class='ocrx_word' id='word_1_98' title='bbox 1659 1198 1910 1269; x_wconf 86' lang='grc' dir='ltr'>θεότητος</span> 
     </span>
    </p>
   </div>
   <div class='ocr_carea' id='block_1_15' title="bbox 332 1289 1907 1363">
    <p class='ocr_par' dir='ltr' id='par_1_15' title="bbox 332 1289 1907 1363">
     <span class='ocr_line' id='line_1_15' title="bbox 332 1289 1907 1363; baseline -0.004 -15"><span class='ocrx_word' id='word_1_99' title='bbox 332 1297 553 1349; x_wconf 74' lang='grc' dir='ltr'>ἕνωσιν·</span> <span class='ocrx_word' id='word_1_100' title='bbox 607 1293 639 1363; x_wconf 86' lang='grc' dir='ltr'>ἢ</span> <span class='ocrx_word' id='word_1_101' title='bbox 685 1293 744 1344; x_wconf 87' lang='grc' dir='ltr'><strong>τὸ</strong></span> <span class='ocrx_word' id='word_1_102' title='bbox 768 1291 858 1345; x_wconf 87' lang='grc' dir='ltr'><strong>τὸν</strong></span> <span class='ocrx_word' id='word_1_103' title='bbox 905 1290 1035 1344; x_wconf 87' lang='grc' dir='ltr'>Θεὸν</span> <span class='ocrx_word' id='word_1_104' title='bbox 1092 1291 1190 1360; x_wconf 85' lang='grc' dir='ltr'><strong>μὲν</strong></span> <span class='ocrx_word' id='word_1_105' title='bbox 1245 1289 1566 1360; x_wconf 75' lang='grc' dir='ltr'>ἐπουράνιον</span> <span class='ocrx_word' id='word_1_106' title='bbox 1618 1289 1907 1342; x_wconf 79' lang='grc' dir='ltr'>πιστεύειν</span> 
     </span>
    </p>
   </div>
   <div class='ocr_carea' id='block_1_16' title="bbox 333 1383 1911 1456">
    <p class='ocr_par' dir='ltr' id='par_1_16' title="bbox 333 1383 1911 1456">
     <span class='ocr_line' id='line_1_16' title="bbox 333 1383 1911 1456; baseline -0.002 -15"><span class='ocrx_word' id='word_1_107' title='bbox 333 1385 469 1441; x_wconf 79' lang='grc' dir='ltr'>εἶναι</span> <span class='ocrx_word' id='word_1_108' title='bbox 489 1427 502 1450; x_wconf 93' lang='grc'><strong>,</strong></span> <span class='ocrx_word' id='word_1_109' title='bbox 535 1387 622 1439; x_wconf 86' lang='grc' dir='ltr'><strong>τὸν</strong></span> <span class='ocrx_word' id='word_1_110' title='bbox 653 1386 709 1439; x_wconf 80' lang='grc' dir='ltr'>δὲ</span> <span class='ocrx_word' id='word_1_111' title='bbox 735 1384 1022 1454; x_wconf 77' lang='grc' dir='ltr'>δεξάμενον</span> <span class='ocrx_word' id='word_1_112' title='bbox 1053 1386 1108 1438; x_wconf 83' lang='grc' dir='ltr'>ὲν</span> <span class='ocrx_word' id='word_1_113' title='bbox 1131 1383 1307 1454; x_wconf 79' lang='grc' dir='ltr'>ἑαυτῷ</span> <span class='ocrx_word' id='word_1_114' title='bbox 1334 1385 1426 1438; x_wconf 86' lang='grc' dir='ltr'><strong>τὸν</strong></span> <span class='ocrx_word' id='word_1_115' title='bbox 1460 1384 1591 1437; x_wconf 83' lang='grc' dir='ltr'>Θεὸν</span> <span class='ocrx_word' id='word_1_116' title='bbox 1628 1384 1718 1438; x_wconf 81' lang='grc' dir='ltr'><strong>τὸν</strong></span> <span class='ocrx_word' id='word_1_117' title='bbox 1749 1383 1911 1456; x_wconf 67' lang='grc' dir='ltr'>οὐρά-ο</span> 
     </span>
    </p>
   </div>
   <div class='ocr_carea' id='block_1_17' title="bbox 334 1471 1906 1550">
    <p class='ocr_par' dir='ltr' id='par_1_17' title="bbox 334 1471 1906 1550">
     <span class='ocr_line' id='line_1_17' title="bbox 334 1471 1906 1550; baseline -0.004 -18"><span class='ocrx_word' id='word_1_118' title='bbox 334 1496 463 1543; x_wconf 87' lang='grc' dir='ltr'>νιον,</span> <span class='ocrx_word' id='word_1_119' title='bbox 495 1479 568 1550; x_wconf 84' lang='grc' dir='ltr'>μὴ</span> <span class='ocrx_word' id='word_1_120' title='bbox 612 1479 726 1530; x_wconf 80' lang='grc' dir='ltr'>ἐκεῖ</span> <span class='ocrx_word' id='word_1_121' title='bbox 770 1473 940 1541; x_wconf 82' lang='grc' dir='ltr'>εἶναι,</span> <span class='ocrx_word' id='word_1_122' title='bbox 971 1477 1103 1529; x_wconf 83' lang='grc' dir='ltr'>ὅπου</span> <span class='ocrx_word' id='word_1_123' title='bbox 1138 1478 1166 1529; x_wconf 96' lang='lat'><strong>6</strong></span> <span class='ocrx_word' id='word_1_124' title='bbox 1212 1475 1344 1540; x_wconf 87' lang='grc' dir='ltr'>Θεὸς</span> <span class='ocrx_word' id='word_1_125' title='bbox 1388 1471 1524 1529; x_wconf 78' lang='grc' dir='ltr'>εἶναι</span> <span class='ocrx_word' id='word_1_126' title='bbox 1561 1475 1906 1528; x_wconf 70' lang='grc' dir='ltr'>πιστεύεταιδ</span> 
     </span>
    </p>
   </div>
   <div class='ocr_carea' id='block_1_18' title="bbox 333 1562 1910 1638">
    <p class='ocr_par' dir='ltr' id='par_1_18' title="bbox 333 1562 1910 1638">
     <span class='ocr_line' id='line_1_18' title="bbox 333 1562 1910 1638; baseline 0 -18"><span class='ocrx_word' id='word_1_127' title='bbox 333 1569 444 1620; x_wconf 82' lang='grc' dir='ltr'>ἀλλ’</span> <span class='ocrx_word' id='word_1_128' title='bbox 478 1566 699 1638; x_wconf 79' lang='grc' dir='ltr'>ἑτέρωθι</span> <span class='ocrx_word' id='word_1_129' title='bbox 737 1567 887 1638; x_wconf 72' lang='grc' dir='ltr'>παρὰ</span> <span class='ocrx_word' id='word_1_130' title='bbox 914 1567 1004 1619; x_wconf 87' lang='grc' dir='ltr'><strong>τὸν</strong></span> <span class='ocrx_word' id='word_1_131' title='bbox 1050 1567 1276 1638; x_wconf 77' lang='grc' dir='ltr'>οὐρανὸν</span> <span class='ocrx_word' id='word_1_132' title='bbox 1317 1565 1432 1637; x_wconf 76' lang='grc'>(76)</span> <span class='ocrx_word' id='word_1_133' title='bbox 1471 1562 1608 1619; x_wconf 76' lang='grc' dir='ltr'>εἶναι</span> <span class='ocrx_word' id='word_1_134' title='bbox 1655 1568 1748 1620; x_wconf 74' lang='grc' dir='ltr'>καὶ</span> <span class='ocrx_word' id='word_1_135' title='bbox 1784 1567 1910 1620; x_wconf 81' lang='grc' dir='ltr'>ἄλλο</span> 
     </span>
    </p>
   </div>
   <div class='ocr_carea' id='block_1_19' title="bbox 333 1658 1909 1730">
    <p class='ocr_par' dir='ltr' id='par_1_19' title="bbox 333 1658 1909 1730">
     <span class='ocr_line' id='line_1_19' title="bbox 333 1658 1909 1730; baseline -0.001 -18"><span class='ocrx_word' id='word_1_136' title='bbox 333 1679 382 1712; x_wconf 88' lang='grc' dir='ltr'><strong>τι</strong></span> <span class='ocrx_word' id='word_1_137' title='bbox 416 1660 566 1730; x_wconf 77' lang='grc' dir='ltr'>παρὰ</span> <span class='ocrx_word' id='word_1_138' title='bbox 602 1658 760 1712; x_wconf 84' lang='grc' dir='ltr'>τοῦτο</span> <span class='ocrx_word' id='word_1_139' title='bbox 783 1658 1276 1729; x_wconf 74' lang='grc' dir='ltr'>κατονομάζεσθαις</span> <span class='ocrx_word' id='word_1_140' title='bbox 1306 1660 1366 1711; x_wconf 85' lang='grc' dir='ltr'>Εἰ</span> <span class='ocrx_word' id='word_1_141' title='bbox 1398 1659 1526 1730; x_wconf 79' lang='grc' dir='ltr'>γάρ,</span> <span class='ocrx_word' id='word_1_142' title='bbox 1556 1659 1718 1729; x_wconf 75' lang='grc' dir='ltr'>φησὶν</span> <span class='ocrx_word' id='word_1_143' title='bbox 1746 1659 1856 1728; x_wconf 86' lang='grc'>(77)</span> <span class='ocrx_word' id='word_1_144' title='bbox 1883 1660 1909 1711; x_wconf 83' lang='lat'><strong>6</strong></span> 
     </span>
    </p>
   </div>
   <div class='ocr_carea' id='block_1_20' title="bbox 345 1751 1906 1824">
    <p class='ocr_par' dir='ltr' id='par_1_20' title="bbox 345 1751 1906 1824">
     <span class='ocr_line' id='line_1_20' title="bbox 345 1751 1906 1824; baseline -0.003 -18"><span class='ocrx_word' id='word_1_145' title='bbox 345 1753 734 1824; x_wconf 80' lang='grc' dir='ltr'>’Λπολινάριος,</span> <span class='ocrx_word' id='word_1_146' title='bbox 764 1752 1010 1823; x_wconf 79' lang='grc' dir='ltr'>οὐρανίου</span> <span class='ocrx_word' id='word_1_147' title='bbox 1046 1751 1179 1805; x_wconf 80' lang='grc' dir='ltr'>Θεοῦ</span> <span class='ocrx_word' id='word_1_148' title='bbox 1206 1751 1410 1823; x_wconf 81' lang='grc' dir='ltr'>δοχεῖὸν</span> <span class='ocrx_word' id='word_1_149' title='bbox 1441 1755 1608 1814; x_wconf 82' lang='grc' dir='ltr'>ἐστιν,</span> <span class='ocrx_word' id='word_1_150' title='bbox 1641 1754 1669 1804; x_wconf 90' lang='lat'><strong>6</strong></span> <span class='ocrx_word' id='word_1_151' title='bbox 1689 1751 1744 1804; x_wconf 83' lang='grc' dir='ltr'>δὲ</span> <span class='ocrx_word' id='word_1_152' title='bbox 1777 1751 1906 1814; x_wconf 82' lang='grc' dir='ltr'>Θεὸς</span> 
     </span>
    </p>
   </div>
   <div class='ocr_carea' id='block_1_21' title="bbox 334 1843 1904 1917">
    <p class='ocr_par' dir='ltr' id='par_1_21' title="bbox 334 1843 1904 1917">
     <span class='ocr_line' id='line_1_21' title="bbox 334 1843 1904 1917; baseline -0.001 -19"><span class='ocrx_word' id='word_1_153' title='bbox 334 1846 390 1898; x_wconf 80' lang='grc' dir='ltr'><strong>έν</strong></span> <span class='ocrx_word' id='word_1_154' title='bbox 429 1845 505 1915; x_wconf 83' lang='grc' dir='ltr'><strong>τῷ</strong></span> <span class='ocrx_word' id='word_1_155' title='bbox 538 1845 751 1917; x_wconf 83' lang='grc' dir='ltr'>οὐρανῷ</span> <span class='ocrx_word' id='word_1_156' title='bbox 784 1845 896 1898; x_wconf 82' lang='grc' dir='ltr'>ἄνω</span> <span class='ocrx_word' id='word_1_157' title='bbox 918 1887 931 1910; x_wconf 94' lang='grc'><strong>,</strong></span> <span class='ocrx_word' id='word_1_158' title='bbox 969 1844 1147 1908; x_wconf 86' lang='grc' dir='ltr'>καθὼς</span> <span class='ocrx_word' id='word_1_159' title='bbox 1179 1847 1207 1899; x_wconf 95' lang='lat'><strong>6</strong></span> <span class='ocrx_word' id='word_1_160' title='bbox 1250 1843 1677 1914; x_wconf 80' lang='grc' dir='ltr'>Ἐκκλησιαστὴς</span> <span class='ocrx_word' id='word_1_161' title='bbox 1723 1844 1868 1911; x_wconf 80' lang='grc' dir='ltr'>λέγει</span> <span class='ocrx_word' id='word_1_162' title='bbox 1889 1859 1904 1873; x_wconf 83' lang='grc'>⁶</span> 
     </span>
    </p>
   </div>
   <div class='ocr_carea' id='block_1_22' title="bbox 330 1933 1909 2008">
    <p class='ocr_par' dir='ltr' id='par_1_22' title="bbox 330 1933 1909 2008">
     <span class='ocr_line' id='line_1_22' title="bbox 330 1933 1909 2008; baseline 0 -19"><span class='ocrx_word' id='word_1_163' title='bbox 330 1937 439 2007; x_wconf 77' lang='grc' dir='ltr'>ἄρα</span> <span class='ocrx_word' id='word_1_164' title='bbox 463 1939 490 1990; x_wconf 91' lang='lat'><strong>6</strong></span> <span class='ocrx_word' id='word_1_165' title='bbox 514 1937 624 2008; x_wconf 90' lang='lat'>(78)</span> <span class='ocrx_word' id='word_1_166' title='bbox 660 1937 913 2007; x_wconf 78' lang='grc' dir='ltr'>χωρήσας</span> <span class='ocrx_word' id='word_1_167' title='bbox 943 1939 1000 1990; x_wconf 88' lang='grc' dir='ltr'><strong>ὲν</strong></span> <span class='ocrx_word' id='word_1_168' title='bbox 1028 1935 1204 2008; x_wconf 80' lang='grc' dir='ltr'>ἑαυτῷ</span> <span class='ocrx_word' id='word_1_169' title='bbox 1229 1935 1320 1990; x_wconf 87' lang='lat' dir='ltr'><strong>16v</strong></span> <span class='ocrx_word' id='word_1_170' title='bbox 1345 1936 1497 2000; x_wconf 79' lang='grc' dir='ltr'>Θεὸν,</span> <span class='ocrx_word' id='word_1_171' title='bbox 1523 1936 1659 2006; x_wconf 83' lang='grc' dir='ltr'>μετά</span> <span class='ocrx_word' id='word_1_172' title='bbox 1682 1933 1774 1989; x_wconf 85' lang='grc' dir='ltr'>τοῦ</span> <span class='ocrx_word' id='word_1_173' title='bbox 1801 1954 1909 2006; x_wconf 60' lang='grc' dir='ltr'><strong>χωα</strong></span> 
     </span>
    </p>
   </div>
   <div class='ocr_carea' id='block_1_23' title="bbox 335 2025 1909 2100">
    <p class='ocr_par' dir='ltr' id='par_1_23' title="bbox 335 2025 1909 2100">
     <span class='ocr_line' id='line_1_23' title="bbox 335 2025 1909 2100; baseline -0.001 -20"><span class='ocrx_word' id='word_1_174' title='bbox 335 2027 588 2100; x_wconf 83' lang='grc' dir='ltr'>ρηθέντος</span> <span class='ocrx_word' id='word_1_175' title='bbox 629 2029 798 2093; x_wconf 76' lang='grc' dir='ltr'>ἐστὶν,</span> <span class='ocrx_word' id='word_1_176' title='bbox 846 2027 1163 2098; x_wconf 77' lang='grc' dir='ltr'>ἐπουράνιος</span> <span class='ocrx_word' id='word_1_177' title='bbox 1195 2028 1316 2081; x_wconf 77' lang='grc' dir='ltr'>ἀντὶ</span> <span class='ocrx_word' id='word_1_178' title='bbox 1355 2025 1536 2099; x_wconf 79' lang='grc' dir='ltr'>χοϊκοῦ</span> <span class='ocrx_word' id='word_1_179' title='bbox 1578 2027 1785 2098; x_wconf 88' lang='grc' dir='ltr'>κυρίως</span> <span class='ocrx_word' id='word_1_180' title='bbox 1821 2027 1909 2080; x_wconf 88' lang='grc' dir='ltr'>λε-</span> 
     </span>
    </p>
   </div>
   <div class='ocr_carea' id='block_1_24' title="bbox 329 2113 1908 2192">
    <p class='ocr_par' dir='ltr' id='par_1_24' title="bbox 329 2113 1908 2192">
     <span class='ocr_line' id='line_1_24' title="bbox 329 2113 1908 2192; baseline -0.001 -19"><span class='ocrx_word' id='word_1_181' title='bbox 329 2119 578 2191; x_wconf 87' lang='grc' dir='ltr'>γόμενος.</span> <span class='ocrx_word' id='word_1_182' title='bbox 634 2119 720 2182; x_wconf 86' lang='grc' dir='ltr'><strong>Ὦς</strong></span> <span class='ocrx_word' id='word_1_183' title='bbox 752 2120 846 2173; x_wconf 79' lang='grc' dir='ltr'><strong>καὶ</strong></span> <span class='ocrx_word' id='word_1_184' title='bbox 878 2119 945 2172; x_wconf 82' lang='grc' dir='ltr'>δι’</span> <span class='ocrx_word' id='word_1_185' title='bbox 979 2113 1052 2173; x_wconf 84' lang='grc' dir='ltr'>ὧν</span> <span class='ocrx_word' id='word_1_186' title='bbox 1079 2137 1241 2188; x_wconf 82' lang='grc' dir='ltr'>φησιν</span> <span class='ocrx_word' id='word_1_187' title='bbox 1283 2121 1311 2172; x_wconf 93' lang='lat'><strong>6</strong></span> <span class='ocrx_word' id='word_1_188' title='bbox 1342 2117 1709 2190; x_wconf 73' lang='grc' dir='ltr'>λογογράφος,</span> <span class='ocrx_word' id='word_1_189' title='bbox 1749 2118 1908 2192; x_wconf 77' lang='grc' dir='ltr'>εἴπερ</span> 
     </span>
    </p>
   </div>
   <div class='ocr_carea' id='block_1_25' title="bbox 327 2209 1909 2282">
    <p class='ocr_par' dir='ltr' id='par_1_25' title="bbox 327 2209 1909 2282">
     <span class='ocr_line' id='line_1_25' title="bbox 327 2209 1909 2282; baseline 0.002 -20"><span class='ocrx_word' id='word_1_190' title='bbox 327 2210 389 2263; x_wconf 86' lang='grc' dir='ltr'><strong>τὸ</strong></span> <span class='ocrx_word' id='word_1_191' title='bbox 421 2209 710 2264; x_wconf 82' lang='grc' dir='ltr'>ἀκόλουθον</span> <span class='ocrx_word' id='word_1_192' title='bbox 741 2214 854 2274; x_wconf 82' lang='grc' dir='ltr'>τοῖς</span> <span class='ocrx_word' id='word_1_193' title='bbox 886 2211 1031 2274; x_wconf 87' lang='grc' dir='ltr'>ίδίοις</span> <span class='ocrx_word' id='word_1_194' title='bbox 1058 2210 1235 2279; x_wconf 82' lang='grc' dir='ltr'>λόγοις</span> <span class='ocrx_word' id='word_1_195' title='bbox 1266 2210 1522 2264; x_wconf 79' lang='grc' dir='ltr'>ἐπίστατο</span> <span class='ocrx_word' id='word_1_196' title='bbox 1552 2210 1686 2282; x_wconf 86' lang='grc'>(79),</span> <span class='ocrx_word' id='word_1_197' title='bbox 1721 2212 1909 2282; x_wconf 77' lang='grc' dir='ltr'>σαφῶς</span> 
     </span>
    </p>
   </div>
   <div class='ocr_carea' id='block_1_26' title="bbox 328 2302 1907 2375">
    <p class='ocr_par' dir='ltr' id='par_1_26' title="bbox 328 2302 1907 2375">
     <span class='ocr_line' id='line_1_26' title="bbox 328 2302 1907 2375; baseline 0.002 -21"><span class='ocrx_word' id='word_1_198' title='bbox 328 2302 388 2355; x_wconf 88' lang='grc' dir='ltr'><strong>τὸ</strong></span> <span class='ocrx_word' id='word_1_199' title='bbox 413 2302 587 2372; x_wconf 83' lang='grc' dir='ltr'>δόγμα</span> <span class='ocrx_word' id='word_1_200' title='bbox 613 2303 711 2374; x_wconf 80' lang='grc' dir='ltr'>τῆς</span> <span class='ocrx_word' id='word_1_201' title='bbox 731 2303 988 2374; x_wconf 77' lang='grc' dir='ltr'>ἀληθείας</span> <span class='ocrx_word' id='word_1_202' title='bbox 1016 2302 1502 2368; x_wconf 74' lang='grc' dir='ltr'>κατασκευάζεται,</span> <span class='ocrx_word' id='word_1_203' title='bbox 1523 2305 1590 2374; x_wconf 83' lang='grc' dir='ltr'>τῇ</span> <span class='ocrx_word' id='word_1_204' title='bbox 1618 2302 1780 2375; x_wconf 79' lang='grc' dir='ltr'>σοφίᾳ</span> <span class='ocrx_word' id='word_1_205' title='bbox 1800 2303 1907 2357; x_wconf 85' lang='grc' dir='ltr'><strong>τῶν</strong></span> 
     </span>
    </p>
   </div>
   <div class='ocr_carea' id='block_1_27' title="bbox 2011 460 3575 532">
    <p class='ocr_par' dir='ltr' id='par_1_27' title="bbox 2011 460 3575 532">
     <span class='ocr_line' id='line_1_27' title="bbox 2011 460 3575 532; baseline -0.003 -15"><span class='ocrx_word' id='word_1_206' title='bbox 2011 480 2216 527; x_wconf 79' lang='lat' dir='ltr'><strong>sumus,</strong></span> <span class='ocrx_word' id='word_1_207' title='bbox 2270 464 2471 531; x_wconf 84' lang='lat' dir='ltr'><strong>pariter</strong></span> <span class='ocrx_word' id='word_1_208' title='bbox 2527 463 2897 532; x_wconf 75' lang='lat' dir='ltr'><strong>a&#39;qualiterque</strong></span> <span class='ocrx_word' id='word_1_209' title='bbox 2946 462 3294 527; x_wconf 83' lang='lat' dir='ltr'><strong>reperiuntur,</strong></span> <span class='ocrx_word' id='word_1_210' title='bbox 3349 460 3575 513; x_wconf 68' lang='lat' dir='ltr'><strong>(celestis</strong></span> 
     </span>
    </p>
   </div>
   <div class='ocr_carea' id='block_1_28' title="bbox 2007 547 3578 631">
    <p class='ocr_par' dir='ltr' id='par_1_28' title="bbox 2007 547 3578 631">
     <span class='ocr_line' id='line_1_28' title="bbox 2007 547 3578 631; baseline -0.003 -25"><span class='ocrx_word' id='word_1_211' title='bbox 2007 554 2160 609; x_wconf 85' lang='lat' dir='ltr'><strong>homo</strong></span> <span class='ocrx_word' id='word_1_212' title='bbox 2199 565 2406 631; x_wconf 81' lang='lat' dir='ltr'><strong>constat</strong></span> <span class='ocrx_word' id='word_1_213' title='bbox 2445 555 2543 623; x_wconf 84' lang='lat' dir='ltr'><strong>(ita</strong></span> <span class='ocrx_word' id='word_1_214' title='bbox 2597 565 2650 606; x_wconf 87' lang='lat' dir='ltr'><strong>ut</strong></span> <span class='ocrx_word' id='word_1_215' title='bbox 2691 554 2935 623; x_wconf 76' lang='lat' dir='ltr'><strong>spiritum</strong></span> <span class='ocrx_word' id='word_1_216' title='bbox 2980 566 3199 620; x_wconf 82' lang='lat' dir='ltr'><strong>quoque,</strong></span> <span class='ocrx_word' id='word_1_217' title='bbox 3261 547 3474 615; x_wconf 77' lang='lat' dir='ltr'><strong>perinde</strong></span> <span class='ocrx_word' id='word_1_218' title='bbox 3514 565 3578 602; x_wconf 87' lang='lat' dir='ltr'><strong>ac</strong></span> 
     </span>
    </p>
   </div>
   <div class='ocr_carea' id='block_1_29' title="bbox 2011 641 3578 714">
    <p class='ocr_par' dir='ltr' id='par_1_29' title="bbox 2011 641 3578 714">
     <span class='ocr_line' id='line_1_29' title="bbox 2011 641 3578 714; baseline -0.005 -13"><span class='ocrx_word' id='word_1_219' title='bbox 2011 647 2203 701; x_wconf 81' lang='lat' dir='ltr'><strong>terreni</strong></span> <span class='ocrx_word' id='word_1_220' title='bbox 2228 646 2486 711; x_wconf 75' lang='lat' dir='ltr'><strong>homines,</strong></span> <span class='ocrx_word' id='word_1_221' title='bbox 2519 645 2751 714; x_wconf 70' lang='lat' dir='ltr'><strong>habeat),</strong></span> <span class='ocrx_word' id='word_1_222' title='bbox 2776 645 3114 700; x_wconf 76' lang='lat' dir='ltr'><strong>noncwlestis</strong></span> <span class='ocrx_word' id='word_1_223' title='bbox 3153 643 3286 706; x_wconf 82' lang='lat' dir='ltr'><strong>erit,</strong></span> <span class='ocrx_word' id='word_1_224' title='bbox 3320 641 3409 695; x_wconf 76' lang='lat' dir='ltr'><strong>sed</strong></span> <span class='ocrx_word' id='word_1_225' title='bbox 3456 653 3578 694; x_wconf 86' lang='lat' dir='ltr'><strong>tan-</strong></span> 
     </span>
    </p>
   </div>
   <div class='ocr_carea' id='block_1_30' title="bbox 2009 732 3577 804">
    <p class='ocr_par' dir='ltr' id='par_1_30' title="bbox 2009 732 3577 804">
     <span class='ocr_line' id='line_1_30' title="bbox 2009 732 3577 804; baseline -0.004 -12"><span class='ocrx_word' id='word_1_226' title='bbox 2009 749 2121 794; x_wconf 85' lang='lat' dir='ltr'><strong>tum</strong></span> <span class='ocrx_word' id='word_1_227' title='bbox 2172 740 2393 793; x_wconf 66' lang='lat' dir='ltr'><strong>caelestis</strong></span> <span class='ocrx_word' id='word_1_228' title='bbox 2431 739 2530 792; x_wconf 81' lang='lat' dir='ltr'><strong>Dei</strong></span> <span class='ocrx_word' id='word_1_229' title='bbox 2586 736 2986 803; x_wconf 78' lang='lat' dir='ltr'><strong>receptaculum.</strong></span> <span class='ocrx_word' id='word_1_230' title='bbox 3041 735 3209 788; x_wconf 85' lang='lat' dir='ltr'><strong>Multa</strong></span> <span class='ocrx_word' id='word_1_231' title='bbox 3261 735 3479 804; x_wconf 82' lang='lat' dir='ltr'><strong>quidem</strong></span> <span class='ocrx_word' id='word_1_232' title='bbox 3521 732 3577 787; x_wconf 89' lang='lat' dir='ltr'><strong>iu</strong></span> 
     </span>
    </p>
   </div>
   <div class='ocr_carea' id='block_1_31' title="bbox 2010 827 3578 896">
    <p class='ocr_par' dir='ltr' id='par_1_31' title="bbox 2010 827 3578 896">
     <span class='ocr_line' id='line_1_31' title="bbox 2010 827 3578 896; baseline -0.003 -13"><span class='ocrx_word' id='word_1_233' title='bbox 2010 831 2161 886; x_wconf 89' lang='lat' dir='ltr'><strong>hisce</strong></span> <span class='ocrx_word' id='word_1_234' title='bbox 2199 831 2380 886; x_wconf 82' lang='lat' dir='ltr'><strong>verbis</strong></span> <span class='ocrx_word' id='word_1_235' title='bbox 2408 830 2740 894; x_wconf 76' lang='lat' dir='ltr'><strong>obscuritas,</strong></span> <span class='ocrx_word' id='word_1_236' title='bbox 2774 842 2874 882; x_wconf 86' lang='lat' dir='ltr'><strong>nec</strong></span> <span class='ocrx_word' id='word_1_237' title='bbox 2909 828 3038 896; x_wconf 92' lang='lat' dir='ltr'><strong>quid</strong></span> <span class='ocrx_word' id='word_1_238' title='bbox 3083 827 3184 882; x_wconf 88' lang='lat' dir='ltr'><strong>sibi</strong></span> <span class='ocrx_word' id='word_1_239' title='bbox 3225 829 3356 881; x_wconf 90' lang='lat' dir='ltr'><strong>velit</strong></span> <span class='ocrx_word' id='word_1_240' title='bbox 3386 835 3578 880; x_wconf 86' lang='lat' dir='ltr'><strong>auctor</strong></span> 
     </span>
    </p>
   </div>
   <div class='ocr_carea' id='block_1_32' title="bbox 2009 919 3575 994">
    <p class='ocr_par' dir='ltr' id='par_1_32' title="bbox 2009 919 3575 994">
     <span class='ocr_line' id='line_1_32' title="bbox 2009 919 3575 994; baseline -0.001 -19"><span class='ocrx_word' id='word_1_241' title='bbox 2009 938 2120 994; x_wconf 73' lang='lat' dir='ltr'><strong>pra:</strong></span> <span class='ocrx_word' id='word_1_242' title='bbox 2151 923 2385 978; x_wconf 85' lang='lat' dir='ltr'><strong>absurda</strong></span> <span class='ocrx_word' id='word_1_243' title='bbox 2431 921 2675 992; x_wconf 86' lang='lat' dir='ltr'><strong>ejusdem</strong></span> <span class='ocrx_word' id='word_1_244' title='bbox 2711 921 3018 976; x_wconf 81' lang='lat' dir='ltr'><strong>elocutione</strong></span> <span class='ocrx_word' id='word_1_245' title='bbox 3051 919 3418 988; x_wconf 84' lang='lat' dir='ltr'><strong>discernitur;</strong></span> <span class='ocrx_word' id='word_1_246' title='bbox 3478 919 3575 974; x_wconf 89' lang='lat' dir='ltr'><strong>sed</strong></span> 
     </span>
    </p>
   </div>
   <div class='ocr_carea' id='block_1_33' title="bbox 2010 1013 3578 1084">
    <p class='ocr_par' dir='ltr' id='par_1_33' title="bbox 2010 1013 3578 1084">
     <span class='ocr_line' id='line_1_33' title="bbox 2010 1013 3578 1084; baseline -0.003 -14"><span class='ocrx_word' id='word_1_247' title='bbox 2010 1015 2368 1070; x_wconf 86' lang='lat' dir='ltr'><strong>nihilominus</strong></span> <span class='ocrx_word' id='word_1_248' title='bbox 2403 1014 2561 1070; x_wconf 83' lang='lat' dir='ltr'><strong>facile</strong></span> <span class='ocrx_word' id='word_1_249' title='bbox 2600 1014 2704 1068; x_wconf 86' lang='lat' dir='ltr'><strong>erit</strong></span> <span class='ocrx_word' id='word_1_250' title='bbox 2733 1014 2851 1083; x_wconf 90' lang='lat' dir='ltr'><strong>ejus</strong></span> <span class='ocrx_word' id='word_1_251' title='bbox 2891 1015 3214 1069; x_wconf 89' lang='lat' dir='ltr'><strong>sententiam</strong></span> <span class='ocrx_word' id='word_1_252' title='bbox 3264 1015 3440 1084; x_wconf 83' lang='lat' dir='ltr'><strong>palam</strong></span> <span class='ocrx_word' id='word_1_253' title='bbox 3496 1013 3578 1068; x_wconf 87' lang='lat' dir='ltr'><strong>fa-</strong></span> 
     </span>
    </p>
   </div>
   <div class='ocr_carea' id='block_1_34' title="bbox 2011 1105 3576 1175">
    <p class='ocr_par' dir='ltr' id='par_1_34' title="bbox 2011 1105 3576 1175">
     <span class='ocr_line' id='line_1_34' title="bbox 2011 1105 3576 1175; baseline -0.002 -13"><span class='ocrx_word' id='word_1_254' title='bbox 2011 1123 2154 1163; x_wconf 87' lang='lat' dir='ltr'><strong>cere.</strong></span> <span class='ocrx_word' id='word_1_255' title='bbox 2184 1108 2274 1160; x_wconf 83' lang='lat' dir='ltr'><strong>Ait</strong></span> <span class='ocrx_word' id='word_1_256' title='bbox 2302 1106 2469 1170; x_wconf 88' lang='lat' dir='ltr'><strong>enim,</strong></span> <span class='ocrx_word' id='word_1_257' title='bbox 2511 1106 2785 1161; x_wconf 83' lang='lat' dir='ltr'><strong>hominem</strong></span> <span class='ocrx_word' id='word_1_258' title='bbox 2847 1107 3021 1170; x_wconf 90' lang='lat' dir='ltr'><strong>illum,</strong></span> <span class='ocrx_word' id='word_1_259' title='bbox 3075 1109 3118 1161; x_wconf 87' lang='lat' dir='ltr'><strong>si</strong></span> <span class='ocrx_word' id='word_1_260' title='bbox 3148 1116 3324 1160; x_wconf 88' lang='lat' dir='ltr'><strong><em>mente</em></strong></span> <span class='ocrx_word' id='word_1_261' title='bbox 3356 1105 3576 1175; x_wconf 85' lang='lat' dir='ltr'><strong>quidem</strong></span> 
     </span>
    </p>
   </div>
   <div class='ocr_carea' id='block_1_35' title="bbox 2011 1198 3576 1270">
    <p class='ocr_par' dir='ltr' id='par_1_35' title="bbox 2011 1198 3576 1270">
     <span class='ocr_line' id='line_1_35' title="bbox 2011 1198 3576 1270; baseline 0 -16"><span class='ocrx_word' id='word_1_262' title='bbox 2011 1208 2214 1267; x_wconf 82' lang='lat' dir='ltr'><strong>careat,</strong></span> <span class='ocrx_word' id='word_1_263' title='bbox 2246 1201 2521 1256; x_wconf 67' lang='lat' dir='ltr'><strong>cmlestem</strong></span> <span class='ocrx_word' id='word_1_264' title='bbox 2554 1216 2709 1266; x_wconf 83' lang='lat' dir='ltr'><strong>esse;</strong></span> <span class='ocrx_word' id='word_1_265' title='bbox 2740 1199 2784 1255; x_wconf 92' lang='lat' dir='ltr'><strong>si</strong></span> <span class='ocrx_word' id='word_1_266' title='bbox 2822 1215 2951 1255; x_wconf 80' lang='lat' dir='ltr'><strong>vero</strong></span> <span class='ocrx_word' id='word_1_267' title='bbox 2975 1199 3127 1254; x_wconf 87' lang='lat' dir='ltr'><strong>nulla</strong></span> <span class='ocrx_word' id='word_1_268' title='bbox 3161 1199 3244 1253; x_wconf 90' lang='lat' dir='ltr'><strong>sui</strong></span> <span class='ocrx_word' id='word_1_269' title='bbox 3282 1209 3433 1270; x_wconf 85' lang='lat' dir='ltr'><strong>parte</strong></span> <span class='ocrx_word' id='word_1_270' title='bbox 3477 1198 3576 1254; x_wconf 89' lang='lat' dir='ltr'><strong>de-</strong></span> 
     </span>
    </p>
   </div>
   <div class='ocr_carea' id='block_1_36' title="bbox 2010 1287 3576 1362">
    <p class='ocr_par' dir='ltr' id='par_1_36' title="bbox 2010 1287 3576 1362">
     <span class='ocr_line' id='line_1_36' title="bbox 2010 1287 3576 1362; baseline -0.001 -16"><span class='ocrx_word' id='word_1_271' title='bbox 2010 1293 2180 1356; x_wconf 84' lang='lat' dir='ltr'><strong>ﬁciat,</strong></span> <span class='ocrx_word' id='word_1_272' title='bbox 2235 1309 2344 1347; x_wconf 90' lang='lat' dir='ltr'><strong>non</strong></span> <span class='ocrx_word' id='word_1_273' title='bbox 2402 1292 2634 1362; x_wconf 88' lang='lat' dir='ltr'><strong>amplius</strong></span> <span class='ocrx_word' id='word_1_274' title='bbox 2672 1293 2970 1357; x_wconf 70' lang='lat' dir='ltr'><strong>caelestem,</strong></span> <span class='ocrx_word' id='word_1_275' title='bbox 3023 1292 3117 1346; x_wconf 90' lang='lat' dir='ltr'><strong>sed</strong></span> <span class='ocrx_word' id='word_1_276' title='bbox 3185 1291 3425 1346; x_wconf 73' lang='lat' dir='ltr'><strong>cmlestis</strong></span> <span class='ocrx_word' id='word_1_277' title='bbox 3482 1287 3576 1344; x_wconf 89' lang='lat' dir='ltr'><strong>Dei</strong></span> 
     </span>
    </p>
   </div>
   <div class='ocr_carea' id='block_1_37' title="bbox 2011 1378 3577 1452">
    <p class='ocr_par' dir='ltr' id='par_1_37' title="bbox 2011 1378 3577 1452">
     <span class='ocr_line' id='line_1_37' title="bbox 2011 1378 3577 1452; baseline -0.002 -16"><span class='ocrx_word' id='word_1_278' title='bbox 2011 1383 2415 1452; x_wconf 87' lang='lat' dir='ltr'><strong>receptaculum</strong></span> <span class='ocrx_word' id='word_1_279' title='bbox 2456 1397 2598 1438; x_wconf 90' lang='lat' dir='ltr'><strong>esse.</strong></span> <span class='ocrx_word' id='word_1_280' title='bbox 2661 1383 2714 1436; x_wconf 93' lang='lat' dir='ltr'><strong>ln</strong></span> <span class='ocrx_word' id='word_1_281' title='bbox 2774 1383 2941 1437; x_wconf 90' lang='lat' dir='ltr'><strong>hocce</strong></span> <span class='ocrx_word' id='word_1_282' title='bbox 2999 1382 3332 1452; x_wconf 83' lang='lat' dir='ltr'><strong>Apollinaris</strong></span> <span class='ocrx_word' id='word_1_283' title='bbox 3393 1378 3577 1445; x_wconf 79' lang='lat' dir='ltr'><strong>eﬂ&#39;ato,</strong></span> 
     </span>
    </p>
   </div>
   <div class='ocr_carea' id='block_1_38' title="bbox 2011 1473 3576 1544">
    <p class='ocr_par' dir='ltr' id='par_1_38' title="bbox 2011 1473 3576 1544">
     <span class='ocr_line' id='line_1_38' title="bbox 2011 1473 3576 1544; baseline 0 -17"><span class='ocrx_word' id='word_1_284' title='bbox 2011 1485 2319 1529; x_wconf 90' lang='lat' dir='ltr'><strong>utrumnam</strong></span> <span class='ocrx_word' id='word_1_285' title='bbox 2351 1475 2474 1544; x_wconf 88' lang='lat' dir='ltr'><strong>quis</strong></span> <span class='ocrx_word' id='word_1_286' title='bbox 2505 1474 2674 1544; x_wconf 81' lang='lat' dir='ltr'><strong>magis</strong></span> <span class='ocrx_word' id='word_1_287' title='bbox 2700 1474 3073 1529; x_wconf 79' lang='lat' dir='ltr'><strong>abominetur?</strong></span> <span class='ocrx_word' id='word_1_288' title='bbox 3108 1473 3576 1528; x_wconf 84' lang='lat' dir='ltr'><strong>Perfectionemne</strong></span> 
     </span>
    </p>
   </div>
   <div class='ocr_carea' id='block_1_39' title="bbox 2010 1565 3576 1636">
    <p class='ocr_par' dir='ltr' id='par_1_39' title="bbox 2010 1565 3576 1636">
     <span class='ocr_line' id='line_1_39' title="bbox 2010 1565 3576 1636; baseline 0 -16"><span class='ocrx_word' id='word_1_289' title='bbox 2010 1566 2280 1621; x_wconf 85' lang='lat' dir='ltr'><strong>divinitati</strong></span> <span class='ocrx_word' id='word_1_290' title='bbox 2368 1567 2892 1636; x_wconf 88' lang='lat' dir='ltr'><strong>impedimentoesse</strong></span> <span class='ocrx_word' id='word_1_291' title='bbox 2953 1582 3175 1620; x_wconf 90' lang='lat' dir='ltr'><strong>censere</strong></span> <span class='ocrx_word' id='word_1_292' title='bbox 3213 1605 3229 1628; x_wconf 95' lang='lat'><strong>,</strong></span> <span class='ocrx_word' id='word_1_293' title='bbox 3283 1565 3576 1634; x_wconf 88' lang='lat' dir='ltr'><strong>quominus</strong></span> 
     </span>
    </p>
   </div>
   <div class='ocr_carea' id='block_1_40' title="bbox 2011 1654 3579 1728">
    <p class='ocr_par' dir='ltr' id='par_1_40' title="bbox 2011 1654 3579 1728">
     <span class='ocr_line' id='line_1_40' title="bbox 2011 1654 3579 1728; baseline 0.001 -21"><span class='ocrx_word' id='word_1_294' title='bbox 2011 1659 2165 1712; x_wconf 67' lang='grc' dir='ltr'><strong>(τίη-ιιὶ</strong></span> <span class='ocrx_word' id='word_1_295' title='bbox 2192 1659 2579 1728; x_wconf 82' lang='lat' dir='ltr'><strong>conjungatur,</strong></span> <span class='ocrx_word' id='word_1_296' title='bbox 2614 1657 2768 1728; x_wconf 87' lang='lat' dir='ltr'><strong>quasi</strong></span> <span class='ocrx_word' id='word_1_297' title='bbox 2807 1673 2936 1711; x_wconf 89' lang='lat' dir='ltr'><strong>caro</strong></span> <span class='ocrx_word' id='word_1_298' title='bbox 2985 1667 3162 1712; x_wconf 89' lang='lat' dir='ltr'><strong>mente</strong></span> <span class='ocrx_word' id='word_1_299' title='bbox 3177 1654 3456 1719; x_wconf 87' lang='lat' dir='ltr'><strong>destituta,</strong></span> <span class='ocrx_word' id='word_1_300' title='bbox 3481 1671 3579 1727; x_wconf 84' lang='lat' dir='ltr'><strong>ap-</strong></span> 
     </span>
    </p>
   </div>
   <div class='ocr_carea' id='block_1_41' title="bbox 2015 1747 3577 1819">
    <p class='ocr_par' dir='ltr' id='par_1_41' title="bbox 2015 1747 3577 1819">
     <span class='ocr_line' id='line_1_41' title="bbox 2015 1747 3577 1819; baseline -0.001 -15"><span class='ocrx_word' id='word_1_301' title='bbox 2015 1751 2123 1804; x_wconf 86' lang='lat' dir='ltr'><strong>tior</strong></span> <span class='ocrx_word' id='word_1_302' title='bbox 2166 1749 2682 1819; x_wconf 88' lang='lat' dir='ltr'><strong>convenientiorque</strong></span> <span class='ocrx_word' id='word_1_303' title='bbox 2717 1749 2783 1802; x_wconf 87' lang='lat' dir='ltr'><strong>ad</strong></span> <span class='ocrx_word' id='word_1_304' title='bbox 2819 1747 3181 1819; x_wconf 81' lang='lat' dir='ltr'><strong>recipiendam</strong></span> <span class='ocrx_word' id='word_1_305' title='bbox 3233 1747 3577 1802; x_wconf 85' lang='lat' dir='ltr'><strong>divinitatem</strong></span> 
     </span>
    </p>
   </div>
   <div class='ocr_carea' id='block_1_42' title="bbox 2014 1840 3575 1912">
    <p class='ocr_par' dir='ltr' id='par_1_42' title="bbox 2014 1840 3575 1912">
     <span class='ocr_line' id='line_1_42' title="bbox 2014 1840 3575 1912; baseline -0.001 -16"><span class='ocrx_word' id='word_1_306' title='bbox 2014 1841 2322 1906; x_wconf 83' lang='lat' dir='ltr'><strong>exstiterit;</strong></span> <span class='ocrx_word' id='word_1_307' title='bbox 2353 1858 2418 1896; x_wconf 91' lang='lat' dir='ltr'><strong>an</strong></span> <span class='ocrx_word' id='word_1_308' title='bbox 2452 1841 2620 1896; x_wconf 89' lang='lat' dir='ltr'><strong>Deum</strong></span> <span class='ocrx_word' id='word_1_309' title='bbox 2648 1841 2865 1912; x_wconf 90' lang='lat' dir='ltr'><strong>quidem</strong></span> <span class='ocrx_word' id='word_1_310' title='bbox 2894 1841 3170 1896; x_wconf 73' lang='lat' dir='ltr'><strong>cmlestem</strong></span> <span class='ocrx_word' id='word_1_311' title='bbox 3188 1857 3309 1896; x_wconf 90' lang='lat' dir='ltr'><strong>esse</strong></span> <span class='ocrx_word' id='word_1_312' title='bbox 3329 1840 3575 1906; x_wconf 80' lang='lat' dir='ltr'><strong>credere,</strong></span> 
     </span>
    </p>
   </div>
   <div class='ocr_carea' id='block_1_43' title="bbox 2014 1933 3579 2003">
    <p class='ocr_par' dir='ltr' id='par_1_43' title="bbox 2014 1933 3579 2003">
     <span class='ocr_line' id='line_1_43' title="bbox 2014 1933 3579 2003; baseline -0.002 -15"><span class='ocrx_word' id='word_1_313' title='bbox 2014 1950 2136 1988; x_wconf 88' lang='lat' dir='ltr'><strong>eum</strong></span> <span class='ocrx_word' id='word_1_314' title='bbox 2167 1949 2315 1999; x_wconf 91' lang='lat' dir='ltr'><strong>vero,</strong></span> <span class='ocrx_word' id='word_1_315' title='bbox 2347 1933 2438 2003; x_wconf 91' lang='lat' dir='ltr'><strong>qui</strong></span> <span class='ocrx_word' id='word_1_316' title='bbox 2473 1935 2748 1989; x_wconf 68' lang='lat' dir='ltr'><strong>caelestem</strong></span> <span class='ocrx_word' id='word_1_317' title='bbox 2802 1933 2970 1988; x_wconf 89' lang='lat' dir='ltr'><strong>Deum</strong></span> <span class='ocrx_word' id='word_1_318' title='bbox 3006 1933 3062 1988; x_wconf 91' lang='lat' dir='ltr'><strong>in</strong></span> <span class='ocrx_word' id='word_1_319' title='bbox 3098 1934 3393 2002; x_wconf 86' lang='lat' dir='ltr'><strong>semetipso</strong></span> <span class='ocrx_word' id='word_1_320' title='bbox 3439 1933 3579 1988; x_wconf 88' lang='lat' dir='ltr'><strong>reci-</strong></span> 
     </span>
    </p>
   </div>
   <div class='ocr_carea' id='block_1_44' title="bbox 2014 2022 3580 2096">
    <p class='ocr_par' dir='ltr' id='par_1_44' title="bbox 2014 2022 3580 2096">
     <span class='ocr_line' id='line_1_44' title="bbox 2014 2022 3580 2096; baseline -0.001 -16"><span class='ocrx_word' id='word_1_321' title='bbox 2014 2027 2148 2096; x_wconf 89' lang='lat' dir='ltr'><strong>piat,</strong></span> <span class='ocrx_word' id='word_1_322' title='bbox 2179 2041 2288 2079; x_wconf 90' lang='lat' dir='ltr'><strong>nou</strong></span> <span class='ocrx_word' id='word_1_323' title='bbox 2331 2026 2405 2081; x_wconf 88' lang='lat' dir='ltr'><strong>ibi</strong></span> <span class='ocrx_word' id='word_1_324' title='bbox 2433 2042 2555 2081; x_wconf 85' lang='lat' dir='ltr'><strong>esse</strong></span> <span class='ocrx_word' id='word_1_325' title='bbox 2581 2026 2674 2080; x_wconf 88' lang='lat' dir='ltr'><strong>ubi</strong></span> <span class='ocrx_word' id='word_1_326' title='bbox 2703 2023 2845 2081; x_wconf 84' lang='lat' dir='ltr'><strong>Deus</strong></span> <span class='ocrx_word' id='word_1_327' title='bbox 2875 2040 3096 2081; x_wconf 83' lang='lat' dir='ltr'><strong>manere</strong></span> <span class='ocrx_word' id='word_1_328' title='bbox 3150 2023 3430 2090; x_wconf 90' lang='lat' dir='ltr'><strong>creditur;</strong></span> <span class='ocrx_word' id='word_1_329' title='bbox 3481 2022 3580 2078; x_wconf 89' lang='lat' dir='ltr'><strong>sed</strong></span> 
     </span>
    </p>
   </div>
   <div class='ocr_carea' id='block_1_45' title="bbox 2015 2116 3580 2190">
    <p class='ocr_par' dir='ltr' id='par_1_45' title="bbox 2015 2116 3580 2190">
     <span class='ocr_line' id='line_1_45' title="bbox 2015 2116 3580 2190; baseline -0.001 -19"><span class='ocrx_word' id='word_1_330' title='bbox 2015 2120 2124 2173; x_wconf 90' lang='lat' dir='ltr'><strong>alio</strong></span> <span class='ocrx_word' id='word_1_331' title='bbox 2159 2120 2342 2189; x_wconf 88' lang='lat' dir='ltr'><strong>potius</strong></span> <span class='ocrx_word' id='word_1_332' title='bbox 2370 2121 2425 2174; x_wconf 92' lang='lat' dir='ltr'><strong>in</strong></span> <span class='ocrx_word' id='word_1_333' title='bbox 2456 2120 2578 2174; x_wconf 91' lang='lat' dir='ltr'><strong>loco</strong></span> <span class='ocrx_word' id='word_1_334' title='bbox 2609 2134 2770 2190; x_wconf 89' lang='lat' dir='ltr'><strong>quam</strong></span> <span class='ocrx_word' id='word_1_335' title='bbox 2801 2118 2856 2172; x_wconf 91' lang='lat' dir='ltr'><strong>in</strong></span> <span class='ocrx_word' id='word_1_336' title='bbox 2890 2118 3030 2174; x_wconf 73' lang='lat' dir='ltr'><strong>coelo</strong></span> <span class='ocrx_word' id='word_1_337' title='bbox 3056 2118 3343 2182; x_wconf 81' lang='lat' dir='ltr'><strong>exsistere,</strong></span> <span class='ocrx_word' id='word_1_338' title='bbox 3382 2124 3438 2172; x_wconf 88' lang='lat' dir='ltr'><strong><em>et</em></strong></span> <span class='ocrx_word' id='word_1_339' title='bbox 3468 2116 3580 2169; x_wconf 87' lang='lat' dir='ltr'><strong>alio</strong></span> 
     </span>
    </p>
   </div>
   <div class='ocr_carea' id='block_1_46' title="bbox 2012 2207 3582 2279">
    <p class='ocr_par' dir='ltr' id='par_1_46' title="bbox 2012 2207 3582 2279">
     <span class='ocr_line' id='line_1_46' title="bbox 2012 2207 3582 2279; baseline -0.001 -17"><span class='ocrx_word' id='word_1_340' title='bbox 2012 2207 2195 2278; x_wconf 91' lang='lat' dir='ltr'><strong>potius</strong></span> <span class='ocrx_word' id='word_1_341' title='bbox 2227 2209 2468 2272; x_wconf 89' lang='lat' dir='ltr'><strong>nomine,</strong></span> <span class='ocrx_word' id='word_1_342' title='bbox 2501 2224 2665 2279; x_wconf 87' lang='lat' dir='ltr'><strong>quam</strong></span> <span class='ocrx_word' id='word_1_343' title='bbox 2696 2208 2937 2264; x_wconf 78' lang='lat' dir='ltr'><strong>ctelestis</strong></span> <span class='ocrx_word' id='word_1_344' title='bbox 2970 2207 3207 2263; x_wconf 86' lang='lat' dir='ltr'><strong>hominis</strong></span> <span class='ocrx_word' id='word_1_345' title='bbox 3244 2207 3582 2277; x_wconf 82' lang='lat' dir='ltr'><strong>nuncupari?</strong></span> 
     </span>
    </p>
   </div>
   <div class='ocr_carea' id='block_1_47' title="bbox 2011 2298 3584 2371">
    <p class='ocr_par' dir='ltr' id='par_1_47' title="bbox 2011 2298 3584 2371">
     <span class='ocr_line' id='line_1_47' title="bbox 2011 2298 3584 2371; baseline -0.003 -16"><span class='ocrx_word' id='word_1_346' title='bbox 2011 2298 2147 2355; x_wconf 85' lang='lat' dir='ltr'><strong>Nam</strong></span> <span class='ocrx_word' id='word_1_347' title='bbox 2199 2301 2267 2364; x_wconf 90' lang='lat' dir='ltr'><strong>si,</strong></span> <span class='ocrx_word' id='word_1_348' title='bbox 2292 2302 2447 2371; x_wconf 84' lang='lat' dir='ltr'><strong>juxta</strong></span> <span class='ocrx_word' id='word_1_349' title='bbox 2489 2302 2880 2371; x_wconf 78' lang='lat' dir='ltr'><strong>Apollinarem,</strong></span> <span class='ocrx_word' id='word_1_350' title='bbox 2926 2299 3169 2355; x_wconf 78' lang='lat' dir='ltr'><strong>etelestis</strong></span> <span class='ocrx_word' id='word_1_351' title='bbox 3200 2299 3294 2354; x_wconf 88' lang='lat' dir='ltr'><strong>Dei</strong></span> <span class='ocrx_word' id='word_1_352' title='bbox 3338 2309 3584 2366; x_wconf 84' lang='lat' dir='ltr'><strong>recepta-</strong></span> 
     </span>
    </p>
   </div>
   <div class='ocr_carea' id='block_1_48' title="bbox 330 2391 1911 2464">
    <p class='ocr_par' dir='ltr' id='par_1_48' title="bbox 330 2391 981 2464">
     <span class='ocr_line' id='line_1_48' title="bbox 330 2391 981 2464; baseline 0.006 -21"><span class='ocrx_word' id='word_1_353' title='bbox 330 2391 537 2463; x_wconf 80' lang='grc' dir='ltr'>ἐχθρῶν</span> <span class='ocrx_word' id='word_1_354' title='bbox 565 2393 981 2464; x_wconf 81' lang='grc' dir='ltr'>κρατυνόμενον.</span> 
     </span>
    </p>
   </div>
   <div class='ocr_carea' id='block_1_49' title="bbox 2013 2391 3592 2464">
    <p class='ocr_par' dir='ltr' id='par_1_49' title="bbox 2014 2392 3592 2460">
     <span class='ocr_line' id='line_1_49' title="bbox 2014 2392 3592 2460; baseline -0.003 -12"><span class='ocrx_word' id='word_1_355' title='bbox 2014 2394 2198 2448; x_wconf 90' lang='lat' dir='ltr'><strong>culum</strong></span> <span class='ocrx_word' id='word_1_356' title='bbox 2218 2394 2379 2449; x_wconf 90' lang='lat' dir='ltr'><strong>homo</strong></span> <span class='ocrx_word' id='word_1_357' title='bbox 2404 2402 2507 2457; x_wconf 89' lang='lat' dir='ltr'><strong>est,</strong></span> <span class='ocrx_word' id='word_1_358' title='bbox 2539 2392 2682 2448; x_wconf 90' lang='lat' dir='ltr'><strong>Deus</strong></span> <span class='ocrx_word' id='word_1_359' title='bbox 2699 2403 2878 2448; x_wconf 88' lang='lat' dir='ltr'><strong>autem</strong></span> <span class='ocrx_word' id='word_1_360' title='bbox 2903 2393 2956 2447; x_wconf 93' lang='lat' dir='ltr'><strong>in</strong></span> <span class='ocrx_word' id='word_1_361' title='bbox 2978 2393 3118 2446; x_wconf 63' lang='lat' dir='ltr'><strong>caelo</strong></span> <span class='ocrx_word' id='word_1_362' title='bbox 3134 2406 3376 2455; x_wconf 89' lang='lat' dir='ltr'><strong>sursum,</strong></span> <span class='ocrx_word' id='word_1_363' title='bbox 3400 2405 3592 2460; x_wconf 80' lang='lat' dir='ltr'><strong>quem-</strong></span> 
     </span>
    </p>
   </div>
   <div class='ocr_carea' id='block_1_50' title="bbox 329 2481 3584 2556">
    <p class='ocr_par' dir='ltr' id='par_1_50' title="bbox 329 2481 3584 2556">
     <span class='ocr_line' id='line_1_50' title="bbox 329 2481 3584 2556; baseline -0.001 -16"><span class='ocrx_word' id='word_1_364' title='bbox 329 2484 621 2540; x_wconf 82' lang='lat' dir='ltr'><strong>admodum</strong></span> <span class='ocrx_word' id='word_1_365' title='bbox 644 2484 1004 2540; x_wconf 83' lang='lat' dir='ltr'><strong>Ecclesiastes</strong></span> <span class='ocrx_word' id='word_1_366' title='bbox 1028 2483 1104 2537; x_wconf 89' lang='lat' dir='ltr'><strong>ait</strong></span> <span class='ocrx_word' id='word_1_367' title='bbox 1133 2483 1207 2538; x_wconf 72' lang='lat' dir='ltr'><strong>&quot;z</strong></span> <span class='ocrx_word' id='word_1_368' title='bbox 1242 2498 1370 2552; x_wconf 75' lang='lat' dir='ltr'><strong>ergo</strong></span> <span class='ocrx_word' id='word_1_369' title='bbox 1407 2483 1500 2552; x_wconf 91' lang='lat' dir='ltr'><strong>qui</strong></span> <span class='ocrx_word' id='word_1_370' title='bbox 1526 2482 1582 2537; x_wconf 92' lang='lat' dir='ltr'><strong>iu</strong></span> <span class='ocrx_word' id='word_1_371' title='bbox 1608 2481 1905 2553; x_wconf 88' lang='lat' dir='ltr'><strong>semetipso</strong></span> <span class='ocrx_word' id='word_1_372' title='bbox 1932 2485 2099 2539; x_wconf 89' lang='lat' dir='ltr'><strong>Deum</strong></span> <span class='ocrx_word' id='word_1_373' title='bbox 2137 2487 2358 2556; x_wconf 86' lang='lat' dir='ltr'><strong>recipit,</strong></span> <span class='ocrx_word' id='word_1_374' title='bbox 2389 2502 2502 2542; x_wconf 92' lang='lat' dir='ltr'><strong>uno</strong></span> <span class='ocrx_word' id='word_1_375' title='bbox 2539 2485 2838 2556; x_wconf 88' lang='lat' dir='ltr'><strong>eodemque</strong></span> <span class='ocrx_word' id='word_1_376' title='bbox 2893 2485 2948 2538; x_wconf 89' lang='lat' dir='ltr'><strong>in</strong></span> <span class='ocrx_word' id='word_1_377' title='bbox 2982 2485 3101 2538; x_wconf 91' lang='lat' dir='ltr'><strong>loco</strong></span> <span class='ocrx_word' id='word_1_378' title='bbox 3130 2492 3215 2540; x_wconf 86' lang='lat' dir='ltr'><strong>est</strong></span> <span class='ocrx_word' id='word_1_379' title='bbox 3245 2484 3298 2539; x_wconf 92' lang='lat' dir='ltr'><strong>in</strong></span> <span class='ocrx_word' id='word_1_380' title='bbox 3327 2499 3438 2553; x_wconf 90' lang='lat' dir='ltr'><strong>quo</strong></span> <span class='ocrx_word' id='word_1_381' title='bbox 3492 2483 3584 2538; x_wconf 89' lang='lat' dir='ltr'><strong>ille</strong></span> 
     </span>
    </p>
   </div>
   <div class='ocr_carea' id='block_1_51' title="bbox 331 2578 3583 2650">
    <p class='ocr_par' dir='ltr' id='par_1_51' title="bbox 331 2578 3583 2650">
     <span class='ocr_line' id='line_1_51' title="bbox 331 2578 3583 2650; baseline -0 -16"><span class='ocrx_word' id='word_1_382' title='bbox 331 2590 514 2635; x_wconf 87' lang='lat' dir='ltr'><strong>manet</strong></span> <span class='ocrx_word' id='word_1_383' title='bbox 540 2595 700 2650; x_wconf 88' lang='lat' dir='ltr'><strong>quem</strong></span> <span class='ocrx_word' id='word_1_384' title='bbox 727 2579 920 2650; x_wconf 87' lang='lat' dir='ltr'><strong>recipit</strong></span> <span class='ocrx_word' id='word_1_385' title='bbox 951 2587 1007 2634; x_wconf 90' lang='lat' dir='ltr'><strong>et</strong></span> <span class='ocrx_word' id='word_1_386' title='bbox 1047 2587 1145 2649; x_wconf 85' lang='lat' dir='ltr'><strong>pro</strong></span> <span class='ocrx_word' id='word_1_387' title='bbox 1183 2579 1425 2633; x_wconf 88' lang='lat' dir='ltr'><strong>terrestri</strong></span> <span class='ocrx_word' id='word_1_388' title='bbox 1454 2578 1694 2633; x_wconf 81' lang='lat' dir='ltr'><strong>etelestis</strong></span> <span class='ocrx_word' id='word_1_389' title='bbox 1717 2579 1934 2647; x_wconf 82' lang='lat' dir='ltr'><strong>proprie</strong></span> <span class='ocrx_word' id='word_1_390' title='bbox 1968 2592 2210 2639; x_wconf 85' lang='lat' dir='ltr'><strong>vocatur.</strong></span> <span class='ocrx_word' id='word_1_391' title='bbox 2255 2581 2618 2649; x_wconf 86' lang='lat' dir='ltr'><strong>Quamobrem</strong></span> <span class='ocrx_word' id='word_1_392' title='bbox 2659 2582 2704 2635; x_wconf 90' lang='lat' dir='ltr'><strong>si</strong></span> <span class='ocrx_word' id='word_1_393' title='bbox 2733 2581 3072 2634; x_wconf 62' lang='lat' dir='ltr'><strong>cohaerenter</strong></span> <span class='ocrx_word' id='word_1_394' title='bbox 3094 2580 3240 2649; x_wconf 90' lang='lat' dir='ltr'><strong>loqui</strong></span> <span class='ocrx_word' id='word_1_395' title='bbox 3268 2580 3396 2634; x_wconf 88' lang='lat' dir='ltr'><strong>velit</strong></span> <span class='ocrx_word' id='word_1_396' title='bbox 3418 2579 3583 2648; x_wconf 79' lang='lat' dir='ltr'><strong>Apol-</strong></span> 
     </span>
    </p>
   </div>
   <div class='ocr_carea' id='block_1_52' title="bbox 331 2672 3583 2748">
    <p class='ocr_par' dir='ltr' id='par_1_52' title="bbox 331 2672 3583 2748">
     <span class='ocr_line' id='line_1_52' title="bbox 331 2672 3583 2748; baseline 0.001 -21"><span class='ocrx_word' id='word_1_397' title='bbox 331 2676 545 2740; x_wconf 83' lang='lat' dir='ltr'><strong>linaris,</strong></span> <span class='ocrx_word' id='word_1_398' title='bbox 575 2675 808 2730; x_wconf 89' lang='lat' dir='ltr'><strong>suismet</strong></span> <span class='ocrx_word' id='word_1_399' title='bbox 837 2674 999 2728; x_wconf 90' lang='lat' dir='ltr'><strong>dictis</strong></span> <span class='ocrx_word' id='word_1_400' title='bbox 1021 2675 1197 2742; x_wconf 85' lang='lat' dir='ltr'><strong>palam</strong></span> <span class='ocrx_word' id='word_1_401' title='bbox 1232 2676 1430 2728; x_wconf 89' lang='lat' dir='ltr'><strong>astruit</strong></span> <span class='ocrx_word' id='word_1_402' title='bbox 1467 2687 1654 2727; x_wconf 87' lang='lat' dir='ltr'><strong>verum</strong></span> <span class='ocrx_word' id='word_1_403' title='bbox 1686 2672 1906 2741; x_wconf 79' lang='lat' dir='ltr'><strong>dogma,</strong></span> <span class='ocrx_word' id='word_1_404' title='bbox 1944 2677 2089 2745; x_wconf 90' lang='lat' dir='ltr'><strong>quod</strong></span> <span class='ocrx_word' id='word_1_405' title='bbox 2127 2679 2213 2732; x_wconf 89' lang='lat' dir='ltr'><strong>vel</strong></span> <span class='ocrx_word' id='word_1_406' title='bbox 2264 2679 2379 2748; x_wconf 89' lang='lat' dir='ltr'><strong>ipsa</strong></span> <span class='ocrx_word' id='word_1_407' title='bbox 2424 2675 2868 2732; x_wconf 86' lang='lat' dir='ltr'><strong>adversariorum</strong></span> <span class='ocrx_word' id='word_1_408' title='bbox 2903 2677 3171 2746; x_wconf 89' lang='lat' dir='ltr'><strong>sapientia</strong></span> <span class='ocrx_word' id='word_1_409' title='bbox 3206 2677 3583 2746; x_wconf 55' lang='lat' dir='ltr'><strong>conﬁrmatur.</strong></span> 
     </span>
    </p>
   </div>
   <div class='ocr_carea' id='block_1_53' title="bbox 413 2761 1900 2832">
    <p class='ocr_par' dir='ltr' id='par_1_53' title="bbox 413 2761 1900 2832">
     <span class='ocr_line' id='line_1_53' title="bbox 413 2761 1900 2832; baseline -0.003 -14"><span class='ocrx_word' id='word_1_410' title='bbox 413 2764 574 2818; x_wconf 73' lang='grc' dir='ltr'>Ἀλλὰ</span> <span class='ocrx_word' id='word_1_411' title='bbox 601 2764 660 2816; x_wconf 87' lang='grc' dir='ltr'><strong>τὸ</strong></span> <span class='ocrx_word' id='word_1_412' title='bbox 705 2763 901 2832; x_wconf 80' lang='grc' dir='ltr'>ἐφεξῆς</span> <span class='ocrx_word' id='word_1_413' title='bbox 943 2764 1301 2832; x_wconf 75' lang='grc' dir='ltr'>ἐξετάσωμεν.</span> <span class='ocrx_word' id='word_1_414' title='bbox 1346 2764 1413 2815; x_wconf 79' lang='lat' dir='ltr'><em>El</em></span> <span class='ocrx_word' id='word_1_415' title='bbox 1458 2761 1524 2814; x_wconf 85' lang='grc' dir='ltr'>δὲ</span> <span class='ocrx_word' id='word_1_416' title='bbox 1560 2763 1731 2832; x_wconf 73' lang='grc' dir='ltr'>ἡμεῖς</span> <span class='ocrx_word' id='word_1_417' title='bbox 1763 2762 1900 2832; x_wconf 81' lang='grc' dir='ltr'>μὲν,</span> 
     </span>
    </p>
   </div>
   <div class='ocr_carea' id='block_1_54' title="bbox 331 2854 1906 2929">
    <p class='ocr_par' dir='ltr' id='par_1_54' title="bbox 331 2854 1906 2929">
     <span class='ocr_line' id='line_1_54' title="bbox 331 2854 1906 2929; baseline 0.002 -21"><span class='ocrx_word' id='word_1_418' title='bbox 331 2859 516 2929; x_wconf 59' lang='grc' dir='ltr'>φησιν,</span> <span class='ocrx_word' id='word_1_419' title='bbox 541 2856 608 2909; x_wconf 63' lang='grc' dir='ltr'>ἐκ</span> <span class='ocrx_word' id='word_1_420' title='bbox 635 2855 809 2925; x_wconf 81' lang='grc' dir='ltr'>τριῶν</span> <span class='ocrx_word' id='word_1_421' title='bbox 832 2869 848 2886; x_wconf 75' lang='grc'><strong>⁸</strong></span> <span class='ocrx_word' id='word_1_422' title='bbox 886 2855 1062 2920; x_wconf 77' lang='grc' dir='ltr'>αὐτὸς</span> <span class='ocrx_word' id='word_1_423' title='bbox 1088 2854 1156 2907; x_wconf 80' lang='grc' dir='ltr'>δὲ</span> <span class='ocrx_word' id='word_1_424' title='bbox 1185 2856 1252 2908; x_wconf 83' lang='grc' dir='ltr'>ἐκ</span> <span class='ocrx_word' id='word_1_425' title='bbox 1294 2855 1625 2923; x_wconf 83' lang='grc' dir='ltr'>τεσσάρων-</span> <span class='ocrx_word' id='word_1_426' title='bbox 1660 2860 1772 2910; x_wconf 85' lang='grc' dir='ltr'>οὐκ</span> <span class='ocrx_word' id='word_1_427' title='bbox 1801 2856 1906 2910; x_wconf 84' lang='grc' dir='ltr'><strong>ἄν·</strong></span> 
     </span>
    </p>
   </div>
   <div class='ocr_carea' id='block_1_55' title="bbox 332 2949 1906 3023">
    <p class='ocr_par' dir='ltr' id='par_1_55' title="bbox 332 2949 1906 3023">
     <span class='ocr_line' id='line_1_55' title="bbox 332 2949 1906 3023; baseline 0.001 -21"><span class='ocrx_word' id='word_1_428' title='bbox 332 2966 583 3017; x_wconf 66' lang='grc' dir='ltr'>(θρωπος,</span> <span class='ocrx_word' id='word_1_429' title='bbox 611 2949 772 3003; x_wconf 75' lang='grc' dir='ltr'><em>ἀλλὰ</em></span> <span class='ocrx_word' id='word_1_430' title='bbox 819 2949 1265 3017; x_wconf 79' lang='grc' dir='ltr'>Ἀνθρωπόθεος.</span> <span class='ocrx_word' id='word_1_431' title='bbox 1306 2950 1398 3020; x_wconf 84' lang='grc' dir='ltr'><strong>Μὴ</strong></span> <span class='ocrx_word' id='word_1_432' title='bbox 1446 2951 1656 3017; x_wconf 87' lang='grc' dir='ltr'>γελάτω</span> <span class='ocrx_word' id='word_1_433' title='bbox 1684 2951 1818 3023; x_wconf 87' lang='grc' dir='ltr'>πρὸς</span> <span class='ocrx_word' id='word_1_434' title='bbox 1845 2950 1906 3004; x_wconf 87' lang='grc' dir='ltr'><strong>τὸ</strong></span> 
     </span>
    </p>
   </div>
   <div class='ocr_carea' id='block_1_56' title="bbox 337 3040 1906 3113">
    <p class='ocr_par' dir='ltr' id='par_1_56' title="bbox 337 3040 1906 3113">
     <span class='ocr_line' id='line_1_56' title="bbox 337 3040 1906 3113; baseline 0.001 -18"><span class='ocrx_word' id='word_1_435' title='bbox 337 3043 655 3113; x_wconf 84' lang='grc' dir='ltr'>μωροφανὲς</span> <span class='ocrx_word' id='word_1_436' title='bbox 681 3040 776 3093; x_wconf 78' lang='grc' dir='ltr'>τοῦ</span> <span class='ocrx_word' id='word_1_437' title='bbox 813 3042 1052 3112; x_wconf 73' lang='grc' dir='ltr'>ῥήματος</span> <span class='ocrx_word' id='word_1_438' title='bbox 1090 3041 1182 3094; x_wconf 78' lang='grc' dir='ltr'>καὶ</span> <span class='ocrx_word' id='word_1_439' title='bbox 1222 3042 1447 3111; x_wconf 86' lang='grc' dir='ltr'>ἀνόητον</span> <span class='ocrx_word' id='word_1_440' title='bbox 1492 3045 1520 3096; x_wconf 90' lang='lat'><strong>6</strong></span> <span class='ocrx_word' id='word_1_441' title='bbox 1564 3043 1906 3113; x_wconf 80' lang='grc' dir='ltr'>ἐντυγχάνων</span> 
     </span>
    </p>
   </div>
   <div class='ocr_carea' id='block_1_57' title="bbox 333 3131 1909 3204">
    <p class='ocr_par' dir='ltr' id='par_1_57' title="bbox 333 3131 1909 3204">
     <span class='ocr_line' id='line_1_57' title="bbox 333 3131 1909 3204; baseline 0.001 -18"><span class='ocrx_word' id='word_1_442' title='bbox 333 3133 410 3204; x_wconf 76' lang='grc' dir='ltr'>τῷ</span> <span class='ocrx_word' id='word_1_443' title='bbox 434 3134 596 3202; x_wconf 84' lang='grc' dir='ltr'>λόγῳ·</span> <span class='ocrx_word' id='word_1_444' title='bbox 625 3131 925 3195; x_wconf 76' lang='grc' dir='ltr'>στεναξέτω</span> <span class='ocrx_word' id='word_1_445' title='bbox 953 3132 1008 3184; x_wconf 82' lang='grc' dir='ltr'>δὲ</span> <span class='ocrx_word' id='word_1_446' title='bbox 1033 3132 1228 3202; x_wconf 82' lang='grc' dir='ltr'>μᾶλλον</span> <span class='ocrx_word' id='word_1_447' title='bbox 1253 3133 1387 3203; x_wconf 85' lang='grc' dir='ltr'>πρὸς</span> <span class='ocrx_word' id='word_1_448' title='bbox 1415 3132 1512 3204; x_wconf 87' lang='grc' dir='ltr'><strong>τὴν</strong></span> <span class='ocrx_word' id='word_1_449' title='bbox 1537 3132 1778 3188; x_wconf 80' lang='grc' dir='ltr'>ἑκούσιον</span> <span class='ocrx_word' id='word_1_450' title='bbox 1806 3135 1909 3204; x_wconf 86' lang='grc' dir='ltr'><strong>πή-</strong></span> 
     </span>
    </p>
   </div>
   <div class='ocr_carea' id='block_1_58' title="bbox 337 3223 1908 3296">
    <p class='ocr_par' dir='ltr' id='par_1_58' title="bbox 337 3223 1908 3296">
     <span class='ocr_line' id='line_1_58' title="bbox 337 3223 1908 3296; baseline 0.002 -20"><span class='ocrx_word' id='word_1_451' title='bbox 337 3242 502 3296; x_wconf 87' lang='grc' dir='ltr'>ρωσιν</span> <span class='ocrx_word' id='word_1_452' title='bbox 551 3225 660 3276; x_wconf 78' lang='grc' dir='ltr'><strong>τῶν</strong></span> <span class='ocrx_word' id='word_1_453' title='bbox 712 3226 778 3294; x_wconf 83' lang='grc' dir='ltr'>τῇ</span> <span class='ocrx_word' id='word_1_454' title='bbox 830 3223 1024 3294; x_wconf 81' lang='grc' dir='ltr'>ἀλογίᾳ</span> <span class='ocrx_word' id='word_1_455' title='bbox 1075 3223 1244 3296; x_wconf 83' lang='grc' dir='ltr'>ταύτῃ</span> <span class='ocrx_word' id='word_1_456' title='bbox 1291 3223 1719 3294; x_wconf 79' lang='grc' dir='ltr'>δεδουλωμένων.</span> <span class='ocrx_word' id='word_1_457' title='bbox 1785 3225 1908 3279; x_wconf 85' lang='grc' dir='ltr'><strong>Ἐὰν</strong></span> 
     </span>
    </p>
   </div>
   <div class='ocr_carea' id='block_1_59' title="bbox 335 3311 1912 3384">
    <p class='ocr_par' dir='ltr' id='par_1_59' title="bbox 335 3311 1912 3384">
     <span class='ocr_line' id='line_1_59' title="bbox 335 3311 1912 3384; baseline 0 -18"><span class='ocrx_word' id='word_1_458' title='bbox 335 3315 487 3368; x_wconf 76' lang='grc' dir='ltr'>πᾶσα</span> <span class='ocrx_word' id='word_1_459' title='bbox 531 3315 562 3382; x_wconf 82' lang='grc' dir='ltr'>ἡ</span> <span class='ocrx_word' id='word_1_460' title='bbox 595 3312 912 3384; x_wconf 75' lang='grc' dir='ltr'>ἀνθρωπίνη</span> <span class='ocrx_word' id='word_1_461' title='bbox 939 3313 1098 3381; x_wconf 84' lang='grc' dir='ltr'>φύσις</span> <span class='ocrx_word' id='word_1_462' title='bbox 1147 3316 1212 3382; x_wconf 81' lang='grc' dir='ltr'>τῇ</span> <span class='ocrx_word' id='word_1_463' title='bbox 1251 3311 1612 3381; x_wconf 79' lang='grc' dir='ltr'>ἐπισκηνώσει</span> <span class='ocrx_word' id='word_1_464' title='bbox 1639 3313 1738 3384; x_wconf 81' lang='grc' dir='ltr'>τῆς</span> <span class='ocrx_word' id='word_1_465' title='bbox 1761 3312 1912 3378; x_wconf 87' lang='grc' dir='ltr'>θείας</span> 
     </span>
    </p>
   </div>
   <div class='ocr_carea' id='block_1_60' title="bbox 334 3403 1909 3476">
    <p class='ocr_par' dir='ltr' id='par_1_60' title="bbox 334 3403 1909 3476">
     <span class='ocr_line' id='line_1_60' title="bbox 334 3403 1909 3476; baseline -0.008 -17"><span class='ocrx_word' id='word_1_466' title='bbox 334 3403 615 3475; x_wconf 67' lang='grc' dir='ltr'>δυνάμεως</span> <span class='ocrx_word' id='word_1_467' title='bbox 666 3404 925 3476; x_wconf 77' lang='grc' dir='ltr'>σώζηται,</span> <span class='ocrx_word' id='word_1_468' title='bbox 980 3403 1380 3476; x_wconf 80' lang='grc' dir='ltr'>Ἀνθρωπόθεος</span> <span class='ocrx_word' id='word_1_469' title='bbox 1411 3406 1437 3456; x_wconf 92' lang='lat'><strong>6</strong></span> <span class='ocrx_word' id='word_1_470' title='bbox 1478 3404 1588 3473; x_wconf 88' lang='lat'>(80)</span> <span class='ocrx_word' id='word_1_471' title='bbox 1632 3403 1763 3468; x_wconf 83' lang='grc' dir='ltr'>Θεὸς</span> <span class='ocrx_word' id='word_1_472' title='bbox 1805 3406 1909 3459; x_wconf 75' lang='grc' dir='ltr'><strong>Λό-</strong></span> 
     </span>
    </p>
   </div>
   <div class='ocr_carea' id='block_1_61' title="bbox 335 3496 1914 3569">
    <p class='ocr_par' dir='ltr' id='par_1_61' title="bbox 335 3496 1914 3569">
     <span class='ocr_line' id='line_1_61' title="bbox 335 3496 1914 3569; baseline -0.001 -17"><span class='ocrx_word' id='word_1_473' title='bbox 335 3517 430 3568; x_wconf 73' lang='grc' dir='ltr'><strong>γος</strong></span> <span class='ocrx_word' id='word_1_474' title='bbox 462 3497 923 3569; x_wconf 82' lang='grc' dir='ltr'>ὀνομασθήσεται,</span> <span class='ocrx_word' id='word_1_475' title='bbox 972 3498 1065 3550; x_wconf 69' lang='grc' dir='ltr'>καὶ</span> <span class='ocrx_word' id='word_1_476' title='bbox 1105 3496 1354 3568; x_wconf 84' lang='grc' dir='ltr'>καθάπερ</span> <span class='ocrx_word' id='word_1_477' title='bbox 1383 3498 1431 3549; x_wconf 84' lang='grc' dir='ltr'><strong>οί</strong></span> <span class='ocrx_word' id='word_1_478' title='bbox 1467 3496 1658 3566; x_wconf 76' lang='grc' dir='ltr'>μῦθοι,</span> <span class='ocrx_word' id='word_1_479' title='bbox 1695 3498 1760 3549; x_wconf 77' lang='grc' dir='ltr'>ἐκ</span> <span class='ocrx_word' id='word_1_480' title='bbox 1800 3497 1914 3550; x_wconf 85' lang='grc' dir='ltr'>δια-</span> 
     </span>
    </p>
   </div>
   <div class='ocr_carea' id='block_1_62' title="bbox 337 3588 1913 3662">
    <p class='ocr_par' dir='ltr' id='par_1_62' title="bbox 337 3588 1913 3662">
     <span class='ocr_line' id='line_1_62' title="bbox 337 3588 1913 3662; baseline -0.001 -19"><span class='ocrx_word' id='word_1_481' title='bbox 337 3590 519 3662; x_wconf 69' lang='grc' dir='ltr'>φόρων</span> <span class='ocrx_word' id='word_1_482' title='bbox 545 3589 948 3659; x_wconf 78' lang='grc' dir='ltr'>συμπλέκοντες</span> <span class='ocrx_word' id='word_1_483' title='bbox 977 3588 1211 3657; x_wconf 82' lang='grc' dir='ltr'>φύσεων,</span> <span class='ocrx_word' id='word_1_484' title='bbox 1236 3588 1613 3659; x_wconf 83' lang='grc' dir='ltr'>τερατεύονται</span> <span class='ocrx_word' id='word_1_485' title='bbox 1635 3590 1794 3655; x_wconf 82' lang='grc' dir='ltr'>ζῶον,</span> <span class='ocrx_word' id='word_1_486' title='bbox 1820 3593 1913 3644; x_wconf 67' lang='grc' dir='ltr'>καὶ</span> 
     </span>
    </p>
   </div>
   <div class='ocr_carea' id='block_1_63' title="bbox 338 3679 1910 3753">
    <p class='ocr_par' dir='ltr' id='par_1_63' title="bbox 338 3679 1910 3753">
     <span class='ocr_line' id='line_1_63' title="bbox 338 3679 1910 3753; baseline -0.001 -18"><span class='ocrx_word' id='word_1_487' title='bbox 338 3683 614 3753; x_wconf 75' lang='grc' dir='ltr'>σχήματα,</span> <span class='ocrx_word' id='word_1_488' title='bbox 635 3681 728 3733; x_wconf 76' lang='grc' dir='ltr'>καὶ</span> <span class='ocrx_word' id='word_1_489' title='bbox 748 3680 1001 3750; x_wconf 82' lang='grc' dir='ltr'>ὀνόματα,</span> <span class='ocrx_word' id='word_1_490' title='bbox 1029 3679 1385 3748; x_wconf 83' lang='grc' dir='ltr'>ίππελάφους,</span> <span class='ocrx_word' id='word_1_491' title='bbox 1407 3681 1501 3733; x_wconf 73' lang='grc' dir='ltr'><strong>καὶ</strong></span> <span class='ocrx_word' id='word_1_492' title='bbox 1520 3683 1910 3751; x_wconf 81' lang='grc' dir='ltr'>τραγελάφους,</span> 
     </span>
    </p>
   </div>
   <div class='ocr_carea' id='block_1_64' title="bbox 337 3770 1912 3841">
    <p class='ocr_par' dir='ltr' id='par_1_64' title="bbox 337 3770 1912 3841">
     <span class='ocr_line' id='line_1_64' title="bbox 337 3770 1912 3841; baseline -0.001 -15"><span class='ocrx_word' id='word_1_493' title='bbox 337 3774 435 3827; x_wconf 69' lang='grc' dir='ltr'><strong>καὶ</strong></span> <span class='ocrx_word' id='word_1_494' title='bbox 465 3773 532 3825; x_wconf 69' lang='grc' dir='ltr'>τὰ</span> <span class='ocrx_word' id='word_1_495' title='bbox 570 3770 794 3824; x_wconf 78' lang='grc' dir='ltr'>τοιαῦτα</span> <span class='ocrx_word' id='word_1_496' title='bbox 825 3770 1149 3832; x_wconf 87' lang='grc' dir='ltr'>πλάσσοντές</span> <span class='ocrx_word' id='word_1_497' title='bbox 1180 3787 1237 3822; x_wconf 88' lang='grc' dir='ltr'><strong>τε</strong></span> <span class='ocrx_word' id='word_1_498' title='bbox 1274 3770 1367 3822; x_wconf 78' lang='grc' dir='ltr'><strong>καὶ</strong></span> <span class='ocrx_word' id='word_1_499' title='bbox 1401 3771 1788 3841; x_wconf 77' lang='grc' dir='ltr'>ὀνομάζοντες,</span> <span class='ocrx_word' id='word_1_500' title='bbox 1822 3772 1912 3839; x_wconf 57' lang='grc' dir='ltr'><strong>οὖν.</strong></span> 
     </span>
    </p>
   </div>
   <div class='ocr_carea' id='block_1_65' title="bbox 337 3860 1914 3932">
    <p class='ocr_par' dir='ltr' id='par_1_65' title="bbox 337 3860 1914 3932">
     <span class='ocr_line' id='line_1_65' title="bbox 337 3860 1914 3932; baseline 0 -16"><span class='ocrx_word' id='word_1_501' title='bbox 337 3881 446 3927; x_wconf 86' lang='grc' dir='ltr'><strong>τως</strong></span> <span class='ocrx_word' id='word_1_502' title='bbox 482 3863 576 3916; x_wconf 79' lang='grc' dir='ltr'><strong>καὶ</strong></span> <span class='ocrx_word' id='word_1_503' title='bbox 601 3863 628 3914; x_wconf 94' lang='lat'><strong>6</strong></span> <span class='ocrx_word' id='word_1_504' title='bbox 654 3862 770 3926; x_wconf 86' lang='grc' dir='ltr'>νέος</span> <span class='ocrx_word' id='word_1_505' title='bbox 797 3861 1086 3932; x_wconf 86' lang='grc' dir='ltr'>μυθοποιὸς</span> <span class='ocrx_word' id='word_1_506' title='bbox 1119 3860 1258 3914; x_wconf 83' lang='grc' dir='ltr'>κατὰ</span> <span class='ocrx_word' id='word_1_507' title='bbox 1287 3861 1411 3925; x_wconf 79' lang='grc' dir='ltr'>τοὺς</span> <span class='ocrx_word' id='word_1_508' title='bbox 1437 3861 1789 3926; x_wconf 85' lang='grc' dir='ltr'>διδασκάλους</span> <span class='ocrx_word' id='word_1_509' title='bbox 1817 3865 1914 3916; x_wconf 85' lang='grc' dir='ltr'>αύ-</span> 
     </span>
    </p>
   </div>
   <div class='ocr_carea' id='block_1_66' title="bbox 338 3953 1912 4026">
    <p class='ocr_par' dir='ltr' id='par_1_66' title="bbox 338 3953 1912 4026">
     <span class='ocr_line' id='line_1_66' title="bbox 338 3953 1912 4026; baseline 0.001 -19"><span class='ocrx_word' id='word_1_510' title='bbox 338 3955 433 4008; x_wconf 84' lang='grc' dir='ltr'>τοῦ</span> <span class='ocrx_word' id='word_1_511' title='bbox 481 3956 578 4024; x_wconf 86' lang='grc' dir='ltr'>τῆς</span> <span class='ocrx_word' id='word_1_512' title='bbox 610 3955 881 4025; x_wconf 84' lang='grc' dir='ltr'>ποιήσεως</span> <span class='ocrx_word' id='word_1_513' title='bbox 910 3953 1299 4024; x_wconf 79' lang='grc' dir='ltr'>καταχλευάςει</span> <span class='ocrx_word' id='word_1_514' title='bbox 1329 3953 1389 4007; x_wconf 86' lang='grc' dir='ltr'><strong>τὸ</strong></span> <span class='ocrx_word' id='word_1_515' title='bbox 1422 3954 1562 4007; x_wconf 88' lang='grc' dir='ltr'>θεῖον</span> <span class='ocrx_word' id='word_1_516' title='bbox 1594 3958 1912 4026; x_wconf 82' lang='grc' dir='ltr'>μυστήριον,</span> 
     </span>
    </p>
   </div>
   <div class='ocr_carea' id='block_1_67' title="bbox 339 4043 1914 4114">
    <p class='ocr_par' dir='ltr' id='par_1_67' title="bbox 339 4043 1914 4114">
     <span class='ocr_line' id='line_1_67' title="bbox 339 4043 1914 4114; baseline -0.001 -15"><span class='ocrx_word' id='word_1_517' title='bbox 339 4048 434 4099; x_wconf 70' lang='grc' dir='ltr'><strong>καὶ</strong></span> <span class='ocrx_word' id='word_1_518' title='bbox 460 4044 553 4096; x_wconf 81' lang='grc' dir='ltr'>τοῦ</span> <span class='ocrx_word' id='word_1_519' title='bbox 593 4043 913 4098; x_wconf 80' lang='grc' dir='ltr'>Ἀποστόλου</span> <span class='ocrx_word' id='word_1_520' title='bbox 951 4043 1244 4114; x_wconf 73' lang='grc' dir='ltr'>διαρρήδην</span> <span class='ocrx_word' id='word_1_521' title='bbox 1273 4043 1530 4112; x_wconf 86' lang='grc' dir='ltr'>βοῶντος,</span> <span class='ocrx_word' id='word_1_522' title='bbox 1567 4045 1647 4096; x_wconf 82' lang='grc' dir='ltr'>ὅτι</span> <span class='ocrx_word' id='word_1_523' title='bbox 1686 4045 1775 4096; x_wconf 80' lang='grc' dir='ltr'><strong>Δι’</strong></span> <span class='ocrx_word' id='word_1_524' title='bbox 1805 4045 1914 4111; x_wconf 88' lang='lat'><strong>(8|)</strong></span> 
     </span>
    </p>
   </div>
   <div class='ocr_carea' id='block_1_68' title="bbox 340 4132 1918 4204">
    <p class='ocr_par' dir='ltr' id='par_1_68' title="bbox 340 4132 1918 4204">
     <span class='ocr_line' id='line_1_68' title="bbox 340 4132 1918 4204; baseline 0 -17"><span class='ocrx_word' id='word_1_525' title='bbox 340 4133 654 4202; x_wconf 77' lang='grc' dir='ltr'>ἀνθρώπου</span> <span class='ocrx_word' id='word_1_526' title='bbox 685 4132 1021 4198; x_wconf 75' lang='grc' dir='ltr'>ἀνάστασις</span> <span class='ocrx_word' id='word_1_527' title='bbox 1045 4133 1112 4186; x_wconf 77' lang='grc' dir='ltr'>ἐκ</span> <span class='ocrx_word' id='word_1_528' title='bbox 1150 4133 1396 4200; x_wconf 78' lang='grc' dir='ltr'>νεκρῶν,</span> <span class='ocrx_word' id='word_1_529' title='bbox 1431 4134 1529 4204; x_wconf 85' lang='grc' dir='ltr'>οὺχ</span> <span class='ocrx_word' id='word_1_530' title='bbox 1557 4132 1798 4204; x_wconf 79' lang='grc' dir='ltr'>ἡμίσεως</span> <span class='ocrx_word' id='word_1_531' title='bbox 1827 4135 1918 4187; x_wconf 86' lang='grc' dir='ltr'><strong>ἀν-</strong></span> 
     </span>
    </p>
   </div>
   <div class='ocr_carea' id='block_1_69' title="bbox 343 4225 1917 4297">
    <p class='ocr_par' dir='ltr' id='par_1_69' title="bbox 343 4225 1917 4297">
     <span class='ocr_line' id='line_1_69' title="bbox 343 4225 1917 4297; baseline 0.001 -18"><span class='ocrx_word' id='word_1_532' title='bbox 343 4225 585 4297; x_wconf 84' lang='grc' dir='ltr'>θρώπου,</span> <span class='ocrx_word' id='word_1_533' title='bbox 609 4226 729 4279; x_wconf 77' lang='grc' dir='ltr'>οὐδὲ</span> <span class='ocrx_word' id='word_1_534' title='bbox 761 4225 954 4297; x_wconf 84' lang='grc' dir='ltr'>μικρόν</span> <span class='ocrx_word' id='word_1_535' title='bbox 981 4243 1034 4278; x_wconf 87' lang='grc' dir='ltr'><strong>τι</strong></span> <span class='ocrx_word' id='word_1_536' title='bbox 1065 4225 1205 4296; x_wconf 80' lang='grc' dir='ltr'>ὑπὲρ</span> <span class='ocrx_word' id='word_1_537' title='bbox 1233 4225 1294 4279; x_wconf 93' lang='lat'><em>16</em></span> <span class='ocrx_word' id='word_1_538' title='bbox 1317 4226 1485 4296; x_wconf 77' lang='grc' dir='ltr'>ἥμισυ</span> <span class='ocrx_word' id='word_1_539' title='bbox 1522 4225 1755 4296; x_wconf 74' lang='grc' dir='ltr'>ἔχοντος,</span> <span class='ocrx_word' id='word_1_540' title='bbox 1783 4225 1917 4280; x_wconf 77' lang='grc' dir='ltr'>ἀλλὰ</span> 
     </span>
    </p>
   </div>
   <div class='ocr_carea' id='block_1_70' title="bbox 2082 2766 3582 2838">
    <p class='ocr_par' dir='ltr' id='par_1_70' title="bbox 2082 2766 3582 2838">
     <span class='ocr_line' id='line_1_70' title="bbox 2082 2766 3582 2838; baseline -0.001 -18"><span class='ocrx_word' id='word_1_541' title='bbox 2082 2766 2266 2823; x_wconf 73' lang='lat' dir='ltr'><strong>XLIX.</strong></span> <span class='ocrx_word' id='word_1_542' title='bbox 2303 2767 2408 2824; x_wconf 87' lang='lat' dir='ltr'><strong>Sed</strong></span> <span class='ocrx_word' id='word_1_543' title='bbox 2440 2785 2560 2838; x_wconf 81' lang='lat' dir='ltr'><strong>quae</strong></span> <span class='ocrx_word' id='word_1_544' title='bbox 2586 2768 2844 2838; x_wconf 83' lang='lat' dir='ltr'><strong>deinceps</strong></span> <span class='ocrx_word' id='word_1_545' title='bbox 2861 2776 3164 2837; x_wconf 87' lang='lat' dir='ltr'><strong>sequuntur</strong></span> <span class='ocrx_word' id='word_1_546' title='bbox 3179 2767 3582 2836; x_wconf 79' lang='lat' dir='ltr'><strong>expendamus:</strong></span> 
     </span>
    </p>
   </div>
   <div class='ocr_carea' id='block_1_71' title="bbox 2013 2858 3586 2929">
    <p class='ocr_par' dir='ltr' id='par_1_71' title="bbox 2013 2858 3586 2929">
     <span class='ocr_line' id='line_1_71' title="bbox 2013 2858 3586 2929; baseline -0.004 -13"><span class='ocrx_word' id='word_1_547' title='bbox 2013 2860 2075 2916; x_wconf 82' lang='lat' dir='ltr'><strong>Si</strong></span> <span class='ocrx_word' id='word_1_548' title='bbox 2111 2870 2286 2914; x_wconf 80' lang='lat' dir='ltr'><strong>autem</strong></span> <span class='ocrx_word' id='word_1_549' title='bbox 2315 2876 2410 2914; x_wconf 76' lang='lat' dir='ltr'><strong>nos</strong></span> <span class='ocrx_word' id='word_1_550' title='bbox 2439 2858 2668 2929; x_wconf 83' lang='lat' dir='ltr'><strong>quidem,</strong></span> <span class='ocrx_word' id='word_1_551' title='bbox 2704 2859 2899 2928; x_wconf 90' lang='lat' dir='ltr'><strong>inquit,</strong></span> <span class='ocrx_word' id='word_1_552' title='bbox 2950 2873 3014 2911; x_wconf 78' lang='lat' dir='ltr'><strong>ex</strong></span> <span class='ocrx_word' id='word_1_553' title='bbox 3046 2858 3212 2911; x_wconf 80' lang='lat' dir='ltr'><strong>tribus</strong></span> <span class='ocrx_word' id='word_1_554' title='bbox 3259 2867 3586 2920; x_wconf 75' lang='lat' dir='ltr'><strong>constamus,</strong></span> 
     </span>
    </p>
   </div>
   <div class='ocr_carea' id='block_1_72' title="bbox 1935 2948 3586 3039">
    <p class='ocr_par' dir='ltr' id='par_1_72' title="bbox 1935 2948 3586 3039">
     <span class='ocr_line' id='line_1_72' title="bbox 1935 2948 3586 3039; baseline -0.001 -36"><span class='ocrx_word' id='word_1_555' title='bbox 1935 2981 1976 3039; x_wconf 69' lang='grc' dir='ltr'>ο</span> <span class='ocrx_word' id='word_1_556' title='bbox 2010 2951 2120 3020; x_wconf 79' lang='lat' dir='ltr'><strong>ipse</strong></span> <span class='ocrx_word' id='word_1_557' title='bbox 2156 2967 2275 3005; x_wconf 78' lang='lat' dir='ltr'><strong>vero</strong></span> <span class='ocrx_word' id='word_1_558' title='bbox 2301 2966 2365 3004; x_wconf 73' lang='lat' dir='ltr'><strong><em>ex</em></strong></span> <span class='ocrx_word' id='word_1_559' title='bbox 2402 2959 2653 3020; x_wconf 87' lang='lat' dir='ltr'><strong>quatuor,</strong></span> <span class='ocrx_word' id='word_1_560' title='bbox 2712 2967 2814 3003; x_wconf 82' lang='lat' dir='ltr'><strong>non</strong></span> <span class='ocrx_word' id='word_1_561' title='bbox 2847 2950 3000 3002; x_wconf 88' lang='lat' dir='ltr'><strong>homo</strong></span> <span class='ocrx_word' id='word_1_562' title='bbox 3048 2951 3170 3015; x_wconf 83' lang='lat' dir='ltr'><strong>erit,</strong></span> <span class='ocrx_word' id='word_1_563' title='bbox 3224 2948 3312 3002; x_wconf 77' lang='lat' dir='ltr'><strong>sed</strong></span> <span class='ocrx_word' id='word_1_564' title='bbox 3380 2948 3586 3002; x_wconf 77' lang='lat' dir='ltr'><strong>Homo-</strong></span> 
     </span>
    </p>
   </div>
   <div class='ocr_carea' id='block_1_73' title="bbox 2015 3039 3588 3110">
    <p class='ocr_par' dir='ltr' id='par_1_73' title="bbox 2015 3039 3588 3110">
     <span class='ocr_line' id='line_1_73' title="bbox 2015 3039 3588 3110; baseline -0.001 -16"><span class='ocrx_word' id='word_1_565' title='bbox 2015 3041 2172 3097; x_wconf 72' lang='lat' dir='ltr'><strong>Deus.</strong></span> <span class='ocrx_word' id='word_1_566' title='bbox 2233 3040 2532 3096; x_wconf 84' lang='lat' dir='ltr'><strong>Stultitiam</strong></span> <span class='ocrx_word' id='word_1_567' title='bbox 2566 3052 2730 3110; x_wconf 86' lang='lat' dir='ltr'><strong>atque</strong></span> <span class='ocrx_word' id='word_1_568' title='bbox 2770 3039 3121 3104; x_wconf 79' lang='lat' dir='ltr'><strong>dementiam,</strong></span> <span class='ocrx_word' id='word_1_569' title='bbox 3160 3054 3323 3110; x_wconf 89' lang='lat' dir='ltr'><strong>quam</strong></span> <span class='ocrx_word' id='word_1_570' title='bbox 3375 3046 3588 3108; x_wconf 69' lang='lat' dir='ltr'><strong>postre-</strong></span> 
     </span>
    </p>
   </div>
   <div class='ocr_carea' id='block_1_74' title="bbox 2009 3130 3587 3197">
    <p class='ocr_par' dir='ltr' id='par_1_74' title="bbox 2009 3130 3587 3197">
     <span class='ocr_line' id='line_1_74' title="bbox 2009 3130 3587 3197; baseline -0.001 -9"><span class='ocrx_word' id='word_1_571' title='bbox 2009 3149 2155 3188; x_wconf 91' lang='lat' dir='ltr'><strong>mum</strong></span> <span class='ocrx_word' id='word_1_572' title='bbox 2192 3133 2294 3188; x_wconf 84' lang='lat' dir='ltr'><strong>hoc</strong></span> <span class='ocrx_word' id='word_1_573' title='bbox 2353 3134 2574 3189; x_wconf 81' lang='lat' dir='ltr'><strong>verbum</strong></span> <span class='ocrx_word' id='word_1_574' title='bbox 2629 3133 2852 3197; x_wconf 89' lang='lat' dir='ltr'><strong>redolet,</strong></span> <span class='ocrx_word' id='word_1_575' title='bbox 2895 3133 3064 3186; x_wconf 89' lang='lat' dir='ltr'><strong>lector</strong></span> <span class='ocrx_word' id='word_1_576' title='bbox 3111 3148 3178 3187; x_wconf 88' lang='lat' dir='ltr'><strong>ne</strong></span> <span class='ocrx_word' id='word_1_577' title='bbox 3229 3131 3435 3197; x_wconf 86' lang='lat' dir='ltr'><strong>rideat;</strong></span> <span class='ocrx_word' id='word_1_578' title='bbox 3488 3130 3587 3186; x_wconf 89' lang='lat' dir='ltr'><strong>sed</strong></span> 
     </span>
    </p>
   </div>
   <div class='ocr_carea' id='block_1_75' title="bbox 2010 3223 3588 3298">
    <p class='ocr_par' dir='ltr' id='par_1_75' title="bbox 2010 3223 3588 3298">
     <span class='ocr_line' id='line_1_75' title="bbox 2010 3223 3588 3298; baseline -0.001 -19"><span class='ocrx_word' id='word_1_579' title='bbox 2010 3230 2191 3298; x_wconf 88' lang='lat' dir='ltr'><strong>potius</strong></span> <span class='ocrx_word' id='word_1_580' title='bbox 2233 3227 2592 3284; x_wconf 84' lang='lat' dir='ltr'><strong>voluntariam</strong></span> <span class='ocrx_word' id='word_1_581' title='bbox 2625 3241 2813 3281; x_wconf 87' lang='lat' dir='ltr'><strong>eorum</strong></span> <span class='ocrx_word' id='word_1_582' title='bbox 2861 3225 3162 3279; x_wconf 54' lang='lat' dir='ltr'><strong>caecitatem</strong></span> <span class='ocrx_word' id='word_1_583' title='bbox 3203 3223 3447 3293; x_wconf 86' lang='lat' dir='ltr'><strong>deploret</strong></span> <span class='ocrx_word' id='word_1_584' title='bbox 3492 3224 3588 3293; x_wconf 87' lang='lat' dir='ltr'><strong>qui</strong></span> 
     </span>
    </p>
   </div>
   <div class='ocr_carea' id='block_1_76' title="bbox 2011 3313 3584 3388">
    <p class='ocr_par' dir='ltr' id='par_1_76' title="bbox 2011 3313 3584 3388">
     <span class='ocr_line' id='line_1_76' title="bbox 2011 3313 3584 3388; baseline -0.004 -16"><span class='ocrx_word' id='word_1_585' title='bbox 2011 3319 2233 3388; x_wconf 85' lang='lat' dir='ltr'><strong>ineptiis</strong></span> <span class='ocrx_word' id='word_1_586' title='bbox 2292 3319 2443 3372; x_wconf 88' lang='lat' dir='ltr'><strong>hisce</strong></span> <span class='ocrx_word' id='word_1_587' title='bbox 2495 3317 2898 3386; x_wconf 87' lang='lat' dir='ltr'><strong>mancipantur.</strong></span> <span class='ocrx_word' id='word_1_588' title='bbox 2954 3313 3011 3368; x_wconf 92' lang='lat' dir='ltr'><strong>Si</strong></span> <span class='ocrx_word' id='word_1_589' title='bbox 3069 3316 3309 3368; x_wconf 88' lang='lat' dir='ltr'><strong>humana</strong></span> <span class='ocrx_word' id='word_1_590' title='bbox 3365 3322 3584 3378; x_wconf 89' lang='lat' dir='ltr'><strong>natura,</strong></span> 
     </span>
    </p>
   </div>
   <div class='ocr_carea' id='block_1_77' title="bbox 2012 3407 3586 3478">
    <p class='ocr_par' dir='ltr' id='par_1_77' title="bbox 2012 3407 3586 3478">
     <span class='ocr_line' id='line_1_77' title="bbox 2012 3407 3586 3478; baseline -0.004 -13"><span class='ocrx_word' id='word_1_591' title='bbox 2012 3411 2140 3465; x_wconf 85' lang='lat' dir='ltr'><strong>dum</strong></span> <span class='ocrx_word' id='word_1_592' title='bbox 2170 3412 2355 3466; x_wconf 87' lang='lat' dir='ltr'><strong>divina</strong></span> <span class='ocrx_word' id='word_1_593' title='bbox 2387 3411 2562 3464; x_wconf 90' lang='lat' dir='ltr'><strong>virtus</strong></span> <span class='ocrx_word' id='word_1_594' title='bbox 2620 3411 2672 3462; x_wconf 91' lang='lat' dir='ltr'><strong>in</strong></span> <span class='ocrx_word' id='word_1_595' title='bbox 2707 3409 2822 3478; x_wconf 88' lang='lat' dir='ltr'><strong>ipsa</strong></span> <span class='ocrx_word' id='word_1_596' title='bbox 2851 3407 3138 3470; x_wconf 87' lang='lat' dir='ltr'><strong>inhabitat,</strong></span> <span class='ocrx_word' id='word_1_597' title='bbox 3199 3407 3408 3477; x_wconf 78' lang='lat' dir='ltr'><strong>integra</strong></span> <span class='ocrx_word' id='word_1_598' title='bbox 3461 3421 3586 3475; x_wconf 78' lang='lat' dir='ltr'><strong>per-</strong></span> 
     </span>
    </p>
   </div>
   <div class='ocr_carea' id='block_1_78' title="bbox 2016 3497 3589 3566">
    <p class='ocr_par' dir='ltr' id='par_1_78' title="bbox 2016 3497 3589 3566">
     <span class='ocr_line' id='line_1_78' title="bbox 2016 3497 3589 3566; baseline -0.004 -10"><span class='ocrx_word' id='word_1_599' title='bbox 2016 3503 2302 3566; x_wconf 85' lang='lat' dir='ltr'><strong>manserit,</strong></span> <span class='ocrx_word' id='word_1_600' title='bbox 2341 3500 2484 3555; x_wconf 90' lang='lat' dir='ltr'><strong>Deus</strong></span> <span class='ocrx_word' id='word_1_601' title='bbox 2515 3501 2752 3554; x_wconf 85' lang='lat' dir='ltr'><strong>Verbum</strong></span> <span class='ocrx_word' id='word_1_602' title='bbox 2787 3500 3070 3554; x_wconf 88' lang='lat' dir='ltr'><strong>vocabitur</strong></span> <span class='ocrx_word' id='word_1_603' title='bbox 3121 3497 3314 3553; x_wconf 82' lang='lat' dir='ltr'><strong>Homo-</strong></span> <span class='ocrx_word' id='word_1_604' title='bbox 3331 3497 3498 3565; x_wconf 89' lang='lat' dir='ltr'><strong>Deus;</strong></span> <span class='ocrx_word' id='word_1_605' title='bbox 3532 3505 3589 3551; x_wconf 87' lang='lat' dir='ltr'><strong>et</strong></span> 
     </span>
    </p>
   </div>
   <div class='ocr_carea' id='block_1_79' title="bbox 2013 3590 3587 3663">
    <p class='ocr_par' dir='ltr' id='par_1_79' title="bbox 2013 3590 3587 3663">
     <span class='ocr_line' id='line_1_79' title="bbox 2013 3590 3587 3663; baseline -0.001 -17"><span class='ocrx_word' id='word_1_606' title='bbox 2013 3593 2480 3663; x_wconf 88' lang='lat' dir='ltr'><strong>quemadmodum</strong></span> <span class='ocrx_word' id='word_1_607' title='bbox 2535 3592 2749 3658; x_wconf 60' lang='lat' dir='ltr'><strong>fabulas,</strong></span> <span class='ocrx_word' id='word_1_608' title='bbox 2799 3592 3046 3647; x_wconf 89' lang='lat' dir='ltr'><strong>diversas</strong></span> <span class='ocrx_word' id='word_1_609' title='bbox 3089 3592 3251 3647; x_wconf 91' lang='lat' dir='ltr'><strong>simul</strong></span> <span class='ocrx_word' id='word_1_610' title='bbox 3297 3590 3587 3662; x_wconf 71' lang='lat' dir='ltr'><strong>iungentes</strong></span> 
     </span>
    </p>
   </div>
   <div class='ocr_carea' id='block_1_80' title="bbox 2013 3682 3590 3753">
    <p class='ocr_par' dir='ltr' id='par_1_80' title="bbox 2013 3682 3590 3753">
     <span class='ocr_line' id='line_1_80' title="bbox 2013 3682 3590 3753; baseline 0 -17"><span class='ocrx_word' id='word_1_611' title='bbox 2013 3685 2466 3748; x_wconf 87' lang='lat' dir='ltr'><strong>naturas.animal</strong></span> <span class='ocrx_word' id='word_1_612' title='bbox 2487 3683 2706 3753; x_wconf 88' lang='lat' dir='ltr'><strong>aliquod</strong></span> <span class='ocrx_word' id='word_1_613' title='bbox 2731 3690 3141 3738; x_wconf 85' lang='lat' dir='ltr'><strong>monstruosum</strong></span> <span class='ocrx_word' id='word_1_614' title='bbox 3160 3682 3590 3738; x_wconf 85' lang='lat' dir='ltr'><strong>comminiscun-</strong></span> 
     </span>
    </p>
   </div>
   <div class='ocr_carea' id='block_1_81' title="bbox 2015 3775 3588 3845">
    <p class='ocr_par' dir='ltr' id='par_1_81' title="bbox 2015 3775 3588 3845">
     <span class='ocr_line' id='line_1_81' title="bbox 2015 3775 3588 3845; baseline -0.002 -16"><span class='ocrx_word' id='word_1_615' title='bbox 2015 3785 2123 3841; x_wconf 88' lang='lat' dir='ltr'><strong>tur,</strong></span> <span class='ocrx_word' id='word_1_616' title='bbox 2154 3779 2376 3845; x_wconf 83' lang='lat' dir='ltr'><strong>llguras,</strong></span> <span class='ocrx_word' id='word_1_617' title='bbox 2421 3785 2475 3831; x_wconf 92' lang='lat' dir='ltr'><strong>et</strong></span> <span class='ocrx_word' id='word_1_618' title='bbox 2506 3777 2750 3839; x_wconf 89' lang='lat' dir='ltr'><strong>nomina,</strong></span> <span class='ocrx_word' id='word_1_619' title='bbox 2793 3775 3142 3844; x_wconf 89' lang='lat' dir='ltr'><strong>equicervos,</strong></span> <span class='ocrx_word' id='word_1_620' title='bbox 3199 3785 3252 3830; x_wconf 90' lang='lat' dir='ltr'><strong>et</strong></span> <span class='ocrx_word' id='word_1_621' title='bbox 3313 3775 3588 3828; x_wconf 88' lang='lat' dir='ltr'><strong>hircocer—</strong></span> 
     </span>
    </p>
   </div>
   <div class='ocr_carea' id='block_1_82' title="bbox 2014 3865 3586 3935">
    <p class='ocr_par' dir='ltr' id='par_1_82' title="bbox 2014 3865 3586 3935">
     <span class='ocr_line' id='line_1_82' title="bbox 2014 3865 3586 3935; baseline -0.001 -18"><span class='ocrx_word' id='word_1_622' title='bbox 2014 3881 2132 3928; x_wconf 87' lang='lat' dir='ltr'><strong>vos.</strong></span> <span class='ocrx_word' id='word_1_623' title='bbox 2169 3867 2385 3935; x_wconf 89' lang='lat' dir='ltr'><strong>aliaque</strong></span> <span class='ocrx_word' id='word_1_624' title='bbox 2418 3865 2504 3920; x_wconf 90' lang='lat' dir='ltr'><strong>his</strong></span> <span class='ocrx_word' id='word_1_625' title='bbox 2538 3865 2737 3919; x_wconf 90' lang='lat' dir='ltr'><strong>similia</strong></span> <span class='ocrx_word' id='word_1_626' title='bbox 2769 3866 3039 3934; x_wconf 78' lang='lat' dir='ltr'><strong>[ingentes</strong></span> <span class='ocrx_word' id='word_1_627' title='bbox 3092 3873 3257 3933; x_wconf 87' lang='lat' dir='ltr'><strong>atque</strong></span> <span class='ocrx_word' id='word_1_628' title='bbox 3292 3865 3586 3916; x_wconf 88' lang='lat' dir='ltr'><strong>nominan-</strong></span> 
     </span>
    </p>
   </div>
   <div class='ocr_carea' id='block_1_83' title="bbox 2018 3954 3587 4023">
    <p class='ocr_par' dir='ltr' id='par_1_83' title="bbox 2018 3954 3587 4023">
     <span class='ocr_line' id='line_1_83' title="bbox 2018 3954 3587 4023; baseline -0.001 -12"><span class='ocrx_word' id='word_1_629' title='bbox 2018 3966 2138 4012; x_wconf 84' lang='lat' dir='ltr'><strong>tes:</strong></span> <span class='ocrx_word' id='word_1_630' title='bbox 2179 3959 2252 4010; x_wconf 90' lang='lat' dir='ltr'><strong>ita</strong></span> <span class='ocrx_word' id='word_1_631' title='bbox 2288 3965 2341 4012; x_wconf 88' lang='lat' dir='ltr'><strong><em>et</em></strong></span> <span class='ocrx_word' id='word_1_632' title='bbox 2376 3972 2550 4011; x_wconf 91' lang='lat' dir='ltr'><strong>novus</strong></span> <span class='ocrx_word' id='word_1_633' title='bbox 2581 3956 2684 4011; x_wconf 90' lang='lat' dir='ltr'><strong>iste</strong></span> <span class='ocrx_word' id='word_1_634' title='bbox 2727 3954 3032 4010; x_wconf 80' lang='lat' dir='ltr'><strong>fabularum</strong></span> <span class='ocrx_word' id='word_1_635' title='bbox 3101 3956 3372 4013; x_wconf 89' lang='lat' dir='ltr'><strong>inventor.</strong></span> <span class='ocrx_word' id='word_1_636' title='bbox 3428 3954 3587 4023; x_wconf 74' lang='lat' dir='ltr'><strong>juxta</strong></span> 
     </span>
    </p>
   </div>
   <div class='ocr_carea' id='block_1_84' title="bbox 2019 4045 3588 4118">
    <p class='ocr_par' dir='ltr' id='par_1_84' title="bbox 2019 4045 3588 4118">
     <span class='ocr_line' id='line_1_84' title="bbox 2019 4045 3588 4118; baseline -0.003 -16"><span class='ocrx_word' id='word_1_637' title='bbox 2019 4049 2312 4118; x_wconf 83' lang='lat' dir='ltr'><strong>magistros</strong></span> <span class='ocrx_word' id='word_1_638' title='bbox 2351 4047 2446 4117; x_wconf 91' lang='lat' dir='ltr'><strong>qui</strong></span> <span class='ocrx_word' id='word_1_639' title='bbox 2479 4062 2602 4100; x_wconf 90' lang='lat' dir='ltr'><strong>eum</strong></span> <span class='ocrx_word' id='word_1_640' title='bbox 2647 4048 2773 4098; x_wconf 88' lang='lat' dir='ltr'><strong>talia</strong></span> <span class='ocrx_word' id='word_1_641' title='bbox 2806 4048 3061 4116; x_wconf 77' lang='lat' dir='ltr'><strong>ﬁgmenta</strong></span> <span class='ocrx_word' id='word_1_642' title='bbox 3093 4047 3417 4109; x_wconf 89' lang='lat' dir='ltr'><strong>docuerunt,</strong></span> <span class='ocrx_word' id='word_1_643' title='bbox 3447 4045 3588 4099; x_wconf 84' lang='lat' dir='ltr'><strong>divi-</strong></span> 
     </span>
    </p>
   </div>
   <div class='ocr_carea' id='block_1_85' title="bbox 2017 4138 3589 4210">
    <p class='ocr_par' dir='ltr' id='par_1_85' title="bbox 2017 4138 3589 4210">
     <span class='ocr_line' id='line_1_85' title="bbox 2017 4138 3589 4210; baseline 0 -18"><span class='ocrx_word' id='word_1_644' title='bbox 2017 4155 2146 4194; x_wconf 91' lang='lat' dir='ltr'><strong>num</strong></span> <span class='ocrx_word' id='word_1_645' title='bbox 2177 4140 2492 4210; x_wconf 87' lang='lat' dir='ltr'><strong>mysterium</strong></span> <span class='ocrx_word' id='word_1_646' title='bbox 2524 4139 2855 4204; x_wconf 89' lang='lat' dir='ltr'><strong>subsannat;</strong></span> <span class='ocrx_word' id='word_1_647' title='bbox 2904 4149 2958 4192; x_wconf 88' lang='lat' dir='ltr'><strong>et</strong></span> <span class='ocrx_word' id='word_1_648' title='bbox 2999 4153 3120 4192; x_wconf 90' lang='lat' dir='ltr'><strong>cum</strong></span> <span class='ocrx_word' id='word_1_649' title='bbox 3152 4139 3444 4207; x_wconf 82' lang='lat' dir='ltr'><strong>Apostolus</strong></span> <span class='ocrx_word' id='word_1_650' title='bbox 3479 4138 3589 4192; x_wconf 85' lang='lat' dir='ltr'><strong>alta</strong></span> 
     </span>
    </p>
   </div>
   <div class='ocr_carea' id='block_1_86' title="bbox 2020 4229 3585 4291">
    <p class='ocr_par' dir='ltr' id='par_1_86' title="bbox 2020 4229 3585 4291">
     <span class='ocr_line' id='line_1_86' title="bbox 2020 4229 3585 4291; baseline 0.001 -11"><span class='ocrx_word' id='word_1_651' title='bbox 2020 4244 2153 4283; x_wconf 87' lang='lat' dir='ltr'><strong>voce</strong></span> <span class='ocrx_word' id='word_1_652' title='bbox 2191 4231 2386 4284; x_wconf 85' lang='lat' dir='ltr'><strong>clamet</strong></span> <span class='ocrx_word' id='word_1_653' title='bbox 2445 4229 2516 4291; x_wconf 82' lang='grc'><strong>³⁸,</strong></span> <span class='ocrx_word' id='word_1_654' title='bbox 2554 4229 2654 4282; x_wconf 85' lang='lat' dir='ltr'><strong>Per</strong></span> <span class='ocrx_word' id='word_1_655' title='bbox 2701 4229 2965 4282; x_wconf 83' lang='lat' dir='ltr'><strong>hominem</strong></span> <span class='ocrx_word' id='word_1_656' title='bbox 3005 4229 3316 4283; x_wconf 74' lang='lat' dir='ltr'><strong>resurrectio</strong></span> <span class='ocrx_word' id='word_1_657' title='bbox 3347 4239 3585 4282; x_wconf 85' lang='lat' dir='ltr'><strong>mortuo-</strong></span> 
     </span>
    </p>
   </div>
   <div class='ocr_carea' id='block_1_87' title="bbox 341 4313 1911 4391">
    <p class='ocr_par' dir='ltr' id='par_1_87' title="bbox 341 4313 1911 4386">
     <span class='ocr_line' id='line_1_87' title="bbox 341 4313 1911 4386; baseline -0.002 -17"><span class='ocrx_word' id='word_1_658' title='bbox 341 4316 422 4386; x_wconf 75' lang='grc' dir='ltr'>τῷ</span> <span class='ocrx_word' id='word_1_659' title='bbox 453 4315 707 4386; x_wconf 83' lang='grc' dir='ltr'>ἀπολύτῳ</span> <span class='ocrx_word' id='word_1_660' title='bbox 754 4316 853 4385; x_wconf 86' lang='grc' dir='ltr'>τῆς</span> <span class='ocrx_word' id='word_1_661' title='bbox 884 4317 1067 4386; x_wconf 84' lang='grc' dir='ltr'>φωνῆς</span> <span class='ocrx_word' id='word_1_662' title='bbox 1111 4314 1378 4385; x_wconf 85' lang='grc' dir='ltr'>ἁμείωτον</span> <span class='ocrx_word' id='word_1_663' title='bbox 1414 4313 1785 4385; x_wconf 61' lang='grc' dir='ltr'>ἐπιδειξαμένου</span> <span class='ocrx_word' id='word_1_664' title='bbox 1819 4315 1911 4386; x_wconf 83' lang='grc' dir='ltr'>τὴν</span> 
     </span>
    </p>
   </div>
   <div class='ocr_carea' id='block_1_88' title="bbox 2013 4313 3588 4391">
    <p class='ocr_par' dir='ltr' id='par_1_88' title="bbox 2030 4320 3588 4391">
     <span class='ocr_line' id='line_1_88' title="bbox 2030 4320 3588 4391; baseline 0.001 -17"><span class='ocrx_word' id='word_1_665' title='bbox 2030 4338 2178 4384; x_wconf 86' lang='lat' dir='ltr'><strong>rum;</strong></span> <span class='ocrx_word' id='word_1_666' title='bbox 2235 4323 2436 4391; x_wconf 89' lang='lat' dir='ltr'><strong>quibus</strong></span> <span class='ocrx_word' id='word_1_667' title='bbox 2481 4321 2660 4376; x_wconf 88' lang='lat' dir='ltr'><strong>verbis</strong></span> <span class='ocrx_word' id='word_1_668' title='bbox 2694 4336 2802 4374; x_wconf 91' lang='lat' dir='ltr'><strong>non</strong></span> <span class='ocrx_word' id='word_1_669' title='bbox 2833 4320 3117 4374; x_wconf 89' lang='lat' dir='ltr'><strong>dimidium</strong></span> <span class='ocrx_word' id='word_1_670' title='bbox 3157 4321 3454 4385; x_wconf 90' lang='lat' dir='ltr'><strong>hominem,</strong></span> <span class='ocrx_word' id='word_1_671' title='bbox 3485 4336 3588 4376; x_wconf 88' lang='lat' dir='ltr'><strong>nec</strong></span> 
     </span>
    </p>
   </div>
   <div class='ocr_carea' id='block_1_89' title="bbox 344 4399 1922 4477">
    <p class='ocr_par' dir='ltr' id='par_1_89' title="bbox 344 4399 1922 4477">
     <span class='ocr_line' id='line_1_89' title="bbox 344 4399 1922 4477; baseline -0.002 -18"><span class='ocrx_word' id='word_1_672' title='bbox 344 4406 528 4476; x_wconf 82' lang='grc' dir='ltr'>φύσιν,</span> <span class='ocrx_word' id='word_1_673' title='bbox 561 4407 661 4476; x_wconf 83' lang='grc' dir='ltr'><strong>τὴν</strong></span> <span class='ocrx_word' id='word_1_674' title='bbox 693 4405 1094 4477; x_wconf 86' lang='grc' dir='ltr'>σημαινομένην</span> <span class='ocrx_word' id='word_1_675' title='bbox 1141 4407 1198 4457; x_wconf 82' lang='grc' dir='ltr'><strong>ὲν</strong></span> <span class='ocrx_word' id='word_1_676' title='bbox 1242 4403 1320 4475; x_wconf 79' lang='grc' dir='ltr'><strong>τῷ</strong></span> <span class='ocrx_word' id='word_1_677' title='bbox 1348 4405 1570 4476; x_wconf 87' lang='grc' dir='ltr'>ὀνόματι</span> <span class='ocrx_word' id='word_1_678' title='bbox 1599 4419 1613 4434; x_wconf 77' lang='grc'><strong><em>⁸</em></strong></span> <span class='ocrx_word' id='word_1_679' title='bbox 1637 4399 1791 4467; x_wconf 75' lang='grc' dir='ltr'>οὗτος</span> <span class='ocrx_word' id='word_1_680' title='bbox 1832 4421 1922 4474; x_wconf 83' lang='grc' dir='ltr'>μι-</span> 
     </span>
    </p>
   </div>
   <div class='ocr_carea' id='block_1_90' title="bbox 343 4495 1921 4569">
    <p class='ocr_par' dir='ltr' id='par_1_90' title="bbox 343 4495 1921 4569">
     <span class='ocr_line' id='line_1_90' title="bbox 343 4495 1921 4569; baseline -0.003 -17"><span class='ocrx_word' id='word_1_681' title='bbox 343 4498 618 4569; x_wconf 80' lang='grc' dir='ltr'>νώταυρον</span> <span class='ocrx_word' id='word_1_682' title='bbox 642 4498 770 4567; x_wconf 80' lang='grc' dir='ltr'>ἡμῖν</span> <span class='ocrx_word' id='word_1_683' title='bbox 794 4497 880 4550; x_wconf 82' lang='grc' dir='ltr'><strong>διὰ</strong></span> <span class='ocrx_word' id='word_1_684' title='bbox 899 4497 998 4566; x_wconf 84' lang='grc' dir='ltr'><strong>τῆς</strong></span> <span class='ocrx_word' id='word_1_685' title='bbox 1024 4497 1252 4566; x_wconf 77' lang='grc' dir='ltr'>αἰσχρᾶς</span> <span class='ocrx_word' id='word_1_686' title='bbox 1268 4495 1470 4568; x_wconf 87' lang='grc' dir='ltr'>ταύτης</span> <span class='ocrx_word' id='word_1_687' title='bbox 1519 4496 1921 4568; x_wconf 76' lang='grc' dir='ltr'>ὀνοματοποιῖας</span> 
     </span>
    </p>
   </div>
   <div class='ocr_carea' id='block_1_91' title="bbox 344 4587 1922 4665">
    <p class='ocr_par' dir='ltr' id='par_1_91' title="bbox 344 4587 1922 4665">
     <span class='ocr_line' id='line_1_91' title="bbox 344 4587 1922 4665; baseline -0.003 -18"><span class='ocrx_word' id='word_1_688' title='bbox 344 4592 695 4665; x_wconf 88' lang='grc' dir='ltr'>τερατεύεται</span> <span class='ocrx_word' id='word_1_689' title='bbox 723 4591 784 4644; x_wconf 91' lang='lat'><strong>16</strong></span> <span class='ocrx_word' id='word_1_690' title='bbox 813 4591 1105 4660; x_wconf 82' lang='grc' dir='ltr'>μυστήριον</span> <span class='ocrx_word' id='word_1_691' title='bbox 1143 4589 1275 4659; x_wconf 70' lang='grc'>(82),</span> <span class='ocrx_word' id='word_1_692' title='bbox 1306 4589 1504 4652; x_wconf 80' lang='grc' dir='ltr'>πολλὰς</span> <span class='ocrx_word' id='word_1_693' title='bbox 1535 4587 1788 4660; x_wconf 85' lang='grc' dir='ltr'>παρέχων</span> <span class='ocrx_word' id='word_1_694' title='bbox 1814 4593 1922 4653; x_wconf 87' lang='grc' dir='ltr'>τοῖς</span> 
     </span>
    </p>
   </div>
   <div class='ocr_carea' id='block_1_92' title="bbox 345 4675 1924 4758">
    <p class='ocr_par' dir='ltr' id='par_1_92' title="bbox 345 4675 1924 4758">
     <span class='ocr_line' id='line_1_92' title="bbox 345 4675 1924 4758; baseline -0.006 -16"><span class='ocrx_word' id='word_1_695' title='bbox 345 4685 646 4758; x_wconf 81' lang='grc' dir='ltr'>ἀλλοτρίοις</span> <span class='ocrx_word' id='word_1_696' title='bbox 671 4685 768 4756; x_wconf 85' lang='grc' dir='ltr'><strong>τῆς</strong></span> <span class='ocrx_word' id='word_1_697' title='bbox 807 4683 1042 4743; x_wconf 85' lang='grc' dir='ltr'>πίστεως</span> <span class='ocrx_word' id='word_1_698' title='bbox 1073 4682 1344 4752; x_wconf 80' lang='grc' dir='ltr'>ἀφορμὰς,</span> <span class='ocrx_word' id='word_1_699' title='bbox 1367 4681 1432 4735; x_wconf 82' lang='grc' dir='ltr'>δι’</span> <span class='ocrx_word' id='word_1_700' title='bbox 1467 4675 1542 4734; x_wconf 83' lang='grc' dir='ltr'>ὧν</span> <span class='ocrx_word' id='word_1_701' title='bbox 1575 4682 1815 4752; x_wconf 76' lang='grc' dir='ltr'>εἴρηκεν,</span> <span class='ocrx_word' id='word_1_702' title='bbox 1845 4683 1924 4744; x_wconf 90' lang='grc' dir='ltr'><strong>είς</strong></span> 
     </span>
    </p>
   </div>
   <div class='ocr_carea' id='block_1_93' title="bbox 342 4773 1922 4849">
    <p class='ocr_par' dir='ltr' id='par_1_93' title="bbox 342 4773 1922 4849">
     <span class='ocr_line' id='line_1_93' title="bbox 342 4773 1922 4849; baseline -0.004 -16"><span class='ocrx_word' id='word_1_703' title='bbox 342 4781 408 4833; x_wconf 84' lang='grc' dir='ltr'>’τὸ</span> <span class='ocrx_word' id='word_1_704' title='bbox 439 4777 719 4849; x_wconf 75' lang='grc' dir='ltr'>χλευάζειν</span> <span class='ocrx_word' id='word_1_705' title='bbox 743 4776 832 4830; x_wconf 87' lang='grc' dir='ltr'><strong>τὸν</strong></span> <span class='ocrx_word' id='word_1_706' title='bbox 863 4775 1020 4844; x_wconf 86' lang='grc' dir='ltr'>λόγον</span> <span class='ocrx_word' id='word_1_707' title='bbox 1048 4775 1147 4843; x_wconf 81' lang='grc' dir='ltr'><strong>τῆς</strong></span> <span class='ocrx_word' id='word_1_708' title='bbox 1175 4773 1424 4836; x_wconf 86' lang='grc' dir='ltr'>πίστεως.</span> <span class='ocrx_word' id='word_1_709' title='bbox 1456 4775 1529 4826; x_wconf 83' lang='grc' dir='ltr'><strong>Οὐ</strong></span> <span class='ocrx_word' id='word_1_710' title='bbox 1560 4775 1665 4847; x_wconf 81' lang='grc' dir='ltr'><strong>γάρ</strong></span> <span class='ocrx_word' id='word_1_711' title='bbox 1697 4775 1805 4829; x_wconf 72' lang='grc' dir='ltr'>ἔστι</span> <span class='ocrx_word' id='word_1_712' title='bbox 1835 4776 1922 4827; x_wconf 83' lang='grc' dir='ltr'><strong>τὸν</strong></span> 
     </span>
    </p>
   </div>
   <div class='ocr_carea' id='block_1_94' title="bbox 347 4862 1922 4938">
    <p class='ocr_par' dir='ltr' id='par_1_94' title="bbox 347 4862 1922 4938">
     <span class='ocr_line' id='line_1_94' title="bbox 347 4862 1922 4938; baseline -0.001 -18"><span class='ocrx_word' id='word_1_713' title='bbox 347 4867 624 4938; x_wconf 75' lang='grc' dir='ltr'>διασύρειν</span> <span class='ocrx_word' id='word_1_714' title='bbox 651 4867 743 4918; x_wconf 74' lang='grc' dir='ltr'><strong>ἐπὶ</strong></span> <span class='ocrx_word' id='word_1_715' title='bbox 771 4865 965 4933; x_wconf 84' lang='grc' dir='ltr'>γέλωτι</span> <span class='ocrx_word' id='word_1_716' title='bbox 1009 4862 1080 4916; x_wconf 85' lang='grc' dir='ltr'>τὰ</span> <span class='ocrx_word' id='word_1_717' title='bbox 1104 4863 1348 4933; x_wconf 79' lang='grc' dir='ltr'>δόγματα</span> <span class='ocrx_word' id='word_1_718' title='bbox 1381 4863 1598 4916; x_wconf 85' lang='grc' dir='ltr'>θέλοντα.</span> <span class='ocrx_word' id='word_1_719' title='bbox 1616 4905 1630 4928; x_wconf 94' lang='grc'><strong>,</strong></span> <span class='ocrx_word' id='word_1_720' title='bbox 1676 4866 1775 4936; x_wconf 86' lang='grc' dir='ltr'>τῆς</span> <span class='ocrx_word' id='word_1_721' title='bbox 1800 4867 1922 4918; x_wconf 81' lang='grc' dir='ltr'><strong>ἀτό-</strong></span> 
     </span>
    </p>
   </div>
   <div class='ocr_carea' id='block_1_95' title="bbox 349 4954 1920 5028">
    <p class='ocr_par' dir='ltr' id='par_1_95' title="bbox 349 4954 1920 5028">
     <span class='ocr_line' id='line_1_95' title="bbox 349 4954 1920 5028; baseline -0.003 -16"><span class='ocrx_word' id='word_1_722' title='bbox 349 4973 454 5012; x_wconf 85' lang='grc' dir='ltr'><strong>που</strong></span> <span class='ocrx_word' id='word_1_723' title='bbox 484 4957 688 5027; x_wconf 86' lang='grc' dir='ltr'>ταύτης</span> <span class='ocrx_word' id='word_1_724' title='bbox 734 4955 1034 5018; x_wconf 77' lang='grc' dir='ltr'>συνθέσεως</span> <span class='ocrx_word' id='word_1_725' title='bbox 1062 4954 1154 5008; x_wconf 86' lang='grc' dir='ltr'><strong>τὸν</strong></span> <span class='ocrx_word' id='word_1_726' title='bbox 1187 4955 1343 5022; x_wconf 87' lang='grc' dir='ltr'>λόγον</span> <span class='ocrx_word' id='word_1_727' title='bbox 1375 4955 1486 5024; x_wconf 78' lang='grc'>(85)</span> <span class='ocrx_word' id='word_1_728' title='bbox 1521 4956 1920 5028; x_wconf 85' lang='grc' dir='ltr'>ἀποτραπῆναι,</span> 
     </span>
    </p>
   </div>
   <div class='ocr_carea' id='block_1_96' title="bbox 423 5069 1394 5138">
    <p class='ocr_par' dir='ltr' id='par_1_96' title="bbox 423 5069 1394 5138">
     <span class='ocr_line' id='line_1_96' title="bbox 423 5069 1394 5138; baseline 0.004 -15"><span class='ocrx_word' id='word_1_729' title='bbox 423 5075 466 5102; x_wconf 67' lang='grc'><strong>³⁵</strong></span> <span class='ocrx_word' id='word_1_730' title='bbox 498 5072 676 5125; x_wconf 73' lang='lat' dir='ltr'><strong>Erele.</strong></span> <span class='ocrx_word' id='word_1_731' title='bbox 703 5087 762 5138; x_wconf 67' lang='grc' dir='ltr'><strong>ν,</strong></span> <span class='ocrx_word' id='word_1_732' title='bbox 782 5071 839 5125; x_wconf 74' lang='lat'><strong>2.</strong></span> <span class='ocrx_word' id='word_1_733' title='bbox 916 5071 960 5102; x_wconf 81' lang='grc'><strong>³⁸</strong></span> <span class='ocrx_word' id='word_1_734' title='bbox 986 5070 1005 5123; x_wconf 89' lang='lat' dir='ltr'>l</span> <span class='ocrx_word' id='word_1_735' title='bbox 1031 5071 1158 5125; x_wconf 84' lang='lat' dir='ltr'><strong>Cor.</strong></span> <span class='ocrx_word' id='word_1_736' title='bbox 1191 5086 1280 5135; x_wconf 81' lang='lat' dir='ltr'><strong>xv,</strong></span> <span class='ocrx_word' id='word_1_737' title='bbox 1303 5069 1394 5127; x_wconf 73' lang='grc'><strong>21.</strong></span> 
     </span>
    </p>
   </div>
   <div class='ocr_carea' id='block_1_97' title="bbox 424 5202 1922 5276">
    <p class='ocr_par' dir='ltr' id='par_1_97' title="bbox 424 5202 1922 5276">
     <span class='ocr_line' id='line_1_97' title="bbox 424 5202 1922 5276; baseline -0.002 -16"><span class='ocrx_word' id='word_1_738' title='bbox 424 5208 538 5276; x_wconf 61' lang='grc'>(74)</span> <span class='ocrx_word' id='word_1_739' title='bbox 567 5207 640 5259; x_wconf 80' lang='lat' dir='ltr'><strong>Ita</strong></span> <span class='ocrx_word' id='word_1_740' title='bbox 665 5223 835 5272; x_wconf 90' lang='lat' dir='ltr'><strong>corr.;</strong></span> <span class='ocrx_word' id='word_1_741' title='bbox 862 5217 1018 5260; x_wconf 83' lang='lat' dir='ltr'><strong>antea</strong></span> <span class='ocrx_word' id='word_1_742' title='bbox 1043 5214 1159 5260; x_wconf 85' lang='lat' dir='ltr'><strong>erat</strong></span> <span class='ocrx_word' id='word_1_743' title='bbox 1196 5206 1547 5274; x_wconf 77' lang='grc' dir='ltr'>δυσφὸρατον.</span> <span class='ocrx_word' id='word_1_744' title='bbox 1576 5202 1710 5259; x_wconf 73' lang='lat' dir='ltr'><strong>\‘ide</strong></span> <span class='ocrx_word' id='word_1_745' title='bbox 1745 5215 1922 5258; x_wconf 88' lang='lat' dir='ltr'><strong>autem</strong></span> 
     </span>
    </p>
   </div>
   <div class='ocr_carea' id='block_1_98' title="bbox 357 5277 1924 5347">
    <p class='ocr_par' dir='ltr' id='par_1_98' title="bbox 357 5277 1924 5347">
     <span class='ocr_line' id='line_1_98' title="bbox 357 5277 1924 5347; baseline -0.001 -15"><span class='ocrx_word' id='word_1_746' title='bbox 357 5293 425 5332; x_wconf 78' lang='lat' dir='ltr'><strong>an</strong></span> <span class='ocrx_word' id='word_1_747' title='bbox 458 5281 741 5347; x_wconf 68' lang='lat' dir='ltr'><strong>tegendqu</strong></span> <span class='ocrx_word' id='word_1_748' title='bbox 783 5283 854 5331; x_wconf 84' lang='lat' dir='ltr'><strong>sit</strong></span> <span class='ocrx_word' id='word_1_749' title='bbox 889 5277 1275 5347; x_wconf 78' lang='grc' dir='ltr'>δυσφόραστον,</span> <span class='ocrx_word' id='word_1_750' title='bbox 1328 5280 1471 5346; x_wconf 88' lang='lat' dir='ltr'><strong>qttod</strong></span> <span class='ocrx_word' id='word_1_751' title='bbox 1522 5277 1742 5329; x_wconf 84' lang='lat' dir='ltr'><strong>verbum</strong></span> <span class='ocrx_word' id='word_1_752' title='bbox 1782 5277 1924 5346; x_wconf 89' lang='lat' dir='ltr'><strong>apud</strong></span> 
     </span>
    </p>
   </div>
   <div class='ocr_carea' id='block_1_99' title="bbox 358 5349 904 5416">
    <p class='ocr_par' dir='ltr' id='par_1_99' title="bbox 358 5349 904 5416">
     <span class='ocr_line' id='line_1_99' title="bbox 358 5349 904 5416; baseline -0.009 -13"><span class='ocrx_word' id='word_1_753' title='bbox 358 5351 581 5403; x_wconf 71' lang='lat' dir='ltr'><strong>Suidam</strong></span> <span class='ocrx_word' id='word_1_754' title='bbox 616 5349 904 5416; x_wconf 71' lang='lat' dir='ltr'><strong>reperitur.</strong></span> 
     </span>
    </p>
   </div>
   <div class='ocr_carea' id='block_1_100' title="bbox 429 5415 1924 5489">
    <p class='ocr_par' dir='ltr' id='par_1_100' title="bbox 429 5415 1924 5489">
     <span class='ocr_line' id='line_1_100' title="bbox 429 5415 1924 5489; baseline -0.001 -18"><span class='ocrx_word' id='word_1_755' title='bbox 429 5419 562 5487; x_wconf 57' lang='lat' dir='ltr'>(7f)</span> <span class='ocrx_word' id='word_1_756' title='bbox 589 5415 744 5471; x_wconf 61' lang='grc' dir='ltr'><strong>(Σοί-ι’.</strong></span> <span class='ocrx_word' id='word_1_757' title='bbox 779 5417 998 5487; x_wconf 72' lang='grc' dir='ltr'>ἐλλιπὴς</span> <span class='ocrx_word' id='word_1_758' title='bbox 1021 5417 1106 5487; x_wconf 74' lang='grc' dir='ltr'>εἴη</span> <span class='ocrx_word' id='word_1_759' title='bbox 1129 5417 1206 5489; x_wconf 81' lang='grc' dir='ltr'>τῷ</span> <span class='ocrx_word' id='word_1_760' title='bbox 1237 5418 1316 5472; x_wconf 87' lang='grc' dir='ltr'>νοῒ</span> <span class='ocrx_word' id='word_1_761' title='bbox 1351 5419 1377 5470; x_wconf 89' lang='lat'><strong>6</strong></span> <span class='ocrx_word' id='word_1_762' title='bbox 1411 5416 1714 5486; x_wconf 81' lang='grc' dir='ltr'>ἄνθρωπος,</span> <span class='ocrx_word' id='word_1_763' title='bbox 1761 5415 1924 5487; x_wconf 79' lang='grc' dir='ltr'>οὐρά-</span> 
     </span>
    </p>
   </div>
   <div class='ocr_carea' id='block_1_101' title="bbox 360 5490 687 5544">
    <p class='ocr_par' dir='ltr' id='par_1_101' title="bbox 360 5490 687 5544">
     <span class='ocr_line' id='line_1_101' title="bbox 360 5490 687 5544; baseline -0.009 0"><span class='ocrx_word' id='word_1_764' title='bbox 360 5507 473 5544; x_wconf 69' lang='grc' dir='ltr'>νιον</span> <span class='ocrx_word' id='word_1_765' title='bbox 507 5490 687 5541; x_wconf 67' lang='grc' dir='ltr'>αὐτόν.</span> 
     </span>
    </p>
   </div>
   <div class='ocr_carea' id='block_1_102' title="bbox 431 5557 1027 5625">
    <p class='ocr_par' dir='ltr' id='par_1_102' title="bbox 431 5557 1027 5625">
     <span class='ocr_line' id='line_1_102' title="bbox 431 5557 1027 5625; baseline 0.005 -17"><span class='ocrx_word' id='word_1_766' title='bbox 431 5561 538 5625; x_wconf 70' lang='grc'>(75)</span> <span class='ocrx_word' id='word_1_767' title='bbox 568 5561 722 5611; x_wconf 74' lang='lat' dir='ltr'><strong>(lorr.</strong></span> <span class='ocrx_word' id='word_1_768' title='bbox 764 5557 1027 5624; x_wconf 76' lang='grc' dir='ltr'>γίνεσθαι.</span> 
     </span>
    </p>
   </div>
   <div class='ocr_carea' id='block_1_103' title="bbox 432 5630 1022 5698">
    <p class='ocr_par' dir='ltr' id='par_1_103' title="bbox 432 5630 1022 5698">
     <span class='ocr_line' id='line_1_103' title="bbox 432 5630 1022 5698; baseline 0 -16"><span class='ocrx_word' id='word_1_769' title='bbox 432 5632 540 5691; x_wconf 81' lang='lat' dir='ltr'>(7U)</span> <span class='ocrx_word' id='word_1_770' title='bbox 563 5631 719 5682; x_wconf 72' lang='lat' dir='ltr'><strong>Cufl&#39;.</strong></span> <span class='ocrx_word' id='word_1_771' title='bbox 756 5630 1022 5698; x_wconf 74' lang='grc' dir='ltr'>οὐράνιον.</span> 
     </span>
    </p>
   </div>
   <div class='ocr_carea' id='block_1_104' title="bbox 432 5699 1153 5768">
    <p class='ocr_par' dir='ltr' id='par_1_104' title="bbox 432 5699 1153 5768">
     <span class='ocr_line' id='line_1_104' title="bbox 432 5699 1153 5768; baseline -0.003 -16"><span class='ocrx_word' id='word_1_772' title='bbox 432 5700 542 5768; x_wconf 80' lang='grc'>(77)</span> <span class='ocrx_word' id='word_1_773' title='bbox 573 5701 728 5755; x_wconf 71' lang='lat' dir='ltr'><strong>Corr.</strong></span> <span class='ocrx_word' id='word_1_774' title='bbox 764 5699 941 5762; x_wconf 80' lang='grc' dir='ltr'>καθώς</span> <span class='ocrx_word' id='word_1_775' title='bbox 973 5715 1153 5768; x_wconf 80' lang='grc' dir='ltr'>φησιν.</span> 
     </span>
    </p>
   </div>
   <div class='ocr_carea' id='block_1_105' title="bbox 2021 4411 3587 4484">
    <p class='ocr_par' dir='ltr' id='par_1_105' title="bbox 2021 4411 3587 4484">
     <span class='ocr_line' id='line_1_105' title="bbox 2021 4411 3587 4484; baseline 0.001 -17"><span class='ocrx_word' id='word_1_776' title='bbox 2021 4415 2187 4484; x_wconf 88' lang='lat' dir='ltr'><strong>paulo</strong></span> <span class='ocrx_word' id='word_1_777' title='bbox 2220 4416 2340 4484; x_wconf 86' lang='lat' dir='ltr'><strong>plus</strong></span> <span class='ocrx_word' id='word_1_778' title='bbox 2375 4413 2602 4467; x_wconf 89' lang='lat' dir='ltr'><strong>dimidio</strong></span> <span class='ocrx_word' id='word_1_779' title='bbox 2631 4412 2923 4467; x_wconf 87' lang='lat' dir='ltr'><strong>habentem</strong></span> <span class='ocrx_word' id='word_1_780' title='bbox 2960 4411 3235 4482; x_wconf 81' lang='lat' dir='ltr'><strong>intelligit,</strong></span> <span class='ocrx_word' id='word_1_781' title='bbox 3287 4413 3384 4466; x_wconf 87' lang='lat' dir='ltr'><strong>sed</strong></span> <span class='ocrx_word' id='word_1_782' title='bbox 3422 4413 3587 4468; x_wconf 88' lang='lat' dir='ltr'><strong>abso-</strong></span> 
     </span>
    </p>
   </div>
   <div class='ocr_carea' id='block_1_106' title="bbox 2022 4504 3592 4575">
    <p class='ocr_par' dir='ltr' id='par_1_106' title="bbox 2022 4504 3592 4575">
     <span class='ocr_line' id='line_1_106' title="bbox 2022 4504 3592 4575; baseline -0.001 -15"><span class='ocrx_word' id='word_1_783' title='bbox 2022 4507 2133 4560; x_wconf 90' lang='lat' dir='ltr'><strong>lute</strong></span> <span class='ocrx_word' id='word_1_784' title='bbox 2174 4506 2450 4571; x_wconf 84' lang='lat' dir='ltr'><strong>hormnem</strong></span> <span class='ocrx_word' id='word_1_785' title='bbox 2477 4505 2728 4567; x_wconf 87' lang='lat' dir='ltr'><strong>dicendo,</strong></span> <span class='ocrx_word' id='word_1_786' title='bbox 2764 4504 3024 4574; x_wconf 75' lang='lat' dir='ltr'><strong>integram</strong></span> <span class='ocrx_word' id='word_1_787' title='bbox 3049 4519 3173 4559; x_wconf 89' lang='lat' dir='ltr'><strong>esse</strong></span> <span class='ocrx_word' id='word_1_788' title='bbox 3198 4512 3450 4558; x_wconf 88' lang='lat' dir='ltr'><strong>naturam</strong></span> <span class='ocrx_word' id='word_1_789' title='bbox 3470 4521 3592 4575; x_wconf 65' lang='lat' dir='ltr'><strong>quae</strong></span> 
     </span>
    </p>
   </div>
   <div class='ocr_carea' id='block_1_107' title="bbox 2022 4596 3590 4667">
    <p class='ocr_par' dir='ltr' id='par_1_107' title="bbox 2022 4596 3590 4667">
     <span class='ocr_line' id='line_1_107' title="bbox 2022 4596 3590 4667; baseline 0 -15"><span class='ocrx_word' id='word_1_790' title='bbox 2022 4599 2118 4652; x_wconf 89' lang='lat' dir='ltr'><strong>illo</strong></span> <span class='ocrx_word' id='word_1_791' title='bbox 2137 4599 2358 4653; x_wconf 87' lang='lat' dir='ltr'><strong>nomine</strong></span> <span class='ocrx_word' id='word_1_792' title='bbox 2392 4597 2737 4667; x_wconf 73' lang='lat' dir='ltr'><strong>signiﬁcatur</strong></span> <span class='ocrx_word' id='word_1_793' title='bbox 2782 4596 3058 4663; x_wconf 87' lang='lat' dir='ltr'><strong>ostendit;</strong></span> <span class='ocrx_word' id='word_1_794' title='bbox 3092 4597 3184 4651; x_wconf 91' lang='lat' dir='ltr'><strong>hic</strong></span> <span class='ocrx_word' id='word_1_795' title='bbox 3220 4597 3590 4652; x_wconf 88' lang='lat' dir='ltr'><strong>minotaurum</strong></span> 
     </span>
    </p>
   </div>
   <div class='ocr_carea' id='block_1_108' title="bbox 2022 4683 3592 4756">
    <p class='ocr_par' dir='ltr' id='par_1_108' title="bbox 2022 4683 3592 4756">
     <span class='ocr_line' id='line_1_108' title="bbox 2022 4683 3592 4756; baseline -0.004 -16"><span class='ocrx_word' id='word_1_796' title='bbox 2022 4688 2182 4742; x_wconf 88' lang='lat' dir='ltr'><strong>nobis</strong></span> <span class='ocrx_word' id='word_1_797' title='bbox 2212 4703 2308 4756; x_wconf 89' lang='lat' dir='ltr'><strong>per</strong></span> <span class='ocrx_word' id='word_1_798' title='bbox 2341 4696 2550 4756; x_wconf 90' lang='lat' dir='ltr'><strong>turpem</strong></span> <span class='ocrx_word' id='word_1_799' title='bbox 2598 4685 2739 4739; x_wconf 91' lang='lat' dir='ltr'><strong>hanc</strong></span> <span class='ocrx_word' id='word_1_800' title='bbox 2770 4685 3050 4739; x_wconf 90' lang='lat' dir='ltr'><strong>nominum</strong></span> <span class='ocrx_word' id='word_1_801' title='bbox 3085 4683 3354 4738; x_wconf 75' lang='lat' dir='ltr'><strong>ﬁctionem</strong></span> <span class='ocrx_word' id='word_1_802' title='bbox 3405 4684 3592 4736; x_wconf 89' lang='lat' dir='ltr'><strong>incar-</strong></span> 
     </span>
    </p>
   </div>
   <div class='ocr_carea' id='block_1_109' title="bbox 2029 4772 3593 4848">
    <p class='ocr_par' dir='ltr' id='par_1_109' title="bbox 2029 4772 3593 4848">
     <span class='ocr_line' id='line_1_109' title="bbox 2029 4772 3593 4848; baseline -0.004 -17"><span class='ocrx_word' id='word_1_803' title='bbox 2029 4778 2266 4831; x_wconf 85' lang='lat' dir='ltr'><strong>nationis</strong></span> <span class='ocrx_word' id='word_1_804' title='bbox 2297 4778 2613 4848; x_wconf 89' lang='lat' dir='ltr'><strong>mysterium</strong></span> <span class='ocrx_word' id='word_1_805' title='bbox 2645 4790 2768 4830; x_wconf 89' lang='lat' dir='ltr'><strong>esse</strong></span> <span class='ocrx_word' id='word_1_806' title='bbox 2808 4776 3115 4846; x_wconf 77' lang='lat' dir='ltr'><strong>prodigiose</strong></span> <span class='ocrx_word' id='word_1_807' title='bbox 3139 4774 3422 4844; x_wconf 80' lang='lat' dir='ltr'><strong>conﬁngit,</strong></span> <span class='ocrx_word' id='word_1_808' title='bbox 3448 4772 3593 4826; x_wconf 81' lang='lat' dir='ltr'><strong>mul—</strong></span> 
     </span>
    </p>
   </div>
   <div class='ocr_carea' id='block_1_110' title="bbox 2029 4865 3592 4924">
    <p class='ocr_par' dir='ltr' id='par_1_110' title="bbox 2029 4865 3592 4924">
     <span class='ocr_line' id='line_1_110' title="bbox 2029 4865 3592 4924; baseline -0.004 -1"><span class='ocrx_word' id='word_1_809' title='bbox 2029 4879 2110 4923; x_wconf 84' lang='lat' dir='ltr'><strong>tas</strong></span> <span class='ocrx_word' id='word_1_810' title='bbox 2142 4869 2256 4924; x_wconf 90' lang='lat' dir='ltr'><strong>suis</strong></span> <span class='ocrx_word' id='word_1_811' title='bbox 2295 4869 2348 4920; x_wconf 91' lang='lat' dir='ltr'><strong>iu</strong></span> <span class='ocrx_word' id='word_1_812' title='bbox 2397 4868 2578 4923; x_wconf 88' lang='lat' dir='ltr'><strong>verbis</strong></span> <span class='ocrx_word' id='word_1_813' title='bbox 2622 4867 2690 4922; x_wconf 87' lang='lat' dir='ltr'><strong>ad</strong></span> <span class='ocrx_word' id='word_1_814' title='bbox 2729 4867 3082 4923; x_wconf 86' lang='lat' dir='ltr'><strong>deridendam</strong></span> <span class='ocrx_word' id='word_1_815' title='bbox 3140 4865 3299 4920; x_wconf 74' lang='lat' dir='ltr'><strong>[idem</strong></span> <span class='ocrx_word' id='word_1_816' title='bbox 3349 4872 3592 4920; x_wconf 89' lang='lat' dir='ltr'><strong>nostram</strong></span> 
     </span>
    </p>
   </div>
   <div class='ocr_carea' id='block_1_111' title="bbox 2032 4956 3589 5028">
    <p class='ocr_par' dir='ltr' id='par_1_111' title="bbox 2032 4956 3589 5028">
     <span class='ocr_line' id='line_1_111' title="bbox 2032 4956 3589 5028; baseline -0.004 -12"><span class='ocrx_word' id='word_1_817' title='bbox 2032 4961 2144 5017; x_wconf 90' lang='lat' dir='ltr'><strong>illis</strong></span> <span class='ocrx_word' id='word_1_818' title='bbox 2193 4962 2286 5028; x_wconf 89' lang='lat' dir='ltr'><strong>qui</strong></span> <span class='ocrx_word' id='word_1_819' title='bbox 2345 4962 2413 5014; x_wconf 89' lang='lat' dir='ltr'><strong>ab</strong></span> <span class='ocrx_word' id='word_1_820' title='bbox 2469 4962 2659 5015; x_wconf 89' lang='lat' dir='ltr'><strong>eadem</strong></span> <span class='ocrx_word' id='word_1_821' title='bbox 2699 4961 3052 5022; x_wconf 81' lang='lat' dir='ltr'><strong>dissentiunt,</strong></span> <span class='ocrx_word' id='word_1_822' title='bbox 3103 4972 3267 5012; x_wconf 87' lang='lat' dir='ltr'><strong>ausas</strong></span> <span class='ocrx_word' id='word_1_823' title='bbox 3322 4956 3589 5026; x_wconf 69' lang='lat' dir='ltr'><strong>praebens.</strong></span> 
     </span>
    </p>
   </div>
   <div class='ocr_carea' id='block_1_112' title="bbox 2105 5209 2749 5281">
    <p class='ocr_par' dir='ltr' id='par_1_112' title="bbox 2105 5209 2749 5281">
     <span class='ocr_line' id='line_1_112' title="bbox 2105 5209 2749 5281; baseline 0.002 -20"><span class='ocrx_word' id='word_1_824' title='bbox 2105 5209 2217 5281; x_wconf 88' lang='grc'>(78)</span> <span class='ocrx_word' id='word_1_825' title='bbox 2253 5211 2409 5263; x_wconf 87' lang='lat' dir='ltr'><strong>Corr.</strong></span> <span class='ocrx_word' id='word_1_826' title='bbox 2442 5213 2546 5281; x_wconf 76' lang='grc' dir='ltr'>ἄρα</span> <span class='ocrx_word' id='word_1_827' title='bbox 2575 5212 2669 5264; x_wconf 72' lang='grc' dir='ltr'><strong>καὶ</strong></span> <span class='ocrx_word' id='word_1_828' title='bbox 2701 5213 2749 5262; x_wconf 81' lang='lat'><em>6.</em></span> 
     </span>
    </p>
   </div>
   <div class='ocr_carea' id='block_1_113' title="bbox 2102 5280 2713 5350">
    <p class='ocr_par' dir='ltr' id='par_1_113' title="bbox 2102 5280 2713 5350">
     <span class='ocr_line' id='line_1_113' title="bbox 2102 5280 2713 5350; baseline 0.002 -19"><span class='ocrx_word' id='word_1_829' title='bbox 2102 5280 2213 5348; x_wconf 87' lang='lat'>(79)</span> <span class='ocrx_word' id='word_1_830' title='bbox 2245 5280 2399 5334; x_wconf 88' lang='lat' dir='ltr'><strong>Corr.</strong></span> <span class='ocrx_word' id='word_1_831' title='bbox 2429 5280 2713 5350; x_wconf 75' lang='grc' dir='ltr'>ἠπίστατο.</span> 
     </span>
    </p>
   </div>
   <div class='ocr_carea' id='block_1_114' title="bbox 2101 5351 2692 5417">
    <p class='ocr_par' dir='ltr' id='par_1_114' title="bbox 2101 5351 2692 5417">
     <span class='ocr_line' id='line_1_114' title="bbox 2101 5351 2692 5417; baseline -0.002 -13"><span class='ocrx_word' id='word_1_832' title='bbox 2101 5353 2211 5417; x_wconf 77' lang='grc'>(80)</span> <span class='ocrx_word' id='word_1_833' title='bbox 2240 5355 2358 5403; x_wconf 89' lang='lat' dir='ltr'><strong>Art.</strong></span> <span class='ocrx_word' id='word_1_834' title='bbox 2405 5365 2548 5404; x_wconf 84' lang='lat' dir='ltr'><strong>Curr.</strong></span> <span class='ocrx_word' id='word_1_835' title='bbox 2568 5351 2692 5403; x_wconf 85' lang='lat' dir='ltr'><strong>add.</strong></span> 
     </span>
    </p>
   </div>
   <div class='ocr_carea' id='block_1_115' title="bbox 2103 5420 3457 5502">
    <p class='ocr_par' dir='ltr' id='par_1_115' title="bbox 2103 5420 3457 5502">
     <span class='ocr_line' id='line_1_115' title="bbox 2103 5420 3457 5502; baseline 0.001 -29"><span class='ocrx_word' id='word_1_836' title='bbox 2240 5420 2414 5502; x_wconf 52' lang='lat' dir='ltr'><strong>ifrmp.</strong></span> <span class='ocrx_word' id='word_1_837' title='bbox 2443 5435 2584 5474; x_wconf 89' lang='lat' dir='ltr'><strong>corr.</strong></span> <span class='ocrx_word' id='word_1_838' title='bbox 2614 5422 2702 5502; x_wconf 80' lang='lat' dir='ltr'><strong>hic</strong></span> <span class='ocrx_word' id='word_1_839' title='bbox 2743 5421 3052 5502; x_wconf 59' lang='lat' dir='ltr'><strong>etiamadd.</strong></span> <span class='ocrx_word' id='word_1_840' title='bbox 3149 5493 3158 5502; x_wconf 82' lang='lat'><strong>_</strong></span> <span class='ocrx_word' id='word_1_841' title='bbox 3352 5491 3363 5502; x_wconf 43' lang='lat'><strong><em>.</em></strong></span> <span class='ocrx_word' id='word_1_842' title='bbox 3427 5492 3457 5502; x_wconf 46' lang='grc' dir='ltr'>η</span> 
     </span>
    </p>
   </div>
   <div class='ocr_carea' id='block_1_116' title="bbox 2031 5491 3598 5630">
    <p class='ocr_par' dir='ltr' id='par_1_116' title="bbox 2031 5491 3598 5630">
     <span class='ocr_line' id='line_1_116' title="bbox 2102 5491 3598 5563; baseline 0.005 -21"><span class='ocrx_word' id='word_1_843' title='bbox 2102 5491 2387 5559; x_wconf 68' lang='lat' dir='ltr'><strong>(82)Corr.</strong></span> <span class='ocrx_word' id='word_1_844' title='bbox 2418 5507 2508 5559; x_wconf 79' lang='grc' dir='ltr'>γρ.</span> <span class='ocrx_word' id='word_1_845' title='bbox 2547 5493 2636 5543; x_wconf 79' lang='grc' dir='ltr'><strong>καὶ</strong></span> <span class='ocrx_word' id='word_1_846' title='bbox 2685 5495 2826 5543; x_wconf 77' lang='grc' dir='ltr'>ποιεῖ</span> <span class='ocrx_word' id='word_1_847' title='bbox 2871 5493 2931 5545; x_wconf 90' lang='lat'><em>16</em></span> <span class='ocrx_word' id='word_1_848' title='bbox 2993 5493 3308 5563; x_wconf 67' lang='grc' dir='ltr'>μυστήριον,</span> <span class='ocrx_word' id='word_1_849' title='bbox 3352 5491 3598 5549; x_wconf 69' lang='lat' dir='ltr'><strong>indicans</strong></span> 
     </span>
     <span class='ocr_line' id='line_1_117' title="bbox 2031 5561 2852 5630; baseline 0.001 -16"><span class='ocrx_word' id='word_1_850' title='bbox 2031 5561 2134 5614; x_wconf 79' lang='lat' dir='ltr'><strong>lim:</strong></span> <span class='ocrx_word' id='word_1_851' title='bbox 2167 5563 2328 5613; x_wconf 83' lang='lat' dir='ltr'><strong>etiam</strong></span> <span class='ocrx_word' id='word_1_852' title='bbox 2358 5562 2517 5613; x_wconf 88' lang='lat' dir='ltr'><strong>tnodo</strong></span> <span class='ocrx_word' id='word_1_853' title='bbox 2551 5561 2652 5628; x_wconf 77' lang='lat' dir='ltr'><strong>legi</strong></span> <span class='ocrx_word' id='word_1_854' title='bbox 2678 5578 2852 5630; x_wconf 77' lang='lat' dir='ltr'><strong>posse.</strong></span> 
     </span>
    </p>
   </div>
   <div class='ocr_carea' id='block_1_117' title="bbox 2099 5630 2680 5701">
    <p class='ocr_par' dir='ltr' id='par_1_117' title="bbox 2099 5630 2680 5701">
     <span class='ocr_line' id='line_1_118' title="bbox 2099 5630 2680 5701; baseline -0.002 -15"><span class='ocrx_word' id='word_1_855' title='bbox 2099 5632 2210 5700; x_wconf 77' lang='grc'>(85)</span> <span class='ocrx_word' id='word_1_856' title='bbox 2239 5631 2394 5686; x_wconf 71' lang='lat' dir='ltr'><strong>Co&quot;.</strong></span> <span class='ocrx_word' id='word_1_857' title='bbox 2421 5630 2498 5701; x_wconf 77' lang='grc' dir='ltr'>τῷ</span> <span class='ocrx_word' id='word_1_858' title='bbox 2523 5631 2680 5701; x_wconf 75' lang='grc' dir='ltr'>λόγῳ.</span> 
     </span>
    </p>
   </div>
  </div>
