4020 6500
472 266 613 324 1245

1710 263 1768 319 S.
1799 260 2128 319 GREGORII
2166 259 2464 316 NYSSENI

3591 258 3727 313 i9.“

472 377 632 441 Nullo
663 382 806 438 enim
832 387 990 453 pacto
1016 380 1131 435 lleri
1154 389 1355 450 potest,
1388 389 1447 435 ut
1466 380 1559 451 qui
1574 390 1763 436 nostra
1785 380 2032 450 dogmata

2148 379 2251 433 κᾶν
2292 379 2353 432 τὸ
2385 377 2478 432 τοῦ
2509 376 2846 447 λογογράφου
2866 414 2881 439 ,
2912 375 3014 429 κᾶν
3052 375 3112 429 τὸ
3140 376 3404 447 ἡμέτερον
3434 378 3727 447 ἐπικρατέ-

474 473 771 532 deridenda
789 473 1003 528 cunctis
1028 472 1267 543 praebere
1291 471 1543 535 voluerit,
1572 472 1865 527 absurdam
1900 472 2041 526 hanc

471 567 624 623 vocis
662 565 1113 637 compositionem
1140 564 1547 635 praetermittat,
1596 564 1710 618 sive
1756 562 2041 634 scriptoris

470 658 825 720 sententiam,
861 656 977 711 sive
1029 666 1273 710 nostram
1316 656 1594 709 meliorem
1646 669 1769 709 esse
1814 669 2046 708 censue-

474 754 577 807 rit:
617 759 799 806 utram
848 749 992 804 enim
1035 748 1361 804 sententiam
1412 761 1594 801 veram
1644 762 1767 801 esse
1812 746 2038 811 dixeris,

470 856 755 912 nunquam
786 840 988 896 ellicies
1020 848 1079 893 ut
1125 839 1358 892 duarum
1404 844 1724 892 naturarum
1762 837 2039 905 composi-

470 933 547 985 tio
607 932 829 986 nomine
867 932 960 985 illo
998 946 1105 985 non
1130 931 1484 999 exprimatur.
1518 928 1653 982 Nam
1699 930 1791 999 qui
1821 945 1852 985 e
1901 930 2039 984 cmlo

467 1038 691 1077 carnem
726 1038 851 1078 esse
878 1020 1032 1086 dicit,
1074 1036 1191 1077 eam
1222 1020 1409 1088 utique
1436 1035 1619 1074 veram
1653 1036 1878 1075 carnem
1911 1036 2036 1077 esse

468 1115 705 1170 astruit:
744 1129 873 1169 caro
902 1123 1105 1177 autem,
1137 1128 1257 1183 qua:
1290 1114 1358 1167 ab
1392 1118 1631 1167 animata
1656 1112 1889 1183 quadam
1942 1127 2041 1167 na-

469 1214 593 1262 tura
646 1208 856 1278 regitur
896 1214 949 1261 et
993 1207 1208 1261 vivendi
1263 1207 1317 1261 in
1382 1206 1673 1276 semetipsa
1728 1206 2038 1261 facultatem

467 1297 654 1363 habet,
690 1299 1145 1368 quemadmodum
1186 1300 1348 1352 etiam
1393 1299 1507 1353 vult
1532 1298 1884 1369 Apollinaris,
1942 1312 2041 1367 ap-

468 1388 816 1459 pellationem
880 1388 1115 1443 hominis
1153 1389 1372 1459 proprie
1421 1389 1663 1444 obtinet:
1720 1390 1815 1459 qui
1858 1396 2037 1444 autem

470 1478 647 1549 ipsam
680 1479 979 1549 assumpsit
1005 1496 1209 1549 perque
1257 1495 1378 1536 eam
1416 1496 1476 1537 se
1496 1482 1672 1550 ipsum
1720 1480 2038 1536 manifesta-

469 1569 568 1635 vit,
605 1568 882 1627 diversum
934 1586 1159 1641 prorsus
1202 1572 1333 1643 quid
1385 1572 1453 1627 ab
1493 1573 1584 1628 illa
1630 1587 1796 1628 carne
1844 1580 2038 1628 natura

469 1668 589 1727 est;
620 1676 740 1715 nam
758 1671 811 1716 et
829 1663 1005 1732 ipsum
1027 1666 1416 1735 assumptionis
1432 1680 1629 1720 nomen
1668 1665 2036 1720 diversitatem

470 1762 677 1808 natura:
692 1762 801 1809 tam
816 1756 1083 1826 assumpti
1099 1732 1259 1827 quam
1277 1758 1605 1814 assumentis
1619 1758 1876 1813 ostendit.
1898 1757 2038 1825 Quid
2072 1732 2111 1785 Β

470 1842 636 1911 igitur
663 1845 886 1912 vetabit,
918 1848 1083 1901 etiam
1133 1848 1180 1903 si
1213 1846 1330 1902 haec
1354 1846 1532 1902 locum
1562 1847 1819 1911 habeant,
1868 1846 2037 1902 Deum

466 1936 562 2007 qui
598 1936 653 1990 in
699 1952 865 1993 carne
894 1938 1165 2009 apparuit,
1202 1940 1438 1995 absurda
1469 1940 1561 1994 illa
1596 1940 1836 1994 nominis
1896 1940 2039 1992 licti-

468 2042 574 2083 one
601 2028 835 2093 traduci,
870 2038 928 2084 ut
953 2031 1047 2100 qui
1083 2031 1157 2086 ita
1181 2031 1514 2087 constitutus
1560 2042 1644 2086 est
1680 2030 1833 2099 juxta
1867 2037 2039 2085 teme-

468 2116 675 2171 rarium
708 2117 1045 2187 Apollinaris
1081 2119 1407 2175 vocabulum
1438 2117 1788 2174 Homo—Deus
1820 2134 2035 2173 nuncu-

466 2210 663 2279 petnr?
691 2208 825 2264 Nam
862 2226 961 2264 nec
984 2210 1326 2277 hircocervo,
1360 2213 1619 2279 quoniam
1638 2225 1799 2265 cervo
1826 2211 2037 2278 integro

468 2298 647 2354 media
675 2314 740 2354 ex
780 2309 932 2369 parte
986 2300 1199 2369 species
1264 2301 1477 2355 hircina
1535 2301 1793 2369 adjuncta
1852 2300 2033 2366 fuerit,

467 2390 553 2444 vel
608 2405 639 2445 e
690 2391 971 2445 contrario
1021 2393 1074 2445 in
1128 2392 1344 2446 illorum
1408 2392 1723 2447 animalium
1780 2392 2037 2448 mistione

467 2479 753 2545 acciderit,
792 2490 847 2535 ut
879 2482 1094 2553 integro
1119 2481 1271 2536 hirco
1304 2482 1525 2538 cervina
1556 2497 1682 2553 pars
1714 2481 2031 2545 accesserit,

467 2571 577 2628 tale
606 2572 813 2628 idcirco
851 2589 1050 2629 nomen
1076 2574 1127 2629 ei
1163 2573 1344 2629 fabula
1380 2574 1673 2643 imposuit;
1736 2572 1831 2629 sed
1879 2574 2034 2627 illum

466 2664 758 2733 utriusque
786 2671 997 2719 natura:
1029 2664 1352 2735 participem
1385 2673 1660 2734 utcunque
1682 2679 1805 2719 esse
1831 2678 1894 2718 ea
1934 2678 2035 2718 no—

465 2752 628 2807 minis
670 2755 1073 2823 compositione
1118 2754 1430 2809 denotatur.
1460 2754 1821 2821 Quamobrem
1872 2754 1939 2818 si,
1976 2762 2036 2809 ut

464 2843 702 2914 scriptor
729 2845 1022 2909 existimat,
1053 2844 1110 2899 in
1144 2860 1255 2899 uno
1283 2846 1582 2915 eodemque
1611 2846 1777 2901 homo
1807 2854 1860 2901 et
1893 2846 2036 2902 Deus

462 2942 569 2999 est,
611 2937 1046 3007 qualemcunque
1077 2936 1185 2991 duo
1214 2939 1317 2992 ista
1353 2938 1496 2994 inter
1547 2954 1606 2993 se
1640 2940 2033 2993 connexionem

463 3024 717 3089 habeant,
773 3026 886 3081 sive
945 3033 1055 3080 tota
1114 3026 1403 3096 utriusque
1461 3034 1680 3090 natura,
1734 3028 1849 3081 sive
1905 3040 2032 3095 pars

461 3126 668 3172 tantum
703 3119 758 3173 in
789 3136 852 3175 ea
881 3119 1138 3174 mistione
1165 3125 1477 3182 concurrat,
1508 3134 1785 3188 nunquam
1834 3117 2029 3172 elﬁciet

460 3217 520 3261 ut
558 3208 648 3263 illa
685 3210 921 3266 nominis
957 3209 1289 3279 compositio
1323 3223 1431 3264 non
1459 3208 1529 3263 sit
1564 3207 1823 3263 absurda.
1869 3208 2028 3275 Quod

460 3298 506 3350 si
533 3298 740 3352 ethnici
768 3300 837 3354 ab
865 3300 984 3371 ipso
1015 3300 1142 3355 talia
1177 3300 1377 3365 edocti,
1410 3302 1727 3371 mysterium
1779 3311 2027 3357 nostrum

2145 487 2335 542 στερον
2372 466 2508 524 εῖναι
2535 469 2680 541 δόξῃο
2722 470 2823 539 ὄ,τι
2848 468 2956 539 γὰρ
2984 468 3051 522 ἂν
3084 467 3144 533 ἐξ
3170 470 3491 540 ἀμφοτέραιν
3523 470 3685 540 εἴπῃς
3706 510 3721 529 .

2142 562 2240 633 τὴν
2264 564 2328 615 ἐκ
2361 562 2466 615 τῶν
2492 561 2584 616 δύο
2613 561 2826 631 φύσεων
2861 560 3105 613 σύνθεσιν
3138 561 3237 613 οὐκ
3269 562 3590 632 ἀφαιρήσεις
3625 561 3724 614 τοῦ

2142 657 2325 725 λόγου.
2353 656 2427 710 Οὐ
2457 656 2564 727 γὰρ
2584 657 2611 709 ό
2642 656 2753 727 (84)
2779 655 2983 710 ἄνωθεν
3020 656 3199 725 φήσας
3229 652 3366 707 εἶναι
3394 656 3492 725 τὴν
3520 656 3722 725 σάρκα,

2140 748 2201 800 τὸ
2232 748 2365 818 μηδέ
2396 747 2575 818 σάρκα
2610 747 2779 818 αὐτὴν
2809 743 2946 800 εἶναι
2982 746 3399 808 κατασκευάζει’
3434 749 3468 817 ἠ
3496 746 3553 799 δέ
3588 746 3727 814 σὰρξ

2141 838 2369 910 ἐμψύχῳ
2393 838 2506 908 (85)
2533 839 2640 893 τινὶ
2664 840 2823 907 φύσει
2847 836 3191 909 διοικουμένη
3214 878 3229 901 ,
3266 839 3360 891 καὶ
3400 836 3636 906 ζωτικὴν
3664 840 3727 889 ἐν

2141 930 2305 1001 ἑαυτῇ
2366 930 2592 1001 δύναμιν
2632 930 2849 1000 ἔχουσα,
2894 931 3077 993 καθὼς
3126 930 3221 982 καὶ
3267 930 3296 981 ὁ
3350 929 3729 999 Ἀπολινάριος

2142 1022 2429 1091 βούλεται,
2474 1024 2573 1092 τὴν
2616 1022 2709 1074 τοῦ
2756 1021 3043 1093 ἀνθρώπου
3098 1020 3468 1093 προσηγορίαν
3515 1021 3729 1090 κυρίως

2140 1114 2253 1185 ἔχει
2284 1114 2415 1185 (86)·
2452 1117 2479 1168 ό
2512 1115 2568 1168 δέ
2609 1113 3048 1184 προσλαϐόμενος
3077 1114 3268 1182 αὐτὴν,
3299 1114 3391 1165 καὶ
3430 1112 3625 1165 ἑαυτὸν
3655 1111 3728 1162 δι’

2142 1207 2358 1278 ἐκείνης
2406 1206 2761 1276 φανερώσας,
2790 1207 2975 1277 ἔτερος
3017 1208 3081 1275 τῇ
3133 1204 3291 1275 φύσει
3324 1205 3542 1268 πάντως
3590 1205 3725 1274 παρ’

2141 1298 2354 1369 ἐκείνην
2399 1299 2509 1369 (87)
2568 1297 2735 1350 ἐστίν’
2795 1296 2927 1351 αὐτὸ
2961 1296 3070 1368 γὰρ
3115 1296 3176 1349 τὸ
3217 1296 3315 1365 τῆς
3363 1295 3725 1365 προσλήψεως

2139 1388 2309 1459 ὄνομα
2332 1389 2428 1460 τὴν
2463 1388 2599 1443 κατὰ
2627 1388 2787 1457 φύσιν
2821 1388 3113 1459 ἑτερότητα
3144 1388 3236 1439 τοῦ
3274 1387 3724 1459 προσλαϐομὲνου

2141 1479 2293 1552 παρά
2319 1481 2377 1533 τὸ
2421 1480 2888 1551 προσειλημμένον
2938 1479 3290 1533 ἐνδείκνυται.
3326 1479 3473 1549 ((88)
3511 1479 3578 1531 Τί
3624 1475 3722 1531 οὗν

2139 1571 2199 1624 τὸ
2226 1572 2430 1626 κωλῦον
2458 1574 2609 1628 ἔσται
2634 1574 2675 1643 ),
2717 1573 2821 1627 κᾶν
2850 1573 3024 1627 ταῦτα
3058 1576 3234 1643 κρατῇ
3262 1614 3276 1636 ,
3327 1574 3417 1626 τὸν
3466 1575 3523 1625 ἐν
3556 1575 3721 1643 σαρκὶ

2142 1664 2520 1735 φανερωθέντα
2548 1663 2679 1718 Θεὸν
2711 1664 2797 1717 διὰ
2826 1664 2924 1735 τῆς
2966 1664 3166 1717 ἀτόπου
3202 1664 3416 1734 ἐκείνης
3449 1665 3717 1733 ὀνοματο-

2140 1756 2322 1819 ποιϊας
2346 1753 2661 1826 ὑὸρίζεσθαι
2681 1793 2696 1819 ,
2723 1753 2864 1808 ὥστε
2895 1756 2988 1807 καὶ
3023 1756 3113 1809 τὸν
3146 1754 3316 1818 οὕτως
3350 1756 3718 1823 συνεστηκότα

2139 1846 2280 1901 κατὰ
2293 1848 2391 1918 τὴν
2407 1846 2683 1919 τολμηρὰν
2698 1847 2792 1900 τοῦ
2812 1848 3063 1902 Ἀπολινα
3070 1848 3185 1917 ρίου
3220 1848 3400 1918 φωνὴν
3414 1847 3535 1899 ’Δνθ
3545 1848 3719 1917 ρωπό-

2139 1937 2259 1991 θεον
2275 1938 2525 2006 λέγεσθαι
2546 1956 2560 2003 ;
2580 1938 2714 1992 Οὑδέ
2741 1938 2849 2009 γὰρ
2870 1938 2960 1991 τὸν
2991 1939 3333 2011 τραγέλαφον
3351 1937 3483 1999 (89),
3522 1938 3714 2008 ἐπειδὴ

2137 2028 2242 2098 ὅλῳ
2265 2027 2343 2098 τῷ
2372 2027 2554 2097 ἐλάφῳ
2593 2027 2651 2094 ἐξ
2690 2028 2933 2099 ἡμίσεως
2963 2027 3241 2099 προσεφύη
3278 2027 3339 2080 τὸ
3366 2026 3639 2096 τράγειον,
3681 2026 3713 2095 ἢ

2135 2119 2197 2174 τὸ
2227 2118 2461 2189 ἔμπαλιν
2492 2120 2619 2190 περὶ
2646 2119 2745 2193 τὴν
2784 2119 2892 2172 τῶν
2922 2118 3077 2186 ζώων
3122 2119 3339 2187 ἐγένετο
3371 2116 3536 2189 μίξιν,
3571 2116 3713 2169 ὥστε

2136 2210 2377 2281 ἀκεραίῳ
2420 2211 2606 2281 τράγῳ
2638 2209 2978 2282 προσφυῖψαι
3030 2208 3091 2261 τὸ
3126 2208 3344 2276 ἐλάφιον
3395 2208 3591 2277 μέρος,
3625 2205 3716 2257 διὰ

2136 2302 2294 2356 τοῦτο
2318 2303 2458 2356 κατά
2485 2302 2576 2355 τὸν
2608 2302 2895 2373 εἰρημένον
2927 2300 3125 2370 τρόπον
3154 2301 3184 2351 ὁ
3217 2298 3380 2371 μῦθος
3406 2298 3712 2366 ὠνόμασεν,

2136 2393 2272 2447 ἀλλὰ
2303 2394 2365 2447 τὺ
2400 2392 2647 2447 ὁπωσοῦν
2692 2393 2980 2463 μετασχεῖν
3013 2392 3277 2462 ἑκατέρας
3304 2392 3402 2460 τῆς
3432 2390 3649 2458 φύσεως
3677 2389 3711 2456 ἡ

2136 2486 2243 2539 τῶν
2273 2486 2552 2555 ὀνομάτων
2583 2483 2826 2547 σύνθεσις
2855 2482 3214 2554 διερμηνεύει.
3245 2484 3405 2535 Ὥστε
3440 2481 3583 2533 κατὰ
3623 2481 3717 2532 τὸν

2137 2574 2498 2645 λογογράφον,
2549 2576 2597 2627 εί
2646 2572 2791 2626 ἐστιν
2828 2574 2856 2625 ὁ
2890 2573 3051 2637 αὐτὸς
3097 2573 3376 2645 ἄνθρωπος
3417 2572 3512 2625 κα)⁵
3541 2570 3713 2635 Θεὸς,

2136 2665 2381 2720 ὁπωσοῦν
2403 2667 2502 2738 τὴν
2528 2667 2822 2736 συνάφειαν
2853 2666 3011 2736 ἔχων,
3037 2666 3147 2718 εἴτε
3173 2667 3351 2735 πάσης
3376 2663 3710 2733 συνδραμοῦ-

2139 2775 2236 2829 σης
2260 2758 2358 2828 τῆς
2385 2758 2618 2827 φύσεως,
2652 2757 2760 2810 εἴτε
2782 2759 2877 2811 καὶ
2903 2755 3162 2819 ἐλλειπῶς
3189 2756 3298 2825 (90)
3329 2754 3579 2825 ἐχούσης,
3614 2755 3713 2825 τὴν

2134 2848 2331 2903 ἄτοπον
2362 2849 2572 2914 ἐκείνην
2609 2848 2700 2901 τοῦ
2730 2848 2991 2918 ὀνόματος
3027 2848 3299 2916 συνθήκην
3327 2846 3386 2899 οὐ
3417 2843 3711 2911 διαφεύξε-

2131 2956 2245 2994 ται.
2282 2940 2392 2993 Καὶ
2422 2941 2471 2992 ει
2500 2940 2671 2992 ταῦτα
2707 2939 2837 3008 παρ’
2870 2939 3032 2992 αὐτοῦ
3071 2938 3330 3009 μαθόντες
3362 2939 3411 2989 oi
3450 2936 3717 3005 Ἕλληνες

2134 3031 2441 3101 κωμῳδοϊεν
2469 3030 2627 3101 ἡμῶν
2655 3032 2714 3083 τὸ
2746 3034 3059 3102 μυστήριον,
3105 3030 3317 3092 πάντως
3348 3030 3377 3081 ὁ
3409 3028 3506 3099 τὴν
3534 3029 3703 3098 ἀφορο

2137 3122 2243 3191 μὴν
2288 3119 2583 3192 παρασχὼν
2631 3123 2728 3191 τῆς
2779 3121 3123 3192 βλασφημίας
3165 3122 3223 3173 ἐν
3265 3122 3331 3191 τῇ
3395 3120 3707 3188 προφητικῇ

2134 3212 2348 3284 κατάρα
2392 3217 2697 3283 γενήσεται,
2740 3213 2774 3284 ἦ
2825 3231 2987 3283 φησιν
3026 3214 3159 3285 (91),
3200 3211 3344 3266 Οὐαὶ
3391 3208 3464 3263 δι’
3513 3206 3587 3265 οὗ
3638 3205 3711 3262 τὸ

2138 3300 2323 3370 ὄνομὰ
2348 3319 2466 3371 μου
2489 3302 2936 3371 ,βλασφημεῖται
2963 3304 3031 3357 ὲν
3058 3304 3179 3368 τοῖς
3205 3304 3462 3359 ἔθνεσιν.

458 3389 772 3453 deriserint,
806 3392 899 3461 qui
942 3392 1358 3461 blasphemandi
1414 3408 1603 3448 ansam
1640 3394 1931 3463 praebuerit
1984 3394 2032 3447 is
2070 3393 2409 3463 propheticis
2468 3395 2942 3451 maledictionibus
2974 3411 3199 3466 prorsus
3256 3396 3359 3450 erit
3404 3394 3706 3464 obnoxius,

455 3501 576 3557 qua:
639 3485 912 3554 inquiunt,
983 3484 1073 3538 Va:
1126 3484 1259 3550 illis,
1306 3500 1398 3552 per
1454 3502 1583 3556 quos
1637 3502 1820 3539 nomen
1866 3502 2038 3539 meum
2076 3484 2469 3553 blasphematur
2499 3485 2823 3554 ingentibus
2856 3488 2938 3541 ³⁶ί

526 3577 587 3632 L.
648 3576 754 3631 Sed
799 3588 852 3631 et
894 3592 957 3632 ea
996 3592 1116 3646 quae
1152 3592 1347 3632 rursus
1386 3578 1819 3647 praecedentibus
1849 3579 2017 3643 addit,

452 3666 874 3740 perpendamus.
908 3665 966 3720 Si
1001 3681 1065 3720 ea:
1110 3666 1335 3731 duobus,
1375 3667 1472 3731 ait,
1514 3667 1758 3737 perfectis
1781 3677 2021 3732 constat;

2198 3572 2299 3631 Οἷα
2324 3579 2379 3631 δὲ
2406 3582 2516 3642 τοῖς
2544 3580 2851 3650 εἰρημένοις
2876 3580 3195 3653 προστίθησι
3220 3582 3398 3649 πάλιν,
3428 3587 3703 3658 κατανοή-

2130 3686 2329 3739 σωμεν.
2371 3672 2441 3722 El
2465 3670 2532 3722 ἐκ
2560 3670 2689 3735 δύο,
2720 3672 2872 3741 φησι,
2906 3674 3168 3739 τελείων,
3203 3675 3339 3728 οὔτε
3370 3675 3441 3728 ἐν
3470 3669 3519 3741 ᾦ
3554 3679 3705 3745 Θεός

451 3777 544 3814 nec
574 3760 627 3813 in
675 3776 776 3829 quo
817 3758 953 3812 Deus
986 3767 1084 3824 est,
1132 3760 1186 3813 in
1220 3776 1279 3813 eo
1307 3760 1461 3813 homo
1498 3770 1612 3823 est;
1652 3776 1812 3830 neque
1842 3763 1895 3814 in
1920 3778 2022 3832 quo

2133 3763 2324 3824 ἐστιν,
2360 3761 2430 3814 ἐν
2463 3764 2649 3827 τούτῳ
2688 3764 2995 3831 ἅνθρωπός
3034 3766 3220 3830 ἐστιν,
3255 3768 3391 3822 οὔτε
3416 3770 3486 3823 ἐν
3515 3764 3565 3836 ᾧ
3595 3771 3704 3825 ἇν-

449 3852 603 3905 Ιιοηιο
637 3862 733 3914 est,
792 3852 846 3905 in
896 3868 955 3905 eo
1009 3851 1149 3905 Deus
1195 3861 1293 3906 est.
1342 3852 1506 3922 Atqui
1558 3853 1605 3907 si
1656 3868 1723 3907 ex
1783 3854 2023 3924 perfecto

2133 3860 2376 3918 θρωπος,
2406 3853 2475 3906 ἐν
2500 3855 2687 3919 τούτῳ
2725 3856 2885 3921 Θεός.
2923 3855 2984 3907 El
3010 3856 3065 3909 δέ
3097 3857 3156 3921 ἐξ
3183 3858 3566 3924 ἀπολείποντος
3602 3862 3703 3915 καὶ

448 3954 503 3999 et
541 3944 863 4015 imperfecto
907 3944 1065 4013 juxta
1122 3944 1493 4014 Apollinarem
1554 3946 1873 4014 conjunctio
1929 3947 2020 4001 illa

2133 3942 2331 3994 τελείου
2361 3943 2501 3996 κατὰ
2526 3944 2617 3997 τὸν
2644 3944 2850 3997 ἐκείνου
2884 3944 3058 4013 λόγον,
3090 3942 3228 4000 εἶναι
3259 3948 3434 4021 δοθείη
3469 3950 3529 4003 τὸ
3565 3951 3700 4020 σύγο

450 4039 569 4093 ﬁeri
621 4039 977 4104 concedatur,
1028 4054 1212 4093 nonne
1246 4040 1314 4093 ab
1359 4040 1445 4094 his
1499 4041 1592 4109 qui
1648 4041 1775 4094 talia
1806 4040 2020 4095 eﬂ'utire

2133 4051 2297 4105 κριμα
2327 4034 2439 4103 (92)
2468 4074 2482 4099 ,
2525 4032 2613 4108 ἆρ’
2642 4038 2761 4107 οὐχὶ
2786 4038 2845 4091 τὸ
2890 4039 2999 4091 ἴσον
3048 4039 3197 4113 παρὰ
3225 4041 3331 4093 τῶν
3360 4042 3428 4095 τά
3470 4044 3699 4098 τοιαῦτα

448 4130 653 4186 audent
712 4130 968 4184 similiter
1024 4130 1320 4197 diceretur,
1354 4131 1627 4185 hominem
1688 4132 1741 4185 in
1796 4146 1861 4186 eo
1908 4148 2017 4185 non

2133 4127 2438 4198 τολμώντων
2472 4130 2787 4200 ῥηθήσεται,
2814 4132 2893 4183 δτι
2927 4132 2985 4183 ἐν
3004 4125 3047 4199 ᾧ
3075 4133 3207 4195 Θεός
3234 4135 3381 4187 ἐστιν
3407 4134 3696 4203 ἄνθρωπος

446 4238 570 4278 esse
628 4222 680 4275 in
729 4238 838 4292 quo
888 4221 1030 4276 Deus
1076 4230 1184 4289 est,
1238 4230 1292 4277 et
1341 4221 1506 4277 Deum
1558 4223 1614 4277 in
1647 4238 1713 4277 eo
1744 4238 1855 4277 non
1896 4239 2018 4279 esse

2133 4219 2221 4271 ιὺκ
2258 4218 2371 4272 ἐστι
2395 4260 2409 4284 ,
2445 4220 2539 4272 καὶ
2569 4221 2627 4273 ἐν
2668 4214 2713 4287 ᾧ
2740 4222 3019 4291 ἅνθρωπός
3048 4225 3163 4277 ἐστι
3209 4224 3341 4289 Θεὸς
3370 4226 3468 4278 οὐκ
3505 4226 3691 4290 Eatur;

447 4312 501 4365 in
557 4327 665 4380 qun
721 4314 883 4365 homo
934 4312 1056 4367 est?
1098 4312 1241 4368 Sane
1280 4314 1384 4367 alia
1434 4329 1661 4383 prorsus
1712 4315 2017 4370 divinitatis

2124 4311 2348 4383 Ἕτερος
2382 4311 2489 4383 γὰρ
2520 4315 2680 4367 παντὶ
2712 4314 2897 4385 τρόπῳ
2926 4320 2953 4371 ὅ
2972 4333 3030 4369 τε
3047 4317 3147 4385 τῆς
3166 4317 3435 4386 θεότητος,
3469 4321 3562 4372 καὶ
3588 4320 3693 4388 τῆς

450 4411 616 4471 atque
645 4402 750 4454 alia
780 4403 1137 4458 humanitatis
1163 4415 1248 4458 est
1298 4405 1461 4467 ratio,
1493 4414 1546 4459 et
1582 4421 1743 4461 nemo
1772 4423 2009 4478 unquam

2133 4404 2532 4475 ὶνθρωπότητος
2565 4404 2722 4474 λόγος
2746 4445 2760 4467 ,
2800 4407 2892 4459 καὶ
2923 4407 3022 4460 οὐκ
3050 4408 3116 4461 ἄν
3151 4425 3235 4471 τις
3261 4409 3358 4480 τὴν
3390 4410 3690 4464 ἐλάττωσιν

443 4492 683 4545 divinam
716 4501 965 4546 naturam
1012 4493 1263 4549 humanae
1297 4504 1505 4551 natura:
1538 4499 1883 4553 mutilatione
1913 4501 2009 4554 dc-

444 4584 585 4638 liniri
621 4599 782 4654 posse
809 4586 1317 4657 censuerit;neqne
1355 4590 1502 4643 enim
1541 4590 1845 4647 divinitatis
1872 4594 2011 4648 ratio

443 4678 497 4730 in
529 4691 593 4730 eo
628 4678 731 4731 sita
764 4687 847 4732 est
875 4677 1023 4747 quod
1056 4678 1141 4731 vel
1174 4678 1411 4734 humana
1437 4690 1632 4736 natura
1661 4699 1769 4738 non
1802 4686 1895 4750 sit,
1927 4688 2009 4741 vel

441 4766 758 4835 imperfecta
809 4767 1048 4820 humana
1080 4776 1276 4822 natura
1325 4771 1416 4835 sit,
1461 4772 1556 4826 sed
1608 4780 1837 4846 utraque
1895 4794 2004 4844 res,

439 4858 483 4912 si
536 4859 768 4912 seorsim
822 4864 1004 4912 mente
1055 4860 1570 4929 comprehendatur,
1636 4868 1857 4938 propria
1903 4870 2006 4924 sibi

439 4965 778 5017 unaquaeque
831 4950 1055 5005 notione
1104 4950 1445 5022 intelligitur.
1497 4956 1628 5010 Nam
1676 4967 1731 5015 et
1766 4962 1859 5031 qui
1911 4962 2006 5019 Dei

441 5056 632 5095 [ItttltPn
679 5042 852 5105 audit,
888 5051 1155 5113 quotquot
1177 5044 1245 5100 de
1268 5044 1379 5101 Deo
1410 5060 1615 5129 parcst
1645 5052 1828 5110 animo
1870 5071 2003 5112 con-

510 5172 554 5203 “
588 5175 698 5227 lsa.
730 5190 827 5238 ut,
869 5176 937 5244 5;
967 5178 1127 5232 Rom.
1153 5194 1213 5241 ιι,
1236 5178 1326 5231 24.

508 5312 616 5377 (Si)
641 5313 795 5366 Corr.
826 5322 931 5367 art.
960 5314 1087 5370 add.

636 5383 793 5455 Corr.
818 5384 875 5436 ἐν
904 5384 1116 5455 ἀψύχῳ.

503 5453 616 5523 (86)
642 5452 717 5505 Ita
746 5468 914 5520 corr.;
940 5452 1098 5509 antea
1120 5465 1233 5508 erat
1257 5456 1417 5523 ἔχειν.

504 5521 619 5595 (δῖ)
648 5523 721 5595 Ita
744 5537 916 5587 corr.;
954 5535 1113 5579 antea
1146 5521 1528 5595 παρ’ἐκείνου.

505 5590 619 5667 (ἓξ)
649 5592 804 5667 gorr.
843 5595 969 5650 add.
996 5612 1117 5667 quae
1149 5590 1513 5655 semicirculis
1546 5602 1927 5666 includuntur.

506 5662 617 5734 (89)
648 5661 714 5719 Et
736 5664 850 5723 haec
883 5661 1045 5725 lectio
1073 5683 1104 5723 a
1134 5681 1280 5726 corr.
1323 5677 1439 5739 cst;
1484 5687 1608 5728 nam
1670 5686 1827 5733 antea
1847 5661 2002 5739 ttin-

2118 4494 2217 4563 τῆς
2246 4494 2665 4567 ἀνθρωπότητος
2690 4537 2705 4561 ,
2736 4499 2862 4568 ὅρον
2902 4494 3038 4552 εἶναι
3067 4500 3165 4569 τῆς
3194 4499 3343 4564 Θείας
3372 4502 3686 4573 ὑπονοήσειε

2118 4585 2358 4653 φύσεως*
2381 4588 2440 4640 οὐ
2466 4588 2574 4659 γὰρ
2596 4589 2653 4641 ἐν
2676 4590 2753 4659 τῷ
2778 4590 2933 4642 τοῦτο
2963 4590 3036 4661 μὴ
3070 4588 3226 4654 εἶναι,
3257 4594 3289 4663 ἢ
3318 4594 3519 4658 ἀτελῶς
3544 4592 3683 4650 εἶναι

2115 4679 2322 4742 ἐκεῖνός
2370 4681 2518 4732 ἐστιν
2552 4680 2663 4750 (93)
2689 4726 2703 4748 ,
2745 4682 2860 4734 ἀλλ’
2897 4684 3153 4753 ἑκάτερον
3185 4684 3270 4753 ἐφ’
3301 4686 3490 4739 ἐαυτοῦ
3531 4688 3682 4740 νοού-

2118 4786 2294 4839 μενον,
2335 4772 2392 4824 ἐν
2428 4772 2576 4836 ἰδίοις
2603 4772 2883 4843 θεωρεῖται
2915 4775 3196 4844 νοήμασιν.
3231 4777 3297 4829 Ὅ
3323 4795 3380 4829 τε
3410 4778 3517 4850 γάρ
3549 4780 3683 4833 Θεὸν

2112 4860 2369 4928 ἀκούσας,
2397 4864 2496 4916 ὅσα
2528 4866 2655 4935 περὶ
2689 4863 2822 4917 Θεοῦ
2858 4865 3052 4933 πρέπει
3080 4869 3237 4930 νοεῖν,
3268 4868 3355 4921 διὰ
3383 4871 3480 4939 τῆς
3514 4889 3681 4942 προσ-

2112 4954 2336 5024 ηγορίας
2387 4955 2590 5025 ταύτης
2658 4956 3130 5027 συμπαρεδέξατο,
3187 4960 3280 5012 καὶ
3334 4963 3362 5013 ό
3422 4962 3519 5033 τὴν
3581 4963 3679 5016 τοῦ

2108 5045 2393 5115 ἀνθρώπου
2432 5050 2801 5121 προσηγορίαν
2852 5050 3324 5123 παραδεξάμενος,
3368 5056 3547 5109 πᾶσαν
3578 5056 3681 5128 τὴν

2105 5342 2265 5415 ptum
2274 5336 2307 5415 κί’
2308 5348 2457 5415 uerat
2486 5338 2596 5415 τῷν
2622 5342 3001 5415 τραγελάφων.

2178 5405 2290 5475 (90)
2324 5409 2477 5461 Corr.
2509 5405 2760 5475 ἐλλιπῶς.

2173 5476 2288 5549 t9!)
2318 5477 2473 5549 φοι-ι’,
2507 5479 2582 5544 ὦς
2615 5499 2768 5549 φησι.

2107 5546 2582 5690 Ml(5)3291}:
2609 5546 2747 5611 male
2764 5563 2923 5613 antea
2939 5553 3077 5615 εῖναι
3103 5560 3343 5625 δοθέντος
3362 5563 3421 5617 τὸ
3447 5561 3670 5637 σύγκριο

2176 5688 2290 5759 (95)
2321 5688 2478 5746 (Sorr.
2505 5693 2679 5750 ἐκεῖνό
2729 5699 2895 5755 ἐστιν.
