4020 6532
290 242 311 297 1
330 243 430 298 245

1448 246 1826 309 ADVERSUS
1856 242 2372 302 APOLLINAREM.

3404 250 3542 305 1246

286 363 449 435 φύσιν
474 361 562 417 διὰ
584 358 682 434 τῆς
713 366 895 436 φωνῆς
922 364 1122 433 ταύτης
1153 364 1555 427 ἀνετυπώσατο,
1586 366 1681 427 καὶ
1717 364 1855 417 οὐδε-

1966 364 2095 433 cipi,
2156 363 2520 433 appellatione
2560 363 2653 417 illa
2702 364 2996 434 dignoscit,
3054 370 3106 425 et
3168 365 3259 435 qui
3300 366 3541 425 hominis

285 455 414 523 μίαν
444 452 703 524 σύγχυσιν
732 455 765 525 ἡ
795 454 1005 508 διάνοια
1032 454 1139 507 τῶν
1166 455 1473 525 λεγομένων
1499 454 1611 524 (94)
1644 453 1860 524 πάσχει,

280 542 423 596 ὥστε
456 545 515 597 ἐν
556 542 768 613 θατέρῳ
798 542 906 595 τῶν
956 542 1234 613 ὀνομάτων
1269 544 1519 614 ἐννοῆσαι
1558 544 1616 597 τὸ
1653 544 1858 614 ἕτερον.

1970 470 2168 508 nomen
2205 454 2357 509 audit
2390 464 2641 508 naturam
2669 456 2786 525 ejus
2816 471 3032 509 omnem
3068 455 3252 509 animo
3289 458 3538 526 percipit,

1966 546 2287 615 nullamque
2319 545 2701 600 confusionem
2742 548 2946 616 patitur
2981 546 3284 601 dictionum
3324 549 3538 602 illarum

282 634 418 688 Οὔτε
452 634 561 704 γὰρ
590 635 646 687 ὲν
681 634 855 703 τούτῳ
883 636 1076 701 ὲκεῖνο,
1107 634 1231 687 οὔτε
1267 636 1323 686 ὲν
1360 635 1551 705 ἐκείνῳ
1579 634 1736 693 τοῦτο
1768 651 1855 705 ση-

1963 638 2316 707 significatio,
2354 646 2415 691 ut
2446 638 2503 692 in
2533 653 2720 692 eorum
2756 640 3019 694 alterutro
3068 640 3299 694 alterum
3336 640 3540 694 intelli-

283 728 535 799 μαίνεται
562 766 575 789 ,
606 726 721 779 ἀλλ’
755 727 959 781 ἕκαστα
990 727 1097 780 τῶν
1126 727 1403 798 ὀνομάτων
1432 731 1499 799 τῇ
1530 728 1669 785 κατὰ
1704 728 1862 795 φύσιν

280 822 588 892 παραμένει
635 819 844 891 διανοίᾳ
868 859 883 884 ,
915 820 1009 871 καὶ
1050 818 1161 889 (95)
1199 820 1316 871 κατ’
1363 819 1549 873 οὐδένα
1582 822 1776 892 τρόπον
1804 823 1860 875 αἱ

279 915 547 983 ἐμφάσεις
597 911 777 965 αὐτῶν
824 912 959 981 πρὸς
992 910 1228 981 ἀλλήλας
1268 911 1757 985 ὑπαλλαγήσονται.
1789 915 1861 966 Τὸ

277 1006 337 1057 δὲ
361 1005 568 1069 ἀτελὲς,
595 1004 689 1057 καὶ
716 1004 775 1056 τὸ
801 1003 913 1072 (96)
942 1003 1174 1067 τέλειον,
1194 1003 1393 1074 ἑτέρων
1415 1003 1698 1073 νοημάτων
1730 1004 1861 1056 ὑπό-

280 1098 429 1160 θεσις
459 1097 538 1168 τῷ
571 1097 818 1150 ἀκούοντι
857 1097 1087 1164 γίνεται.
1151 1096 1368 1149 Τέλειον
1414 1096 1511 1165 μὲν
1540 1096 1648 1165 γάρ
1684 1112 1860 1167 φαμεν

277 1190 340 1241 τὺ
368 1188 909 1259 συμπεπληρωμένον
938 1187 1014 1255 τῷ
1040 1187 1153 1258 ἰδίῳ
1174 1187 1316 1257 λόγῳ
1344 1188 1439 1256 τῆς
1468 1187 1677 1255 φύσεως
1696 1205 1707 1216 ·
1738 1189 1861 1240 ἀτε-

278 1280 370 1344 λὲς
403 1280 456 1333 δὲ
486 1280 546 1332 τὸ
586 1279 847 1333 ἐναντίον.
888 1279 1183 1348 Οὑθέτερον
1223 1278 1280 1331 δὲ
1311 1277 1513 1330 τούτων
1555 1279 1637 1346 ἐφ’
1666 1277 1857 1331 ἑαυτοῦ

278 1372 592 1441 λεγόμενον,
618 1371 740 1423 οὔτε
768 1371 1075 1443 ἄνθρωπον,
1099 1369 1223 1423 οὗτε
1247 1370 1377 1422 Θεὸν
1399 1368 1709 1440 ἐρμηνεύει,
1741 1369 1857 1422 ἀλλ’

278 1462 469 1533 ὥσπερ
496 1461 609 1531 (97)
641 1460 707 1514 ἂν
740 1460 1106 1530 συνονομασθῇ
1136 1460 1439 1530 πράγματι,
1477 1458 1508 1527 ἢ
1540 1457 1783 1529 ὀνόματι,
1822 1457 1855 1528 ἢ

280 1553 510 1623 πλῆρες,
543 1551 575 1621 ἢ
600 1550 845 1613 ὲλλειπὲς
870 1549 979 1620 (98)
1009 1550 1069 1602 τὸ
1097 1546 1421 1619 δηλούμενον
1446 1551 1643 1602 ἐννοεῖν
1673 1550 1858 1601 ὑποτί-

281 1643 452 1697 θεται.
479 1643 602 1705 Πῶς
625 1637 738 1705 οὖν,
771 1644 817 1693 εἰ
844 1640 1037 1711 ἀτελὴς
1068 1643 1152 1711 εἴη
1174 1643 1201 1693 6
1222 1640 1524 1711 ἄνθρωπος,
1557 1640 1687 1703 Θεὸς
1716 1635 1855 1693 εἶναι

1964 739 2143 801 gatur.
2203 731 2341 784 Nam
2391 746 2571 800 neque
2642 732 2736 785 illo
2793 732 3013 785 nomine
3060 732 3226 796 istud,
3286 746 3387 785 nec
3434 733 3539 785 hoc

1963 826 2188 879 nomine
2243 823 2377 877 illud
2433 824 2799 895 significatur,
2847 825 2943 878 sed
2977 825 3400 894 unumquodque
3432 839 3537 878 no-

1961 930 2091 969 men
2141 916 2557 970 eonvenientem
2600 922 2808 969 natura:
2863 931 2977 969 sua:
3029 930 3248 969 sensum
3302 916 3534 980 obtinet,

1959 1014 2015 1062 et
2063 1006 2212 1060 nullo
2262 1015 2422 1076 pacto
2468 1008 2782 1061 eorumdem
2820 1009 3247 1078 significationes
3303 1010 3535 1064 invicem

1961 1097 2288 1150 commutari
2336 1106 2591 1166 possunt.
2641 1099 2713 1153 At
2744 1099 3122 1169 imperfectum
3151 1110 3204 1154 et
3236 1100 3535 1169 perfectura

1960 1187 2207 1242 diversas
2266 1203 2496 1257 prorsus
2545 1189 2798 1245 notiones
2843 1190 2896 1243 in
2946 1190 3283 1245 audientium
3338 1190 3535 1244 animis

1960 1276 2306 1348 imprimunt;
2329 1278 2623 1347 perfectum
2645 1282 2788 1334 enim
2814 1281 3044 1336 dicimus
3066 1280 3209 1349 quod
3233 1281 3535 1334 secundum

1959 1372 2193 1440 propriae
2224 1379 2433 1425 naturre
2457 1372 2723 1426 rationem
2744 1374 3076 1442 completum
3111 1373 3537 1442 absolutumque

1957 1470 2080 1526 est;
2116 1460 2495 1532 imperfectum
2539 1478 2667 1517 vero
2702 1464 2847 1533 quod
2882 1464 3009 1517 huic
3043 1464 3382 1517 contrarium
3417 1471 3532 1530 est;

1957 1562 2214 1611 neutrum
2273 1563 2453 1609 autem
2518 1555 2735 1618 horum,
2790 1556 2835 1611 si
2890 1556 3141 1610 absolute
3193 1555 3532 1625 proferatur,

1956 1645 2259 1710 hominem,
2293 1656 2385 1700 aut
2417 1646 2583 1701 Deum
2623 1646 2935 1717 significat;
2972 1646 3067 1701 sed
3107 1649 3415 1716 cuicunque
3455 1646 3533 1701 rei

278 1735 343 1788 τὸ
376 1734 561 1795 ἀτελὲς
594 1734 746 1803 παρὰ
782 1730 877 1783 τοῦ
937 1730 1312 1801 Ἀπολιναρίου
1351 1732 1848 1795 κατασκευάζεται,

1960 1739 2041 1792 vel
2089 1739 2299 1792 nomini
2356 1740 2707 1809 adjungatur,
2739 1739 2869 1793 facit
2900 1748 2957 1792 ut
2985 1739 3129 1812 quod
3156 1740 3383 1794 vocibus
3422 1739 3532 1795 illis

280 1827 353 1889 ὡς
388 1824 785 1895 συμϐαινούσης
836 1822 913 1892 τῷ
957 1821 1095 1892 λόγῳ
1141 1822 1241 1892 τῆς
1269 1820 1517 1891 θεότητος
1538 1863 1553 1887 ,
1586 1822 1685 1893 τῆς
1713 1820 1853 1875 κατὰ

278 1917 380 1987 τὴν
408 1917 570 1985 φύσιν
605 1916 761 1987 ήμῶν
796 1913 1143 1975 κολοὸώσεως
1169 1929 1184 1978 ;

1956 1828 2303 1897 exprimitur,
2358 1829 2659 1899 perfectum
2696 1831 2780 1885 vel
2818 1846 3070 1884 mancum
3118 1846 3239 1886 esse
3268 1830 3536 1901 intelliga-

1960 1935 2103 1973 mus.
2149 1918 2436 1987 Quomodo
2479 1922 2643 1991 igitur
2690 1924 2734 1983 si
2778 1921 3127 1991 imperfeetus
3173 1931 3317 1976 esset
3347 1921 3530 1985 homo,

284 2012 455 2067 Demn
541 2013 593 2066 in
646 2028 711 2067 eo
762 2026 887 2065 esse
933 2010 1079 2079 quod
1143 2009 1527 2081 imperfectum
1576 2015 1661 2063 est
1735 2011 2071 2080 Apollinaris
2113 2017 2333 2080 astruit,
2385 2017 2541 2087 quasi
2618 2026 2826 2071 natura:
2872 2025 3077 2070 nostra:
3121 2014 3394 2069 mutilatio
3446 2013 3531 2067 di-

280 2110 495 2162 vinitati
550 2108 723 2177 magis
773 2105 1131 2159 conveniret?

352 2220 518 2274 Πάλιν
554 2220 610 2273 δὲ
654 2220 788 2290 πρὸς
822 2218 882 2272 τὸ
908 2219 1108 2287 ἐφεξῆς
1141 2218 1398 2288 προάγων
1424 2218 1513 2269 τὸν
1540 2217 1717 2284 λόγον,
1749 2234 1855 2287 φη-

283 2313 388 2366 σίψ
439 2315 519 2364 Οὐ
551 2311 793 2365 δύναται
836 2310 1043 2371 σώζειν
1085 2309 1191 2364 τόν
1216 2313 1454 2385 ,κόσμον
1489 2313 1520 2362 ό
1552 2309 1859 2377 ἅνθρωπος

274 2404 392 2473 μὲν
409 2403 492 2457 ὢν
523 2402 631 2471 (99)
652 2442 665 2465 ,
716 2402 809 2453 καὶ
838 2400 1119 2468 τῆκοινῇ
1152 2399 1272 2453 τῶν
1305 2398 1631 2466 ἀνθρώπων
1666 2396 1857 2467 φθορᾷ

278 2494 694 2562 ὑποκείμενος.
735 2493 881 2561 Φημὶ⁹
917 2491 1075 2544 τοῦτο
1120 2489 1305 2557 κάγώ·
1354 2491 1402 2540 εί
1437 2490 1543 2559 γὰρ
1578 2488 1857 2558 αὐτάρκης

278 2584 348 2659 ἦν
385 2589 418 2657 ἡ
451 2585 761 2654 ἀνθρωπίνη
792 2582 952 2650 φύσις
983 2582 1119 2653 πρὸς
1144 2581 1203 2633 τὸ
1248 2582 1411 2649 ἑαυτῇ
1440 2579 1498 2631 τὸ
1523 2578 1724 2646 ἀγαθὸν
1752 2596 1852 2631 κα⁸

279 2676 686 2746 ταστήσασθαι,
733 2675 984 2744 περιττὸν
1032 2674 1092 2726 τὸ
1152 2673 1469 2744 μυστήριον.
1519 2669 1735 2740 Ἐπειδὴ
1796 2670 1855 2723 δὲ.

279 2768 561 2837 ἀμήχανον
581 2763 647 2837 ἦν
676 2765 779 2831 ἔξω
804 2764 1032 2818 θανάτου
1057 2762 1325 2831 γενέσθαι,
1362 2762 1436 2832 μὴ
1465 2759 1598 2814 Θεοῦ
1626 2761 1723 2830 τὴν
1752 2777 1856 2811 σω-

280 2860 476 2930 τηρίαν
508 2858 827 2929 πορίσαντος
847 2900 860 2923 ,
893 2856 979 2910 διὰ
1010 2856 1171 2909 τοῦτο
1216 2856 1277 2909 τὸ
1321 2854 1437 2923 φῶς
1470 2856 1530 2907 εν
1566 2856 1632 2925 τῇ
1668 2853 1856 2924 σκοτίᾳ

278 2951 489 3021 λάμπει
536 2949 623 3003 διὰ
666 2951 898 3020 σαρκὸς,
935 2948 1001 3001 ἵν’
1033 2947 1251 3019 ὲξορίσῃ
1276 2946 1363 3000 διά
1406 2945 1606 3017 σαρκὸς
1642 2944 1739 3016 τὴν
1787 2946 1853 2997 ἐκ

277 3004 373 3092 τοί)
408 3038 632 3101 σκότους
665 3004 959 3091 ἀπώλειάν.
1004 3004 1155 3090 Ἀλλ’
1188 3004 1329 3090 οἶδὲ
1362 3004 1492 3091 ὑπὸ.
1506 3004 1672 3100 Θεοῦ,
1697 3004 1852 3103 ξρησὶ,
1884 3004 1927 3063 C

272 3130 361 3200 μὴ
396 3128 809 3197 ἑπιμιχθέντος
824 3127 988 3196 ἡμῖν,
1010 3124 1327 3195 σωζόμεθα.
1347 3128 1664 3197 Σωφρωνεῖν
1682 3126 1856 3178 ἔοικεν

280 3225 338 3275 ἐν
370 3225 480 3285 τοῖς
522 3221 834 3291 λεγομένοις
866 3220 894 3271 6
922 3218 1286 3290 λογογράφος,
1319 3219 1411 3271 καὶ
1449 3217 1581 3288 πρὸς
1604 3218 1729 3279 τοὺς
1755 3215 1856 3285 ἕμ-

280 3329 481 3383 φρονας
514 3311 804 3381 λογισμοὺς
842 3308 938 3379 τὴν
971 3307 1147 3378 ψυχὴν
1184 3308 1444 3374 ἐπανάγει
1468 3322 1479 3332 ’
1509 3309 1536 3358 6
1570 3306 1677 3376 γὰρ
1708 3305 1855 3375 μίξιν

279 3406 447 3457 εἰπὼν
484 3404 592 3455 τῶν
616 3403 759 3457 κατὰ
784 3400 945 3471 φύσιν
976 3400 1276 3453 διεστώτων
1307 3397 1561 3468 σημαίνει
1595 3396 1693 3467 τὴν
1720 3396 1855 3449 ἕνω-

282 3511 386 3546 σιν.
424 3494 711 3561 Μίγνυται
742 3492 829 3554 δὲ,
874 3491 1034 3559 φησὶ.
1083 3488 1239 3557 σὰρξ
1280 3488 1617 3557 γενόμενος,
1656 3486 1855 3541 τουτέ-

278 3598 420 3635 στιν
453 3578 984 3648 ἄνθρωπος,καθὼς
1020 3577 1086 3631 τὸ
1114 3576 1486 3655 Εὐαχγὲλιον
1527 3578 1688 3644 λέγει
1710 3616 1725 3640 ,
1758 3574 1856 3629 ὅτε

279 3676 435 3745 σὰρξ
460 3674 725 3743 ἐγένετο,
756 3671 890 3724 τότε
928 3670 1114 3724 αὑτὸν
1140 3669 1210 3721 ἐν
1247 3667 1392 3734 ἡμῖν
1425 3664 1851 3731 ἐσκηνωκέναι.

279 3767 416 3822 Οὐδὲ
464 3764 635 3818 ταῦτα
684 3760 778 3815 τοῦ
822 3760 1152 3829 ὑγιαίνοντος
1199 3757 1394 3828 ἀπᾴδει
1444 3756 1603 3826 λόχου
1630 3797 1645 3822 ,
1692 3757 1738 3807 εί
1776 3758 1851 3827 μή

278 3878 330 3913 τι
364 3858 714 3928 παρασπαρεῖ
742 3855 817 3925 (Ι)
851 3851 997 3921 αὐτῷ
1020 3850 1156 3922 μετὰ
1187 3848 1356 3902 ταῦτα
1389 3849 1484 3918 τῆς
1512 3847 1853 3911 ζιζανιώδους

280 3952 506 4021 σπορᾶς.
535 3944 702 4010 Οὗτος
725 3947 833 4017 γάρ
855 3945 1139 4015 ἡμέτερος,
1167 3940 1365 4010 μᾶλλον
1395 3940 1452 3992 δὲ
1472 3940 1571 4009 τῆς
1594 3939 1851 4010 ἀληθείας

278 4045 307 4095 ό
340 4042 513 4109 λόγος,
545 4040 629 4092 ὅτι
669 4039 788 4091 τότε
831 4037 905 4106 (‘2)
953 4036 1259 4106 ἐσκήνωσεν
1300 4033 1356 4085 ἐν
1395 4034 1548 4102 ἡμῖν,
1586 4032 1673 4083 ὅτε
1717 4029 1852 4100 σάρξ

279 4134 527 4201 ἐγένετο,
568 4131 662 4184 καὶ
708 4130 768 4182 τὸ
813 4128 1067 4199 ἔμπαλιν,
1119 4127 1239 4179 τότε
1290 4124 1424 4195 σὰρξ
1458 4123 1708 4191 ἐγένετο,
1762 4122 1851 4176 ὅτε

278 4225 583 4294 ἐσκήνωσεν
618 4226 675 4276 ἐν
697 4221 944 4292 ἡμῖν
976 4221 1037 4272 Εἰ
1067 4213 1159 4272 οὖν
1192 4217 1251 4282 ἐξ
1279 4217 1487 4270 ἐκείνου
1514 4218 1546 4285 ἡ
1584 4214 1719 4283 σὰρξ
1758 4215 1851 4283 ἀφ’

277 4314 338 4373 οὗ
359 4321 392 4389 ἡ
414 4321 471 4371 ὲν
498 4320 627 4387 ἡμῖν
650 4315 1061 4385 κατασκήνωσις
1078 4351 1091 4373 ,
1115 4311 1221 4382 ἄρα
1247 4310 1374 4381 πρὶν
1398 4306 1850 4375 εὑαγγελισθῆναι

278 4411 385 4464 ὑπὸ
410 4409 503 4465 τοῦ
530 4406 767 4479 Γαϐριὴλ
793 4408 891 4477 τὴν
919 4404 1211 4475 Παρθένον,
1235 4402 1371 4475 σὰρξ
1398 4400 1609 4454 οὐδέπω
1633 4401 1660 4451 6
1683 4398 1851 4466 Λόγος

276 4499 343 4572 ἦν
363 4518 375 4530 ·
410 4502 504 4555 καὶ
526 4500 723 4571 ψευδὴς
760 4501 788 4552 6
816 4497 986 4565 λέγων
1016 4499 1078 4549 ὲκ
1100 4497 1207 4548 τῶν
1236 4494 1442 4547 ἄνωθεν
1476 4491 1847 4561 καταϐεϐηκὲ-

278 4612 365 4646 ναι
401 4592 536 4663 πρὸς
582 4592 729 4660 ἡμᾶς
770 4588 831 4641 τὸ
873 4586 1207 4657 ἀνθρώπινον
1261 4585 1358 4655 (4),
1409 4583 1545 4651 (καὶ
1581 4582 1686 4652 πρὸ
1753 4580 1851 4650 τῆς

277 4682 622 4753 ἀνθρωπίνης
656 4680 869 4749 φύσεως
899 4680 1073 4731 ἐκεῖνο
1104 4672 1242 4729 εἶναι
1274 4675 1365 4727 τὸν
1396 4672 1743 4743 ἄνθρωπον),
1783 4671 1849 4723 δι’

277 4771 339 4830 οὗ
390 4776 451 4827 τὸ
495 4774 635 4826 θεῖον
683 4774 748 4841 τῇ
787 4768 1099 4838 ἀνθρωπίνη
1151 4765 1456 4835 κατεμίχθη
1493 4764 1626 4834 ζωῇ.
1690 4761 1846 4815 Ἀλλ’

278 4868 419 4923 οὐδὲ
469 4866 623 4927 λύει,
657 4862 810 4935 φησὶ,
859 4860 974 4928 τὴν
1020 4858 1138 4911 τῶν
1191 4857 1514 4925 ἀνθρώπων
1540 4856 1849 4923 ἁμαρτίαν,

275 4956 358 5027 μὴ
400 4955 476 5027 (5)
524 4956 844 5025 γενόμενος
872 4950 1181 5020 ἅνθρωπος
1224 4946 1637 5017 ἀναμάρτητος
1660 4987 1676 5013 ,
1705 4945 1845 5000 οὐδὲ

348 5138 457 5205 (94)
479 5136 634 5190 Corr.
653 5135 742 5188 διὰ
777 5134 884 5187 τῶν
912 5133 1239 5255 λεγομένων.

350 5208 461 5255 195i
490 5208 635 5255 Part.
664 5204 756 5255 καί
775 5220 917 5255 corr.
958 5204 1023 5255 ad
1070 5244 1083 5255 .

350 5208 461 5277 (95)
490 5208 635 5259 Part.
664 5204 756 5258 καί
775 5220 917 5258 corr.
958 5204 1083 5277 add.

349 5272 461 5341 {96)
498 5277 559 5329 Et
590 5278 677 5329 hic
711 5285 813 5328 art.
839 5290 982 5327 corr.
1017 5272 1141 5327 add.

350 5334 469 5417 (97)
488 5348 642 5400 Corr.
672 5345 786 5417 ἀλλ’
829 5346 925 5417 ὅπε
935 5362 986 5414 ρ.
1004 5344 1148 5413 Lego
1166 5341 1263 5395 ἀλλ
1278 5345 1293 5359 ’
1313 5334 1485 5413 ᾧπερ.

350 5416 461 5485 (⁷98)
488 5420 644 5470 (lorr.
677 5416 911 5477 ἐλλιπές.

350 5479 458 5557 (99)
483 5488 635 5541 Corr.
668 5488 695 5538 6
722 5486 1025 5555 ἄνθρωπος.
1052 5484 1330 5557 ἄνθρωπος
1354 5479 1535 5557 μένων
1564 5482 1675 5542 καί,
1732 5496 1841 5549 QUO

280 5549 782 5613 sensu'vertendum
813 5549 985 5610 esset:
1016 5556 1255 5610 Mundam
1282 5549 1486 5603 salvare
1533 5569 1634 5605 non
1672 5559 1840 5621 potest

278 5632 453 5697 (ιιιιηο,
484 5629 569 5696 qui
600 5628 751 5680 homo
785 5638 1069 5690 permanet,
1105 5636 1150 5675 et
1182 5621 1467 5685 Communi,
1511 5634 1616 5679 etC.

306 5706 311 5711 ’
349 5700 423 5767 (ί)
462 5698 612 5753 Uurr.
657 5698 1007 5769 παρασπαρῇ.

2027 2220 2114 2275 LI.
2181 2219 2393 2275 Rursus
2441 2231 2620 2274 autem
2678 2220 2745 2273 ad
2798 2221 2905 2273 alia
2956 2235 3208 2289 pergens,
3264 2223 3345 2274 sic
3401 2221 3527 2277 ait:

1955 2304 2212 2359 Mundam
2258 2308 2467 2360 salvare
2521 2324 2622 2360 non
2662 2316 2832 2375 potest
2876 2308 2965 2376 qui
2998 2307 3150 2361 homo
3202 2310 3409 2379 quidem
3452 2321 3531 2364 est

1953 2407 2001 2450 et
2030 2400 2291 2451 communi
2315 2397 2580 2451 Itonu'num
2618 2401 2945 2468 carruptioni
2976 2399 3230 2453 obnoxius
3261 2410 3360 2454 est.
3399 2400 3529 2456 Haec

1953 2497 2007 2540 et
2050 2502 2168 2539 mea
2217 2487 2451 2541 assertio
2503 2497 2623 2553 est,
2684 2504 2808 2541 nam
2853 2491 2899 2541 si
2940 2489 3179 2542 humana
3219 2496 3415 2544 natura
3463 2489 3533 2543 ad

1954 2575 2152 2630 bonum
2210 2578 2314 2631 sibi
2364 2578 2787 2647 comparandum
2833 2578 2947 2633 sola
2997 2578 3303 2646 sufliceret,
3338 2594 3534 2649 super—

1956 2682 2255 2721 vacaneum
2308 2669 2495 2737 utique
2526 2669 2922 2723 incarnationis
2955 2670 3276 2738 mysterium
3309 2670 3527 2726 fuisset.

1956 2757 2222 2823 Quoniam
2273 2775 2402 2815 vero
2462 2770 2695 2815 mortem
2748 2761 2981 2814 evadere
3014 2777 3121 2814 non
3179 2770 3415 2831 poterat,
3481 2762 3531 2817 si

1957 2848 2100 2904 Deus
2150 2852 2380 2930 salutem
2429 2852 2535 2921 ipsi
2591 2853 2903 2923 imper-titus
2968 2868 3076 2906 non
3137 2854 3356 2917 fuisset,
3404 2869 3533 2925 pro-

1959 2950 2144 3011 pterea
2182 2942 2275 2995 lux
2328 2944 2382 2996 in
2441 2943 2682 2998 tenebris
2733 2959 2829 3012 per
2873 2959 3092 2998 carnem
3126 2945 3292 3008 lucet,
3344 2954 3402 2999 ut
3436 2963 3534 3015 per

1958 3031 2203 3085 eamdem
2269 3047 2487 3088 carnem
2521 3050 2587 3087 ex
2643 3034 2886 3089 tenebris
2940 3045 3115 3088 ortam
3171 3036 3531 3104 perditionem

1957 3122 2222 3175 eliminet.
2256 3121 2359 3177 Sed
2396 3141 2555 3194 neque
2581 3126 2872 3188 salvantur,
2909 3126 3005 3189 ait,
3049 3143 3081 3179 a
3127 3126 3255 3188 Deo,
3305 3128 3351 3179 si
3384 3126 3530 3181 nobis

1957 3215 2264 3267 commistus
2306 3230 2410 3267 non
2459 3216 2547 3268 sit.
2596 3214 2753 3270 Hisce
2808 3216 2861 3270 in
2914 3217 3097 3270 verbis
3150 3227 3296 3272 recte
3327 3219 3532 3272 sentire

1956 3315 2011 3361 et
2035 3306 2101 3360 ad
2138 3307 2500 3375 sapientiores
2527 3309 2890 3376 cogitationes
2931 3309 3170 3362 animum
3210 3318 3531 3365 convertere

1956 3398 2194 3467 scriptor
2223 3397 2481 3463 videtur;
2516 3415 2637 3452 nam
2671 3400 2762 3468 qui
2794 3400 3107 3455 mistionem
3161 3402 3313 3465 dicit,
3344 3417 3530 3457 rerum

1964 3488 2265 3545 secundum
2316 3498 2565 3543 naturam
2616 3489 3053 3560 discrepantium
3101 3493 3401 3547 unitionem
3450 3494 3531 3547 εἰ·-

1954 3581 2197 3650 gnificat.
2238 3580 2497 3637 Miscetur
2542 3594 2717 3637 autem
2780 3584 3085 3648 nobiscum,
3140 3585 3347 3655 inquit,
3411 3602 3530 3638 cum

1955 3691 2101 3736 caro,
2153 3674 2249 3728 hoc
2295 3684 2395 3740 est,
2436 3675 2589 3729 homo
2620 3676 2795 3745 [actus
2846 3678 2971 3744 fuit,
3005 3678 3443 3746 quemadmodum
3475 3680 3531 3733 in

1956 3767 2235 3837 Evangelia
2269 3769 2485 3834 dicitur,
2517 3780 2639 3823 tunc
2683 3786 2891 3823 carnem
2942 3771 3141 3839 factum
3191 3773 3374 3838 fuisse,
3408 3789 3528 3825 cum

1954 3858 2207 3913 habitavit
2252 3860 2304 3912 in
2352 3860 2522 3915 nobis.
2562 3858 2673 3915 Nec
2724 3862 2829 3915 ista
2873 3876 2901 3913 a
2939 3872 3085 3915 recto
3132 3876 3385 3915 sermone
3411 3862 3528 3915 dis-

1954 3965 2088 4005 sona
2130 3960 2275 4015 sunt,
2328 3951 2436 4005 nisi
2496 3952 2682 4006 statim
2739 3953 2807 4006 ab
2860 3953 2982 4022 ipso
3031 3952 3213 4021 aliqua
3266 3951 3526 4020 deinceps

1952 4041 2522 4109 superseminarentur
2564 4041 2794 4095 zizania.
2831 4040 2965 4093 Nam
3016 4042 3103 4093 hic
3151 4048 3354 4103 noster,
3407 4040 3519 4093 imo

1954 4132 2134 4198 potius
2170 4132 2341 4201 ipsius
2370 4132 2617 4188 veritatis
2650 4148 2832 4187 sermo
2874 4142 2977 4197 est,
3017 4142 3145 4186 tunc
3195 4148 3386 4201 nempe
3433 4132 3527 4185 ha-

1952 4221 2159 4275 bitasse
2214 4222 2269 4289 in
2316 4222 2498 4283 nobis,
2544 4224 2763 4290 quando
2811 4238 2938 4275 caro
2994 4222 3194 4276 factum
3236 4231 3341 4285 est,
3395 4230 3448 4275 et
3496 4238 3527 4276 e

1959 4313 2225 4371 contrario
2279 4319 2409 4367 tunc
2448 4329 2663 4367 carnem
2697 4314 2897 4366 factum
2934 4329 3078 4376 esse,
3108 4329 3232 4367 cum
3266 4313 3528 4367 habitavit

1955 4404 2010 4455 in
2057 4404 2239 4459 nobis.
2296 4403 2353 4458 Si
2400 4404 2563 4474 igitur
2618 4420 2685 4459 ex
2733 4406 2825 4457 illo
2864 4416 3107 4473 tempore
3164 4420 3294 4457 caro
3332 4407 3431 4457 fuit
3460 4422 3523 4459 ex

1949 4511 2059 4563 quo
2097 4494 2343 4549 habitare
2383 4496 2548 4564 erepit
2576 4495 2632 4548 in
2680 4496 2857 4557 nobis,
2884 4512 3012 4563 ergo
3047 4495 3284 4551 Verbum
3320 4513 3529 4566 nequa-

1947 4601 2110 4654 quam
2161 4602 2291 4640 caro
2328 4596 2449 4641 erat
2507 4596 2799 4655 antequam
2841 4588 3058 4643 Gabriel
3110 4587 3384 4657 Virginem
3430 4605 3526 4642 an-

1948 4678 2303 4743 nnntiasset;
2360 4686 2415 4731 et
2470 4679 2562 4747 qui
2616 4679 2747 4733 dicit
2788 4680 3181 4733 humanitatem
3240 4678 3401 4732 Verbi
3457 4679 3525 4733 ad

1948 4784 2049 4821 nos
2082 4786 2111 4820 e
2152 4771 2290 4821 emlo
2338 4769 2694 4824 descendisse
2746 4772 2820 4837 (et
2881 4780 3007 4825 ante
3053 4780 3286 4825 creatam
3336 4770 3526 4823 Imma—

1958 4873 2083 4909 nam
2132 4867 2379 4910 naturam
2416 4857 2528 4924 jam
2566 4858 2699 4911 illud
2735 4860 3008 4912 hominem
3060 4857 3377 4925 exstitisse),
3429 4870 3525 4923 per

1951 4945 2095 5015 quod
2119 4944 2367 5000 humana:
2387 4956 2597 5002 naturae
2616 4948 2873 5002 divinitas
2895 4948 3181 5001 connnista
3219 4946 3339 5009 fuit,
3375 4961 3525 4998 men-

2019 5128 2093 5193 (2)
2121 5128 2195 5181 Ita
2233 5130 2560 5193 eorr.;male
2579 5140 2733 5183 antea
2766 5128 2844 5181 τό.

2018 5200 2092 5265 (5)
2126 5200 2281 5252 Hunc
2318 5200 2495 5252 locum
2546 5215 2718 5266 usque
2755 5199 2819 5250 ad
2864 5197 2951 5249 illa
2984 5195 3315 5264 Apollinaris
3359 5196 3526 5251 verba

1948 5268 2058 5321 ἀλλ’
2089 5269 2206 5321 οὐδὲ
2227 5266 2363 5333 λύει,
2393 5271 2556 5320 refert
2580 5267 2967 5337 Euthymiusin
2995 5266 3267 5337 lfanoplia:
3285 5274 3426 5335 part.
3449 5281 3483 5318 ιι
3508 5308 3523 5329 ,

1947 5341 2030 5392 tit.
2068 5341 2166 5400 l5.
2225 5356 2346 5409 pag.
2378 5339 2480 5392 526
2502 5377 2516 5399 ,
2559 5354 2700 5392 vers.
2728 5335 2797 5409 'Si
2825 5346 2949 5409 tunc
2995 5335 3236 5389 Verbum.

2019 5412 2091 5479 (μί)
2122 5406 2251 5475 ριιὼ
2300 5406 2667 5464 semicirculis
2696 5408 3048 5460 includuntur
3084 5423 3227 5460 corr.
3278 5406 3430 5473 add.,
3470 5414 3526 5459 et

1948 5484 2087 5549 apud
2114 5480 2461 5549 Eutbymium
2478 5493 2703 5549 quoque
2735 5479 3021 5531 habentur.

2023 5550 2097 5619 (5)
2120 5544 2277 5604 Forte
2302 5544 2668 5619 legendum’st
2700 5549 2793 5617 μή,
2828 5554 2887 5600 ιιι
2916 5562 3041 5603 mox
3072 5547 3128 5601 in
3156 5544 3325 5601 altera
3354 5544 3524 5615 hujus

1950 5618 2157 5694 periodi
2189 5627 2341 5690 parte
2375 5620 2535 5673 habet
2565 5618 2864 5689 Nysscnus.
