4020 6512
524 266 660 320 5237

1779 255 1837 311 S.
1868 252 2195 311 GREGORII
2227 249 2525 309 NYSSENI

3636 245 3775 298 1253

522 382 627 437 dux
674 389 779 437 est.
830 380 932 435 Sed
982 395 1163 450 neque,
1217 376 1311 443 ait,
1363 385 1576 445 peccata
1622 376 1892 429 hominum
1938 374 2091 436 delet,

2205 371 2319 441 τὴν
2355 372 2505 426 κατὰ
2530 370 2770 424 πάντων
2793 370 3118 437 ἀνθρώπων
3146 369 3251 423 τοῦ
3290 369 3549 423 θανάτου
3585 369 3777 432 ﬂuat-

520 490 627 529 nm
670 470 1023 541 impeccabilis
1056 470 1208 523 homo
1239 468 1410 538 factus
1459 468 1618 536 fuerit
1650 484 1668 521 :
1710 483 1872 537 neque
1904 467 2090 520 mortis

520 567 577 621 in
626 582 802 619 omnes
829 563 1060 618 homines
1094 561 1370 630 imperium
1402 559 1646 621 destruit,
1689 559 1792 612 nisi
1830 567 1887 611 ut
1942 561 2093 613 homo

521 667 759 711 mortuus
783 655 871 719 sit,
907 662 956 706 et
987 653 1350 706 resurrexerit.
1377 649 1595 705 Utinam
1623 665 1796 719 usque
1831 648 1898 702 ad
1930 648 2093 703 ﬁnem

519 759 671 804 recta
717 757 953 818 saperet,
1008 761 1129 816 qua:
1170 744 1432 799 Ecclesia:
1473 750 1617 805 sunt,
1659 743 1926 812 loquens!
1988 740 2094 795 Sed

520 843 722 896 iterum
756 840 824 894 ad
860 839 1139 909 ingenium
1180 837 1341 900 redit,
1394 842 1448 889 et
1505 833 1761 889 Ecclesiae
1786 833 2094 888 doctrinam

522 945 930 1001 accusans,nos
963 928 1243 999 propriam
1299 926 1468 981 solius
1508 925 1761 978 humanae
1792 924 1846 977 in
1877 923 2095 978 Christo

520 1034 732 1078 natura:
762 1024 931 1077 fuisse
980 1030 1235 1083 mortem,
1268 1017 1583 1072 existimare
1617 1016 1713 1079 ait,
1745 1022 1798 1069 et
1827 1016 2091 1069 rationem

520 1118 809 1188 quamdam
830 1131 858 1168 a
888 1131 945 1169 se
973 1113 1357 1181 excogitatam,
1384 1108 1450 1162 ad
1485 1108 1813 1163 sententiam
1846 1114 2091 1161 nostram

522 1206 910 1263 confutandam
950 1203 1253 1273 subjungit,
1293 1216 1412 1270 qua).
1469 1200 1542 1254 ita
1591 1215 1652 1255 se
1708 1199 1904 1254 habet:
1944 1197 2091 1252 Mors

524 1311 701 1356 autem
726 1300 972 1360 hominis,
1013 1296 1209 1366 inquit,
1236 1303 1455 1348 mortem
1493 1309 1596 1346 non
1637 1291 1880 1345 destruit.
1915 1289 2095 1355 Quor-

525 1413 647 1452 sum
697 1404 892 1449 auctor
946 1394 1050 1447 ista
1096 1390 1335 1461 profert?
1389 1386 1592 1457 Nempe
1650 1396 1710 1441 ut
1749 1387 1923 1456 ipsius
1960 1382 2094 1439 Uni-

524 1490 690 1560 geniti
737 1487 1099 1548 divinitatem,
1160 1484 1335 1552 ipsam
1368 1482 1677 1539 veritatem,
1724 1479 1894 1548 ipsam
1926 1477 2091 1531 vitam

525 1583 578 1634 in
624 1580 803 1634 crucis
855 1578 1109 1648 passione
1164 1574 1443 1629 interiisse
1486 1570 1761 1635 ostendat,
1811 1571 1882 1623 ita
1938 1578 1998 1623 ut
2038 1568 2090 1621 in

523 1672 767 1725 triduani
825 1670 973 1723 illius
1028 1668 1292 1738 temporis
1352 1664 1579 1736 periodo
1619 1664 1729 1717 vita
1775 1676 1882 1715 non
1926 1660 2094 1713 exsti-

2200 462 2373 517 λείαν
2402 462 2703 525 καταλύει,
2728 463 2781 513 ει
2800 460 2886 529 μὴ
2916 461 2995 526 ὡς
3022 460 3328 527 ἅνθρωπος
3360 460 3641 523 ἀπέθανε,
3674 460 3777 513 καὶ

2199 555 2446 621 ἀνέστη.
2470 553 2594 606 Εἴθε
2628 552 2784 625 μέχρι
2816 552 2999 615 τέλους
3025 549 3439 622 ἧνέὑγνώμων,
3477 554 3546 605 τὰ
3577 554 3644 603 ὲκ
3672 554 3774 621 τῆς

2214 646 2536 716 Ἐκκλησίας
2566 646 2957 717 φθεγγόμενοςῑ
2988 644 3151 699 Πάλιν
3168 645 3224 699 δὲ
3244 645 3377 716 πρὸς
3398 647 3584 700 ἑαυτὸν
3606 649 3770 700 Enr;-

2199 742 2413 815 έρχεται
2479 739 2571 792 καί
2602 756 2765 809 φησι,
2810 740 2899 793 τὸν
2943 738 3397 809 ἐκκλησιαστικὸν
3445 737 3776 807 αἰτιώμενος

2200 830 2374 900 λόγον,
2424 832 2507 884 ὅτι
2538 833 2665 904 περὶ
2694 830 2784 885 τὸν
2816 831 3097 902 ἄνθρωπον
3129 829 3441 901 θεωροῦμεν
3470 831 3530 883 τὸ
3558 832 3738 894 πάθος
3757 868 3775 896 ,

2200 926 2293 979 καὶ
2329 924 2521 993 ἐπάγει
2563 924 2653 979 τδν
2689 925 2818 978 ῐδιον
2859 924 3035 994 λόγον,
3066 925 3146 989 εἰς
3184 924 3406 994 ἔλεγχον
3431 924 3533 994 τῆς
3564 925 3804 994 ὑπολήοε

2198 1016 2344 1087 ψεως
2372 1018 2403 1087 ἡ
2412 1016 2549 1087 μῶν,
2578 1016 2767 1087 ἔχοντα
2791 1016 2987 1080 οὕτως·
3004 1015 3081 1087 (6)
3130 1014 3457 1082 Ἀνθρώπου
3481 1016 3581 1081 δὲ,
3614 1016 3773 1086 φησὶ,

2201 1107 2478 1176 θάνατος,
2509 1111 2580 1163 οὐ
2609 1108 2888 1177 καταργεῖ
2910 1108 3015 1161 τὸν
3045 1107 3321 1162 θάνατον.
3344 1108 3408 1159 Τί
3428 1108 3777 1161 κατασκευά-

2200 1202 2307 1264 ζων
2337 1201 2511 1255 ταῦτά
2539 1218 2701 1273 φησιν
2726 1219 2739 1265 ;
2769 1202 2889 1254 Ὅτι
2928 1200 3091 1254 αὑτοῦ
3133 1201 3210 1269 (7)
3241 1201 3333 1253 τοῦ
3362 1200 3705 1269 Μονογενοῦς
3738 1202 3772 1270 ἡ

2201 1294 2411 1365 θεότης,
2452 1296 2588 1365 αὐτὴ
2631 1296 2664 1365 ὴ
2712 1293 2935 1364 ἀλήθεια
2968 1333 2981 1356 ,
3024 1294 3157 1364 αὑτὴ
3187 1296 3219 1364 ἡ
3252 1293 3363 1363 ζωὴ
3408 1294 3464 1345 ἐν
3512 1292 3591 1363 τῷ
3625 1295 3772 1345 κατὰ

2198 1387 2289 1439 τὸν
2342 1388 2569 1461 σταυρὸν
2624 1386 2784 1440 πάθει
2841 1386 3195 1455 ἁπενεκρώθη
3226 1426 3239 1448 ,
3274 1385 3413 1437 ὥστε
3469 1386 3607 1438 κατὰ
3669 1387 3773 1455 τὴν

2200 1478 2492 1548 τριήμερον
2524 1476 2737 1545 ἐκείνην
2767 1474 2859 1527 τοῦ
2888 1476 3077 1545 χρόνου
3112 1472 3473 1543 περιγραφὴν,
3508 1472 3584 1542 μὴ
3624 1472 3773 1541 ζωὴν

2200 1566 2381 1632 εἶναι,
2445 1568 2519 1640 μὴ
2579 1568 2842 1639 δύναμιν,
2913 1568 2988 1638 μὴ
3040 1566 3417 1635 δικαιοσύνην,
3470 1566 3544 1635 μὴ
3604 1565 3761 1632 ιεὼς,

2205 1662 2277 1731 μὴ
2327 1661 2602 1731 ἀλήθειαν,
2647 1660 2720 1730 μὴ
2769 1660 2935 1730 αὐτὴν
2968 1660 3065 1728 τὴν
3102 1659 3345 1728 θεότητα.
3393 1658 3467 1709 Οὐ
3497 1656 3606 1727 γὰρ
3640 1658 3770 1725 μιᾶς

523 1766 671 1827 terit,
715 1780 821 1818 non
869 1764 1063 1825 virtus,
1104 1777 1213 1815 non
1243 1759 1480 1828 justitia,
1536 1771 1645 1809 non
1696 1756 1812 1817 lux,
1848 1769 1956 1807 non
1995 1767 2091 1806 ve-

2197 1754 2565 1823 ἀποθανούσης
2602 1753 2851 1822 θεότητος
2873 1793 2885 1815 ,
2909 1753 3124 1821 -έτέραν
3164 1750 3538 1817 ύπολελεῐσθαι
3582 1750 3770 1815 λέγει,

520 1856 678 1915 ritas,
727 1869 832 1905 non
864 1853 979 1921 ipsa
1010 1851 1229 1905 demum
1271 1847 1548 1903 divinitas.
1578 1844 1763 1914 Neque
1800 1843 1945 1897 enim
1987 1854 2095 1894 una

521 1944 808 1998 divinitate
854 1943 1205 2009 interempta,
1260 1940 1483 1992 alteram
1540 1935 1876 1990 divinitatem
1906 1947 2098 2002 super-

522 2036 704 2091 stitem
753 2034 923 2088 fuisse
978 2033 1076 2097 ait,
1130 2028 1575 2101 quandoquidem
1635 2027 1823 2082 multis
1861 2026 1917 2080 in
1964 2025 2100 2080 locis

522 2126 703 2197 ipsum
758 2126 857 2180 hac
891 2124 961 2180 de
1011 2140 1071 2180 re
1101 2123 1365 2177 adversus
1390 2120 1580 2174 Arium
1607 2118 1868 2175 dimicare
1900 2132 2094 2172 unam-

520 2235 628 2290 que
653 2234 777 2273 esse
798 2217 1088 2271 Trinitatis
1117 2216 1378 2271 deitatem
1404 2221 1655 2270 astruere
1680 2218 1936 2280 apparet;
1969 2225 2091 2280 qua:

518 2312 741 2380 quidem
772 2309 1053 2371 divinitas,
1085 2323 1209 2362 cum
1246 2308 1298 2361 in
1330 2307 1552 2362 Christo
1590 2303 1928 2367 occubuerit,
1962 2304 2089 2371 alia,

521 2412 581 2457 ut
620 2404 737 2472 ipse
772 2416 872 2456 suo
909 2407 1228 2471 argumento
1263 2399 1567 2462 conﬁrmat,
1620 2410 1962 2465 nequaquam
1996 2412 2091 2451 su-

519 2495 741 2565 perfuit.
789 2493 961 2548 Porro
1009 2507 1120 2545 non
1159 2490 1316 2544 video
1356 2488 1634 2559 quomodo
1680 2488 1803 2558 quis
1844 2488 2091 2543 dubitare

521 2589 695 2658 possit
739 2587 871 2656 quin
919 2584 1258 2637 divinitatem
1307 2581 1470 2635 morti
1516 2581 1808 2635 obnoxiam
1844 2579 1935 2634 ille
1988 2594 2097 2633 non

523 2682 709 2733 faciat.
746 2678 877 2730 Nam
913 2690 1062 2730 mors
1106 2673 1255 2727 aliud
1305 2673 1359 2727 in
1398 2671 1618 2726 homine
1667 2686 1773 2725 non
1826 2680 2095 2740 estquam

522 2770 811 2841 compositi
869 2766 1198 2832 dissolutio;
1259 2765 1500 2819 humano
1546 2762 1815 2833 siquidem
1868 2776 2099 2830 corpore

521 2865 579 2918 in
620 2864 743 2917 illas
772 2876 838 2916 ex
864 2860 1066 2930 quibus
1126 2864 1366 2918 constat,
1407 2860 1592 2924 partes
1638 2854 1930 2917 dissoluto,
1976 2853 2098 2907 ani-

520 2966 609 3007 tna
652 2953 814 3008 simul
859 2966 983 3005 cum
1027 2963 1256 3018 corpore
1316 2962 1423 3001 non
1459 2945 1740 3011 concidit;
1799 2944 1896 2999 sed
1952 2945 2098 3015 quod

2195 1848 2325 1900 διότι
2361 1846 2622 1916 πολλαχοῦ
2661 1846 2931 1899 δείκνυται
2975 1845 3168 1915 Ἀρείῳ
3209 1843 3334 1913 περὶ
3370 1843 3555 1895 τούτου
3601 1841 3772 1912 μαχό-

2200 1956 2398 2011 μενος,
2443 1938 2540 1991 καὶ
2590 1937 2715 2008 μίαν
2749 1932 2886 1990 εἶναι
2933 1936 3352 1999 κατασκευάζων
3394 1935 3492 2002 τῆς
3538 1933 3771 2002 Τριάὼς

2199 2031 2460 2101 θεότητα,
2490 2024 2557 2099 ἧς
2597 2031 2654 2081 ὲν
2692 2028 2863 2098 τούτῳ
2901 2028 3298 2097 νεκρωθεὶσης,
3341 2025 3521 2088 καθὼς
3566 2042 3773 2092 onyx:-

2197 2120 2521 2184 τασκευάζει
2551 2120 2627 2189 τῷ
2665 2119 2827 2189 λόγῳ,
2858 2119 3072 2179 πάντως
3096 2118 3255 2187 ἑτέρα
3275 2117 3373 2169 ούκ
3393 2111 3479 2185 ἦν.
3510 2116 3619 2167 Καὶ
3651 2114 3772 2175 πῶς

2197 2210 2262 2265 ἄν
2293 2228 2379 2274 τις
2415 2211 2760 2280 ὑπονοήσειεν
2807 2208 2970 2262 αὑτὸν
3011 2208 3085 2277 (8)
3125 2208 3197 2278 μὴ
3226 2206 3419 2277 θνητὴν
3459 2208 3631 2257 ποιεῖν
3672 2205 3771 2274 τὴν

2198 2302 2449 2375 θεότητα,
2492 2302 2717 2355 συνιδεῖν
2754 2302 2853 2354 οὐκ
2904 2300 3031 2371 ἔχω.
3068 2300 3203 2352 Οὐδὲ
3242 2299 3349 2370 γὰρ
3397 2298 3582 2366 ἔτερόν
3620 2300 3772 2350 ἐστιν

2197 2394 2285 2447 ἐπ’
2314 2393 2599 2466 ἀνθρώπου
2631 2392 2877 2457 θάνατος,
2904 2394 2951 2444 εἰ
2983 2391 3058 2463 μὴ
3089 2390 3182 2443 τοῦ
3216 2390 3462 2443 συνθέτου
3488 2389 3729 2451 διάλυσις
3750 2405 3769 2422 ·

2196 2487 2319 2541 οὐδὲ
2347 2486 2455 2557 γὰρ
2484 2487 2542 2539 ὲν
2565 2487 2698 2556 ἡμῖν
2718 2484 2812 2538 τοῦ
2846 2483 3094 2554 σώματος
3121 2486 3201 2546 εἰς
3236 2482 3306 2535 τὰ
3345 2482 3403 2547 ἐξ
3434 2475 3509 2534 ὧν
3548 2481 3771 2548 σύγκει-

2199 2584 2286 2635 ται
2328 2580 2619 2649 λυομένου,
2653 2580 2747 2631 καὶ
2790 2580 2821 2647 ή
2853 2577 2996 2648 ψυχὴ
3030 2575 3399 2629 συνδιαπίπτει
3430 2577 3496 2645 τῇ
3529 2574 3772 2626 διαλύσει

2198 2672 2290 2725 τοῦ
2327 2671 2605 2743 σώματος’
2639 2670 2774 2725 ἀλλὰ
2800 2671 2861 2723 τὸ
2892 2670 2989 2741 μὲν
3020 2669 3268 2724 σύνθετον
3298 2668 3590 2729 διαλύεται,
3623 2667 3685 2719 τὸ
3710 2667 3773 2719 δὲ

2200 2764 2490 2818 ἀσύνθετον
2507 2763 2785 2817 ἀδιάλυτον
2812 2763 2978 2833 μένει.
3010 2763 3073 2815 Εἰ
3101 2758 3192 2814 οὖν
3210 2760 3385 2831 ψυχῆς
3412 2762 3508 2830 οὺχ
3538 2762 3771 2813 ἅπτεται

2200 2852 2449 2918 θάνατος,
2487 2853 2601 2915 πῶς
2630 2855 2663 2923 ἡ
2697 2853 2886 2923 θεότης
2929 2853 3344 2923 ἀπονεκροῦται,
3377 2854 3686 2921 λεγέτωσαν
3717 2854 3769 2905 οἱ

2203 2946 2276 3016 μὴ
2307 2945 2503 3009 εἰδότες
2527 2945 2562 2999 ἃ
2588 2946 2824 3014 λέγουσι.

522 3045 880 3114 compositum
934 3052 1018 3098 est
1086 3040 1436 3103 dissolvitur;
1479 3038 1623 3107 quod
1660 3046 1837 3093 autem
1897 3039 1965 3095 ab
2014 3038 2161 3093 omni
2201 3040 2597 3108 compositione
2624 3039 2860 3093 alienum
2911 3048 3014 3103 est,
3066 3040 3333 3110 integrum
3378 3046 3678 3108 permanet.
3707 3036 3770 3091 Si

522 3134 887 3203 igitur-anima
913 3133 1075 3187 morti
1110 3132 1347 3187 obnoxia
1385 3146 1494 3185 non
1526 3140 1631 3195 est,
1662 3145 1898 3200 quonam
1964 3140 2121 3199 pacto
2162 3130 2422 3186 divinitas
2476 3131 2699 3185 interire
2750 3138 2913 3201 queat
2963 3129 3150 3185 dicant
3202 3132 3292 3200 qui
3338 3130 3591 3185 nesciunt
3636 3131 3771 3201 quid

522 3228 838 3298 loquantur.

594 3320 703 3378 LII.
745 3320 1020 3373 Caeterum
1078 3333 1201 3387 qua:
1244 3316 1502 3385 deinceps
1536 3314 1602 3369 ad
1651 3315 1701 3369 id
1754 3316 2091 3385 probandum

2272 3311 2351 3364 Τὰ
2384 3310 2440 3362 δὲ
2474 3308 2704 3377 ἐχόμενα
2734 3308 2956 3374 τούτων,
2999 3311 3097 3362 ὃσα
3128 3312 3229 3382 τῆς
3253 3314 3421 3383 αὐτῆς
3446 3316 3561 3369 ἐστι
3597 3335 3768 3372 κατα-

525 3413 832 3482 subjungit.
884 3410 1081 3463 lubens
1113 3408 1395 3473 omittam;
1459 3422 1583 3460 nam
1638 3408 1693 3460 in
1739 3409 2091 3475 sequentibus

522 3503 698 3570 ipsam
757 3498 1035 3568 Unigeniti
1081 3496 1419 3549 divinitatem
1463 3497 1923 3551 mortem-obiisse
1960 3512 2092 3551 con-

525 3594 768 3653 ﬁrmans,
810 3591 907 3654 ait,
957 3587 1197 3640 Hominis
1250 3603 1390 3641 mors
1438 3596 1656 3640 mortem
1698 3604 1798 3641 non
1847 3588 2088 3652 destruit,

525 3694 693 3747 neque
736 3674 961 3744 resurgit
992 3673 1078 3741 qui
1111 3680 1347 3727 mortuus
1401 3687 1503 3725 non
1532 3681 1640 3735 est;
1672 3686 1735 3723 ea:
1759 3671 1967 3741 quibus,
2006 3674 2091 3726 in-

523 3766 662 3837 quit,
711 3766 948 3819 omnibus
980 3772 1122 3832 patet
1168 3764 1339 3832 ipsum
1383 3761 1551 3815 Deum
1604 3762 1882 3828 interiisse,
1923 3780 2091 3833 quan-

521 3857 821 3927 doquidem,
873 3856 1065 3924 inquit,
1121 3854 1237 3922 ﬁeri
1299 3869 1402 3906 non
1460 3861 1687 3920 poterat,
1740 3863 1799 3906 ut
1846 3852 2087 3909 Christus

523 3952 683 4005 morti
732 3947 1108 4002 succumberet.
1158 3945 1288 4011 Quae
1320 3945 1523 4008 omnia,
1574 3954 1760 4015 utpote
1807 3946 2092 4001 manifeste

524 4047 730 4097 absona
770 4049 823 4095 et
858 4039 1134 4104 absurda,
1194 4038 1416 4091 minime
1461 4037 1551 4090 hic
1595 4037 1934 4091 discutienda
1967 4051 2090 4091 esse

526 4132 781 4193 arbitror,
825 4144 945 4181 cum
996 4126 1246 4197 quisquis
1290 4133 1469 4180 mente
1516 4141 1624 4179 non
1681 4136 1851 4191 caret,
1892 4140 1987 4195 per
2032 4141 2090 4181 se

528 4223 704 4278 valeat
754 4222 897 4275 illius
931 4220 1264 4289 impietatem
1304 4228 1465 4286 atque
1507 4216 1833 4273 dementiam
1879 4217 2089 4287 perspi-

529 4331 675 4378 cere,
717 4314 808 4383 qui
860 4312 1025 4367 Deum
1066 4312 1264 4380 ipsum,
1300 4317 1528 4362 mortem
1569 4310 1620 4361 in
1650 4312 1863 4379 propria
1892 4319 2089 4363 natura

530 4418 872 4474 perpessum,
914 4403 1185 4455 interiisse
1221 4401 1556 4469 pronuntiat.
1612 4398 1988 4456 Verumtamen
2022 4402 2088 4455 il-

531 4497 620 4550 lud
654 4494 1029 4547 tantummodo
1064 4493 1206 4545 haud
1241 4493 1475 4547 alienum
1528 4493 1629 4545 erit
1662 4491 1959 4555 advertere,
1987 4509 2086 4548 nec

525 4586 708 4640 omnia
745 4600 865 4655 qua:
914 4592 1171 4653 tanquam
1212 4599 1241 4637 a
1283 4586 1440 4639 nobis
1487 4584 1628 4638 dicta
1677 4584 1909 4653 scriptor
1959 4600 2088 4655 pro-

2203 3403 2422 3471 σκευῆς,
2441 3402 2836 3471 ὑπερϐήσομαι.
2856 3402 2993 3470 Φησὶ
3010 3402 3117 3474 γὰρ
3134 3405 3190 3455 ἐν
3218 3409 3327 3475 τοῖς
3345 3407 3562 3477 ἐφεξῆς,
3593 3428 3767 3464 κατα-

2201 3494 2477 3558 σκευάζων
2535 3493 2594 3545 τὸ
2636 3493 2805 3562 αὐτὴν
2862 3493 3111 3549 τεθνάναι
3155 3497 3250 3548 τοῦ
3308 3499 3647 3567 Μονογενοῦς
3668 3503 3769 3573 τὴν

2198 3587 2446 3657 θεότητα,
2481 3587 2563 3639 ὅτι
2604 3586 2937 3654 Ἀνθρώπου
2966 3586 3218 3653 θάνατος
3253 3592 3323 3643 οὺ
3353 3594 3637 3662 natam-si
3661 3596 3769 3649 τὸν

2196 3677 2475 3739 θάνατον,
2500 3677 2640 3731 οὐδὲ
2668 3679 2979 3731 ἀνίσταται
3000 3682 3032 3732 o'
3052 3680 3136 3748 μὴ
3167 3681 3510 3735 ἀποθανών
3544 3686 3618 3749 ἐξ
3655 3683 3769 3753 ὧν,

2197 3770 2381 3839 φησὶν,
2422 3767 2701 3821 ἁπάντων
2728 3766 2940 3834 δῆλον,
2980 3768 3067 3821 ὅτι
3101 3770 3284 3836 ἁὺτὸς
3313 3773 3345 3824 ό
3380 3772 3523 3837 Θεὸς
3546 3775 3771 3829 ἀπέθα-

2196 3875 2282 3923 νε,
2321 3860 2486 3922 καθὸ,
2511 3858 2694 3929 φησὶν,
2727 3859 2837 3911 οὐκ
2890 3856 2969 3927 ἦν
2996 3860 3256 3913 δυνατὸν
3290 3865 3629 3929 κρατεῖσθαι
3661 3870 3769 3920 τὸν

2196 3950 2455 4017 Χριστὸν
2504 3949 2622 4003 ὑπὸ
2672 3947 2778 4001 τοῦ
2828 3948 3106 4002 θανάτου.
3162 3951 3336 4022 Ἀπερ
3385 3954 3460 4015 ὡς
3502 3957 3766 4026 πρόδηλον

2196 4041 2386 4111 ἔχοντα
2414 4042 2511 4111 τὴν
2554 4041 2799 4099 ἀτοπίαν,
2836 4043 3211 4113 παραδραμεῖν
3253 4040 3404 4115 οἶμαι
3445 4047 3553 4099 δεῖν
3582 4050 3767 4114 ἀνεξέ-

2194 4150 2385 4195 ταστα,
2418 4132 2613 4193 παντὸς
2645 4133 2739 4185 τοῦ
2771 4150 2833 4199 γε
2872 4134 2994 4185 νοῦν
3017 4134 3227 4203 ἔχοντος
3273 4137 3392 4189 καθ’
3421 4138 3611 4190 ἑαυτὸν
3641 4157 3764 4191 συν-

2200 4223 2325 4275 ιδεῖν
2348 4224 2421 4291 (9)
2445 4224 2738 4293 δυναμένου
2771 4224 2829 4277 τὸ
2854 4225 3045 4287 ἀσεϐές
3072 4243 3128 4277 τε
3158 4227 3249 4279 καὶ
3273 4229 3471 4281 ἄτοπον
3496 4228 3587 4281 τοῦ
3608 4230 3760 4302 sup-

2198 4316 2363 4385 ρήδην
2394 4316 2825 4384 ἀποφαινομένου
2872 4316 3032 4369 αὑτὸν
3071 4318 3159 4370 τὸν
3197 4318 3326 4370 Θεὸν
3364 4319 3651 4383 τεθνάναι,
3694 4327 3760 4394 τῇ

2199 4404 2300 4473 ἰδία
2356 4404 2546 4458 ἑαυτοῦ
2594 4405 2751 4474 φύσει
2800 4407 3108 4459 ὑποστάντα
3162 4408 3252 4461 τὸν
3301 4408 3550 4464 θάνατον.
3609 4412 3759 4482 Πλὴν

2192 4495 2442 4549 τοσοῦτον
2492 4495 2708 4564 εὔλογον
2754 4497 2881 4559 ἴσως
2930 4499 3043 4551 ἐστὶ
3082 4501 3619 4571 παρασημήνασθαι,
3674 4506 3756 4558 ὅτι

2192 4587 2312 4639 οὐδὲ
2351 4587 2449 4639 ὅσα
2505 4588 2569 4639 ὲκ
2619 4587 2713 4640 τοῦ
2756 4589 3025 4660 ἡμετέρου
3073 4593 3362 4661 προσώπου
3417 4594 3599 4663 λέγει,
3660 4614 3760 4649 κα-

524 4677 646 4740 fert,
692 4674 978 4730 mendacio
1036 4690 1169 4743 pura
1212 4684 1372 4743 atque
1424 4674 1686 4728 immunia
1752 4691 1895 4740 esse,
1923 4677 2085 4745 quin-

2197 4679 2413 4750 θαρεύει
2447 4678 2540 4732 τοῦ
2572 4679 2822 4749 ψεύδους,
2851 4682 2963 4735 ἀλλ’
3000 4683 3145 4737 ἐστιν
3179 4687 3235 4737 ὲν
3272 4689 3482 4749 αὐτοῖς,
3514 4688 3550 4741 ἃ
3598 4707 3758 4742 συκο-

524 4767 636 4818 imo
703 4765 756 4817 iu
799 4764 933 4832 ipsis
1004 4762 1264 4815 nonnulla
1321 4761 1564 4829 reperiri,
1609 4777 1730 4830 quae
1780 4764 2087 4834 sycophan-

521 4867 699 4909 tarum
762 4869 912 4908 more
959 4853 1026 4907 ad
1084 4861 1286 4907 nostra:
1338 4852 1461 4905 ﬁdei
1512 4854 1895 4909 contumeliam
1951 4870 2086 4909 con-

523 4949 697 5001 ﬁnxit.
753 4947 840 4999 Ait
894 4947 1058 5009 enim,
1118 4962 1219 5000 nos
1269 4946 1449 4999 dicere
1490 4946 1767 5000 Christum
1822 4951 1888 5002 ali
1932 4950 2087 5004 initio

522 5054 629 5091 non
681 5038 872 5099 luisse,
916 5036 989 5087 ita
1041 5042 1097 5087 ut
1146 5034 1486 5089 solummodo
1519 5032 1757 5089 Verbum
1808 5038 1878 5092 sit
1920 5038 2083 5094 Deus.

519 5129 632 5182 Nos
682 5136 861 5182 autem
896 5128 952 5180 in
985 5128 1296 5181 novissimis
1346 5127 1539 5181 diebus
1588 5144 1682 5196 per
1727 5145 1943 5186 carnem
1982 5148 2089 5185 ma-

521 5221 831 5274 nifestatain
887 5218 1061 5274 fuisse
1093 5218 1185 5272 Dei
1226 5218 1510 5285 virtutem,
1560 5229 1615 5275 et
1661 5224 2004 5292 sapientiam,
2034 5232 2088 5279 et

522 5313 721 5376 lucem,
766 5320 818 5365 et
858 5312 1046 5376 vitam,
1084 5326 1205 5381 quae
1231 5312 1413 5365 omnia
1456 5310 1708 5368 Christus
1738 5322 1840 5377 est,
1890 5329 2094 5383 nequa-

597 5494 671 5561 (6)
695 5492 777 5547 Ab
810 5494 911 5548 hoc
954 5494 1076 5549 loco
1128 5509 1303 5561 usque
1337 5493 1404 5564 ad
1442 5491 1621 5564 ﬁnem!
1653 5495 1874 5564 capituli
1912 5494 2092 5564 hujus,

523 5565 1074 5638 quaadaqm‘excerpsit
1104 5563 1427 5638 Euthymius
1468 5562 1783 5634 Zigabenus
1802 5565 1892 5621 ubi
1930 5562 2091 5638 supra

526 5649 646 5704 pag.
691 5633 816 5694 σεο,
852 5650 995 5687 vers.
1018 5633 1164 5687 Mors
1189 5633 1375 5702 inquit.

596 5705 670 5769 (7)
703 5706 853 5758 (Torr.
884 5704 1037 5773 αὐτή.

2195 4772 2470 4841 φαντικῶς
2515 4773 2607 4825 ἐπὶ
2646 4773 2862 4845 διαϐολῇ
2914 4778 3328 4845 συμπέπλασται
3365 4781 3457 4832 τοῦ
3489 4782 3756 4851 ἡμετέρου

2190 4861 2369 4929 λόγου.
2398 4861 2559 4928 Λέγει
2584 4863 2693 4933 γὰρ
2721 4865 2795 4934 μὴ
2822 4863 2880 4928 ἐξ
2907 4867 3079 4935 ἀρχῆς
3102 4864 3237 4920 εἷναι
3260 4870 3346 4922 τὸν
3370 4871 3599 4941 Χριστὸν
3625 4874 3756 4943 παρ’

2190 4952 2346 5022 ἡμῶν
2374 4952 2646 5020 λέγεσθαι,
2674 4954 2813 5007 ὥστε
2841 4956 2929 5007 τὸν
2951 4958 3122 5023 Λόγον
3146 4954 3280 5011 εἶναι
3309 4959 3455 5012 Θεόν.
3493 4960 3681 5028 Ἡμεῖς
3701 4962 3755 5014 δὲ

2184 5043 2247 5095 τὸ
2279 5043 2364 5095 ἐπ’
2415 5045 2656 5113 ἐσχάτων
2706 5048 2925 5118 ἡμερῶν
2966 5049 3054 5101 διὰ
3100 5052 3299 5120 σαρκὸς
3338 5053 3754 5121 πειρανερῶσθαι

2187 5135 2285 5203 τὴν
2310 5136 2536 5205 δύναμιν
2580 5138 2671 5190 τοῦ
2709 5140 2866 5205 Θεοῦ,
2900 5142 2991 5193 καὶ
3016 5142 3113 5211 τὴν
3146 5144 3352 5211 σοφίαν,
3386 5148 3477 5196 καὶ
3502 5145 3559 5196 τὺ
3602 5144 3715 5211 φῶς
3736 5186 3750 5204 ,

2191 5230 2285 5280 καὶ
2324 5228 2423 5297 τὴν
2473 5228 2637 5298 ζωὴν,
2693 5231 2836 5302 ἆπερ
2879 5234 3055 5285 πάντα
3100 5236 3127 5286 ὁ
3164 5236 3393 5305 Χριστὸς
3436 5240 3596 5295 ἐστιν,
3654 5242 3752 5289 οὐκ

2201 5319 2514 5391 ἀρνούμεθα
2543 5338 2555 5351 ’
2589 5322 2649 5376 τὸ
2674 5324 2730 5377 δὲ
2764 5324 2943 5393 λέγειν
2982 5328 3055 5397 μὴ
3082 5323 3219 5381 εἶναί
3259 5345 3384 5381 ποτε
3433 5329 3620 5389 ταῦτα,
3664 5332 3752 5382 τὸν

2274 5500 2351 5572 (8)
2374 5501 2575 5557 Locum
2627 5504 2770 5579 hunc
2816 5506 2935 5579 sine
2972 5513 3110 5579 part.
3161 5510 3406 5578 negativa
3467 5509 3748 5579 legendum

2198 5586 2342 5654 esse,
2379 5590 2446 5654 ex
2476 5576 2850 5654 sequentibus,
2886 5577 2938 5654 ni
2966 5577 3141 5637 fallor,
3183 5576 3327 5654 clare
3350 5576 3641 5646 colligitur.

2192 5710 2219 5763 ὃ
2249 5644 2344 5727 ,(9)
2376 5646 2529 5700 Corr.
2557 5644 2650 5699 τοῦ
2674 5664 2731 5699 τε
2747 5646 2871 5701 νοῦν
2896 5648 3127 5720 ἔχοντος,
3156 5648 3248 5702 καὶ
3276 5650 3350 5719 ἀφ
3368 5644 3587 5704 ’ἑαυτοῦ
3605 5666 3750 5703 συνι-

2221 5729 2320 5765 ειν.
