4020 6562
310 451 437 507 1219

1460 448 1834 506 ADVERSUS
1859 447 2370 504 APOLLINAREM.
3408 435 3546 487 iifdj

287 568 375 622 διά
404 568 606 620 τούτων
644 566 969 639 δηλούμενόν
1002 586 1061 622 τε
1099 570 1192 622 καὶ
1217 570 1632 640 ὀνομαζόμενον,
1667 570 1866 642 Κύριον

1972 586 2134 639 quam
2172 571 2384 624 inﬁcias
2416 570 2595 634 imus;
2631 570 2812 624 dicere
2859 575 3038 622 autem
3072 568 3185 623 haec
3228 567 3411 619 omnia
3443 566 3544 618 ali-

286 661 382 714 καὶ
411 659 665 730 Χριστὸν,
705 660 854 713 οὐδὲν
882 661 1232 732 ἀνεκτότερον
1253 664 1330 726 είς
1350 661 1600 714 ἀσέϐειαν
1616 661 1716 732 τῆς
1739 680 1867 716 παν-

285 749 474 813 τελοῦς
503 751 784 820 ἀρνήσεως
814 751 909 803 τοῦ
944 752 1202 823 ὀνόματος
1233 753 1508 824 κρίνομεν.
1551 755 1609 807 '0
1642 753 1750 826 γάρ
1791 754 1865 826 μὴ

287 840 347 908 ἐξ
383 842 556 912 ἀρχῆς
599 841 768 910 λέγων
804 839 943 898 εἶναι
985 846 1215 918 Χριστὸν
1245 846 1500 917 (Χριστὸς
1532 846 1587 900 δὲ
1613 847 1746 900 Θεοῦ
1775 849 1867 902 δύ-

287 951 450 1004 ναμις
473 978 486 1000 ,
517 936 610 989 καὶ
636 935 770 990 Θεοῦ
814 939 997 1006 σοφία,
1031 938 1124 991 καὶ
1170 941 1275 992 πᾶν
1307 939 1508 1010 ὑψηλόν
1532 957 1591 992 τε
1619 944 1711 993 καὶ
1750 940 1866 993 θεο-

287 1028 494 1099 πρεπές
523 1030 668 1081 ἐστιν
713 1028 882 1099 ὄνομα
903 1032 944 1098 ),
975 1029 1080 1083 οὐδ’
1111 1030 1176 1082 ἂν
1211 1031 1337 1083 ἄλλο
1365 1049 1415 1084 τι
1445 1031 1589 1100 λέγοι
1631 1028 1768 1086 εἶναι
1790 1073 1803 1096 ,
1837 1033 1866 1086 ὃ

287 1117 377 1170 διὰ
423 1119 514 1171 τοῦ
565 1119 801 1188 μεγάλου
852 1120 1040 1174 τούτου
1088 1124 1286 1174 νοεῖται
1333 1123 1620 1193 ὀνόματος.
1654 1126 1865 1196 Ὥσπερ

288 1211 397 1280 γὰρ
426 1211 482 1261 ὲν
510 1213 574 1280 τῇ
600 1210 692 1264 τοῦ
723 1211 1009 1282 ἀνθρώπου
1036 1215 1376 1286 προσηγορίᾳ
1407 1216 1467 1268 τὸ
1488 1217 1702 1284 λογικόν
1725 1219 1861 1283 ἐστι,

289 1303 384 1355 καὶ
411 1303 471 1354 τὸ
510 1304 813 1373 ἐπιστήμης
844 1303 1108 1370 δεκτικὸν,
1140 1307 1234 1359 καὶ
1262 1307 1314 1359 εἴ
1339 1325 1391 1359 τι
1418 1307 1543 1361 ἄλλο
1579 1325 1866 1380 γνωριστι-

291 1392 386 1443 κὸν
414 1391 514 1461 τῆς
547 1391 759 1460 φύσεως
792 1393 986 1463 ίδίωμα
1023 1393 1266 1462 λέγεται·
1315 1397 1363 1448 εί
1396 1395 1451 1448 δέ
1478 1414 1560 1459 τις
1607 1398 1680 1467 μὴ
1724 1393 1865 1452 εἶναι

291 1485 442 1550 λέγοι
487 1485 577 1535 τὸν
627 1483 949 1554 ἄνθρωπον,
988 1486 1354 1557 συνανῄρηται
1399 1487 1615 1550 πάντως
1662 1492 1726 1559 τῇ
1769 1489 1864 1543 τοῦ

290 1577 554 1645 ὀνόματος
587 1575 840 1646 ἀθετήσει
888 1576 980 1627 καὶ
1028 1575 1097 1629 τά
1129 1576 1292 1630 λοιπά
1333 1577 1428 1648 τῆς
1476 1577 1686 1646 φύσεως
1722 1578 1864 1632 ἰδιώ-

292 1679 444 1730 ματα
467 1679 478 1691 ·
514 1662 602 1714 τὸν
652 1662 761 1734 (10)
800 1663 955 1716 αὑτὸν
986 1664 1184 1734 τρόπον
1217 1668 1244 1717 6
1277 1667 1508 1736 Χριστός
1535 1669 1680 1720 ἐστιν
1709 1669 1742 1739 ἡ
1777 1669 1865 1721 δύ-

286 1771 481 1823 ναμις,
507 1756 538 1823 ἠ
577 1755 758 1823 σοφία,
791 1755 819 1806 ὁ
838 1755 1143 1827 χαρακτὴρ,
1171 1755 1229 1809 τὸ
1257 1757 1597 1829 ἀπαύγασμα
1621 1776 1633 1790 ·
1669 1759 1698 1812 6
1722 1762 1865 1813 ἐκεῖο

286 1862 378 1897 νον
410 1845 468 1910 ἐξ
496 1847 667 1918 ἀρχῆς
708 1847 782 1917 μὴ
817 1843 956 1901 εἶναι
999 1847 1197 1915 λέγων,
1233 1850 1486 1922 ἀθετήσει
1526 1852 1741 1916 πάντως
1772 1853 1866 1906 καὶ

1973 663 2192 733 quando
2248 679 2354 719 non
2401 662 2593 728 fuisse,
2653 661 2932 716 Christum
2987 669 3041 715 et
3091 659 3402 718 Dominum,
3448 656 3543 725 qui

1971 756 2290 812 nominibus
2342 755 2494 811 hisce
2540 755 2698 809 nobis
2755 753 3048 808 innotescit
3107 761 3268 818 atque
3295 749 3544 804 denomi-

1972 857 2154 913 natur,
2229 863 2384 918 atque
2440 847 2844 901 intolerandum
2899 846 2971 899 ob
3029 844 3361 912 impietatem
3418 853 3544 894 esse

1968 940 2327 1011 judicamus,
2386 954 2450 993 ac
2507 939 2553 994 si
2619 939 2868 992 absolute
2924 937 3189 1006 planeque
3249 935 3544 1002 ipsummet

1971 1031 2174 1085 Christi
2239 1045 2302 1083 ac
2348 1028 2558 1081 Domini
2617 1043 2816 1082 nomen
2865 1033 3106 1095 negaret.
3163 1024 3372 1093 Quippe
3417 1036 3541 1075 cum

1971 1122 2224 1177 Christus
2255 1121 2349 1179 Dei
2378 1122 2554 1175 virtus
2584 1123 2656 1175 sit
2694 1119 2895 1189 Deique
2922 1118 3188 1188 sapientia
3211 1116 3252 1146 ³⁷
3286 1127 3340 1168 et
3369 1113 3543 1183 quod-

1971 1230 2187 1284 cunque
2219 1213 2561 1282 magniﬁcum
2586 1213 2889 1288 divinaeque
2913 1209 3183 1277 majestati
3211 1206 3542 1259 conveniens

1971 1321 2168 1360 nomen
2205 1306 2312 1359 dici
2370 1313 2463 1359 aut
2499 1303 2798 1373 excogitari
2855 1309 3070 1371 potest;
3120 1299 3213 1368 qui
3257 1298 3326 1351 ab
3387 1297 3543 1348 initio

1971 1396 2250 1450 Christum
2301 1409 2406 1449 non
2439 1409 2560 1448 esse
2602 1393 2817 1459 dixerit,
2869 1395 2915 1448 is
2973 1391 3216 1460 profecto
3253 1403 3355 1442 nec
3393 1388 3541 1441 aliud

1972 1487 2249 1556 quidpiam
2279 1501 2468 1540 eorum
2506 1486 2573 1538 ab
2605 1486 2760 1538 initio
2781 1500 2903 1538 esse
2929 1483 3130 1537 dixerit
3163 1496 3283 1551 qua:
3312 1489 3542 1550 angusto

1974 1580 2075 1634 hoc
2144 1577 2365 1631 nomine
2418 1578 2815 1646 signiﬁcantur.
2877 1574 3337 1641 Quemadmodum
3393 1572 3539 1626 enim

1970 1670 2093 1739 quis
2136 1668 2411 1722 hominem
2461 1683 2583 1722 esse
2617 1683 2843 1738 negans,
2893 1667 3074 1720 statim
3109 1674 3272 1733 atque
3302 1663 3540 1717 hominis

1970 1777 2169 1818 nomen
2225 1762 2426 1825 abolet,
2483 1769 2709 1814 cazteras
2775 1774 2992 1829 quoque
3039 1759 3287 1811 humanae
3333 1767 3540 1810 natura:

1969 1854 2330 1923 proprietates
2371 1852 2657 1907 sustulerit
2693 1867 2915 1907 necesse
2942 1858 3043 1912 est,
3077 1856 3361 1919 propterea
3393 1847 3537 1917 quod

286 1937 355 1988 τά
385 1937 502 2005 μετ’
537 1937 744 1989 ἐκείνου
781 1938 1061 2008 νοούμενα.
1109 1940 1200 1992 Διό
1223 1958 1402 2011 φαμεν
1433 1942 1521 1996 διὰ
1547 1943 1655 1996 τῶν
1695 1945 1864 2013 ἁγίων

1969 1944 2207 1997 hominis
2257 1944 2621 2013 appellatione
2674 1942 3042 1997 ratiocinandi
3088 1942 3171 1995 vis
3203 1949 3256 1995 et
3292 1939 3540 1994 discendi

285 2019 521 2099 Γρᾶφῶν
548 2029 934 2100 ὁδηγούμενοι,
967 2033 1054 2084 ἀεὶ
1086 2032 1176 2085 τὸν
1216 2034 1450 2104 Χριστὸν
1495 2029 1653 2099 εἶναι,
1679 2039 1744 2107 τῇ
1771 2036 1868 2090 τοῦ

288 2121 504 2193 Πατρὸς
547 2121 815 2191 ἀῖδιότητι
856 2123 1346 2194 συνθεωρούμενον.
1396 2126 1483 2190 Ὠς
1509 2127 1616 2198 γάρ
1641 2130 1868 2182 πάντοτε

288 2213 420 2275 Θεὸς
446 2213 474 2264 6
521 2213 812 2283 μονογενὴς
843 2213 994 2276 Θεὸς,
1031 2216 1122 2267 καὶ
1155 2217 1254 2268 οὐκ
1299 2217 1362 2268 ὲκ
1400 2219 1686 2286 μετουσίας
1727 2221 1871 2287 γίνε-

286 2321 376 2357 ται
410 2305 544 2375 (11),
581 2306 700 2357 οὐδὲ
732 2305 818 2358 διά
849 2322 990 2368 τινος
1028 2307 1308 2377 προκοπῆς
1337 2309 1444 2361 ἀπὸ
1484 2313 1868 2380 ταπεινοτέρας

289 2398 674 2459 καταστάσεως
701 2397 791 2448 ἐπὶ
823 2397 919 2467 τὴν
947 2396 1177 2459 θεότητα
1204 2398 1444 2468 μέτεισιν
1465 2417 1478 2428 ⁸
1514 2399 1684 2464 οὕτως
1705 2401 1796 2453 καὶ
1835 2402 1867 2470 ὴ

287 2488 532 2559 δύναμις,
569 2491 660 2542 καὶ
685 2489 864 2558 σοφία,
900 2489 991 2542 καὶ
1024 2490 1129 2542 πᾶν
1168 2489 1464 2562 θεοπρεπὲς
1505 2491 1705 2560 ὄνομα.
1740 2509 1866 2542 συν-

289 2583 457 2637 αἲδιόν
499 2585 612 2635 ἐστι
656 2585 722 2652 τῇ
766 2582 977 2652 θεότητι
1002 2623 1016 2646 ,
1064 2582 1138 2645 ὡς
1171 2583 1335 2653 μηδὲν
1361 2583 1696 2651 ἐπιγίνεσθαι
1728 2585 1868 2638 κατὰ

289 2679 606 2750 προσθήκην
638 2679 716 2742 είς
738 2677 894 2742 δόξαν
923 2679 1022 2748 τῆς
1051 2678 1289 2748 φύσεως,
1316 2677 1345 2729 ὃ
1378 2677 1451 2748 μὴ
1481 2674 1538 2740 ἐξ
1567 2676 1738 2746 ἀρχῆς
1776 2671 1863 2746 ἦν.

289 2771 363 2823 Τὸ
385 2770 441 2822 δὲ
470 2770 561 2823 τοῦ
597 2769 833 2840 Χριστοῦ
862 2769 1029 2840 ὄνομα
1055 2813 1069 2836 ,
1096 2768 1458 2839 διαφερόντως
1491 2769 1668 2837 φαμὲν
1694 2767 1752 2832 ἐξ
1779 2769 1867 2820 ἀϊ-

287 2862 402 2916 δίου
439 2863 567 2933 περὶ
611 2861 700 2914 τὸν
729 2863 1004 2932 Μονογενῆ
1045 2860 1402 2933 θεωρεῖσθαι,
1435 2861 1526 2913 ὑπ’
1573 2860 1741 2928 αὐτῆς
1768 2860 1867 2929 τῆς

289 2954 383 3009 τοῦ
417 2955 677 3026 ὀνόματος
706 2955 1000 3026 ἐμφάσεως
1026 2955 1138 3027 (12)
1173 2955 1307 3027 πρὸς
1327 2954 1423 3026 τὴν
1452 2955 1717 3026 ὑπόληψιν
1740 2953 1868 3008 ταύ-

288 3066 389 3119 την
419 3047 938 3120 χειραγωγούμενοι.
966 3047 1079 3118 Τῆς
1110 3048 1219 3119 γὰρ
1270 3048 1430 3116 ἁγίας
1476 3049 1706 3118 Τριάδος
1730 3048 1868 3103 διδα-

291 3140 519 3194 σκαλίαν
563 3141 805 3210 περιέχει
837 3141 870 3210 ἡ
901 3139 994 3193 τοῦ
1047 3141 1310 3211 ὀνόματος
1348 3140 1536 3196 τούτου
1568 3141 1828 3213 ὁμολογία
1849 3181 1866 3207 ,

290 3233 523 3286 ἑκάστου
546 3232 652 3286 τῶν
677 3231 1122 3303 πεπιστευμένων
1141 3233 1443 3304 προσώπων
1469 3235 1868 3306 ἐμφαινομένου

1970 2033 2208 2089 facilitas
2251 2035 2580 2097 continetur,
2622 2045 2675 2088 et
2719 2035 2764 2088 si
2801 2049 2920 2102 quae
2965 2033 3068 2086 alia
3116 2033 3422 2102 proprietas
3457 2037 3541 2084 est

1971 2141 2078 2195 qua
2132 2136 2324 2180 natura
2383 2125 2622 2179 humana
2681 2140 2710 2176 a
2759 2125 2972 2178 caneris
3025 2123 3402 2192 distinguitur.
3464 2121 3542 2174 Ita

1969 2216 2222 2272 Christus
2273 2224 2356 2271 est
2402 2217 2595 2278 virtus,
2634 2215 2920 2285 sapientia,
2954 2215 3125 2283 ﬁgura
3159 2223 3212 2267 et
3258 2212 3540 2282 splendor,

1968 2319 2022 2364 et
2067 2309 2158 2378 qui
2216 2309 2368 2362 illum
2424 2311 2492 2362 al)
2544 2310 2699 2362 initio
2747 2325 2854 2361 non
2902 2323 3025 2362 esse
3072 2307 3224 2366 dicit,
3282 2307 3327 2360 is
3357 2305 3542 2372 utique

1969 2398 2034 2454 de
2067 2399 2246 2452 medio
2293 2413 2356 2452 ea
2409 2401 2624 2468 penitus
2660 2399 2802 2453 tollit
2857 2414 2977 2468 qua:
3013 2396 3078 2450 ad
3117 2398 3261 2451 illius
3290 2407 3540 2449 naturam

1968 2497 2238 2561 pertinere
2262 2503 2584 2546 noscuntur.
2615 2492 2955 2561 Quapropter
2979 2491 3192 2546 divinas
3225 2489 3540 2560 Scripturas

1968 2585 2164 2645 secuti,
2207 2601 2422 2654 semper
2445 2585 2722 2640 Christum
2752 2600 2875 2639 esse
2910 2584 3168 2643 dicimus.
3212 2585 3415 2654 quippe
3445 2583 3538 2650 qui

1966 2677 2209 2745 ejusdem
2239 2693 2302 2730 ac
2335 2675 2494 2731 Pater
2527 2676 2846 2730 atternitatis
2876 2692 2997 2731 esse
3026 2676 3373 2744 intelligatur.
3404 2675 3538 2728 Nam

1968 2769 2110 2822 sicut
2158 2768 2472 2838 unigenitus
2537 2770 2678 2822 Deus
2725 2783 2833 2821 non
2881 2768 3180 2823 divinitatis
3234 2769 3409 2822 factus
3457 2778 3540 2822 est

1966 2861 2260 2932 particeps,
2289 2861 2384 2916 sed
2425 2861 2493 2915 ab
2526 2861 2681 2915 initio
2710 2877 2925 2930 semper
2954 2860 3094 2914 Deus
3146 2868 3249 2922 est,
3293 2877 3390 2916 nec
3423 2878 3542 2930 pro-

1967 2967 2156 3024 gressu
2198 2955 2384 3024 aliquo
2430 2955 2497 3008 ad
2537 2954 2876 3009 divinitatem
2927 2971 2994 3008 ex
3056 2955 3332 3007 humiliori
3393 2964 3538 3008 statu

1969 3049 2251 3119 pervenit:
2305 3049 2380 3102 ita
2425 3057 2480 3103 et
2528 3049 2722 3112 virtus,
2789 3057 2843 3102 et
2891 3048 3156 3114 sapientia
3191 3057 3243 3102 et
3271 3056 3540 3117 quotquot

1968 3140 2072 3194 alia
2102 3150 2224 3210 apte
2263 3149 2736 3211 congruenterque
2781 3139 2848 3195 de
2879 3139 2988 3194 Deo
3019 3139 3123 3194 dici
3165 3153 3413 3210 possunt,
3452 3143 3540 3195 di-

1969 3232 2179 3286 vinitati
2223 3239 2493 3288 coaeterna
2539 3243 2696 3298 sunt;
2735 3233 2807 3286 ita
2851 3241 2910 3286 ut
2958 3233 3102 3301 quod
3137 3233 3206 3286 ab
3242 3234 3400 3287 initio
3428 3251 3537 3289 non

287 3328 356 3396 τῇ
383 3325 726 3396 προσηγορίᾳ
753 3326 924 3398 ταύτῃ
948 3298 1090 3381 κατὰ
1115 3298 1537 3400 τὸνπρόσφορον.
1555 3298 1674 3381 ’Καὶ
1702 3298 1777 3391 ως
1799 3328 1865 3382 ἂν

1969 3323 2154 3392 fuerit,
2205 3325 2260 3380 id
2309 3335 2497 3397 postea
2533 3325 2600 3381 ad
2653 3334 2862 3380 natura:
2919 3326 3115 3380 divina:
3167 3327 3392 3395 gloriam
3446 3343 3542 3381 ιιι-

294 3415 368 3487 μὴ
399 3417 526 3486 παρ’
560 3416 765 3468 ἑαυτῶν
810 3416 986 3486 λέγειν
1022 3436 1073 3472 τι
1101 3419 1407 3490 δοκοίημεν,
1429 3418 1498 3472 τά
1520 3422 1620 3491 τῆς
1653 3437 1867 3490 προφη-

288 3510 440 3571 τείας
467 3508 894 3579 παραθησόμεθα
927 3511 1167 3580 ῥήματα.
1186 3512 1248 3564 '0
1279 3515 1492 3580 (θρόνος
1513 3526 1650 3577 σου,
1677 3514 1864 3584 φησὶν,

291 3604 324 3655 ό
363 3601 536 3666 Θεὸς,
583 3602 670 3665 εἰς
700 3601 805 3653 τὸν
834 3599 1017 3653 αἰῶνα
1051 3602 1155 3655 τοῦ
1181 3602 1416 3668 αἰῶνος,
1443 3604 1665 3671 ῥάϐδος
1695 3606 1867 3660 εὐθύ-

291 3710 486 3760 τητος,
512 3693 549 3761 ἡ
581 3690 804 3760 ῥάϐδος
832 3690 942 3759 τῆς
971 3693 1295 3758 ,ϐασιλείας
1335 3711 1470 3746 σου.
1518 3694 1867 3763 Ἠγὰπησας

294 3783 710 3850 δικαιοσύνην,
753 3782 852 3836 καὶ
880 3783 1180 3851 ἐμίσησας
1228 3783 1485 3852 ἀνομίαν
1507 3801 1521 3815 ο
1554 3785 1650 3837 διὰ
1690 3786 1867 3840 τοῦτο

292 3873 501 3942 ἔχρισέ
532 3888 607 3927 σε
632 3877 663 3927 ὁ
704 3873 868 3938 Θεὸς,
900 3877 932 3927 ό
968 3875 1108 3937 Θεός
1155 3887 1270 3927 σου
1291 3914 1305 3939 ,
1337 3873 1545 3928 ἔλαιον
1577 3876 1866 3945 ἀγαλλιά-

292 3984 447 4033 σεως
470 3968 626 4038 παρὰ
649 3967 789 4032 τοὺς
817 3968 1107 4036 μετόχους
1131 3981 1266 4020 σου.
1309 3968 1395 4020 Ἐν
1411 3967 1623 4032 τούτοις
1653 3969 1758 4040 γὰρ
1780 3969 1866 4024 διά

295 4060 394 4128 μὲν
419 4058 512 4110 τοῦ
542 4058 730 4128 θρόνου
753 4058 849 4128 τὴν
885 4060 975 4111 ἐπὶ
1016 4059 1231 4112 πάντων
1268 4059 1439 4130 ἀρχὴν
1470 4059 1812 4129 διασημαίνει
1840 4063 1868 4114 6

292 4149 473 4216 λόγος.
529 4149 594 4200 Ἡ
641 4149 697 4202 δὲ
741 4148 935 4220 ῥάϐδος
976 4149 1073 4218 τῆς
1106 4148 1400 4221 εὐθύτητος
1453 4150 1514 4203 τὸ
1571 4151 1868 4205 ἀδέκαστον

294 4239 583 4312 ἑρμηνεύει
599 4240 696 4310 τῆς
722 4241 1051 4312 κρίσεως.’1’ὸ
1074 4241 1130 4295 δὲ
1153 4243 1251 4312 τῆς
1278 4242 1648 4311 ἀγαλλιάσεως
1669 4243 1864 4310 ἔλαιον,

293 4336 390 4406 τὴν
445 4335 538 4388 τοῦ
602 4335 753 4403 ἁγίου
807 4336 1116 4404 Πνεύματος
1168 4336 1467 4407 παρίστησι
1523 4336 1771 4407 δύναμιν,
1824 4332 1868 4405 ᾧ

293 4429 504 4500 χρίεται
551 4428 698 4499 παρὰ
729 4427 822 4480 τοῦ
873 4427 1006 4480 Θεοῦ
1028 4429 1056 4480 6
1094 4427 1244 4492 Θεὸς,
1291 4429 1566 4493 τουτέστι,
1595 4429 1746 4501 παρά
1772 4430 1865 4484 τοῦ

298 4519 508 4589 Ila-:96;
541 4520 569 4570 6
611 4516 948 4586 Μονογενὴς,
982 4518 1166 4587 ἐπειδὴ
1215 4519 1465 4590 ἠγάπησε
1502 4519 1864 4591 δικαιοσύνην,

1965 3433 2241 3490 quaquam
2295 3421 2469 3489 possit
2528 3417 2806 3474 accedere.
2862 3420 2932 3473 At
2983 3418 3187 3473 Christi
3241 3434 3436 3473 nomen
3483 3419 3537 3472 in

1968 3509 2259 3582 Unigenito
2304 3513 2516 3584 caeteris
2547 3511 2791 3581 ejusdem
2837 3509 3150 3566 nominibus
3179 3511 3538 3566 excellentius

1967 3619 2088 3659 esse
2124 3603 2380 3663 dicimus.
2427 3604 2494 3658 ab
2526 3605 2640 3674 ipsa
2685 3602 2923 3657 nominis
2947 3603 3110 3672 hujus
3143 3602 3541 3673 signiﬁcatione

1968 3697 2022 3751 in
2069 3697 2562 3751 hanc'sententiam
2603 3695 2847 3750 adducti.
2884 3695 3140 3748 Doctrina
3178 3695 3445 3764 siquidem
3473 3693 3540 3748 de

1968 3798 2156 3843 sancta
2193 3788 2465 3842 Trinitate
2512 3789 2749 3841 nominis
2784 3787 2948 3856 hujus
2988 3787 3332 3842 confessione
3362 3787 3540 3839 conti-

1967 3890 2148 3945 netur,
2190 3898 2312 3936 cum
2367 3883 2593 3951 singula:
2625 3896 2890 3950 personat,
2935 3894 3070 3948 quas
3104 3878 3387 3931 Trinitatis
3418 3894 3540 3931 esse

1969 3976 2266 4040 credimus,
2300 3976 2404 4029 hac
2436 3975 2802 4044 appellatione
2831 3974 3219 4026 convenienter
3248 3970 3540 4039 designen-

1969 4074 2076 4121 tur.
2102 4065 2180 4121 Ne
2213 4074 2390 4119 autem
2419 4065 2695 4135 quidpiam
2728 4063 2796 4118 de
2817 4072 3004 4118 nostro
3027 4063 3204 4116 dicere
3232 4060 3536 4122 videamur,

1969 4158 2265 4228 prophetiae
2300 4157 2463 4212 verba
2514 4171 2887 4226 apponemus:
2929 4153 3170 4207 T/tromis
3198 4163 3340 4216 tuus,
3378 4151 3535 4216 Deus,

1967 4251 2023 4303 in
2069 4249 2321 4303 arculum
2365 4249 2586 4310 swculi;
2625 4263 2773 4317 uirga
2825 4245 3150 4305 directionis,
3202 4243 3348 4313 virga
3393 4244 3537 4312 regni

1970 4343 2068 4395 tui.
2098 4340 2346 4394 Dilexisti
2375 4340 2668 4410 justitiam,
2712 4347 2761 4391 et
2795 4337 2961 4390 odisti
3003 4336 3374 4405 iniquitatem;
3411 4351 3537 4404 pro-

1967 4441 2145 4501 pterea
2205 4432 2357 4484 unxit
2380 4441 2428 4486 te
2476 4431 2639 4492 Deus,
2690 4428 2829 4483 Deus
2870 4427 3133 4494 tuus,oleo
3171 4427 3539 4480 exsultationis

1967 4539 2076 4591 pra:
2104 4523 2431 4578 consortibus
2457 4524 2562 4577 tuis
2580 4523 2643 4576 ³⁸.
2672 4520 2769 4576 liis
2785 4521 2930 4576 enim
2953 4521 3133 4576 verbis
3155 4536 3250 4591 per
3279 4520 3536 4576 thronum

296 4611 392 4664 καὶ
422 4608 680 4680 ἐμίσησεν
710 4607 945 4661 ἀδικίαν.
985 4608 1046 4660 Εἰ
1088 4608 1185 4676 μὲν
1224 4604 1316 4662 οὖν
1349 4605 1416 4681 ἦν
1449 4627 1600 4674 ποτε,
1640 4612 1727 4663 ὅτε
1769 4613 1866 4664 ούκ

1971 4615 2186 4685 quidem
2242 4628 2564 4670 cunctarum
2625 4629 2809 4668 rerum
2851 4613 3140 4683 imperium
3198 4613 3536 4682 designatur.

294 4697 364 4774 ἦν
403 4700 554 4768 φίλος
588 4700 686 4769 τῆς
723 4696 1104 4768 δικαιοσύνης,
1155 4698 1346 4769 ἐχθρὸς
1390 4699 1444 4752 δὲ
1486 4703 1582 4771 τῆς
1615 4701 1860 4765 ἀδικίας,

294 4792 586 4849 ἀκόλουθον
619 4787 686 4862 ἦν
721 4789 781 4843 τὸ
811 4789 945 4860 μηδὲ
973 4789 1256 4860 κεχρίσθαι
1284 4789 1414 4842 ποτὲ
1439 4789 1634 4859 λέγειν,
1663 4793 1753 4846 τὸν
1779 4792 1866 4846 διὰ

292 4886 451 4940 τοῦτο
477 4882 758 4956 κεχρίσθαι
776 4881 1088 4952 λεγόμενον,
1115 4883 1196 4934 ὅτι
1217 4881 1471 4953 ἠγάπησε
1497 4883 1862 4956 δικαιοσύνην,

294 4978 390 5032 καὶ
423 4975 683 5047 ἐμίσησεν
726 4973 958 5027 ἀδικίαν.
1009 4973 1071 5026 Εἰ
1108 4972 1165 5025 δὲ
1211 4973 1441 5027 πάντοτε
1485 4975 1637 5044 φίλος
1664 4976 1866 5030 δικαιο-

296 5069 497 5138 σύνης,
547 5065 608 5118 οὐ
664 5063 773 5136 γὰρ
814 5064 878 5118 ἄν
919 5079 1050 5116 ποτε
1095 5061 1287 5115 ἑαυτὸν
1331 5063 1616 5134 μισήσειε,
1664 5065 1864 5118 δικαιο-

297 5160 430 5231 σύνη
468 5158 579 5227 (l5)
610 5155 706 5221 ὢν,
735 5154 964 5208 πάντοτε
1002 5152 1242 5224 δηλονότι
1270 5153 1364 5206 καὶ
1396 5154 1453 5205 ὲν
1487 5153 1567 5224 τῷ
1608 5156 1868 5228 χρίσματι

297 5251 604 5321 θεωρεῖται.
642 5247 855 5316 Ὠσπερ
881 5241 972 5299 οὖν
998 5246 1026 5298 6
1046 5243 1252 5307 δίκαιος
1277 5244 1375 5297 οὐκ
1400 5244 1581 5310 ἄδικος
1611 5247 1743 5315 (14),
1779 5247 1870 5301 οὖ-

297 5360 406 5404 τως
431 5341 552 5394 οὐδὲ
581 5339 838 5408 ἀχριστος
877 5336 944 5389 ἂν
987 5335 1072 5406 εἴη
1109 5336 1238 5388 ποτὲ
1272 5335 1300 5387 6
1321 5335 1539 5404 χριστός
1564 5353 1576 5366 ο
1618 5340 1646 5390 6
1682 5339 1739 5391 δὲ
1771 5357 1868 5411 μη.

295 5436 484 5489 δὲποτε
523 5434 776 5504 ἄχριστος
796 5471 810 5495 ,
842 5430 929 5483 ἀεὶ
960 5429 1177 5491 πάντως
1206 5427 1446 5498 χριστός.
1485 5429 1605 5482 Ὅτι
1632 5429 1810 5485 τοίνυν
1841 5435 1868 5486 6

368 5551 412 5583 ⁸⁷
440 5548 610 5603 lCor.
635 5545 782 5610 526.
862 5545 906 5576 ³⁸
931 5543 1080 5599 Psal.
1109 5559 1256 5605 των,
1287 5543 1338 5606 7,
1375 5543 1429 5596 8.

366 5691 475 5760 (l0)
515 5692 668 5744 (lorr.
699 5687 842 5760 κατὰ
867 5686 978 5760 τόν.

365 5757 475 5830 (ii)
502 5761 656 5813 Corr.
693 5758 848 5811 τοῦτο
877 5757 1107 5824 γίνεται.

364 5827 476 5903 (12)
513 5831 588 5903 Ita
625 5845 769 5884 corr.
797 5847 810 5893 ;
836 5838 996 5903 antea
1030 5827 1300 5903 φράσεως.

366 5895 478 5971 (15)
523 5901 679 5957 Corr.
721 5901 987 5969 μισήσειε,
1025 5895 1182 5963 αῧτὸς
1209 5895 1542 5964 δ;καιοσύνη.

1973 4707 2139 4779 Virga
2191 4717 2374 4763 autem
2431 4708 2753 4764 directionis
2810 4705 3194 4764 rectitudinem
3231 4705 3423 4775 judicii
3464 4705 3540 4759 si-

1972 4800 2218 4871 gniﬁcat.
2255 4798 2445 4854 Oleum
2497 4809 2678 4854 autem
2710 4799 3092 4855 exsultationis
3128 4798 3382 4851 virtutem
3419 4795 3543 4868 Spi-

1970 4894 2110 4947 ritus
2158 4893 2334 4946 sancti
2385 4892 2610 4948 denotat
2667 4907 2775 4962 qua
2831 4890 2976 4946 Deus
3040 4907 3071 4945 a
3121 4891 3230 4945 Deo
3294 4893 3539 4961 ungitur,

1973 5001 2187 5056 nempe,
2237 5001 2265 5039 a
2297 4984 2457 5042 Patre
2489 4985 2836 5056 Unigenitus,
2881 4987 3137 5056 quoniam
3168 4983 3358 5039 dilexit
3378 4985 3542 5054 justi-

1973 5076 2127 5138 tiam,
2157 5084 2211 5130 et
2238 5075 2366 5130 odio
2387 5076 2580 5130 habuit
2613 5077 2980 5146 iniquitatem.
3027 5073 3084 5128 Si
3131 5074 3296 5144 igitur
3329 5083 3540 5144 tempus

1971 5165 2091 5229 fuit,
2121 5181 2231 5236 quo
2270 5167 2548 5236 justitiam
2593 5181 2703 5220 non
2733 5165 2925 5222 dilexit
2953 5172 3010 5220 et
3043 5163 3385 5236 iniquitatem
3415 5166 3541 5220 odio

1967 5272 2078 5311 non
2112 5258 2319 5322 habuit,
2346 5273 2687 5327 consequens
2707 5265 2824 5312 erat
2854 5266 2913 5310 ut
2940 5271 3042 5312 nec
3070 5257 3362 5326 aliquando
3389 5256 3540 5310 illum

1970 5357 2192 5404 unctum
2249 5350 2421 5405 fuisse
2482 5348 2774 5404 afﬁrmaret
2832 5349 2930 5418 qui
2999 5357 3284 5419 propterea
3340 5356 3540 5402 unctus

1970 5442 2141 5496 fuisse
2182 5443 2403 5504 dicitur,
2440 5442 2696 5512 quoniam
2753 5441 2942 5496 dilexit
2985 5441 3280 5511 justitiam,
3325 5451 3377 5494 et
3413 5440 3541 5494 odio

2043 5665 2154 5735 (14)
2204 5667 2357 5722 Corr.
2419 5668 2606 5740 ὥσπερ
2655 5666 2747 5724 οὖν
2802 5671 3059 5725 οὐδέποτε
3118 5673 3147 5724 6
3189 5672 3394 5736 δίκαιος
3438 5674 3540 5727 οὐκ

1969 5736 2188 5799 ἀδικος;
2243 5740 2294 5792 in
2355 5754 2527 5809 marg.
2567 5736 2660 5811 γρ.
2699 5742 2792 5794 καὶ
2836 5741 3090 5796 οὐδέποτε
3138 5743 3167 5794 6
3197 5742 3403 5806 δίκαιος
3425 5744 3540 5797 ἄδι-

1970 5826 2097 5932 ῗοςὶ
2122 5811 2320 5878 quibus
2357 5811 2540 5868 verbis
2567 5821 2798 5884 utroque
2829 5813 2988 5868 modo
3033 5814 3136 5885 legi
3163 5828 3320 5883 posse
3363 5813 3538 5884 signia

1993 5896 2070 5932 lca
2103 5918 2116 5932 .

1993 5896 2116 5934 lCﬂl.
