4020 6564
416 448 548 504 1931
1652 443 1711 506 S.
1742 447 2068 507 GREGORII
2105 447 2404 505 NYSSENI
3537 445 3680 502 1252

415 573 607 628 habuit
643 572 1011 644 iniquitatem.
1054 572 1210 640 Quod
1263 575 1308 630 si
1344 589 1559 645 semper
1596 574 1865 644 justitiam
1907 574 1992 629 di-

2098 576 2264 647 χρίων
2287 576 2403 628 ἐστὶ
2423 576 2574 646 Πατὴ
2583 593 2613 647 ρ
2637 576 2747 647 (15)
2766 615 2780 638 ,
2810 575 2873 628 τὸ
2893 575 2947 629 δὲ
2968 576 3175 646 χρῖσμα
3193 574 3254 627 τὸ
3273 574 3425 641 ἆγιον
3447 572 3678 644 Πνεῦμά

415 664 568 725 Ιωιίι,
611 678 788 733 neque
846 663 992 717 enim
1043 663 1160 717 ﬁeri
1208 665 1405 735 potuit,
1461 672 1521 719 ut
1573 681 1633 720 se
1692 665 1988 735 aliquando

2098 670 2239 731 ἐστι,
2274 669 2383 731 πᾶς
2421 686 2506 732 τις
2543 668 2609 722 ἂν
2633 669 2878 723 σύνθοιτο
2907 668 3042 738 (16),
3061 671 3089 723 ὃ
3111 686 3172 738 γε
3199 667 3275 739 μὴ
3321 667 3680 736 κεκαλυμμέ-

413 763 542 817 odio
585 763 826 827 haberet,
863 777 988 816 cum
1038 763 1270 833 ipsamet
1314 763 1529 831 justitia
1579 775 1797 832 semper
1822 762 1993 817 exsti-

2101 774 2190 824 νος
2209 760 2307 832 τὴν
2335 761 2559 831 καρδίαν
2584 761 2664 832 τῷ
2702 759 2982 831 Ἰουδαῖκῷ
3013 761 3456 831 προκαλύμματι.

413 860 561 924 terit,
596 861 786 929 utique
813 861 965 913 nullo
1013 860 1080 914 ab
1110 860 1289 923 initio,
1342 859 1436 914 sed
1480 875 1545 914 ex
1613 859 1761 912 omni
1802 865 2049 928 tempore
2087 867 2307 924 unctus,
2361 859 2413 912 id
2455 867 2542 913 est
2593 859 2841 912 Christus
2895 873 3018 913 esse
3070 857 3414 926 intelligitur.
3469 854 3681 920 Quem-

415 951 709 1004 admodum
786 951 973 1020 itaque
1023 951 1210 1020 justus
1253 952 1492 1020 injustus
1531 950 1849 1018 neutiquam
1913 957 2018 1012 est,
2093 950 2169 1002 ita
2225 952 2388 1004 etiam
2454 965 2736 1018 nunquam
2797 949 2916 1004 sine
2967 948 3223 1001 unctione
3282 953 3508 1006 unctus,
3560 944 3681 998 sive

414 1041 690 1107 Christus,
719 1060 840 1100 esse
888 1046 1104 1114 poterit.
1167 1043 1532 1110 Quamobrem
1571 1057 1693 1096 cum
1728 1044 1818 1110 qui
1854 1043 2026 1111 ungit,
2070 1041 2286 1095 Patrem
2313 1059 2456 1109 esse,
2483 1043 2795 1097 unctionem
2827 1055 2956 1096 vero
2982 1039 3242 1111 Spiritum
3269 1050 3522 1094 sanctum
3552 1049 3682 1093 esse

414 1155 576 1196 nemo
620 1140 933 1209 negaverit,
985 1139 1087 1193 nisi
1141 1140 1234 1208 qui
1271 1152 1364 1192 cor
1405 1137 1636 1193 Iudaico
1686 1139 1990 1192 velamento
2029 1136 2190 1190 habet
2227 1138 2545 1193 obductum.

487 1228 623 1284 LIII.
657 1230 942 1295 Quomodo
978 1229 1145 1299 igitur
1176 1230 1252 1282 ait
1298 1244 1400 1283 nos
1426 1231 1494 1283 ab
1522 1228 1679 1284 initio
1710 1229 1994 1283 Christum

415 1336 528 1376 non
561 1322 728 1376 fuisse
749 1321 968 1376 dicere?
998 1321 1064 1374 At
1089 1336 1219 1375 vero
1243 1320 1370 1391 quia
1391 1320 1669 1376 Christum
1701 1322 1770 1375 ab
1787 1329 1995 1375 aiterno

415 1428 538 1468 esse
592 1411 851 1475 fatemur,
907 1426 1016 1466 non
1070 1410 1282 1466 idcirco
1338 1426 1400 1465 ea
1451 1426 1614 1481 quam
1663 1412 1996 1481 Apollinaris

412 1502 679 1571 contingit
728 1517 912 1566 carne,
976 1504 1156 1572 ipsum
1211 1519 1490 1573 nunquam
1548 1520 1656 1558 non
1709 1504 1994 1575 prmditum

415 1593 586 1648 fuisse
617 1593 968 1660 arbitramur,
1023 1596 1115 1650 sed
1146 1612 1270 1651 eum
1303 1598 1557 1652 novimus
1597 1605 1652 1652 et
1691 1598 1759 1652 ab
1785 1607 1992 1652 aeterno

412 1693 658 1753 tempore
691 1683 970 1740 Christum
1006 1695 1058 1742 et
1088 1686 1380 1742 Dominum
1418 1704 1560 1751 esse,
1610 1705 1844 1759 eumque
1869 1705 1993 1743 rur-

415 1794 508 1832 sus
562 1785 687 1846 post
739 1781 1052 1848 passionem
1106 1781 1236 1835 illud
1287 1781 1428 1836 idem
1470 1799 1592 1838 esse
1644 1784 1990 1851 conﬁtemur,

414 1868 874 1937 quemadmodum
929 1871 1108 1939 inquit
1153 1873 1217 1926 ad
1249 1872 1468 1929 Iudaeos
1495 1873 1727 1930 Petrus:
1765 1876 1904 1942 Quia
1942 1891 1993 1931 et

2164 1229 2288 1292 Πῶς
2316 1225 2408 1284 οὖν
2441 1231 2589 1301 ἡμᾶς
2621 1246 2754 1301 φησι
2795 1229 2974 1298 λέγειν
3005 1221 3079 1300 μὴ
3110 1228 3167 1295 ἐξ
3194 1227 3369 1299 ἀρχῆς
3403 1221 3545 1279 εἶναι
3583 1223 3680 1277 τὸν

2094 1321 2365 1391 Χριστόνς
2407 1323 2479 1374 Ού
2513 1322 2620 1393 μὴν
2670 1321 2855 1392 ἐπειδὴ
2886 1320 3117 1391 Χριστὸν
3149 1319 3334 1383 suam;
3368 1314 3509 1372 εἶναι
3540 1319 3677 1385 ὁμο-

2094 1412 2252 1479 λογού
2262 1429 2378 1482 μεν,
2415 1414 2516 1483 ἤδη
2541 1414 2633 1466 καὶ
2653 1411 2750 1484 τὴν
2775 1414 2906 1484 παρ’
2935 1411 3098 1465 αὐτοῦ
3134 1411 3460 1464 πλασθεῖσαν
3490 1409 3678 1479 σάρκα.

2096 1505 2328 1558 πάντοτε
2362 1522 2427 1557 πε
2438 1506 2490 1576 pi.
2525 1504 2686 1558 αὑτὸν
2719 1504 3026 1575 ἐννοοῦμεν,
3057 1503 3171 1560 ἀλλ’
3203 1503 3423 1572 οἴδαμεν
3447 1501 3539 1554 τὸν
3573 1501 3671 1554 αύο

2099 1596 2189 1648 τὸν
2219 1596 2312 1649 καὶ
2335 1596 2657 1667 προαιώνιον
2685 1597 2918 1668 Χριστόν
2940 1612 3004 1650 τε
3031 1596 3124 1650 καὶ⁹
3164 1595 3386 1667 Κύριον,
3414 1595 3509 1646 καὶ
3534 1592 3675 1664 μετὰ

2098 1691 2160 1744 τὸ
2210 1689 2379 1754 πάθος
2425 1693 2586 1745 πάλιν
2623 1710 2682 1744 τε
2728 1692 2861 1746 αὐτὸ
2904 1690 3060 1745 τοῦτο
3113 1687 3478 1759 ὁμολογοῦμεν
3533 1687 3675 1755 (17),

2100 1783 2283 1847 καθώς
2338 1801 2470 1854 φησι
2527 1784 2658 1854 πρὸς
2697 1783 2823 1844 τοὺς
2868 1781 3152 1845 Ἰουδαίους
3209 1782 3236 1833 ό
3289 1779 3534 1849 Πέτρος·
3590 1777 3678 1830 ὅτι

2097 1876 2321 1942 Κύριον
2349 1875 2446 1930 καὶ
2476 1875 2732 1943 Χριστὸν
2752 1873 2938 1928 αὐτὸν
2961 1874 3250 1939 ἐποίησεν
3270 1873 3302 1924 ό
3339 1870 3506 1938 Θεὸς,
3537 1868 3679 1922 toﬁ-

413 1959 702 2013 Dominum
731 1977 872 2024 eum,
904 1971 952 2015 et
985 1960 1256 2017 Christum
1289 1964 1412 2033 fecit
1447 1965 1608 2031 Deus,
1643 1967 1779 2021 hunc
1809 1967 1993 2024 Iesum

2098 1983 2205 2020 τον
2243 1965 2350 2020 τὸν
2389 1966 2643 2033 Ἰησοῦν,
2687 1967 2760 2019 ὃν
2794 1965 2963 2036 ὑμεῖς
3002 1963 3441 2032 éotavpdioate.
3503 1960 3677 2015 Τοῦτο

413 2071 566 2124 quem
601 2072 689 2108 vos
738 2057 1082 2124 cruciﬁxistis
1105 2057 1169 2111 ³⁹.
1219 2056 1332 2112 Hoc
1381 2067 1560 2113 autem
1617 2061 1688 2114 ita
1738 2061 1993 2128 dicimus,

416 2162 526 2201 non
551 2147 700 2217 quod
721 2148 861 2203 duos
877 2148 1152 2210 Christos,
1176 2149 1261 2204 vel
1290 2149 1548 2206 Dominos
1572 2153 1626 2206 in
1654 2168 1762 2206 una
1794 2153 1995 2210 Christi

417 2248 656 2309 persona
687 2240 1118 2310 conspiciamus,
1168 2242 1261 2295 sed
1291 2242 1440 2311 quod
1484 2245 1800 2313 unigenitus
1830 2245 1993 2310 Deus,

417 2348 542 2387 cum
576 2332 660 2386 sui
691 2342 888 2386 natura
922 2331 1069 2386 Deus
1101 2340 1249 2388 esset
1288 2349 1350 2388 ac
1397 2335 1585 2388 mundi
1619 2335 1902 2401 Dominus,
1941 2345 1997 2392 et

415 2432 795 2478 creaturarum
828 2425 1070 2478 omnium
1098 2424 1429 2492 dominator,
1475 2443 1768 2498 rerumque
1805 2431 1997 2484 condi-

416 2526 524 2592 τοι·9
557 2517 905 2587 ειιηρεοτυηι
941 2525 1176 2582 erector,
1207 2526 1459 2572 naturam
1495 2527 1739 2573 nostrain
1770 2536 1836 2575 cx
1871 2537 1997 2591 pec-

415 2617 540 2663 cato
569 2610 863 2679 collapsam
899 2625 1010 2664 non
1040 2611 1216 2665 solum
1254 2626 1281 2663 a
1320 2627 1418 2665 sua
1451 2614 1837 2667 communione
1886 2629 1994 2667 non

416 2703 629 2772 repelli,
671 2718 860 2758 verum
895 2703 1059 2757 etiam
1094 2704 1148 2757 in
1188 2704 1354 2757 vitam
1387 2704 1570 2759 denuo
1620 2706 1862 2775 recipere
1898 2722 1997 2776 pro

415 2811 632 2850 summa
681 2796 1022 2866 benignitate
1076 2812 1175 2850 sua
1221 2797 1477 2867 dignatus
1523 2806 1627 2853 est.
1666 2799 1838 2853 Porro
1880 2799 1996 2869 ipse

411 2884 671 2940 Christus
701 2886 809 2939 vita
850 2897 968 2951 est;
1009 2887 1260 2957 ideoque,
1295 2896 1550 2958 vergente
1585 2889 1652 2943 ad
1696 2891 1854 2944 linem
1894 2891 1996 2944 hu-

416 2994 582 3035 mano
611 2995 828 3051 genere,
863 2981 1070 3034 malitia
1102 2989 1290 3034 nostra
1316 2981 1427 3050 jam
1470 2985 1534 3035 ad
1564 2997 1837 3038 summum
1871 3001 1997 3056 pro-

415 3082 594 3135 vecta,
626 3082 781 3135 tunc,
814 3088 882 3126 ne
911 3074 1081 3127 ullum
1111 3075 1335 3128 malitia:
1370 3090 1542 3145 genus
1575 3077 1815 3131 remedio
1841 3094 1996 3134 care-

417 3173 526 3228 ret,
579 3180 704 3219 cum
771 3175 970 3221 nostra:
1025 3175 1236 3222 natura)
1292 3167 1598 3224 humilitate
1649 3171 1992 3226 commisceri

417 3273 527 3310 non
580 3259 875 3321 recusavit,
931 3265 986 3312 ct
1037 3257 1090 3311 in
1143 3273 1202 3313 se
1235 3259 1354 3329 ipso
1393 3259 1664 3315 hominem
1707 3278 1994 3318 assumens
2022 3288 2064 3346 ο

420 3350 646 3420 ipseque
671 3350 723 3404 in
757 3351 977 3406 homine
1005 3351 1299 3415 exsistens,
1333 3353 1791 3422 quemadmodum
1823 3356 1992 3410 disci-

420 3440 566 3510 pulis
597 3441 713 3494 ait:
746 3439 855 3509 Ego
900 3441 955 3494 in
1003 3441 1168 3502 vobis,
1215 3450 1264 3494 et
1293 3457 1380 3496 vos
1414 3443 1469 3495 in
1514 3459 1594 3496 me
1617 3444 1682 3507 ⁵ο,
1721 3444 1994 3500 hominem

420 3531 524 3585 sibi
557 3532 929 3596 commistum,
967 3531 1019 3586 id
1054 3531 1199 3602 quod
1237 3533 1354 3602 ipse
1396 3541 1513 3587 erat
1536 3534 1731 3600 eII'ecit,
1764 3551 1997 3607 cumque

419 3624 539 3692 ipse
565 3637 782 3692 semper
808 3623 1109 3680 altissimus
1144 3623 1328 3687 fuerit,
1364 3624 1570 3681 idcirco
1615 3628 1758 3697 quod
1795 3629 1998 3686 humile

420 3722 562 3774 erat,
593 3713 872 3775 exaltavit,
905 3728 1029 3768 nam
1082 3730 1245 3785 super
1285 3717 1469 3770 omnia
1511 3717 1812 3774 altissimus
1846 3721 1996 3776 nulla

419 3803 755 3859 exultatione
790 3803 1086 3873 indigebat.
1118 3804 1359 3862 Verbum
1384 3816 1566 3863 autem
1597 3817 1716 3864 erat
1744 3810 1996 3868 Christus

419 3901 476 3949 et
522 3893 809 3960 Dominus,
864 3895 1027 3966 idque
1076 3897 1256 3967 ipsum
1306 3898 1396 3953 ille
1443 3899 1607 3953 etiam
1654 3902 1854 3967 evadit,
1904 3905 1994 3972 qui

422 3995 736 4057 assumptus
764 3985 888 4053 fuit,
916 3995 969 4043 et
997 4005 1120 4043 cum
1157 3989 1441 4046 divinitate
1468 3993 1826 4061 commistus;
1869 4012 1994 4050 nam

422 4080 514 4149 qui
547 4078 810 4134 Dominus
840 4089 942 4145 est,
977 4081 1169 4135 iterum
1193 4081 1459 4138 Dominus
1485 4100 1592 4138 non
1624 4087 1994 4154 constituitur,

421 4171 516 4227 sed
567 4171 710 4227 servi
764 4172 938 4227 forma
994 4174 1065 4228 ad
1112 4174 1361 4230 eamdem
1407 4175 1623 4232 Domini
1677 4178 1993 4250 dignitatem

424 4265 761 4328 sublevatur,
792 4266 1142 4336 quamobrem
1189 4283 1324 4322 unus
1367 4267 1626 4324 Dominus
1654 4271 1813 4327 Iesus
1841 4271 1998 4328 Chri-

423 4363 535 4408 stus
580 4370 671 4424 per
699 4370 848 4424 quem
893 4354 1074 4408 omnia
1094 4355 1163 4420 “,
1197 4356 1397 4411 dicitur
1444 4358 1695 4416 similiter
1719 4361 1994 4429 Christus,

423 4439 518 4510 qui
563 4447 688 4493 ante
732 4439 929 4493 saecula
963 4438 1202 4509 Spiritus
1241 4442 1468 4511 gloriam
1515 4443 1690 4498 induit
1721 4445 1808 4516 (id
1851 4447 1997 4501 enim

424 4531 722 4603 symbolice
758 4532 944 4586 unctio
989 4533 1290 4604 signiﬁcat)
1323 4542 1378 4589 et
1409 4542 1533 4604 post
1561 4538 1872 4606 passionem
1903 4553 1998 4594 ea-

2094 2057 2149 2111 δέ
2179 2075 2358 2128 φαμεν
2392 2059 2490 2128 οὐχ
2535 2059 2610 2122 ὡς
2651 2058 2818 2112 δυάδα
2868 2055 3120 2128 Χριστῶν
3163 2057 3258 2108 καὶ
3292 2056 3511 2126 Κυρίων
3545 2054 3679 2122 περὶ

2093 2151 2185 2204 τὸν
2218 2151 2312 2204 ἕνα
2354 2150 2674 2221 βλέποντες,
2711 2149 2825 2203 ἀλλ’
2858 2149 3044 2219 ἐπειδὴ
3088 2151 3152 2219 τῇ
3189 2148 3344 2215 φύσει
3379 2146 3511 2208 Θεὸς
3541 2146 3621 2197 ὢν
3649 2145 3677 2196 ὁ

2100 2243 2390 2314 μονογενὴς
2423 2243 2554 2305 Θεὸς
2575 2281 2589 2303 ,
2621 2243 2716 2295 καὶ
2752 2242 2844 2295 τοῦ
2885 2242 3082 2304 παντὸς
3127 2239 3348 2311 Κύριος,
3391 2240 3483 2292 καὶ
3517 2240 3677 2322 βασι-

2095 2336 2221 2399 λεὺς
2267 2337 2449 2407 πάσης
2489 2335 2758 2397 κτίσεως,
2807 2334 2900 2388 καὶ
2941 2332 3168 2404 ποιητὴς
3195 2332 3304 2386 τῶν
3340 2331 3531 2396 ὄντων,
3581 2332 3678 2384 καὶ

2094 2427 2388 2499 διορθωτὴς
2434 2427 2544 2479 τῶν
2590 2426 3066 2490 διαπεπτωκότων,
3119 2425 3350 2496 ἤνεγκεν
3404 2426 3463 2477 ὲν
3502 2423 3674 2494 πολλῇ

2099 2517 2472 2589 μακροθυμίᾳ,
2497 2517 2557 2571 τὺ
2578 2520 2670 2572 καὶ
2692 2518 2790 2588 τὴν
2812 2517 3085 2590 ἡμετέραν
3106 2519 3217 2588 (I8)
3236 2517 3395 2587 φύσιν
3410 2517 3471 2582 ἐξ
3496 2519 3680 2588 ἁμαρο

2095 2613 2213 2674 τίας
2257 2610 2653 2674 διαπεσοῦσαν,
2697 2610 2771 2681 μὴ
2817 2609 3140 2664 ἀπώσασθαι
3177 2611 3276 2682 τῆς
3321 2611 3456 2680 πρὸς
3510 2611 3677 2662 αὐτὴν

2095 2702 2396 2766 κοινωνίας,
2445 2702 2580 2757 ἀλλὰ
2617 2701 2776 2754 πάλιν
2807 2702 2887 2762 είς
2926 2699 3023 2771 τὴν
3058 2699 3203 2772 ςωὴν
3237 2699 3675 2770 παραδέξασθαι.

2096 2795 2264 2857 Λύτὸς
2295 2794 2351 2846 δέ
2381 2795 2526 2846 ἐστιν
2549 2795 2581 2863 ἡ
2607 2791 2740 2863 ζωήο
2767 2791 2854 2844 διὰ
2869 2791 3025 2844 τοῦτο
3049 2792 3139 2844 ἐπὶ
3160 2791 3303 2844 τέλει
3330 2790 3424 2844 τοῦ
3455 2791 3676 2861 ἀνθρω-

2096 2887 2248 2938 πίνου
2282 2884 2419 2955 βίου,
2443 2885 2543 2956 ἤδη
2572 2883 2670 2953 τῆς
2701 2881 2896 2944 κακίας
2924 2880 3082 2952 ἡμῶν
3113 2881 3249 2952 πρὸς
3279 2881 3339 2933 τὸ
3371 2882 3676 2951 ἀκρότατον

2095 2974 2441 3045 αὐξηθείσης,
2478 2975 2553 3037 ὡς
2588 2973 2653 3026 ἂν
2703 2971 2867 3043 μηδὲν
2903 2971 3012 3040 (I9)
3041 2971 3410 3041 ἀθεράπευτον
3441 2970 3538 3042 τῆς
3571 2988 3675 3022 πο-

2096 3068 2288 3138 νηρίας
2318 3064 2666 3134 ὑπολειφθείη
2689 3104 2702 3127 ,
2725 3064 2845 3116 τότε
2870 3062 3082 3132 δέχεται
3108 3064 3208 3135 τὴν
3237 3063 3372 3134 πρὸς
3399 3062 3459 3116 τὸ
3483 3081 3678 3117 ταπει-

2096 3162 2184 3215 νὸν
2213 3160 2369 3232 ἡμῶν
2402 3159 2497 3229 τῆς
2530 3157 2744 3227 φύσεως
2777 3157 3076 3227 ἐπιμιξίαν,
3125 3156 3220 3210 καὶ
3251 3157 3342 3209 τὸν
3385 3156 3676 3228 ἄνθρωπον

2097 3255 2153 3308 ὲν
2189 3250 2362 3322 ἐαυτῷ
2387 3249 2586 3313 λαϐὼν,
2617 3249 2712 3303 καὶ
2740 3249 2900 3312 αὐτὸς
2943 3250 2999 3301 ὲν
3036 3248 3114 3318 τῷ
3143 3247 3411 3321 ἀνθρώπῳ
3442 3251 3677 3319 ⁴(ενόμε-

2074 3364 2184 3421 ¹νος
2209 3386 2222 3410 ,
2271 3342 2453 3406 καθώς
2498 3358 2631 3412 φησι
2685 3341 2820 3412 πρὸς
2857 3340 2980 3403 τοὺς
3021 3339 3286 3411 μαθητὰς,
3317 3339 3400 3394 ὅτι
3438 3341 3677 3411 Ἐγηὼέν

2095 3439 2258 3508 ὑμῖν,
2292 3436 2393 3490 καὶ
2417 3434 2587 3504 ὑμεῖς
2620 3434 2689 3488 ἐν
2715 3432 2867 3502 ἐμοὶ,
2901 3431 3038 3502 ὅπερ
3072 3432 3231 3494 αὐτὸς
3266 3429 3332 3505 ἦν
3352 3474 3366 3497 ,
3395 3433 3554 3487 τοῦτο
3581 3436 3679 3490 καὶ

2095 3533 2186 3587 τὸν
2217 3524 2590 3599 ἁνακραθέντα
2617 3525 2907 3596 ἐποίησεν·
2957 3525 3119 3588 αὐτὸς
3163 3525 3218 3579 δὲ
3259 3522 3325 3597 ἦν
3373 3527 3462 3581 ἀεὶ
3499 3529 3676 3600 ὑπερ-

2099 3622 2348 3692 ύψιστος,
2380 3620 2466 3674 διὰ
2497 3619 2656 3672 τοῦτο
2694 3620 2788 3672 καὶ
2816 3618 2875 3672 τὸ
2902 3617 3156 3672 ταπεινὸν
3187 3618 3544 3689 ὑπερύψωσεν
3568 3637 3582 3650 ·
3609 3611 3675 3674 οὗ

2099 3714 2208 3785 γὰρ
2236 3713 2299 3783 δὴ
2321 3715 2348 3766 6
2375 3711 2516 3782 ὑπὲρ
2542 3713 2648 3763 πᾶν
2679 3709 2920 3780 ὕψιστος,
2947 3709 3024 3762 ἔτι
3043 3708 3136 3762 τοῦ
3166 3709 3446 3780 ὑψωθῆναι
3473 3711 3674 3768 ἐδέετο.

2099 3803 2330 3877 Χριστὸς
2371 3803 2426 3855 δὲ
2454 3803 2546 3854 καὶ
2577 3799 2779 3872 Κύριος
2807 3801 2835 3853 ὁ
2874 3801 3042 3864 Λόγος
3080 3795 3168 3872 ἦν,
3205 3799 3360 3854 τοῦτο
3397 3803 3488 3855 καὶ
3512 3805 3542 3857 ό
3574 3806 3681 3876 ἐμ-

2102 3897 2314 3968 μιχθείς
2345 3913 2403 3948 τε
2435 3895 2529 3948 καὶ
2553 3892 2884 3963 ἀναληφθεὶς
2907 3894 2965 3946 ὲν
3003 3895 3067 3964 τῇ
3103 3892 3316 3964 θεότητι
3341 3894 3548 3964 γίνεται
3569 3913 3582 3926 ·
3609 3898 3673 3948 ού

2099 3989 2208 4060 γὰρ
2233 3991 2261 4041 ό
2299 3986 2374 4039 ὢν
2405 3985 2629 4058 Κύριος,
2662 3986 3153 4056 ἁναχειροτονεῖται
3184 3985 3343 4039 πάλιν
3373 3988 3451 4050 εἰς
3486 3988 3674 4059 κυριό-

2098 4098 2256 4152 τητα,
2297 4079 2411 4134 ἀλλ’
2442 4080 2475 4149 ἡ
2513 4075 2606 4130 τοῦ
2639 4077 2824 4129 δούλου
2861 4076 3043 4147 μορφὴ
3086 4077 3290 4146 Κύριος
3317 4078 3522 4146 γίνεται
3550 4097 3564 4110 ο
3591 4080 3676 4132 διὸ

2099 4174 2193 4228 καὶ
2217 4175 2258 4224 Ε
2265 4169 2318 4238 ἴς
2348 4172 2562 4239 Κύριος
2600 4167 2830 4235 Ἰησοῦς
2850 4166 3127 4235 Χριστὸς,
3158 4167 3232 4220 δι’
3254 4163 3327 4223 οὗ
3353 4170 3426 4223 τὰ
3453 4169 3670 4236 πάντα,

2098 4267 2313 4334 λέγεται
2339 4263 2570 4336 Χριστὸς
2595 4261 2875 4327 ὡσαύτως,
2893 4262 2922 4314 ὁ
2951 4259 3061 4332 (20)
3088 4262 3193 4332 πρὸ
3211 4260 3318 4314 τῶν
3346 4263 3552 4316 αἰώνων
3573 4264 3674 4333 τὴν

2097 4358 2253 4424 δόξαν
2294 4354 2388 4408 τοῦ
2430 4353 2742 4424 Πνεύματος
2782 4351 3160 4422 περικείμενος
3199 4351 3390 4422 (τοῦτο
3430 4353 3536 4424 γὰρ
3570 4371 3672 4425 ση-

2103 4453 2281 4523 μαίνει
2321 4450 2407 4503 διὰ
2452 4447 2736 4519 συμϐόλων
2763 4449 2795 4516 ἡ
2824 4450 3002 4518 χρῖσις
3029 4449 3070 4516 ),
3111 4448 3205 4500 καὶ
3238 4447 3374 4516 μετά
3409 4447 3469 4500 τὸ
3501 4447 3677 4511 πάθος

2101 4544 2191 4598 τὸν
2245 4541 2512 4596 ἑνωθέντα
2563 4539 2709 4610 αύτῷ
2759 4539 3073 4610 ἄνθρωπον,
3116 4539 3195 4610 τῷ
3228 4540 3377 4607 αὐτῷ
3415 4539 3676 4612 χρίσματι

423 4622 548 4678 dem
606 4623 862 4677 unctione
918 4624 1129 4678 unitum
1197 4625 1302 4680 sibi
1363 4626 1639 4684 hominem
1701 4629 1991 4698 decoraris,

2100 4630 2468 4692 καλλωπίσας,
2491 4627 2724 4700 Χριστόν
2751 4630 2912 4680 ποιεῖ·
2937 4628 3212 4693 Δόξασόν
3228 4647 3304 4699 με
3331 4629 3457 4702 γὰρ,
3490 4631 3674 4700 φησὶν,

421 4714 702 4770 Christum
735 4713 898 4781 facit;
933 4714 1354 4788 nam:Clarifica
1384 4736 1485 4783 me,
1518 4721 1614 4784 ait,
1645 4723 1803 4792 quasi
1846 4723 1996 4779 dice-

2098 4723 2331 4783 ὡσανεὶ,
2386 4720 2630 4789 Χρῖσον,
2674 4720 2846 4789 ἔλεγε,
2883 4720 2956 4790 τῇ
2980 4721 3148 4792 δόξῃ,
3188 4721 3268 4791 ἣν
3311 4710 3475 4792 εἶχον
3515 4726 3678 4792 παρὰ

421 4818 528 4874 ret,
568 4809 710 4882 Unge
745 4827 826 4863 me
855 4809 1027 4877 gloria
1049 4827 1207 4880 quam
1234 4811 1394 4866 habui
1427 4812 1566 4882 apud
1607 4822 1656 4868 te
1687 4815 1996 4885 priusquam

2098 4814 2196 4868 σοὶ
2235 4811 2349 4882 πρὸ
2375 4811 2482 4866 τοῦ
2524 4811 2630 4865 τόν
2663 4809 2898 4882 κόσμον
2925 4811 3098 4868 εἶναι.
3147 4815 3206 4868 'H
3236 4813 3292 4870 δὲ
3321 4816 3674 4885 προκόσμιος,

423 4905 651 4957 mundus
688 4913 823 4957 esset
843 4901 911 4957 “.
954 4901 1139 4956 Gloria
1173 4914 1375 4970 autem,
1420 4920 1540 4975 quae
1573 4914 1699 4960 ante
1737 4907 1996 4962 mundum

2098 4908 2188 4961 καὶ
2217 4905 2322 4978 πρὸ
2344 4906 2525 4977 πάσης
2549 4906 2798 4968 κτίσεως,
2823 4907 2917 4960 καὶ
2944 4909 3049 4978 πρὸ
3080 4910 3295 4963 πάντων
3323 4908 3534 4963 αἰώνων
3558 4909 3674 4978 (2i)

421 5005 477 5051 et
505 4996 885 5050 universarum
935 5011 1116 5050 rerum
1163 4997 1516 5064 creationem,
1563 5005 1617 5052 et
1664 5006 1791 5054 ante
1819 5000 1996 5054 omnia

2099 4997 2446 5068 θεωρουμένη
2475 4996 2635 5062 δόξα,
2744 5001 2771 5052 ὁ
2806 4999 3096 5070 μονογενὴς
3141 5000 3271 5064 Θεὸς
3313 5000 3674 5065 ὲνδοξάζεται,

424 5089 622 5142 saecula
654 5103 778 5142 esse
822 5087 1198 5158 dignoscitur,
1238 5103 1454 5159 quaque
1493 5089 1809 5160 unigenitus
1856 5088 1997 5145 Deus

423 5183 780 5247 clariﬁcatur,
803 5189 989 5239 nostra
1009 5197 1142 5238 sane
1167 5183 1459 5250 sententia,
1490 5197 1600 5238 non
1625 5183 1729 5238 alia
1754 5197 1997 5254 unquam

2105 5089 2202 5142 οὐκ
2229 5087 2293 5140 ἂν
2331 5085 2464 5156 ἄλλη
2497 5103 2580 5150 τις
2611 5087 2713 5158 εἴη,
2750 5090 2887 5142 κατὰ
2917 5090 3006 5143 τὸν
3048 5091 3312 5161 ἡμέτερον
3346 5090 3458 5158 (22)
3493 5091 3675 5160 λόγον,

2108 5180 2260 5250 παρὰ
2287 5177 2387 5249 τὴν
2417 5176 2572 5242 δόξαν
2607 5179 2700 5232 τοῦ
2749 5181 2961 5252 Πατρός
3006 5180 3119 5251 (25)
3148 5199 3161 5213 ·
3199 5183 3368 5253 μόνην
3406 5182 3514 5254 γὰρ
3548 5201 3678 5255 προ-

495 5359 541 5392 ”
563 5358 688 5414 Act.
728 5375 790 5424 II,
820 5359 911 5415 56.
987 5361 1034 5394 ιθ
1057 5359 1216 5416 Joan.
1249 5377 1362 5426 xw,
1387 5360 1479 5417 20.
1554 5360 1598 5392 “
1626 5359 1643 5413 l
1670 5359 1795 5416 Cor.
1849 5377 1968 5427 vm,

2139 5362 2184 5394 δ’
2208 5359 2368 5419 Joan.
2404 5379 2538 5428 xvn,
2562 5365 2614 5420 6.

495 5539 608 5609 (15)
637 5537 792 5591 Corr.
825 5539 853 5589 ό
889 5538 1103 5608 Πατήρ.

493 5607 606 5677 (I6)
642 5609 719 5662 Ita
746 5623 917 5675 corr.,
950 5607 1106 5662 antea
1151 5607 1412 5663 συνθοῖτο.

495 5677 608 5748 (Ἠ)
646 5679 722 5732 Ita
751 5695 922 5744 corr.,
955 5681 1094 5732 male
1123 5687 1282 5734 antea
1312 5680 1473 5732 πάλιν
1520 5695 1579 5732 τε
1617 5677 1779 5732 αὑτὸν
1805 5677 1992 5732 τοῦτον

422 5748 870 5820 ὁμολφγρύμενονο

499 5818 610 5886 (18)
645 5818 708 5872 Et
738 5821 854 5873 haec
883 5819 1212 5873 correctoris.
1244 5827 1326 5872 est
1358 5819 1703 5887 emendatio;
1737 5834 1861 5874 nam
1886 5835 1988 5874 an-

338 5917 340 5920 τ
425 5897 509 5943 ιω
537 5898 651 5944 erat
679 5890 739 5942 τὸ
775 5891 911 5943 κατὰ
944 5889 1039 5959 τὴν
1065 5889 1355 5960 ἡμετέραν.

2188 5540 2298 5613 (iii)
2324 5540 2399 5613 Ita
2427 5556 2598 5613 corr.,
2633 5548 2790 5595 antea
2817 5541 2956 5596 male
2992 5542 3148 5613 μηδέ.

2173 5610 2288 5686 (20)
2317 5611 2433 5664 Art.
2461 5611 2629 5672 hunc,
2655 5627 2776 5665 cum
2800 5610 3125 5682 praecedenti
3150 5616 3503 5686 interpunct.,
3524 5629 3673 5669 corr.

2102 5680 2228 5735 add.
2802 5680 2810 5682 ’

2171 5751 2284 5819 (21)
2313 5748 2469 5805 Corr.
2509 5751 2613 5820 πρὸ
2648 5752 2864 5804 πάντων
2903 5754 3007 5807 τῶν
3029 5753 3258 5810 αἰώνων.

2169 5823 2281 5895 (ξὲ)
2316 5823 2454 5895 Corr
2498 5822 2654 5895 Ῠκατᾴ
2687 5839 2747 5886 γε
2780 5825 2872 5876 τὸν
2901 5827 3185 5895 ἡμέτερον.

2171 5892 2284 5962 (25)
2312 5893 2465 5946 Curt'.
2497 5892 2829 5960 Πνεύματος.
