4020 6518
307 400 445 455 1235

1458 401 1831 457 ADVERSUS
1861 400 2373 458 APOLLINAREM.

3397 404 3537 460 12ὕᾶ

302 514 518 567 αιὼνιον
551 516 649 586 τὴν
683 517 844 585 ἁγίαν
895 517 1095 589 Τριάδα
1124 518 1153 570 ὁ
1178 517 1276 589 τῆς
1322 517 1601 582 εὐσεϐείας
1644 516 1851 587 παραδίι

1974 518 2079 573 erit
2103 532 2134 571 a
2159 516 2337 572 Patris
2364 517 2531 586 gloria
2556 534 2571 582 ;
2603 517 2770 571 solam
2802 516 2946 573 enim
2972 516 3292 571 Trinitatem
3322 519 3540 576 szeculis

299 611 431 664 δωσι
471 610 647 679 λόγος.
692 611 755 665 '0
787 611 1071 680 ὑπάρχων
1114 612 1227 679 πρὸ
1272 610 1390 664 τῶν
1430 610 1685 674 αἰώνων,
1735 610 1867 680 φησὶ

300 704 429 771 περὶ
449 702 543 755 τοῦ
574 703 785 772 Πατρὸς
805 705 838 773 ή
866 703 1189 774 προφητεία.
1233 705 1368 775 Περὶ
1396 704 1453 757 δὲ
1473 702 1811 772 Μονογενοῦς
1837 704 1867 755 ὸ

312 791 651 855 Ἀπόστολος.
685 794 785 857 ὅτι,
818 794 895 845 Δι’
921 794 1104 848 αὐτοῦ
1129 797 1183 847 οὶ
1210 794 1421 861 αἰῶνες
1451 794 1751 863 ἐγένοντο,
1772 793 1867 846 καὶ

295 880 424 946 δόξα
451 882 558 953 πρὸ
587 882 695 935 τῶν
738 882 951 937 αἰώνων
991 884 1117 955 περὶ
1142 885 1233 937 τὸν
1275 885 1532 955 μονογενῆ
1570 884 1702 938 Θεὸν
1734 884 1865 936 θεωο

301 970 537 1040 ρουμένη
556 1013 569 1035 ,
598 972 658 1023 τὸ
678 972 898 1042 Πνεῦμα
918 975 1032 1025 ἐστι
1059 975 1119 1027 τὸ
1149 974 1319 1043 ἆγιον.
1357 975 1532 1045 Ὅπερ
1576 969 1668 1025 οὖν
1696 968 1763 1043 ἦν
1788 971 1865 1042 τῷ

295 1059 538 1129 Χριστῷ,
569 1060 646 1131 τῷ
668 1062 815 1131 παρὰ
838 1062 912 1132 τῷ
936 1064 1107 1133 Πατρὶ
1134 1064 1267 1127 ὄντι,
1297 1064 1402 1135 πρὸ
1432 1063 1527 1118 τοῦ
1547 1064 1637 1115 τὸν
1660 1063 1865 1132 κόσμον

303 1147 466 1215 εἶναι,
501 1152 657 1205 τοῦτο
690 1155 785 1207 κα).
816 1154 893 1224 τῷ
930 1155 1181 1208 ἐνωθέντι
1216 1156 1352 1227 πρὸς
1376 1156 1469 1209 τὸν
1489 1155 1742 1226 Χριστὸν,
1774 1154 1865 1206 ἐπὶ

296 1242 441 1294 τέλει
474 1243 582 1295 τῶν
619 1244 829 1297 αἰώνων
853 1247 1078 1313 γίνεται.
1134 1247 1368 1313 Ἰησοῦν
1395 1247 1524 1317 γὰρ,
1575 1248 1726 1316 φησὶ,
1757 1245 1864 1299 τὸν

295 1333 416 1387 ἀπὸ
452 1331 733 1401 Ναζαρὲθ,
770 1334 841 1387 ὃν
864 1336 1108 1403 ἔχρισεν
1133 1339 1165 1389 o'
1192 1335 1335 1401 Θεὸς
1362 1334 1442 1401 τῷ
1469 1336 1763 1404 Πνεύματι
1784 1333 1863 1399 τῷ

296 1424 461 1494 ἁγίῳ·
554 1424 693 1477 ὥστε
727 1425 800 1496 μὴ
832 1428 1233 1495 συκοφαντείτω
1271 1428 1360 1481 τὸν
1392 1428 1656 1498 ἡμέτερον
1682 1427 1858 1495 λόγον,

295 1515 372 1577 ὡς
403 1516 557 1585 ἡμῶν
583 1515 656 1587 μὴ
683 1516 769 1568 ἀεὶ
795 1517 1024 1588 Χριστὸν
1046 1518 1136 1571 τὸν
1174 1518 1431 1589 μονογενῆ
1454 1517 1585 1570 Θεὸν
1614 1513 1748 1570 εἶναι
1778 1518 1860 1569 λε-

296 1609 502 1676 γόντων
520 1624 534 1639 ο
566 1608 700 1661 ἀλλὰ
729 1609 956 1663 πάντοτε
984 1610 1080 1680 μὲν
1112 1609 1140 1662 ό
1180 1610 1291 1681 (24)
1319 1607 1584 1680 Χριστὸς,
1614 1610 1706 1663 καὶ
1735 1610 1861 1678 περ).

295 1699 394 1769 τῆς
430 1697 770 1768 οἰκονομίας,
806 1699 898 1753 καὶ
927 1700 1061 1769 μετὰ
1100 1700 1286 1753 τοῦτο’
1331 1699 1615 1771 ἄνθρωπος
1651 1699 1707 1752 δὲ
1736 1698 1858 1752 οὔτε

296 1790 403 1859 πρὸ
430 1789 638 1853 τούτου,
675 1787 797 1842 οὔτε
837 1790 974 1860 μετὰ
998 1789 1190 1853 ταῦτα,
1221 1789 1335 1843 ἀλλ’
1373 1792 1430 1843 ὲν
1462 1789 1606 1860 μόνῳ
1633 1790 1711 1860 τῷ
1757 1790 1857 1860 τῆς

1970 608 2208 676 priorem
2258 624 2379 662 esse
2426 623 2549 661 vera
2599 606 2734 663 ﬁdes
2784 623 2884 662 nos
2936 608 3115 664 docet.
3148 608 3251 675 Qui
3293 618 3370 662 est
3417 618 3539 663 ante

1968 699 2185 761 swcula,
2246 698 2312 753 de
2356 696 2516 752 Patre
2546 697 2622 750 ait
2659 697 2926 767 Propheta
2946 698 3011 764 ⁵⁸,
3051 706 3105 753 et
3141 700 3207 753 de
3244 698 3537 770 Unigenito

1968 785 2128 850 Filio,
2149 788 2255 843 Per
2277 790 2471 855 ipsum,
2495 790 2571 842 ait
2588 787 2903 857 Apostolus,
2934 790 3128 843 saecula
3150 790 3293 857 facta
3319 800 3439 845 sunt
3456 790 3533 858 “;

1968 886 2023 933 et
2050 879 2242 949 gloria,
2285 894 2405 948 quae
2454 887 2578 934 ante
2617 881 2813 933 secula
2852 881 2905 933 in
2951 882 3227 950 unigenito
3261 881 3367 935 Deo
3412 897 3535 936 esse

1970 962 2309 1039 intelligitur,
2347 978 2571 1026 sanctus
2594 972 2782 1041 utique
2808 971 3045 1040 Spiritus
3064 983 3164 1026 est.
3193 971 3345 1037 Quod
3372 973 3533 1040 igitur

1967 1066 2245 1132 proprium
2277 1062 2629 1128 eratChristi,
2659 1064 2786 1117 dum
2811 1064 2950 1133 apud
2980 1063 3216 1126 Patrem,
3244 1071 3532 1133 antequam

1967 1154 2202 1207 mundus
2224 1155 2571 1218 conderetur,
2597 1156 2909 1221 exsisteret,
2938 1157 3041 1211 hoc
3061 1157 3223 1211 etiam
3255 1157 3531 1226 proprium

1966 1246 2024 1300 iit
2057 1247 2317 1309 hominis,
2358 1248 2452 1317 qui
2506 1263 2629 1302 cum
2683 1247 2903 1303 Christo
2959 1250 3013 1303 in
3061 1250 3383 1303 saeculorum
3430 1249 3532 1301 ﬁne

1965 1338 2291 1405 conjunrtns
2343 1351 2445 1406 est;
2502 1355 2625 1393 nam
2680 1338 2961 1409 Scriptura
3024 1340 3219 1409 inquit,
3268 1338 3451 1393 Jesum
3500 1356 3533 1391 a

1965 1424 2258 1489 Nazaretlt,
2284 1444 2433 1497 quem
2460 1430 2611 1481 unxit
2633 1428 2774 1483 Deus
2800 1429 3003 1498 Spiritu
3029 1440 3209 1482 sancto
3233 1429 3298 1482 ⁸⁵.
3332 1428 3532 1493 Quatu-

1962 1517 2147 1572 obrem
2182 1520 2505 1572 sententiam
2540 1534 2649 1572 non
2679 1518 3062 1581 calumnietur,
3097 1524 3252 1589 quasi
3286 1518 3531 1589 unigeni-

1964 1617 2075 1661 tum
2107 1608 2270 1664 Deum
2299 1625 2406 1664 non
2440 1625 2652 1680 semper
2676 1611 2952 1666 Christum
2986 1626 3105 1667 esse
3131 1611 3400 1675 dicamus,
3432 1609 3529 1665 sed

1961 1711 2174 1767 semper
2216 1698 2435 1767 quidem
2467 1707 2550 1753 est
2585 1700 2859 1764 Christus,
2907 1708 3023 1753 tum
3069 1705 3195 1754 ante
3240 1707 3353 1753 tum
3406 1707 3528 1768 post

1962 1788 2356 1843 incarnationis
2408 1789 2904 1858 dispensationem;
2960 1790 3123 1845 homo
3169 1803 3298 1844 vero
3350 1804 3528 1857 neque

295 1853 604 1951 οίκονομίας
649 1853 849 1952 καιρῷ,
890 1881 1027 1935 Οὔτε
1073 1881 1181 1953 γὰρ
1229 1882 1336 1953 πρὸ
1366 1853 1473 1953 τῆς.
1508 1853 1786 1954 Παρθένου
1815 1853 1851 1937 ⁷ἐ

1963 1888 2086 1932 ante
2114 1878 2279 1942 illam,
2312 1895 2485 1949 neque
2520 1889 2722 1951 postea,
2762 1880 2855 1935 sed
2889 1882 2943 1935 in
2987 1878 3106 1937 solo
3159 1881 3528 1950 dispensatio-

296 1973 581 2043 ἄνθρωπος
600 2014 613 2037 ,
646 1972 770 2026 οὔτε
805 1973 942 2043 μετὰ
970 1973 1067 2045 τὴν
1096 1975 1175 2037 εἰς
1210 1973 1470 2044 οὐρανοὺς
1508 1969 1692 2026 ἄνοδον
1722 1975 1798 2025 ἔτι
1824 1974 1855 2044 ἡ

296 2064 431 2136 σὰρξ
458 2067 570 2135 (25)
593 2068 652 2120 ὲν
677 2069 789 2131 τοῖς
803 2068 1000 2139 ἑαυτῆς
1020 2068 1322 2138 ἱδιώμασιν.
1338 2069 1409 2122 El
1429 2066 1533 2141 γὰρ
1556 2068 1656 2121 καὶ
1681 2067 1861 2137 ἐγνώ-

293 2156 497 2228 κειμέν
539 2172 716 2222 ποτε,
754 2160 908 2231 φησὶ,
953 2158 1104 2214 κατὰ
1125 2159 1321 2227 σάρκα
1363 2158 1627 2227 Χριστὸν
1648 2199 1663 2222 ,
1698 2158 1860 2213 ἀλλὰ

293 2251 410 2303 νῦν
448 2252 559 2305 οὐκ
594 2251 681 2304 ἔτι
720 2251 1119 2322 γινώσκομεν.
1164 2254 1237 2307 Οὐ
1296 2252 1406 2323 γὰρ
1456 2251 1567 2321 (26)
1610 2248 1794 2320 ἐπειδὴ
1833 2252 1861 2303 ὁ

293 2341 427 2403 Θεὸς
478 2342 536 2393 ἐν
592 2342 755 2412 σαρκὶ
801 2342 1157 2415 ἐφανερώθη,
1216 2342 1350 2413 σὰρξ
1392 2342 1689 2413 διέμεινεν
1741 2342 1853 2395 ἀλλ’

292 2430 478 2502 ἐπειδὴ
503 2431 737 2503 τρεπτὸν
776 2432 875 2502 μὲν
913 2432 973 2485 τὸ
1009 2431 1366 2504 ἀνθρώπινον,
1418 2432 1686 2500 ἄτρεπτον
1721 2432 1775 2485 δὲ
1801 2430 1861 2484 τὸ

293 2522 469 2587 Θεῖον,
502 2524 535 2593 ή
570 2522 667 2592 μὲν
692 2522 881 2592 θεότης
901 2524 1038 2593 πρὸς
1068 2525 1247 2577 πᾶσαν
1272 2523 1477 2593 τροπήν
1500 2522 1647 2574 ἐστιν
1668 2522 1858 2591 ἀκινη-

290 2630 418 2677 τος,
457 2612 580 2667 οὔτε
621 2614 758 2685 πρὸς
797 2614 859 2667 τὸ
900 2616 1081 2685 χεῖρον
1118 2614 1227 2685 (27)
1261 2613 1611 2684 ἀλλοιουμένη
1652 2612 1733 2684 (τὸ
1763 2614 1860 2682 μὲν

289 2704 400 2775 γὰρ
426 2706 604 2777 χεῖρον
630 2707 692 2760 οὐ
723 2705 1106 2778 παραδέχεται,
1131 2706 1192 2758 τὸ
1220 2705 1278 2759 δὲ
1300 2708 1547 2777 κρεῖττον
1570 2707 1669 2759 οὐκ
1697 2707 1855 2777 ἔχει)

290 2798 324 2864 ἠ
376 2796 432 2849 δὲ
470 2796 783 2868 ἀνθρωπίνη
812 2797 971 2867 φύσις
990 2798 1047 2850 ὲν
1070 2796 1312 2869 Χριστῷ(
1329 2796 1419 2865 28)
1445 2797 1579 2867 πρὸς
1592 2797 1653 2851 τὸ
1678 2802 1858 2869 κρεῖτ-

290 2902 383 2937 τον
402 2886 681 2956 ’κέχρηται
719 2889 785 2958 τῇ
824 2887 1034 2958 τροπῇ,
1066 2885 1171 2939 ἀπὸ
1199 2885 1293 2938 τοῦ
1340 2884 1579 2957 φθαρτοῦ
1620 2887 1756 2959 πρὸς
1801 2888 1861 2940 τὸ

288 2976 567 3049 ἄφθαρτον
622 2977 993 3043 ἀλλοιωθείσα,
1028 2978 1136 3031 ἀπὸ
1187 2978 1281 3032 τοῦ
1320 2980 1584 3050 ὲπικήρου
1630 2980 1764 3051 πρὸς
1800 2980 1861 3033 τὸ

287 3070 582 3141 ἀκήρατον,
615 3070 723 3123 ἀπὸ
762 3071 856 3124 τοῦ
878 3070 1237 3142 ὀλιγοχρονίου
1272 3070 1407 3144 πρὸς
1432 3071 1494 3123 τὸ
1526 3071 1715 3137 ἀΐδιον,
1743 3071 1861 3125 ἀπὸ

1961 1970 2047 2023 nis
2076 1978 2339 2040 tempore.
2374 1972 2560 2043 Neque
2590 1975 2735 2028 enim
2776 1976 2939 2029 homo
2974 1972 3077 2028 fuit
3109 1981 3237 2029 ante
3264 1973 3523 2027 nativita-

1960 2066 2067 2113 tem
2115 2077 2179 2115 ex
2213 2052 2453 2133 Virgine.
2510 2080 2608 2118 nec
2664 2066 2896 2136 amplius
2928 2072 3048 2135 post
3090 2065 3208 2134 ejus
3258 2066 3310 2118 in
3355 2065 3527 2119 caelos

1960 2152 2194 2206 reditum
2251 2168 2378 2208 caro
2434 2155 2547 2209 suis
2603 2156 2654 2208 in
2709 2156 3138 2226 proprietatibus
3174 2164 3522 2227 perseverat;

1960 2258 2085 2297 nam
2122 2244 2298 2315 inquit
2328 2245 2655 2314 Apostolus:
2688 2246 2755 2299 Et
2783 2248 2830 2301 si
2872 2248 3203 2317 cognovimus
3243 2247 3527 2301 secundum

1960 2351 2169 2389 carnem
2225 2335 2532 2400 Christum;
2589 2334 2680 2390 sed
2725 2353 2861 2390 nunc
2899 2340 3016 2405 jam
3059 2353 3161 2391 non
3199 2326 3525 2389 novimus“.

1958 2424 2145 2495 Neque
2187 2426 2351 2480 etiam
2385 2427 2512 2495 quia
2544 2420 2684 2479 Deus
2716 2427 2768 2479 in
2813 2440 2977 2480 carne
3011 2426 3281 2495 apparuit,
3322 2425 3529 2480 idcirco

1960 2530 2089 2571 caro
2123 2517 2405 2571 immutata
2452 2517 2779 2586 permansit;
2825 2516 2917 2571 sed
2965 2517 3219 2585 quoniam
3271 2517 3531 2570 immuta-

1959 2606 2085 2664 bilis
2113 2609 2330 2678 quidem
2366 2608 2625 2664 divinitas
2662 2617 2766 2673 est,
2800 2609 3107 2664 humanitas
3142 2626 3270 2664 vero
3298 2610 3528 2665 mutabi-

1961 2700 2053 2766 lis,
2084 2709 2367 2770 propterea
2394 2687 2651 2754 divinitas
2676 2700 2893 2769 quidem
2930 2698 3093 2756 nullis
3132 2700 3526 2755 mutationibus

1961 2791 2193 2847 obnoxia
2219 2799 2325 2855 est,
2360 2807 2460 2846 nec
2484 2791 2537 2844 in
2563 2792 2804 2845 deterius
2832 2794 3195 2858 convertitur;
3231 2807 3355 2845 nam
3381 2792 3527 2861 quod

1960 2883 2118 2953 pejus
2148 2891 2232 2938 est
2263 2898 2367 2937 non
2402 2882 2656 2947 admittit,
2689 2894 2745 2937 et
2769 2882 2912 2952 quod
2945 2882 3142 2936 melius
3170 2888 3254 2938 est
3282 2882 3529 2938 obtinere

1960 2991 2069 3030 non
2118 2983 2317 3045 potest.
2378 2976 2447 3029 At
2496 2990 2624 3029 vero
2676 2975 2912 3029 humana
2959 2982 3155 3028 natura
3214 2974 3268 3029 in
3307 2975 3529 3031 Christo

1960 3069 2316 3123 mutationem
2353 3068 2406 3121 in
2441 3067 2633 3121 melius
2672 3068 2921 3130 sortitur,
2969 3067 3097 3121 dum
3127 3081 3157 3120 e
3184 3067 3527 3137 corruptibili

286 3157 383 3211 τοῦ
418 3159 729 3229 σωματικοῦ
756 3158 849 3212 καὶ
873 3157 1446 3230 κατεσχηματισμὲνου
1471 3158 1608 3231 πρὸς
1632 3158 1693 3213 τὸ
1711 3160 1851 3213 ἀσώο

1960 3164 2015 3215 in
2039 3160 2529 3229 incorruptibilem.
2560 3176 2590 3213 e
2613 3160 2756 3214 ﬂuxa
2788 3159 3075 3230 fragilique
3105 3158 3159 3211 in
3190 3160 3437 3215 stabilem
3463 3174 3527 3215 ac

292 3250 462 3322 ματόν
484 3268 544 3305 τε
571 3252 665 3305 καὶ
696 3251 1103 3323 ἀσχημάτιστον
1127 3249 1262 3319 (29).

372 3524 587 3597 Ἐπειδὴ
621 3525 679 3579 δέ
706 3543 867 3596 φασιν
904 3527 1050 3598 ἡμᾶς
1083 3525 1262 3595 λέγειν
1301 3525 1623 3580 πεπονθέναι
1650 3525 1741 3578 τὸν
1768 3526 1858 3580 ἄν·

290 3622 527 3692 θρωπον,
550 3620 612 3673 οὐ
633 3617 725 3674 τὸν
746 3618 897 3685 Θεὸν,
926 3618 1097 3673 ταῦτα
1118 3620 1246 3689 παρ’
1268 3618 1423 3689 ἡμῶν
1449 3618 1854 3680 ἀκουσάτωσαν,

287 3711 370 3765 ὅτι
396 3711 496 3783 τὴν
526 3709 752 3781 Θεότητα
781 3711 838 3764 ὲν
873 3708 984 3779 (50)
1017 3708 1095 3779 τῷ
1123 3707 1381 3778 πάσχοντι
1404 3703 1540 3760 εἶναι
1566 3706 1857 3777 ὁμολογοῦ-

294 3820 414 3872 μεν,
449 3802 509 3855 οὐ
541 3802 646 3873 μὴν
670 3800 766 3873 τὴν
792 3799 973 3870 ἀπαθῆ
1000 3797 1181 3868 φύσιν,
1205 3798 1426 3869 ἐμπαθῆ
1459 3797 1728 3866 γενέσθαι.
1770 3797 1857 3860 Ὠς

287 3894 336 3950 δ’
365 3895 432 3948 ἂν
458 3893 785 3963 σαφέστερον
815 3891 1024 3960 γένοιτο
1055 3890 1115 3944 τὸ
1147 3889 1453 3961 λεγόμενον,
1498 3888 1700 3959 ταύτην
1740 3888 1855 3959 ἔχοι

1950 3258 2383 3324 permanentem,
2411 3266 2477 3306 ex
2499 3258 2847 3320 temporanea
2872 3252 2927 3305 in
2955 3252 3337 3315 immortalem,
3361 3268 3390 3306 e
3410 3267 3532 3306 cor—

1952 3358 2116 3415 porca
2166 3350 2221 3397 et
2272 3342 2498 3413 ﬁgurata
2540 3344 2594 3395 in
2637 3342 3014 3411 incorpoream
3064 3342 3322 3412 nullaque
3355 3342 3526 3413 ﬁgura

1952 3449 2265 3505 expressam
2306 3442 2673 3504 permutatur.

2024 3524 2158 3581 LIV.
2184 3524 2452 3592 Quoniam
2480 3539 2610 3579 vero
2632 3534 2886 3581 asserunt
2914 3540 3015 3581 nos
3042 3525 3224 3581 dicere
3251 3525 3525 3582 hominem

1961 3632 2184 3688 passum
2237 3616 2425 3679 fuisse,
2473 3632 2581 3671 non
2622 3616 2812 3685 Deum,
2860 3618 2974 3673 haec
3022 3632 3052 3672 a
3080 3619 3237 3674 nobis
3266 3618 3524 3673 audiant:

1962 3707 2300 3762 divinitatem
2338 3707 2555 3777 quidem
2611 3708 2666 3763 in
2719 3724 2785 3764 eo
2831 3710 2923 3780 qui
2974 3724 3170 3781 passus
3215 3720 3299 3765 est
3346 3712 3525 3766 inesse

1962 3797 2218 3863 fatemur,
2266 3814 2375 3853 non
2425 3813 2554 3853 vero
2602 3799 2953 3868 impatibilem
2988 3810 3236 3855 naturam
3286 3802 3527 3856 evasisse

1962 3888 2261 3958 patibilem.
2293 3888 2361 3943 Ut
2394 3898 2573 3944 autem
2606 3890 2749 3960 quod
2774 3889 3006 3946 dicimus
3034 3891 3124 3946 ﬁat
3158 3891 3525 3958 manifestius,

356 4072 402 4105 ⁸³
436 4069 579 4126 Psal.
612 4084 723 4134 LIV,
754 4068 843 4124 20.
918 4068 962 4101 ⁸⁸
992 4066 1129 4122 Heb.
1166 4083 1204 4131 ι,
1234 4066 1289 4120 2.
1365 4067 1409 4099 ⁸⁸
1436 4069 1556 4120 Act.
1595 4082 1649 4129 ι,
1682 4065 1773 4120 58.
1844 4063 1851 4092 ¹

1956 4064 1965 4118 l
1994 4064 2123 4121 Cor.
2152 4079 2207 4129 ν,
2232 4062 2322 4121 16.

359 4228 471 4297 (24)
498 4228 658 4282 Corr.
691 4226 838 4297 hunc
862 4232 964 4297 art.
997 4225 1157 4297 delet.

364 4292 475 4370 (25)
521 4297 646 4370 Haec
689 4295 927 4370 _Nysseni
976 4295 1159 4370 verba.
1194 4292 1543 4370 intelligenda
1577 4304 1705 4370 sunt
1730 4311 1843 4370 non

286 4364 811 4441 de_'proprietatib_u_s
846 4367 1049 4441 carnis.
1089 4381 1209 4434 qua:
1264 4381 1302 4441 a_
1330 4364 1835 4441 (ἶισωείεείδοποιοί,

286 4460 316 4498 a
358 4434 569 4495 Latinis
605 4435 875 4506 speciﬁcze
920 4435 1208 4495 dicuntur,
1261 4437 1379 4489 sine
1439 4434 1644 4506 quibus
1716 4450 1844 4487 caro

1948 4232 2230 4297 uerentur,
2279 4225 2737 4297 quemadmodum
2776 4225 3058 4297 Nyssenus
3119 4226 3235 4295 ipse
3283 4224 3515 4297 inferius

1948 4309 2071 4364 cap.
2162 4296 2254 4357 57,
2302 4296 2560 4361 testatur,
2642 4297 2766 4349 hinc
2820 4296 3020 4350 factum
3066 4304 3197 4359 cest,
3257 4306 3317 4350 ut
3373 4296 3515 4351 idem

1949 4364 2227 4436 Nyssenns
2259 4367 2519 4420 adversus
2552 4367 2918 4434 Apollinarem
2961 4365 3269 4434 disputans,
3301 4366 3512 4420 Christi

1951 4450 2171 4505 carnem
2232 4437 2285 4488 in
2337 4436 2507 4490 cmlos
2558 4447 2916 4505 assumptam,
2960 4450 3058 4489 nec
3098 4437 3151 4489 in
3212 4438 3329 4491 suis
3387 4452 3515 4505 pro-

286 4522 541 4567 constare
592 4504 701 4597 neu
753 4513 968 4597 potest;
1019 4506 1113 4561 sed
1165 4507 1231 4560 de
1264 4505 1842 4597 pr0prietati|nlts'illis,
1877 4544 1920 4597 Β
1951 4504 2276 4573 prietatibns
2333 4504 2866 4597 perseverasse,’nec
2903 4505 3353 4597 reorruptimhilem,
3392 4504 3513 4586 nec

286 4597 428 4651 quas
464 4578 829 4633 accidentales
884 4584 1111 4651 vocant,
1172 4573 1300 4651 puta
1338 4573 1790 4651 _corrttptibilertr
1821 4613 1834 4635 ,

287 4642 603 4705 mutabilem
643 4654 697 4699 et
752 4645 1101 4714 passionibus
1150 4642 1442 4699 obnoxiam
1501 4659 1641 4697 esse.
1680 4642 1837 4698 Post«

286 4722 476 4775 tremis
528 4724 740 4769 tantum
778 4715 928 4768 hisce
971 4715 1391 4783 proprietatibus
1452 4714 1687 4783 Chr:sti__
1718 4729 1839 4765 car—

287 4807 410 4845 nem
471 4798 586 4857 post
623 4780 1085 4857 resurrectionem
1111 4785 1354 4857 caruisse
1405 4784 1614 4836 censuit
1644 4780 1841 4852 Nysse—

285 4876 391 4915 nus
424 4877 437 4918 ;
471 4854 604 4911 'non
660 4871 786 4909 vero
825 4854 1092 4922 specilicis
1138 4854 1247 4908 illis
1291 4869 1413 4922 qua:
1464 4868 1683 4905 carnem
1744 4869 1839 4907 ne-

284 4931 544 4984 cessitate
592 4936 797 4978 naturte
846 4925 1195 4978 comitantur.
1247 4924 1442 4991 Aperte
1492 4923 1634 4975 enim
1705 4922 1839 4975 fate-

284 5010 378 5054 tur
422 5007 533 5051 tum
565 4996 675 5057 hic,
718 5004 829 5048 tum
888 4994 1037 5054 alibi,
1084 4992 1286 5047 Christi
1347 5007 1564 5045 carnem
1611 5001 1731 5059 post
1762 5007 1842 5045 re-

284 5068 679 5125 surrectionem
763 5065 1119 5117 mutationem
1193 5064 1246 5117 in
1325 5062 1519 5113 melius
1593 5062 1837 5113 sortitam

284 5139 479 5194 fuisse.
517 5136 658 5201 Quin
703 5142 758 5188 et
787 5134 842 5187 in
872 5134 1271 5187 resurrectione
1303 5128 1699 5201 factamﬂfuisse
1723 5131 1839 5183 ani-

285 5226 387 5263 mze
439 5200 563 5261 cuni
630 5219 858 5273 corpore
934 5203 1231 5273 nnition_em
1271 5203 1364 5273 ait.
1414 5218 1467 5273 c,
1508 5200 1596 5257 55,
1629 5211 1679 5273 et
1719 5207 1839 5269 post

284 5271 742 5332 resurrectionem
796 5273 1074 5328 Christum
1133 5271 1417 5324 Dominum
1461 5272 1512 5323 in
1558 5271 1693 5323 cmlo
1721 5286 1841 5323 car-

285 5365 407 5401 nem
442 5347 763 5409 collocasse,
808 5351 861 5397 et
892 5343 1093 5396 Christi
1130 5356 1327 5409 corpus
1388 5340 1439 5392 in
1496 5340 1650 5392 emlis
1693 5342 1839 5392 exsi~

284 5433 451 5476 stere.
480 5417 701 5469 disertis
744 5414 923 5467 verbis
964 5414 1191 5464 allirmat
1222 5412 1272 5462 in
1312 5413 1415 5463 line
1465 5409 1626 5476 hujus
1677 5411 1839 5460 antir-

284 5488 502 5541 rhetici.
536 5486 639 5539 Sed
700 5484 953 5553 quoniam
1011 5480 1341 5549 Apollinaris
1380 5482 1453 5533 ita
1492 5494 1654 5532 unam
1689 5492 1837 5553 eam-

283 5559 518 5625 demque
548 5548 766 5609 carnein
793 5562 901 5625 tam
953 5548 1076 5625 ante
1126 5566 1287 5625 quam
1330 5560 1449 5619 post
1484 5548 1836 5625 resurrectio-

285 5619 743 5682 nem-Christum
808 5622 1059 5675 habuisse
1116 5620 1357 5689 putabat,
1401 5627 1459 5671 ut
1501 5635 1608 5671 non
1648 5619 1836 5689 Amodo

285 5698 593 5754 substantia
652 5695 855 5752 carnis.
899 5691 993 5746 sed
1046 5687 1325 5745 eteadem
1355 5692 1600 5757 corporis
1639 5687 1834 5750 forma,

288 5768 571 5823 crassities
604 5774 766 5835 atque
796 5765 964 5835 moles
1009 5774 1325 5835 cgcterteque
1369 5760 1670 5835 passiones,
1698 5773 1834 5835 quas

291 5838 649 5892 accidentales
678 5828 883 5890 'vocant
918 5833 1212 5903 glorilieata
1238 5828 1455 5885 'Christi
1506 5844 1669 5884 carne
1698 5828 1831 5881 reti-

1948 4589 2287 4641 corpoream,
2335 4573 2464 4628 'nee
2546 4573 2829 4641 ﬁguratam
2903 4573 3072 4629 fuisse
3121 4574 3511 4640 allirmaverit;

1942 4659 2050 4697 non
2098 4643 2244 4712 quod
2282 4645 2394 4712 ipse
2437 4643 2638 4698 Christi
2710 4660 2932 4699 carnem
3010 4646 3061 4698 in
3119 4646 3405 4699 aetheream
3461 4657 3515 4700 et

1942 4714 2181 4766 divinam
2229 4715 2543 4782 qualitatem
2598 4730 2923 4769 conversam
2972 4713 3163 4773 fuisse.
3214 4730 3338 4767 cum
3390 4716 3511 4766 Ori-

1941 4798 2076 4851 gene
2123 4784 2351 4852 ejusque
2399 4784 2619 4842 asseclie
2674 4794 2907 4852 putaret;
2962 4786 3055 4836 sed
3093 4785 3237 4851 quod
3297 4798 3403 4835 non
3434 4784 3506 4836 ita

1941 4866 2261 4919 corpoream
2309 4861 2363 4907 et
2422 4852 2704 4920 ﬁguratam
2767 4870 2888 4908 esse
2957 4854 3201 4911 diceret.
3244 4855 3503 4921 quemad-

1943 4924 2164 4992 modum
2200 4922 2531 4992 Apollinaris
2570 4925 2907 4976 autumahat.
2962 4922 3077 4975 Non
3150 4930 3312 4992 negat
3378 4937 3510 4991 ergo

1940 4991 2187 5062 absolute
2233 4990 2508 5062 Nyssenus
2560 4992 2613 5045 in
2644 4994 2946 5060 glorilicato
2999 4990 3241 5045 Christi'
3273 4990 3508 5061 corpore

1941 5061 2302 5115 substantiam
2384 5062 2717 5129 ﬁguramque
2786 5063 2990 5122 carnis,
3047 5062 3140 5116 sed
3184 5062 3252 5115 ab
3315 5063 3503 5116 eodeni

1941 5146 2170 5199 corpore
2199 5132 2446 5185 excludit
2490 5132 2755 5197 duntaxat
2785 5134 3093 5185 crassitiem
3128 5131 3298 5189 illam.
3336 5139 3505 5197 atque

1941 5200 2165 5267 ﬁguram
2221 5201 2391 5270 magis
2440 5200 2770 5265 sensibilem,
2812 5217 2933 5270 qua:
2985 5201 3185 5255 Christi
3247 5202 3501 5253 humani-

1940 5272 2035 5323 tati
2090 5270 2142 5322 in
2190 5279 2332 5323 statu
2394 5271 2739 5340 mortalitatis
2794 5273 3173 5340 competebat,
3227 5285 3503 5338 quamque

1940 5341 1994 5461 in
2028 5341 2218 5421 eodem
2269 5354 2497 5408 corpore
2526 5339 2704 5393 adhuc
2742 5339 3037 5409 perdurare
3095 5340 3319 5410 putabat
3344 5343 3502 5407 Apol-

1961 5424 2148 5461 maris.

1961 5424 2148 5462 tnarts.

2009 5478 2119 5543 (26)
2146 5478 2298 5531 Corr.
2330 5478 2448 5530 οὐδὲ
2484 5477 2610 5546 γάρ.

2010 5549 2121 5616 (27)
2156 5547 2229 5599 lla
2252 5563 2428 5605 ρονι·.;
2464 5561 2617 5599 antea
2644 5551 2924 5604 contrario
2954 5564 3116 5603 sensu
3136 5548 3195 5600 τὸ
3229 5548 3492 5615 κρεῖττον.

1990 5618 2120 5686 ’(28)
2148 5618 2299 5669 Corr.
2335 5619 2392 5667 ἐν
2420 5617 2496 5686 τῷ
2522 5618 2755 5685 Χριστῷ.

2008 5690 2119 5758 (29)
2151 5687 2433 5758 Quomodo
2467 5692 2576 5739 haec
2600 5690 2947 5757 intelligenda
2977 5690 3109 5755 sint,
3141 5687 3259 5743 vide
3283 5689 3336 5743 in
3367 5698 3496 5742 nota

1937 5756 2206 5828 superiori
2245 5756 2334 5809 25.

2007 5825 2119 5898 (50)
2153 5825 2308 5880 Corr.
2344 5825 2571 5896 θεότητα
2608 5828 2703 5897 μὲν
2730 5830 2786 5881 ἐν
