4020 6520
433 412 581 469 1235

1685 412 1742 467 S.
1783 411 2106 470 GREGOBII
2144 409 2432 466 NYSSENI

3553 413 3696 467 1255

437 526 556 583 hac
589 534 778 582 nostra
805 527 1073 582 sententia
1101 535 1218 580 est:
1251 526 1495 582 llummia
1525 539 1722 583 natura
1746 546 1809 585 ex
1834 532 2016 583 anima

2121 544 2219 598 μεν
2246 527 2341 599 τὴν
2383 527 2639 588 διάνοιαν,
2687 524 2768 577 ὅτι
2800 527 2833 596 ἡ
2872 524 3183 598 ἀνθρωπίνη
3211 525 3369 596 φύσις
3415 528 3478 580 ἐκ
3505 529 3701 598 νοερᾶς

437 616 718 670 intellectu
741 616 985 685 praadita,
1011 617 1227 684 corpori
1253 619 1570 687 conjuncta,
1607 621 2016 675 subsistentiam

439 710 638 770 habet;
674 707 790 762 hac
821 716 1002 762 autem
1041 709 1332 780 utriusque
1361 712 1680 780 coniunctio
1719 713 1798 774 ﬁt,
1847 723 2019 767 mate-

437 801 559 854 riali
578 799 809 870 quadam
829 801 1159 864 substantia,
1191 803 1356 858 veluti
1379 805 1615 872 quodam
1640 805 2015 873 fundamento,

439 902 567 947 ante
603 893 777 962 ipsius
805 893 1253 948 coxistitutionem
1305 897 1504 965 posita.
1540 896 1794 953 Materies
1835 906 2014 953 autem

441 984 554 1047 illa,
597 983 782 1039 divina
813 986 1014 1042 virtute
1058 989 1112 1040 in
1145 989 1345 1041 animal
1377 988 1684 1052 elIormata,
1740 991 1900 1043 homo
1937 992 2014 1050 lit,

439 1076 513 1130 ita
545 1084 603 1129 ut
645 1077 690 1131 si
719 1077 844 1147 quis
876 1077 942 1130 ad
994 1079 1194 1131 animal
1234 1077 1626 1133 ell‘ormandum
1661 1085 2014 1136 conditricem

439 1164 534 1220 Dei
561 1166 817 1221 virtutem
849 1183 954 1220 non
986 1169 1336 1231 intervenire,
1375 1185 1438 1223 ex
1466 1173 1860 1240 suppositimie,
1895 1189 2020 1227 con-

441 1258 620 1323 cedat,
655 1260 831 1314 otiosa
876 1276 1100 1330 prorsus
1146 1269 1310 1330 atque
1343 1262 1625 1316 immutata
1652 1273 1867 1318 maneat
1899 1280 2010 1318 ma-

441 1351 599 1414 teria,
642 1360 827 1421 utpote
875 1370 994 1422 qua:
1044 1354 1206 1407 vitam
1252 1354 1322 1407 ab
1369 1353 1643 1409 eﬂectrice
1669 1357 1870 1410 virtute
1908 1373 2014 1410 non

439 1445 688 1513 accipiat.
719 1445 1190 1511 Quemadmodum
1233 1449 1397 1517 igitur
1437 1449 1491 1501 in
1537 1449 1694 1504 nobis
1748 1451 2014 1504 viviﬁcam

432 1534 728 1605 quamdam
778 1536 1031 1590 virtutem
1075 1540 1316 1592 materne.
1356 1542 1708 1607 supervenire
1757 1542 2016 1611 intelligi-

439 1642 584 1689 mus,
617 1643 710 1697 per
735 1643 899 1697 quam
929 1629 1091 1683 homo
1107 1646 1172 1684 ex
1205 1633 1386 1685 anima
1420 1644 1472 1686 et
1494 1648 1724 1702 corpore
1757 1644 2015 1688 constans

438 1720 785 1776 ell'ormatur:
823 1721 896 1775 ita
925 1721 977 1774 in
1011 1720 1178 1775 Maria
1214 1721 1433 1794 Virgine
1468 1724 1669 1782 factum
1707 1735 1874 1781 estut
1910 1728 2016 1781 Al-

437 1813 638 1867 tissimi
665 1813 859 1878 virtus,
898 1829 994 1883 per
1037 1814 1401 1870 viviﬁcantem
1438 1815 1702 1886 Spiritum
1734 1820 1785 1871 in
1819 1821 2012 1872 imma-

2117 616 2316 687 ψυχῆς,
2351 616 2564 688 σώματι
2598 614 3022 687 συνδραμούσης,
3067 616 3164 686 τὴν
3201 618 3494 670 ὑπόστασιν
3535 619 3650 687 ἔχει
3681 634 3696 647 ·

2118 710 2310 780 φύεται
2339 711 2395 765 δὲ
2440 710 2501 764 τὸ
2527 710 2932 780 συναμφότερον
2962 710 3213 780 ἀφορμῆς
3248 729 3393 774 τινος
3423 713 3534 783 (51)
3583 712 3701 764 ὑλι-

2117 805 2218 876 κῆς
2244 801 2828 880 προκαταϐαλλομένης
2861 801 3022 854 αὑτοῦ
3050 803 3147 871 τῆς
3182 803 3512 863 συστάσεως.
3555 804 3620 855 Ἦ
3641 803 3702 856 δὲ

2119 895 2218 964 ὕλη
2246 895 2426 966 ἐκείνη
2455 893 2575 964 θεία
2604 892 2829 963 δυνάμει
2872 891 3371 963 ζωοπλαστηθεῖσα,
3405 893 3699 964 ἄνθρωπος

2116 987 2344 1054 γίνεται,
2377 985 2453 1049 ὡς
2497 986 2550 1038 εί
2589 1000 2653 1053 γε
2687 983 2802 1054 δοίη
2843 1000 2946 1046 τις,
2977 983 3094 1036 καθ’
3127 983 3402 1046 ὑπόθεσιν,
3440 984 3513 1054 μὴ
3559 1000 3703 1052 συμ-

2116 1080 2369 1147 παρεῖναι
2416 1077 2516 1147 τὴν
2561 1075 2952 1147 δημιουργικὴν
2996 1074 3091 1128 τοῦ
3133 1075 3267 1128 Θεοῦ
3300 1075 3529 1145 δύναμιν
3561 1074 3704 1142 πρὸς

2115 1167 2214 1238 τὴν
2253 1166 2346 1221 τοῦ
2379 1165 2753 1237 πλασσομένου
2790 1165 3074 1225 σύστασιν.
3115 1166 3258 1237 ἀργὴ
3294 1167 3508 1228 πάντως
3541 1166 3701 1236 μένει

2117 1260 2210 1312 καὶ
2257 1259 2530 1328 ἀκίνητος,
2570 1256 2643 1329 μὴ
2676 1256 3081 1326 ζωογονουμένη
3131 1257 3219 1310 διά
3263 1257 3362 1327 τῆς
3408 1257 3703 1326 ποιητικῆς

2115 1347 2394 1419 ἐνεργείας
2429 1348 2460 1417 ἡ
2497 1345 2614 1416 ὕλη.
2661 1347 2868 1416 Ὥσπερ
2909 1342 3001 1399 οὖν
3027 1346 3110 1413 ἐφ’
3139 1345 3292 1416 ἡμῶν
3323 1345 3582 1409 Commio;
3615 1358 3702 1408 τις

2115 1441 2338 1514 δύναμις
2373 1439 2713 1511 ὲνθεωρεῖται
2753 1441 2820 1508 τῇ
2869 1437 2986 1509 ὕλῃ,
3024 1438 3113 1507 ἀφ’
3143 1434 3210 1516 ἧς
3245 1441 3273 1490 ὁ
3319 1439 3383 1490 ἐκ
3410 1440 3588 1507 ψυχῆς
3637 1454 3698 1488 τε

2117 1534 2210 1586 καὶ
2268 1530 2518 1601 σώματος
2579 1529 2847 1592 συνεστὼς
2911 1529 3193 1604 ἄνθρωπος
3263 1530 3696 1583 Sunucis-raw

2115 1625 2285 1688 οὕτως
2302 1624 2392 1676 ἐπὶ
2406 1626 2502 1693 τῆς
2529 1621 2826 1692 παρθενίας
2853 1624 2884 1692 ἡ
2913 1623 3010 1675 τοῦ
3059 1622 3316 1692 Ὑψίστου
3336 1622 3586 1692 δύναμις,
3608 1621 3698 1674 διὰ

2117 1718 2212 1770 τοῦ
2242 1716 2629 1780 ζωοποιοῦντος
2663 1712 2977 1782 Πνεύματος
3008 1712 3184 1782 ἀῦλως
3207 1713 3284 1783 τῷ
3311 1713 3559 1782 ἀμιάντῳ
3589 1713 3702 1765 σιτ)-

2119 1823 2252 1878 ματι
2287 1808 2573 1876 ὲμφυεῖσα,
2618 1804 2712 1856 καὶ
2755 1803 2885 1873 ὓλην
2915 1805 3011 1874 τῆς
3046 1804 3260 1875 σαρκὸς,
3305 1803 3400 1874 τὴν
3430 1803 3701 1874 ἀφθορίαν

432 1903 676 1958 culatum
704 1917 904 1970 corpus
933 1904 1364 1959 immaterialiter
1405 1906 1702 1969 insinuata,
1743 1914 1797 1961 et
1829 1909 2010 1961 incor-

2119 1899 2212 1968 τῆς
2247 1896 2522 1968 Παρθένου
2569 1895 2908 1965 ποιησαμένη
2936 1934 2950 1955 ,
3002 1895 3099 1965 τὴν
3145 1896 3208 1948 ἐκ
3239 1893 3331 1947 τοῦ
3363 1893 3702 1962 παρθενικοῦ

439 2003 652 2066 ruptam
682 1995 920 2067 Virginis
938 1998 1230 2067 puritatem
1267 1998 1320 2051 in
1345 1999 1528 2053 carnis
1558 2000 1832 2055 materiam
1860 2015 2014 2053 assu-

436 2104 614 2150 mens,
651 2098 856 2158 partem
895 2089 1038 2142 illam
1088 2106 1152 2143 ex
1198 2089 1443 2160 virgineo
1479 2104 1708 2160 corpore
1754 2091 1819 2143 ad
1857 2090 2018 2144 ell‘or-

438 2179 698 2231 mandum
754 2177 920 2232 fetum
971 2179 1224 2232 collatam
1274 2183 1608 2250 susceperit;
1645 2197 1820 2251 eoque
1860 2193 2018 2251 pacto

439 2272 693 2325 conditus
747 2270 910 2324 fuerit
955 2286 1130 2326 novus
1191 2287 1380 2327 revera
1419 2273 1602 2339 homo,
1657 2274 1749 2344 qui
1808 2257 2017 2342 primus

441 2362 700 2430 solusque
735 2361 894 2413 talem
929 2360 1264 2415 subsistench
1295 2362 1512 2416 modum
1551 2363 1604 2417 in
1639 2379 1696 2418 se
1727 2363 1845 2432 ipso
1872 2381 2019 2418 mon-

441 2451 655 2510 stravit,
689 2451 780 2518 qui
805 2451 1014 2512 divino,
1051 2466 1160 2504 non
1189 2451 1430 2506 humano
1450 2468 1600 2508 more
1623 2453 1890 2509 formatus
1911 2463 2014 2519 est,

441 2542 622 2596 divina
654 2542 854 2596 virtute
883 2543 1167 2613 asqualiter
1197 2559 1295 2613 per
1329 2553 1498 2599 totam
1530 2549 2018 2617 eoagmentationis

441 2632 589 2686 illius
619 2640 873 2686 naturam
902 2635 975 2687 ita
1009 2645 1325 2704 permeante
1347 2647 1407 2691 ut
1436 2647 1691 2692 neutrum
1718 2639 2019 2695 divinitatis

438 2739 633 2794 expers
661 2723 847 2788 fuerit,
901 2724 996 2780 sed
1037 2741 1161 2780 cum
1194 2737 1450 2799 utroque,
1483 2733 1663 2784 anima
1701 2731 1921 2800 inquam
1964 2740 2020 2784 et

439 2830 690 2886 corpore,
710 2817 866 2890 juxta
893 2817 1180 2888 utriusque
1207 2822 1486 2875 modulum
1513 2822 1840 2877 coalesceret
1857 2833 2020 2894 atque

439 2916 786 2978 congrueret.
822 2908 1293 2975 Quemadmodum
1339 2913 1524 2982 igitur,
1567 2913 1693 2969 dum
1730 2915 1891 2969 homo
1936 2916 2020 2985 gi-

437 3001 726 3072 gnebatur,
760 3015 897 3070 OpIIS
934 3016 1042 3055 non
1073 3001 1262 3056 habuit
1292 3003 1437 3074 gigni
1469 3005 1727 3060 divinitas
1767 3007 2020 3060 omnibus

439 3092 654 3147 saeculis
687 3093 965 3162 antiquior
1012 3103 1066 3147 et
1115 3094 1169 3147 in
1230 3102 1494 3150 aeternum
1530 3113 1879 3165 permanens.
1927 3099 2021 3153 sed

439 3185 610 3240 semel
632 3184 683 3237 in
706 3184 944 3241 hominis
965 3178 1316 3256 generatione
1336 3195 1499 3258 atque
1521 3196 1731 3242 structu
1743 3205 1820 3253 ra,
1849 3207 2016 3245 unum

2121 1990 2371 2060 σώματος
2405 1987 2540 2058 πρὸς
2570 1987 2630 2038 τὸ
2677 1986 3046 2054 πλασσόμενον
3079 1987 3429 2056 συνεισφοράν
3463 1985 3698 2056 παρεδέ-

2121 2082 2269 2146 ξατο,
2299 2083 2391 2133 καὶ
2419 2078 2590 2141 οὕτως
2621 2077 2842 2146 ἐκτίσθη
2873 2079 2900 2129 ὁ
2933 2078 3116 2140 καινὸς
3143 2078 3220 2137 ὡς
3251 2077 3461 2146 ἀληθῶς
3489 2077 3701 2148 ἀνθρω-

2120 2189 2238 2234 ποςς
2273 2172 2301 2222 6
2337 2169 2550 2240 πρῶτος
2602 2169 2693 2220 καὶ
2729 2167 2884 2236 μόνος
2931 2167 3020 2219 τὸν
3070 2166 3306 2219 τοιοῦτον
3353 2167 3551 2236 τρόπον
3597 2168 3701 2236 τῆς

2119 2262 2469 2322 ὑποστάσεως
2535 2260 2618 2327 ἐφ’
2665 2257 2858 2311 ἑαυτοῦ
2912 2257 3252 2322 καταδείξας,
3298 2259 3327 2310 ὁ
3377 2259 3518 2310 κατά
3564 2257 3700 2310 Θεὸν

2120 2355 2379 2414 κτισθεὶς,
2426 2351 2486 2404 οὐ
2532 2349 2672 2403 κατὰ
2718 2349 3034 2420 ἄνθρωπον,
3078 2350 3177 2420 τῆς
3223 2349 3370 2412 θείας
3417 2349 3700 2419 δυνάμεως

2120 2444 2259 2495 κατά
2291 2442 2350 2495 τὸ
2381 2437 2496 2494 ἴσον
2529 2440 2615 2493 διὰ
2642 2441 2820 2510 πάσης
2847 2439 2946 2510 τῆς
2965 2440 3058 2494 τοῦ
3091 2434 3460 2512 συγκρίματος
3483 2440 3699 2508 φύσεως

2117 2535 2429 2606 διηκούσης,
2465 2534 2540 2598 ὡς
2574 2533 2698 2604 μηδ’
2732 2532 2916 2604 ἕτερον
2945 2534 3058 2603 (52)
3093 2535 3342 2604 ἀμοιρεῖν
3372 2535 3470 2603 τῆς
3504 2532 3696 2602 θεότη-

2119 2645 2232 2691 τος,
2268 2627 2382 2680 ἀλλ’
2427 2629 2484 2679 ὲν
2528 2625 2878 2696 ἀμφοτέροις,
2911 2627 2968 2678 ἑν
2997 2625 3142 2696 ψυχῇ
3169 2625 3310 2694 λέγω
3340 2626 3432 2679 καὶ
3462 2625 3696 2695 σώματι,

2119 2716 2302 2780 καθὼς
2333 2715 2504 2778 εἰκὸς,
2539 2713 2782 2784 ἑκατέρῳ
2809 2714 2919 2785 (55)
2959 2714 3250 2785 προσφυῶς
3282 2733 3338 2768 τε
3373 2716 3465 2768 κα)¹
3502 2718 3701 2769 καταλ-

2119 2809 2291 2878 λήλως
2325 2803 2483 2862 εἶναι.
2523 2807 2733 2880 Ὥσπερ
2763 2803 2855 2861 οὖν
2896 2806 2988 2859 τοῦ
3027 2805 3312 2877 ἀνθρώπου
3352 2809 3698 2885 τικτομένου,

2119 2904 2152 2972 ὴ
2205 2900 2395 2970 θεότης
2443 2899 2536 2952 τοῦ
2582 2899 2907 2970 γεννηθῆναι
2957 2899 3056 2951 οὐκ
3103 2899 3298 2963 ἐδέετο,
3345 2899 3450 2972 πρὸ
3483 2901 3701 2953 πάντων

2121 2990 2330 3045 αἰὼκων
2378 2984 2511 3043 οὖσα
2549 2991 2645 3044 καὶ
2688 2990 2769 3052 εἰς
2815 2990 2902 3042 ἀεὶ
2947 2987 3291 3058 διαμένουσα,
3327 2989 3438 3042 ἀλλ’
3468 2989 3616 3052 am:
3643 2990 3701 3040 ἐν

2120 3083 2380 3154 γενομένη
2417 3083 2527 3153 (54)
2557 3083 2696 3135 κατὰ
2728 3083 2826 3152 τὴν
2857 3082 3114 3136 σύστασιν
3147 3082 3238 3136 τοῦ
3268 3083 3573 3155 ἀνθρώπου,
3606 3087 3698 3136 καὶ

2123 3173 2263 3229 κατά
2316 3174 2415 3244 τὴν
2469 3174 2721 3244 γέννησιν
2772 3172 2886 3243 (55)
2949 3173 3140 3244 ἐκείνῳ
3205 3175 3696 3242 συναναφαίνεταιρ

437 3291 566 3330 cum
595 3275 714 3346 ipso
749 3275 908 3340 facta,
943 3276 998 3330 in
1025 3277 1270 3344 ejusdem
1300 3279 1462 3332 etiam
1491 3279 1728 3334 hominis
1758 3293 1878 3335 ortu
1911 3299 2016 3336 una

2120 3265 2290 3329 οὕτως
2335 3267 2454 3318 οὐδὲ
2485 3267 2577 3320 τοῦ
2607 3266 2902 3335 ἀναστῆναι
2941 3265 3134 3337 χρῄζει
3176 3268 3209 3337 ή
3253 3267 3336 3320 ἀεὶ
3362 3267 3530 3330 ζῶσα,
3562 3267 3702 3328 ἀλλά

441 3379 568 3419 cum
595 3364 687 3418 illo
721 3364 773 3418 in
802 3367 980 3420 lucem
1008 3366 1240 3433 editur;
1294 3368 1368 3421 ita
1423 3385 1522 3424 nec
1565 3386 1848 3441 resurgere
1884 3389 2021 3442 Opus

443 3455 608 3510 habet
639 3472 760 3526 qua:
793 3472 1075 3526 nunquam
1109 3465 1326 3512 mortua
1355 3467 1459 3524 est,
1489 3461 1584 3516 sed
1615 3462 1671 3516 in
1700 3479 1765 3517 eo
1787 3464 1877 3532 qni
1911 3465 2022 3519 vir-

443 3555 558 3602 tute
575 3547 752 3600 divina
779 3547 848 3601 ad
873 3549 1036 3602 vitam
1059 3548 1203 3603 redit
1227 3558 1282 3604 et
1310 3549 1428 3620 ipsa
1457 3553 1714 3622 resurgit,
1749 3569 1855 3608 non
1875 3556 2019 3624 quod

443 3635 703 3690 divinitas
732 3652 763 3690 a
795 3637 1028 3692 mortuis
1049 3639 1383 3704 suscitetur,
1423 3656 1596 3711 neque
1622 3642 1767 3698 enim
1805 3645 2017 3710 cecidit,

443 3726 539 3782 sed
571 3727 697 3797 quia
730 3728 782 3781 in
832 3729 1012 3799 seipsa
1052 3744 1182 3784 eum
1215 3731 1310 3800 qui
1343 3733 1615 3787 ceciderat
1651 3736 1927 3790 excitavit.
1959 3736 2021 3792 Si

443 3819 607 3888 igitur
633 3820 909 3879 divinitas,
942 3829 1125 3890 utpote
1154 3837 1276 3889 qua:
1309 3837 1522 3892 semper
1554 3826 1804 3887 exsistat,
1844 3845 2021 3898 neque

443 3914 594 3967 nasci
625 3929 799 3982 neque
840 3928 1126 3982 resurgere
1161 3929 1300 3982 opus
1333 3914 1515 3975 habet.
1552 3931 1894 3986 consequens
1938 3931 2023 3976 est

444 4006 647 4060 Christi
699 4022 923 4074 quoque
980 4007 1288 4074 passionem
1328 4007 1403 4060 ita
1459 4009 1666 4077 perlici,
1708 4027 1814 4064 non
1862 4013 2019 4080 quasi

446 4097 706 4152 divinitas
749 4114 910 4165 passa
945 4098 1035 4160 sit,
1092 4097 1188 4150 sed
1229 4101 1388 4168 quasi
1418 4102 1532 4168 ipsa
1566 4100 1826 4157 divinitas
1863 4105 1916 4156 in
1957 4120 2022 4158 eo

446 4190 536 4257 qui
572 4191 877 4258 patiebatur
909 4189 1220 4252 exsisteret,
1253 4197 1327 4251 et,
1359 4207 1451 4260 per
1484 4192 1738 4247 unionem
1779 4212 1900 4247 eum
1930 4212 2022 4250 eo-

448 4283 568 4334 dem
599 4282 810 4344 initam,
845 4283 990 4336 illius
1021 4286 1330 4350 passionem
1363 4285 1466 4338 sibi
1497 4301 1715 4356 quoque
1747 4288 2019 4356 propriam

447 4374 701 4427 ellicerel.
762 4372 946 4426 Divina
1003 4376 1202 4445 quippe
1260 4383 1456 4430 natura
1505 4385 1616 4430 tum
1665 4379 1858 4432 anima:
1907 4389 2018 4432 tum

448 4464 688 4532 corpori,
728 4465 803 4517 uti
839 4466 1096 4532 diximus,
1147 4469 1457 4539 promiscue
1496 4470 1786 4532 insinuata.
1819 4488 2018 4526 unum-

2120 3360 2178 3411 ἐν
2219 3359 2297 3429 τῷ
2331 3359 2418 3412 διὰ
2463 3359 2561 3428 τῆς
2591 3359 2740 3421 θείας
2767 3359 3046 3430 δυνάμεως
3075 3360 3152 3422 είς
3190 3360 3288 3431 τὴν
3319 3360 3462 3430 ζωὴν
3526 3362 3701 3412 ἐπαν-

2122 3451 2374 3525 αγομένῳ
2419 3449 2720 3516 ἀνίσταται,
2754 3451 2853 3504 οὐκ
2881 3451 3018 3522 αὐτὴ
3053 3452 3162 3522 (56)
3196 3453 3511 3523 ὲγειρομένη
3558 3452 3704 3524 (oi-6%

2120 3544 2229 3616 γάρ
2273 3542 2739 3614 πέπτωκεν),ἀλλ’
2778 3545 2836 3597 ὲν
2875 3546 3037 3616 ἑαυτῇ
3065 3545 3156 3598 τὸν
3197 3545 3517 3598 πεπτωκότα
3555 3547 3705 3613 ἐγεί-

2124 3652 2310 3708 ρουσα.
2359 3637 2422 3690 Εί
2469 3631 2561 3695 οὖν
2611 3636 2672 3690 τὸ
2719 3637 2881 3692 Θεῖον
2909 3637 3030 3692 οὔτε
3069 3639 3389 3709 γεννήσεως,
3423 3635 3545 3691 οὔτε
3586 3640 3701 3709 (37)

2120 3729 2468 3792 ἀναστάσεως
2495 3728 2694 3792 δέεται,
2744 3729 2981 3804 δηλονότι
3025 3731 3118 3782 καὶ
3161 3729 3224 3781 τὸ
3271 3730 3459 3794 πάθος,
3496 3730 3595 3801 οὐχ
3624 3731 3703 3793 ὡς

2119 3830 2218 3900 τῆς
2251 3829 2503 3900 θεότητος
2529 3829 2864 3899 πασχούσης,
2901 3823 3246 3885 ἐπιτελεῖται,
3287 3823 3397 3875 ἀλλ’
3426 3822 3499 3886 ὡς
3532 3825 3591 3874 ἐν
3621 3823 3704 3894 τῷ

2121 3922 2382 3990 πάσχοντι
2414 3921 2600 3990 οὖσης,
2650 3921 2763 3981 καὶ,
2813 3915 2900 3970 διὰ
2946 3915 3043 3983 τῆς
3081 3914 3215 3984 πρὸς
3261 3915 3348 3966 τὸν
3396 3914 3701 3966 πεπονθότα

2119 4013 2384 4077 ὲνώσεως,
2411 4012 2471 4064 τὸ
2497 4011 2702 4064 ἐκείνου
2732 4007 2902 4070 πάθος
2927 4007 3321 4077 οἰκειουμένης.
3363 4008 3424 4058 'il
3446 4008 3553 4076 γὰρ
3580 4008 3700 4061 θεία

2121 4105 2302 4174 φύσις,
2343 4102 2523 4164 καθὼς
2555 4101 2764 4174 εἴρηται
2805 4098 2951 4168 (58),
2994 4101 3059 4168 τῇ
3089 4115 3148 4150 τε
3183 4097 3326 4168 ψυχῇ
3360 4099 3452 4149 καὶ
3485 4097 3561 4167 τῷ
3594 4097 3700 4149 sub.

2124 4211 2252 4263 ματι
2282 4190 2630 4261 καταλλήλως
2652 4190 2939 4258 ὲμφυεῖσα,
2959 4187 3054 4239 καὶ
3079 4185 3135 4239 ἓν
3153 4185 3289 4256 πρὸς
3318 4186 3573 4254 ἑκάτερον
3603 4204 3695 4252 γε-

2119 4283 2314 4355 νομένη
2335 4301 2348 4314 ο
2384 4282 2568 4354 ἐπειδὴ
2600 4282 2716 4349 (59)
2754 4277 3200 4348 Ἀμεταμέλητα,
3232 4277 3384 4348 φησὶ,
3411 4277 3514 4330 τοῦ
3547 4277 3696 4330 Θεοῦ

2115 4379 2190 4430 τὰ
2225 4377 2577 4445 χαρίσματα,
2596 4374 2872 4443 οὐδέτερον
2895 4371 3095 4425 τούτων
3121 4372 3411 4442 ὑποχωρεῖ,
3433 4368 3542 4440 [40]
3562 4369 3698 4424 ἀλλὰ

2119 4473 2199 4533 εἰς
2223 4470 2284 4522 τὸ
2312 4469 2554 4540 διηνεκὲς
2579 4468 2902 4538 παραμένει.
2941 4465 3076 4518 Οὐδὲ
3105 4465 3210 4534 γάρ
3234 4467 3347 4516 ἐστι
3374 4464 3433 4515 τὸ
3466 4463 3697 4533 χωρίζον

449 4571 555 4623 que
585 4570 709 4608 cum
747 4563 978 4626 utroque
1009 4559 1172 4621 facta,
1220 4562 1500 4630 quoniam,
1531 4561 1657 4617 Sine
1695 4565 2014 4630 pauitantia,

2123 4563 2244 4615 τινὰ
2284 4564 2382 4632 τῆς
2424 4562 2559 4633 πρὸς
2591 4562 2680 4613 τὸν
2709 4559 2838 4612 Θεὸν
2870 4556 3181 4622 συναφείας,
3218 4555 3353 4628 πλὴν
3384 4556 3655 4625 ἁμαρτίας
3678 4573 3690 4584 ·

451 4648 649 4716 inquit,
691 4656 815 4701 sunt
842 4648 985 4702 dona
1022 4649 1120 4703 Dei
1140 4651 1202 4713 ⁸⁷,
1242 4653 1309 4706 ab
1341 4669 1530 4707 eorum
1568 4662 1765 4709 neutro
1793 4655 2015 4720 recedit,

450 4739 548 4793 sed
572 4739 776 4810 jugiter
807 4749 1106 4810 permanet.
1132 4741 1278 4796 Nihil
1303 4745 1446 4798 enim
1472 4756 1552 4801 est
1575 4747 1717 4816 quod
1747 4747 2021 4802 hominem

2128 4650 2188 4709 οὗ
2221 4655 2274 4707 δὲ
2300 4655 2332 4724 ἡ
2362 4654 2472 4722 ζωὴ
2504 4652 2904 4722 ἀναμάρτητος,
2941 4648 3126 4702 τούτου
3156 4649 3367 4713 πάντως
3397 4649 3697 4719 ἀχώριστος

2131 4749 2164 4818 ἡ
2194 4747 2330 4816 πρὸς
2362 4745 2472 4816 (41)
2507 4747 2599 4798 τὸν
2623 4745 2753 4798 Θεὸν
2781 4745 2992 4806 ἓνωσις.

449 4832 757 4901 quempiam
799 4847 828 4885 a
861 4831 1248 4899 conjunctione
1269 4851 1396 4889 cum
1427 4835 1533 4890 Deo
1557 4847 1794 4908 separet,
1829 4846 2024 4908 praeter
2064 4847 2379 4906 peceatum:
2428 4838 2587 4903 cujus
2653 4845 2833 4889 autem
2883 4835 2988 4888 vita
3017 4835 3084 4888 ab
3113 4835 3259 4888 omni
3305 4835 3510 4904 peccati
3578 4833 3698 4888 labe

449 4917 712 4976 immunis
744 4929 845 4986 est,
889 4923 1053 4993 hujus
1093 4939 1214 4978 cum
1252 4924 1359 4979 Deo
1396 4929 1710 4996 conjunctio
1740 4930 1893 4984 nullo
1924 4945 2162 4999 unquam
2199 4937 2357 5001 pacto
2388 4927 2568 4980 dirimi
2598 4937 2793 4996 potest.

524 5015 634 5072 LV.
669 5019 933 5083 Quoniam
961 5022 1142 5090 itaque
1169 5021 1219 5075 in
1244 5030 1460 5086 neutro,
1487 5023 1591 5080 hoc
1618 5034 1718 5089 est,
1757 5026 1810 5079 in
1843 5026 2024 5080 anima

445 5117 507 5164 et
530 5123 777 5179 corpore,
813 5121 1094 5179 peccatum
1132 5115 1305 5168 locum
1338 5114 1545 5178 habuit,
1586 5116 1639 5170 in
1671 5124 1899 5188 utroque
1923 5133 2022 5188 pro

542 5288 586 5319 ⁸⁷
623 5285 784 5341 Rom.
830 5303 907 5352 vi,
948 5288 1036 5342 ‘29.

526 5454 641 5531 (51)
675 5452 752 5531 l_ta
781 5469 923 5507 corr.
951 5472 969 5531 ;_
995 5454 1144 5531 male
1171 5460 1327 5505 antea
1363 5450 1596 5520 ἀμοιϐῆς
1621 5468 1787 5516 τινος.

529 5525 644 5590 (5‘2)
673 5526 828 5578 (Sorr.
869 5525 1185 5594 μηθέτερον.

530 5596 644 5664 (3'5)
671 5594 826 5648 COrr.
863 5597 922 5646 ὲν
948 5595 1210 5662 ἑκατέρῳ.

528 5661 644 5726 (54)
673 5664 751 5736 Ita
779 5679 959 5736 corn;
995 5661 1134 5716 male
1153 5670 1312 5715 antea
1337 5661 1483 5727 ἆπαξ
1506 5664 1860 5736 ἐγγενομένη.

533 5737 646 5800 (55)
680 5734 836 5787 Corr.
873 5735 1103 5800 γένεσιν.

533 5807 647 5872 (36)
670 5806 827 5856 (Sorr.
865 5806 961 5872 οὐχ
997 5802 1154 5870 αὕτη.

528 5870 642 5947 (57)
675 5873 831 5930 Corr.
852 5871 914 5924 τὸ
933 5870 1112 5943 Θείον,
1137 5874 1196 5928 τὸ
1221 5871 1304 5924 ἀεὶ
1333 5870 1412 5936 ὃν,
1444 5873 1565 5926 οὔτε

2215 5023 2366 5077 Ἐπεὶ
2393 5017 2485 5075 οὖν
2517 5022 2584 5074 δι’
2618 5022 2940 5094 ἀμφοτέρων
2965 5023 3024 5076 τὸ
3055 5022 3456 5092 ἀναμάρτητον,
3480 5021 3568 5074 διὰ

2131 5115 2230 5187 χῆς
2253 5115 2395 5184 λέγω
2425 5115 2518 5168 καὶ
2551 5115 2822 5186 σώματος,
2849 5117 2905 5170 ὲν
2935 5117 3179 5186 ἑκατέρῳ
3205 5115 3343 5168 κατά
3373 5114 3432 5166 τὸ
3464 5111 3607 5175 εἰκὸς
3629 5108 3697 5183 ἦν

2201 5459 2312 5524 (58)
2338 5460 2412 5512 Ita
2436 5475 2605 5525 corr.;
2637 5466 2796 5512 antea
2820 5460 2912 5511 καὶ
2936 5460 3010 5520 ὡς
3039 5459 3270 5529 εἴρηται,

2209 5531 2320 5599 (59)
2358 5531 2514 5583 Corr.
2538 5529 2802 5599 γενομένη
2833 5529 2920 5580 διὰ
2940 5530 3037 5597 τῆς
3068 5527 3418 5598 ἀνακράσεως
3447 5547 3459 5559 '
3487 5527 3669 5599 ἐπειδὴ
3689 5545 3702 5557 ⁸

2138 5610 2196 5652 nt
2249 5603 2322 5653 sit
2378 5617 2640 5670 unumque
2685 5616 2801 5654 cum
2853 5609 3070 5666 utroque
3134 5615 3227 5668 per
3280 5600 3694 5654 contmisliouem

2163 5681 2300 5722 αεια.

2139 5670 2322 5802 Ῑαῗίιό)
2359 5741 2515 5795 Corr.
2550 5740 2834 5809 οὐθέτερον
2871 5737 3076 5809 τούτων
3113 5739 3404 5809 ἀποχωρεῖ.

2211 5813 2322 5882 (41)
2353 5813 2508 5866 Corr.
2543 5805 2843 5882 ἀχώριστον
2869 5805 2936 5879 ἦν
2963 5811 2995 5878 ὴ
3021 5810 3176 5880 πρός.
