4020 6504
258 326 277 379 ί
291 326 390 383 257

1418 336 1789 398 ADVERSUS
1816 334 2333 395 APOLLINAREM.

3362 332 3496 390 1253
3516 272 3537 349 ἰ

249 446 347 517 τῆς
372 445 523 509 θείας
557 444 768 515 φύσεως
809 446 843 516 ὴ
890 447 1177 517 παρουσία.
1213 448 1319 503 Τοῦ
1363 451 1420 505 δέ
1464 454 1696 510 θανάτου
1726 457 1816 510 τὸν

1925 453 2208 523 utriusque
2240 447 2462 504 modulo
2495 462 2732 518 praesens
2760 453 2878 500 erat
2924 454 3119 501 natu-ra
3147 446 3353 502 divina.
3390 446 3495 503 Sed

252 535 517 608 μερισμὸν
541 537 639 607 τῆς
669 537 849 609 ψυχῆς
876 537 984 592 ἀπὸ
1009 539 1109 593 τοῦ
1138 539 1386 611 σώματος
1420 533 1817 617 ἐργασαμένου,

248 628 307 682 τὸ
360 628 459 699 μὲν
512 627 763 681 σύνθετον
807 628 1151 701 διετέμνετοο
1203 632 1265 685 τὸ
1312 633 1366 686 δὲ
1411 635 1710 692 ἀσύστατον
1754 642 1817 694 ού

247 717 520 777 διίστατο.
579 715 691 770 ἀλλ’
735 718 1117 783 άδιασπάστως
1164 721 1276 790 (42)
1326 724 1385 775 ἐν
1437 726 1679 799 ἐκατέρῳ
1726 725 1813 802 ἧν.

248 808 557 880 Τεκμήριον
583 809 640 863 δὲ
656 809 749 863 τοῦ
768 810 867 881 μὲν
894 814 952 864 ἐν
984 812 1195 883 σώματι
1228 816 1339 885 (45)
1378 818 1467 871 τὸν
1493 818 1622 873 Θεὸν
1650 817 1812 888 εἶναι,

244 899 324 963 τὸ,
358 901 415 952 ἐν
458 899 739 971 ἀφθαρσίᾳ
781 901 1121 974 φυλαχθῆναι
1172 907 1271 978 τὴν
1325 909 1503 980 σάρκα
1538 912 1673 980 μετὰ
1724 915 1818 966 τὸν

245 988 505 1043 θάνατον·
536 991 667 1055 Θεὸς
706 991 763 1045 δὲ
792 993 1007 1058 πάντως
1036 996 1183 1049 ἐστὶν
1219 1000 1252 1067 ἡ
1295 1000 1570 1071 άφθαρσία
1590 1020 1602 1033 ·
1634 1002 1727 1055 τοῦ
1762 1004 1819 1056 δέ

242 1080 344 1149 τῆς
365 1081 541 1153 ψυχῆς
561 1083 634 1153 μὴ
658 1084 917 1156 ἀποχωρῆ
927 1103 1033 1150 σαι,
1048 1088 1109 1141 τὸ
1126 1089 1193 1143 δι’
1214 1091 1427 1160 ἐκείνης
1443 1092 1820 1164 ὁδοποιηθῆναι

242 1171 321 1242 τῷ
341 1173 509 1243 λῃστῇ
536 1174 634 1245 τὴν
653 1175 732 1238 είς
756 1175 845 1228 τὸν
871 1177 1194 1248 παράδεισον
1217 1180 1437 1235 εἴσοδον.
1470 1183 1686 1253 Ἐπειδὴ
1712 1183 1820 1236 τοί-

240 1278 337 1313 νυν
367 1262 656 1333 ἐπληρώθη
681 1264 743 1316 τὸ
768 1267 1084 1336 μυστήριον,
1108 1269 1207 1337 τῆς
1230 1268 1376 1333 θείας
1405 1270 1513 1341 (44)
1539 1272 1820 1341 δυνάμεως

240 1352 319 1421 τῷ
338 1352 510 1422 διπλῷ
537 1353 633 1423 τῆς
661 1353 1010 1425 ἀνθρωπίνης
1039 1355 1252 1425 φύσεως
1282 1360 1668 1431 ἐγγενομένης,
1723 1364 1820 1416 καὶ

240 1442 309 1494 δι’
346 1443 605 1513 ἐκατέρου
633 1443 709 1515 τῷ
741 1447 997 1513 συγγενεῖ
1027 1447 1184 1519 μέρει
1208 1450 1306 1520 τὴν
1336 1450 1600 1514 ζωοποιδν
1628 1454 1821 1506 ἐναπο-

243 1531 477 1601 θεμένης
509 1532 806 1602 ἐνέργειαν,
842 1533 930 1587 διά
977 1536 1076 1605 μὲν
1108 1537 1207 1607 τῆς
1247 1538 1448 1608 σαρκὸς
1479 1538 1556 1610 τῷ
1586 1538 1816 1611 σώματι,

239 1622 330 1675 διὰ
360 1623 417 1676 δὲ
446 1624 542 1693 τῆς
582 1622 760 1694 ψυχῆς
791 1628 857 1696 τῇ
887 1625 1055 1697 ψυχῗὶν
1084 1627 1183 1699 τῆς
1225 1632 1419 1699 νοερᾶς
1461 1630 1605 1697 λέγω
1638 1634 1730 1686 καὶ
1756 1634 1817 1685 οὺ

240 1714 341 1783 τῆς
374 1712 569 1783 ἀλόγου
604 1715 893 1787 (κτηνῶδες
927 1718 1035 1789 γάρ
1083 1721 1177 1772 καὶ
1215 1721 1313 1773 οὐκ
1340 1720 1677 1792 ἀνθρώπινόν
1703 1726 1818 1777 ἐστι

1922 543 2014 599 ubi
2046 556 2196 596 mors
2228 548 2289 594 ut
2336 553 2368 593 a
2397 552 2625 607 corpore
2664 535 2843 590 anima
2879 536 3271 607 sejungeretur'
3297 538 3496 606 effecit,

1920 632 2069 703 quod
2111 632 2330 701 quidem
2384 628 2748 698 compositum
2791 634 2912 681 erat
2968 628 3298 683 dissolutum
3354 629 3494 684 fuit:

1920 721 2337 793 compositionis
2390 734 2523 774 vero
2560 732 2767 788 expers
2813 717 3227 778 dissolutionem
3274 733 3497 787 passum

1919 830 2027 869 non
2062 822 2169 876 est,
2209 812 2304 868 sed
2336 812 2391 865 in
2421 818 2655 877 utroque
2691 808 2902 878 integra
2930 808 3111 862 divina
3136 816 3332 862 natura
3366 824 3491 879 per-

1919 906 2141 960 mansit.
2183 904 2452 959 Czeterum
2507 901 2851 955 divinitatem
2903 902 2956 953 in
2992 915 3221 969 corpore
3274 903 3496 970 quidem

1920 997 2225 1067 perstitisse
2256 1002 2582 1066 argumento
2619 1000 2725 1057 est,
2754 993 2899 1061 quod
2933 1002 3055 1062 post
3089 1000 3318 1047 mortem
3367 1007 3497 1046 caro

1918 1088 2235 1157 incorrupta
2269 1085 2669 1157 permanserit;
2713 1099 2838 1138 nam
2874 1081 2985 1135 Deo
3012 1083 3245 1138 maxime
3282 1084 3501 1152 pr0pria

1920 1187 2003 1235 est
2027 1178 2385 1247 incorruptio.
2425 1175 2680 1231 Eamdem
2704 1190 2832 1230 vero
2855 1175 3193 1231 divinitatem
3224 1174 3293 1228 ab
3319 1175 3501 1228 anima

1919 1278 2051 1326 tunc
2069 1287 2178 1325 non
2213 1270 2383 1325 fuisse
2414 1276 2703 1327 secretam,
2734 1266 2863 1321 inde
2890 1264 3203 1336 patetquod
3232 1280 3327 1334 per
3350 1265 3497 1318 illam

1920 1365 2121 1419 latroni
2150 1365 2215 1419 ad
2248 1362 2489 1435 paradisi
2525 1362 2831 1431 ingressum
2878 1360 2966 1413 via
3006 1356 3277 1429 patefacta
3312 1355 3498 1410 fuerit.

1918 1454 2214 1526 Postquam
2269 1455 2434 1524 igitur
2488 1452 2771 1521 impletum
2823 1450 2924 1503 fuit
2974 1448 3319 1519 mysterium,
3374 1461 3500 1500 cum

1920 1545 2132 1601 scilicet
2167 1543 2349 1598 divina
2384 1542 2559 1596 virtus
2607 1541 2822 1595 duabus
2857 1540 3108 1592 humanae
3133 1544 3344 1592 natura:
3378 1550 3502 1605 par-

1920 1635 2067 1689 tibus
2098 1648 2221 1689 sese
2249 1633 2500 1704 ingessit,
2532 1640 2585 1687 et
2612 1647 2709 1701 per
2734 1638 3047 1701 utrumque,
3080 1631 3321 1684 animum
3357 1627 3505 1683 scili-

1927 1735 2014 1781 cet
2042 1734 2097 1781 et
2130 1740 2350 1795 corpus.
2386 1725 2682 1794 unicuique
2728 1724 2891 1794 parti,
2922 1723 3128 1779 eisdem
3159 1721 3303 1777 alﬁni
3337 1729 3501 1791 atque

241 1803 303 1857 τὸ
331 1804 599 1875 άνόητον)*
622 1806 741 1859 τότε
767 1808 800 1877 ἡ
829 1807 889 1871 ἐξ
912 1808 1089 1879 ἀρχῆς
1121 1810 1448 1881 ἐγκραθεῖσα
1471 1812 1549 1882 τῷ
1581 1812 1815 1883 σώματι,

1925 1824 2185 1885 cognatae,
2222 1816 2589 1869 viviﬁcantem
2621 1814 2882 1869 virtutem
2913 1814 3132 1875 indidit,
3180 1828 3374 1881 nempe
3406 1825 3502 1880 per

242 1894 338 1947 κα)⁵
363 1896 428 1965 τῇ
453 1894 598 1966 ψυχῇ
626 1894 834 1967 θεότης,
867 1898 962 1951 καὶ
989 1898 1149 1969 μέχρι
1186 1900 1382 1962 παντὸς
1411 1902 1814 1972 παραμείνασα,

240 1985 302 2038 ἐν
344 1987 409 2056 τῇ
458 1985 878 2039 ἀναστάσειτοῦ
909 1987 1160 2057 κειμένου
1203 1989 1494 2059 ἐγείρεται,
1543 1990 1639 2043 καὶ
1674 1990 1816 2044 οὕτω

238 2074 475 2145 Χριστὸς
504 2076 566 2129 ἐκ
598 2076 806 2150 νεκρῶν
836 2077 1133 2148 ἐγηγέρθαι
1178 2078 1415 2147 λέγεται,
1456 2081 1485 2132 ὁ
1527 2080 1687 2145 αὐτὸς
1724 2081 1818 2134 καὶ

236 2168 315 2221 ὣν
337 2171 587 2243 Χριστὸς,
615 2171 707 2224 καὶ
730 2169 1048 2241 γενόμενος’
1076 2171 1149 2224 ὢν
1174 2170 1272 2240 μέν
1298 2171 1439 2225 κατά
1462 2173 1561 2242 τὴν
1586 2170 1819 2244 προαιὼ-

238 2278 352 2313 νιον
388 2261 683 2329 βασιλείαν,
726 2261 1013 2331 γενόμενος
1043 2260 1099 2314 δέ
1130 2261 1218 2314 ὅτε
1252 2261 1665 2332 εὐηγγελίζοπο
1704 2266 1817 2326 τοῖς

238 2352 498 2423 ποιμέσιν
530 2354 578 2405 οἱ
614 2351 835 2421 ἄγγελοι
866 2352 964 2423 τὴν
995 2351 1237 2422 μεγάλην
1268 2353 1463 2423 χαρὰν,
1502 2355 1601 2424 τὴν
1630 2355 1819 2425 ἐσομέ-

236 2462 337 2515 νην
362 2446 526 2499 παντὶ
546 2445 623 2516 τῷ
646 2443 759 2515 λαῷ
782 2445 874 2497 ἐπὶ
891 2446 957 2515 τῇ
987 2445 1199 2512 γενέσει
1217 2444 1311 2497 τοῦ
1342 2445 1612 2517 Σωτῆρος,
1631 2445 1819 2518 [45](3ς

237 2536 393 2601 ἐστι,
427 2537 582 2607 φησι,
618 2536 893 2605 Χριστός,
951 2534 1153 2605 Κύριος
1207 2537 1529 2607 προσφόρως
1560 2530 1824 2609 ὀνομαζόεέ

245 2642 405 2699 μενος
446 2624 588 2677 κατά
641 2624 733 2680 τὸν
792 2624 948 2692 λόγον
995 2623 1088 2677 τοῦ
1120 2623 1378 2695 Γαϐριὴλ,
1426 2624 1519 2678 τοῦ
1573 2626 1818 2691 εἰπόντος

240 2715 469 2783 Πνεῦμα
493 2717 645 2784 ἆγιον
668 2714 1051 2769 ἐπελεύσεσθαι
1076 2718 1141 2787 τῇ
1172 2715 1436 2786 Παρθένῳ
1471 2716 1566 2769 καὶ
1592 2716 1818 2786 δύναμιν

249 2808 507 2878 Ὑψίστου
531 2808 885 2862 ὲπισκιάσειν.
911 2808 969 2861 '0
989 2807 1165 2860 τοίνυν
1186 2807 1326 2860 οὕτω
1343 2808 1554 2879 τεχθεὶς
1574 2808 1816 2875 εἰκότως,

239 2898 337 2952 καὶ
360 2899 388 2949 ό
416 2896 649 2967 Χριστὸς
682 2895 792 2967 (46)
834 2896 927 2949 καὶ
956 2895 1156 2967 Κύριος
1188 2896 1403 2965 λέγεται
1431 2913 1446 2927 ο
1486 2897 1691 2967 Κύριος
1719 2898 1819 2967 μὲν

236 2991 331 3044 διὰ
362 2991 460 3060 τὴν
505 2988 733 3060 δύναμιν
776 2987 867 3041 τοῦ
921 2987 1194 3058 Ὑψίστου,
1238 2989 1469 3061 Χριστὸς
1517 2988 1575 3043 δὲ
1620 2990 1709 3043 διά
1758 2990 1820 3043 τὸ

240 3078 470 3149 Πνεῦμα
521 3079 618 3149 τῆς
664 3078 917 3149 χρίσεως.
978 3078 1054 3131 Ού
1099 3078 1208 3150 γάρ
1251 3079 1280 3130 ὁ
1325 3078 1645 3149 προαιὼνιος
1694 3080 1817 3134 τότε

238 3172 478 3245 χρίεται,
510 3171 645 3225 ἀλλὰ
674 3172 803 3242 περὶ
826 3164 887 3225 οὗ
916 3172 1184 3242 φησιν,ὅτι
1208 3171 1339 3238 Υἱός
1364 3189 1483 3241 μου
1503 3167 1561 3225 εἴ
1580 3170 1683 3237 σὺ,
1706 3172 1821 3241 ἐγὼ
1847 3153 1890 3213 C

238 3262 511 3332 σήμερον
526 3260 859 3332 γεγέννηκά
876 3278 969 3316 σε.
998 3263 1071 3317 Τὸ
1089 3262 1198 3334 γὰρ
1213 3263 1479 3333 σήμερον
1493 3264 1600 3318 τῶν
1616 3264 1709 3318 δύο
1724 3262 1819 3317 τοῦ

241 3355 436 3426 χρόνου
451 3355 771 3424 τμημάτων,
786 3354 881 3407 τοῦ
902 3356 1291 3427 παρῳχηκότος
1310 3372 1366 3408 τε
1386 3355 1589 3409 καὶτοῦ
1609 3354 1825 3427 μέλλον-

241 3462 358 3510 τος,
376 3445 437 3499 τὸ
455 3446 617 3516 μέσον
648 3445 812 3499 ἐστίν.
842 3445 901 3500 '0
923 3446 979 3499 δὲ
1004 3448 1110 3499 τῶν
1127 3446 1335 3501 αίώνων
1356 3446 1601 3518 ποιητὴς,
1627 3445 1745 3509 πῶς
1768 3447 1825 3499 ἐν

246 3539 405 3608 μέρει
427 3535 519 3590 τοῦ
550 3536 740 3607 χρόνου
783 3539 875 3590 καὶ
897 3539 1148 3606 γεννᾶται
1182 3540 1275 3591 καὶ
1314 3540 1522 3608 χρίεται
1550 3556 1565 3604 ;
1602 3538 1762 3590 Ὠστε
1789 3538 1822 3608 ή

243 3629 435 3697 θεότης
464 3628 557 3680 καὶ
585 3628 645 3681 ού
685 3627 935 3699 τέθνηκε,
986 3629 1079 3682 καὶ
1115 3631 1405 3699 ἐγήγερται
1431 3649 1443 3661 ·
1490 3631 1551 3683 οὺ
1598 3629 1826 3699 τέθνηκε

242 3716 375 3787 γάρ,
403 3718 484 3770 ὅτι
514 3716 626 3787 (47)
656 3716 717 3769 τὸ
752 3716 826 3788 μὴ
870 3719 1120 3770 συντεθὲν
1153 3719 1212 3771 οὺ
1247 3717 1556 3781 διαλύεται,
1593 3718 1824 3788 ἐγήγερ-

243 3826 337 3864 ται
382 3808 459 3872 δέ,
505 3810 587 3862 ὃτι
616 3809 676 3862 ἐν
701 3807 779 3880 τῷ
802 3807 1016 3861 λυθέντι
1040 3804 1190 3873 οὖσα,
1234 3808 1399 3879 ἐαυτῇ
1427 3807 1825 3878 συνεπαρθῆναι

242 3901 339 3954 τὸν
372 3899 514 3953 κατά
536 3899 626 3953 τὸν
658 3899 822 3971 νόμον
852 3901 951 3970 τῆς
979 3899 1325 3970 ἀνθρωπίνης
1348 3897 1581 3952 πεσόντα
1612 3898 1826 3966 φύσεως

245 3992 679 4066 παρεσκεύασεν,
710 3991 788 4056 ὡς
838 3991 904 4046 ἂν
932 3993 1175 4064 ἐκατέρῳ
1204 3992 1360 4063 μέρει
1386 3991 1448 4045 τὸ
1470 3994 1666 4045 οἰκεῖον
1690 4008 1825 4063 προ-

246 4085 533 4157 φερομένῳ
561 4084 832 4155 παροῦσα,
867 4085 966 4156 τὴν
991 4083 1098 4137 τῶν
1132 4084 1400 4154 σωμάτων
1429 4082 1589 4152 φύσιν
1616 4083 1703 4137 διὰ
1731 4081 1825 4137 τοῦ

246 4178 521 4247 σώματος,
542 4177 639 4249 τὴν
664 4176 721 4230 δέ
747 4176 854 4230 τῶν
874 4176 1060 4247 ψυχῶν
1086 4174 1175 4228 διά
1197 4176 1295 4247 τῆς
1324 4175 1499 4247 ψυχῆς
1519 4174 1791 4242 ἐξιάσαιτο
1810 4191 1822 4204 '

246 4268 409 4322 πάλιν
438 4267 495 4320 δέ
520 4267 586 4321 δι’
613 4269 812 4338 ἑαυτῆς
842 4267 901 4319 τὸ
928 4266 1340 4337 διακεκριμένον
1365 4266 1630 4332 ἐνώσασα,
1665 4268 1722 4319 ἐν
1748 4266 1827 4336 τῷ

242 4356 593 4428 ἐπαιρομένῳ
619 4357 917 4410 ἀνίσταται.
953 4355 1297 4428 Καὶῶσπερ·
1332 4355 1527 4409 κωλύει
1549 4356 1656 4428 γὰρ
1675 4356 1825 4409 οὐδὲν

248 4448 579 4519 σωματικῶς
624 4448 684 4501 τὸ
737 4449 1033 4519 μυστήριον
1079 4448 1177 4518 τῆς
1228 4448 1368 4502 κατά
1405 4448 1504 4519 τὴν
1533 4448 1826 4502 ἀνάστασιν

244 4539 558 4610 οἰκονομίας
584 4538 915 4604 ἐνδείξασθαι
938 4557 952 4570 θ
982 4539 1231 4610 καθάπερ
1259 4539 1438 4592 τοίνυν
1478 4539 1589 4611 (48)
1627 4542 1675 4592 εἰ
1702 4539 1825 4609 διχῆ

248 4632 495 4702 κάλαμος
523 4631 879 4704 διασχισθείη,
910 4631 1001 4684 καί
1047 4649 1127 4695 τις
1170 4632 1311 4685 κατὰ
1341 4632 1401 4685 τὸ
1453 4632 1511 4684 ἓν
1549 4632 1718 4703 πέρας
1763 4632 1829 4685 τά

250 4726 394 4797 ἄκρα
425 4724 535 4778 τῶν
562 4724 656 4778 τοῦ
692 4724 938 4795 καλάμου
982 4723 1287 4795 τμημάτων
1320 4722 1589 4789 ἐνὼσειεν,
1625 4725 1743 4777 ὅλον
1772 4724 1829 4790 ἐξ

251 4817 498 4887 ἀνάγκης
530 4816 591 4869 τδ
616 4816 809 4887 τμῆμα
854 4814 947 4868 τοῦ
978 4814 1224 4884 καλάμου
1253 4813 1389 4885 πρὸς
1437 4814 1497 4867 τὸ
1540 4815 1661 4867 ὅλον
1704 4832 1827 4867 συν-

251 4907 656 4981 αρμοσθήσεται
701 4909 790 4963 διά
814 4908 914 4978 τῆς
944 4908 1002 4961 ἐν
1030 4907 1108 4977 τῷ
1138 4908 1219 4959 ἐν).
1248 4909 1441 4977 πέρατι
1469 4908 1741 4979 συμϐολῆς
1774 4926 1832 4961 τε

252 5001 347 5055 καὶ
376 5000 643 5069 σφίγξεως
668 5000 804 5073 πρὸς
834 5000 894 5053 τὸ
924 5000 1108 5068 ἕτερον
1135 4997 1311 5068 πέρας
1338 4998 1826 5071 συναρμοζόμενον·

252 5093 428 5156 οὕτως
457 5095 491 5163 ἡ
524 5095 579 5146 ἐν
630 5094 822 5161 ἐκείνῳ
866 5091 965 5161 τῆς
999 5091 1178 5162 ψυχῆς
1230 5090 1365 5161 πρὸς
1392 5090 1453 5142 τὸ
1485 5091 1645 5162 σῶμα
1675 5110 1831 5160 γενο-

1924 1921 2143 1961 carnem
2177 1905 2396 1975 quidem
2428 1905 2671 1975 corpori,
2729 1920 2825 1975 per
2853 1905 3088 1959 animam
3124 1919 3252 1959 vero
3282 1904 3496 1965 animat,

1924 1997 2160 2051 animam
2204 1998 2426 2065 inquam
2462 2004 2645 2051 mente
2692 1996 2973 2065 praeditam
3018 2004 3073 2051 et
3125 1998 3231 2050 non
3271 1995 3499 2049 rationis

1922 2094 2238 2156 expertem;
2276 2101 2400 2141 nam
2446 2086 2591 2156 quod
2633 2096 2814 2142 mente
2852 2097 3021 2148 caret,
3065 2086 3361 2141 belluinum
3396 2095 3497 2145 est.

1922 2191 2034 2230 non
2076 2177 2408 2239 humanum;
2454 2182 2587 2229 tunc
2631 2188 2753 2243 quae
2782 2174 2852 2229 ab
2886 2174 3041 2228 initio
3081 2174 3295 2242 corpori
3336 2181 3502 2241 atque

1924 2266 2118 2320 animae
2151 2266 2435 2321 commista
2467 2264 2567 2319 fuit
2607 2265 2867 2319 divinitas
2897 2277 3217 2334 semperque
3251 2277 3503 2333 perman-

1924 2358 2015 2423 sit,
2052 2359 2107 2412 in
2141 2358 2543 2412 resurrectione
2566 2356 2708 2425 ejus,
2742 2358 2835 2425 qui
2863 2356 3144 2415 occubuit.
3180 2357 3501 2419 suscitatur,

1926 2458 2089 2520 atque
2117 2450 2191 2503 ita
2212 2448 2463 2503 Christus
2490 2462 2520 2501 a
2548 2448 2781 2503 mortuis
2810 2450 3182 2503 resurrexissc
3208 2447 3414 2502 dicitur
3433 2446 3501 2507 “,

1925 2541 2017 2610 qui
2049 2540 2266 2609 quidem
2297 2547 2349 2593 et
2377 2537 2699 2607 jamdudum
2730 2538 2982 2592 Christus
3016 2548 3134 2592 erat
3168 2546 3222 2592 et
3247 2536 3503 2593 Christus

1924 2644 2038 2687 tum
2069 2634 2286 2687 demum
2333 2632 2511 2685 factus
2555 2628 2690 2684 fuit:
2739 2637 2858 2685 erat
2882 2630 3103 2699 quidem
3140 2632 3296 2698 juxta
3341 2644 3503 2684 suum

1925 2726 1995 2779 ab
2029 2724 2186 2778 initio
2218 2731 2273 2777 et
2307 2733 2432 2777 ante
2459 2723 2643 2776 omnia
2670 2721 2869 2777 saecula
2885 2736 3133 2791 regnum,
3163 2719 3343 2775 factus
3374 2734 3503 2774 vero

1924 2826 2008 2873 est
2041 2816 2260 2888 quando
2288 2815 2601 2886 pastoribus
2644 2814 2821 2883 angeli
2862 2813 3324 2867 annuntiaverunt
3366 2826 3503 2881 gau-

1925 2909 2077 2964 dium
2111 2922 2388 2979 magnum,
2419 2905 2564 2975 quod
2596 2905 2839 2959 futurum
2870 2910 2989 2959 erat
3032 2902 3179 2957 omni
3210 2901 3409 2972 populo
3446 2901 3501 2954 in

1929 2998 2229 3053 Salvatoris
2272 2997 2580 3061 nativitate,
2638 2998 2729 3066 qui
2768 3006 2861 3061 est,
2914 2995 3093 3064 inquit
3134 2991 3418 3061 Scriptura
3435 2991 3500 3049 δ’.

1926 3087 2165 3146 Christus
2234 3087 2519 3151 Dominus,
2580 3087 2827 3157 apposite
2873 3095 2929 3141 et
2980 3092 3338 3155 congruenter
3398 3082 3503 3135 hoc

1923 3179 2215 3251 insignitus
2262 3178 2503 3242 nomine,
2550 3178 2706 3247 juxta
2742 3176 3016 3232 Gabrieiis
3065 3176 3234 3229 .verba
3281 3173 3373 3243 qui
3426 3172 3504 3224 ait

1924 3271 2190 3342 Spiritum
2235 3279 2487 3328 sanctum
2538 3269 2594 3324 in
2623 3267 2902 3339 Virginem
2933 3273 3410 3337 superventurum,
3448 3272 3503 3317 et

1924 3362 2192 3419 Altissimi
2245 3361 2502 3415 virtutem
2568 3360 2743 3415 eidem
2800 3355 3339 3414 obumbraturam“.
3397 3353 3502 3419 Qui

1924 3452 2093 3522 igitur
2147 3451 2250 3507 hoc
2298 3460 2460 3522 pacto
2503 3450 2721 3527 genitus
2753 3456 2858 3515 est,
2917 3457 3032 3503 tum
3080 3447 3332 3502 Christus
3386 3452 3501 3498 tum

1924 3542 2190 3598 Dominus
2225 3541 2349 3611 jure
2380 3543 2576 3596 merito
2626 3540 2857 3606 dicitur;
2895 3539 3159 3594 Dominus
3188 3537 3405 3609 quidem
3434 3540 3505 3589 0h

1924 3635 2179 3691 virtutem
2212 3634 2499 3696 Altissimi,
2537 3632 2793 3688 Christus
2822 3647 2951 3686 vero
2978 3631 3050 3685 ob
3077 3629 3345 3699 Spiritum
3378 3641 3507 3681 san-

1924 3734 2093 3780 ctum.
2126 3725 2310 3796 Neque
2352 3726 2496 3779 enim
2557 3734 2687 3779 tunc
2728 3724 2949 3793 ungitur
2988 3723 3080 3792 qui
3126 3730 3361 3776 aeternus
3398 3727 3504 3775 est.

1926 3814 2023 3870 sed
2054 3814 2146 3868 ille
2175 3815 2241 3869 de
2273 3829 2378 3880 quo
2411 3813 2634 3873 dicitur,
2671 3811 2842 3865 Filius
2876 3828 3020 3865 meus
3054 3827 3107 3864 es
3132 3822 3208 3872 tu,
3235 3824 3326 3879 ego
3354 3806 3507 3861 hodie

1926 3906 2080 3977 genui
2110 3915 2158 3959 te
2178 3905 2247 3958 ⁸¹.
2280 3902 2397 3958 Vox
2435 3903 2580 3958 enim
2638 3902 2807 3955 llodie
2854 3902 3124 3972 signiﬁcat
3170 3899 3315 3969 quod
3364 3898 3509 3951 inter

1926 3998 2063 4052 duas
2089 3996 2350 4067 temporis
2386 4003 2589 4065 partes,
2627 3995 2885 4065 przeteriti
2919 3993 3170 4047 videlicet
3207 3999 3262 4044 et
3312 3987 3505 4047 futuri,

1929 4088 2165 4144 medium
2196 4096 2299 4145 est.
2336 4086 2673 4143 Sa:culorum
2712 4100 2845 4141 vero
2874 4084 3123 4140 conditor
3152 4078 3425 4153 quomodo
3451 4079 3505 4131 in

1928 4182 2109 4253 aliqua
2161 4180 2423 4251 temporis
2480 4186 2634 4249 parte
2683 4178 2833 4232 nasci
2888 4175 3038 4245 atqui
3096 4175 3226 4245 ungi
3285 4168 3508 4242 potest?

1929 4272 2292 4339 Quamobrem
2324 4271 2581 4326 divinitas
2615 4279 2668 4324 et
2713 4284 2821 4322 non
2868 4266 3094 4326 interiit,
3127 4274 3181 4320 et
3209 4275 3386 4320 tamen
3416 4278 3509 4316 re-

1930 4364 2167 4417 surrexit
2193 4380 2206 4427 ;
2241 4377 2349 4415 non
2374 4360 2598 4420 interiit,
2629 4359 2888 4429 quoniam
2916 4356 3063 4428 quod
3092 4357 3509 4425 compositionis

1930 4468 2127 4523 expers
2179 4460 2263 4508 est
2309 4466 2416 4505 non
2450 4450 2806 4515 dissolvitur;
2865 4448 3163 4504 resurrexit
3192 4463 3342 4510 vero,
3374 4464 3511 4518 que-

1930 4544 2077 4598 niam
2104 4545 2157 4597 in
2189 4558 2254 4598 eo
2280 4541 2425 4611 quod
2460 4541 2788 4595 dissolutum
2822 4538 2924 4594 fuit
2957 4538 3251 4603 exsistens,
3283 4537 3334 4593 id
3362 4540 3505 4609 quod

1933 4634 2232 4692 secundum
2286 4634 2537 4688 humana:
2590 4640 2800 4686 naturae
2852 4631 2997 4702 leges
3048 4630 3340 4693 ceciderat,
3403 4646 3509 4683 una

1934 4744 2117 4785 secum
2148 4735 2207 4782 ut
2244 4726 2605 4783 suscitaretur
2633 4724 2833 4789 eﬁecit,
2876 4735 2955 4790 ut,
2998 4724 3054 4779 in
3094 4732 3322 4793 utraque
3357 4730 3512 4791 parte

1935 4830 2145 4876 naturae
2194 4835 2306 4875 sua:
2345 4818 2709 4889 proprietates
2748 4816 3039 4873 exhibente
3090 4828 3336 4878 manens,
3390 4827 3512 4867 cor-

1935 4928 2064 4982 pore
2095 4912 2312 4981 quidem
2348 4924 2640 4979 corporum
2675 4917 2904 4972 naturze,
2932 4908 3111 4960 anima
3146 4920 3274 4960 vero
3307 4904 3513 4957 anima—

1938 5019 2057 5058 rum
2112 5003 2295 5056 itidem
2349 5009 2558 5055 natum
2610 4999 2954 5063 mederetur;
3010 5005 3064 5050 ct
3109 5010 3323 5057 rursus,
3364 4995 3509 5064 quod

1936 5104 2249 5166 separatum
2282 5102 2420 5161 erat,
2452 5110 2548 5165 per
2593 5092 2941 5161 semetipsam
2976 5089 3190 5153 unicus,
3235 5090 3289 5142 in
3321 5102 3386 5142 eo
3418 5088 3512 5156 qui

330 5274 377 5306 “
411 5273 568 5327 Rom.
604 5290 679 5337 vi,
705 5274 761 5327 ι.
837 5273 882 5306 ⁸⁸
913 5273 1045 5327 Luc.
1079 5290 1137 5336 ιι,
1167 5274 1250 5328 Η.
1326 5273 1372 5306 ⁵⁰
1400 5273 1529 5329 ibid.
1558 5274 1649 5329 '55.
1726 5275 1768 5307 ⁸¹
1803 5273 1944 5329 Psal.
1976 5290 2037 5338 ιι,
2066 5277 2115 5329 7.

330 5455 439 5523 (42)
472 5454 631 5509 Corr.
658 5452 717 5506 τὸ
745 5453 800 5505 δὲ
835 5450 1125 5504 ἀσύνθετον
1156 5452 1215 5503 οὐ
1256 5451 1509 5515 διίστατο,
1539 5450 1653 5505 ἀλλ’
1687 5454 1836 5505 ἀδια-

258 5528 489 5589 στάτως.

326 5598 442 5665 (43)
474 5598 628 5651 Corr.
666 5596 721 5647 ἐν
758 5593 836 5664 τῷ
862 5593 1095 5665 σώματι.

293 5667 627 5748 ~(5}).Corr.
663 5664 951 5735 ἐπληρώθη
1002 5664 1093 5717 τοῦ
1145 5664 1373 5719 θανάτου
1414 5666 1473 5718 τὸ
1521 5666 1843 5735 μυστήριον,

255 5738 359 5807 τῆς
389 5737 558 5801 θείας.

586 5835 851 5892 Parnm.
903 5831 1017 5891 Gn.
1072 5832 1257 5892 XLV.

2018 5452 2135 5521 (ίῖὶ)
2173 5451 2327 5506 Corr.
2346 5452 2374 5503 ὃ
2399 5451 2535 5511 ἐστι,
2562 5463 2723 5521 secus
2745 5455 2909 5517 atque
2942 5449 3095 5501 saCer
3122 5451 3302 5500 textus
3326 5442 3509 5495 habet.

2018 5519 2128 5591 (ιίσὶ)
2163 5521 2320 5575 Corr.
2354 5522 2448 5591 καὶ
2486 5519 2739 5591 Χριστός.

2020 5589 2132 5657 (47)
2157 5593 2315 5645 Corr.
2347 5590 2595 5661 céovqxe
2613 5590 2729 5658 μὲν,
2768 5589 2869 5641 ὅτι.

2018 5667 2128 5737 (48)
2160 5662 2317 5717 Corr.
2350 5660 2477 5716 add.
2517 5660 2714 5713 τοίνυν.

3121 5810 3195 5871 ιο
