4020 6490
521 334 541 385 1
554 334 657 390 259

1707 345 1763 401 S.
1809 345 2134 403 CREGORII
2171 346 2459 403 NYSSENI

3633 348 3773 402 {260

520 453 813 541 exaltatur,
848 455 963 525 ipsa
992 472 1210 527 quoque
1247 460 1502 530 resurgit.
1539 460 1601 514 Et
1635 464 2091 533 quemadmodum

2205 464 2333 535 μένη
2362 466 2449 518 διὰ
2488 465 2585 534 τῆς
2628 465 2973 527 ἀναστάσεως
3023 464 3213 526 ἕνωσις
3239 502 3253 525 ,
3302 462 3481 514 πᾶσαν
3529 463 3671 513 κατά
3716 463 3773 510 τὸ

520 548 567 600 si
621 537 832 603 afnndo
870 551 977 619 (nil
1012 553 1157 606 enim
1207 563 1351 609 vetat
1396 556 1690 624 quominus
1742 559 2099 613 similitudine

520 655 585 692 ex
619 642 896 709 corporeis
923 643 1085 698 rebus
1119 645 1281 712 petita
1322 648 1641 717 mysterium
1674 648 2099 717 dispensationis

520 745 643 797 quae
678 745 775 799 per
823 736 1279 789 resurrectionem
1312 736 1455 791 facta
1504 746 1587 793 est
1618 739 1984 809 explicemus)
2043 740 2096 793 in

523 822 657 875 duas
692 832 874 891 partes
909 824 1210 889 scindatur,
1261 836 1315 881 et
1346 829 1468 897 quis
1508 828 1562 881 in
1610 844 1717 882 una
1759 830 2099 885 extremitate

524 912 869 969 summitates
915 914 1225 983 hujusmodi
1257 915 1487 970 duarum
1530 920 1765 986 partium
1815 920 2098 975 arundinis

524 1003 892 1073 coniunxerit,
928 1022 1152 1062 necesse
1182 1016 1265 1063 est
1295 1016 1353 1061 ut
1385 1023 1487 1062 una
1515 1024 1642 1079 pars
1676 1019 1782 1064 tota
1813 1013 2097 1067 arundinis

523 1110 648 1149 cum
690 1097 860 1151 altera
889 1105 999 1151 tota
1034 1108 1186 1169 parte
1220 1099 1523 1169 copuletur,
1554 1100 1679 1169 quia
1712 1101 1965 1155 nimirum
2002 1119 2098 1171 per

525 1189 690 1244 unius
715 1192 1072 1246 extremitatis
1099 1192 1514 1246 commissuram
1562 1201 1723 1261 atque
1753 1196 2099 1247 constricliu.

527 1296 650 1334 nem
692 1282 857 1336 altera
886 1297 1101 1353 quoque
1133 1282 1452 1339 extremitas
1481 1284 1642 1337 simul
1672 1294 1909 1355 aptatur.
1944 1286 2019 1339 ita
2045 1296 2098 1341 et

528 1374 579 1425 in
627 1372 845 1428 Christo
876 1376 1070 1427 anima:
1103 1388 1228 1427 cum
1278 1388 1507 1443 corpore
1556 1377 1731 1430 unitio
1768 1393 1861 1447 per
1909 1395 2096 1433 resur-

528 1465 823 1517 rectionem
860 1463 1023 1524 l‘acta,
1075 1472 1263 1529 totam,
1295 1475 1565 1535 quatenus
1606 1484 1771 1521 unum
1825 1471 1952 1539 quid
1992 1480 2095 1532 est,

528 1556 818 1609 humanam
851 1565 1121 1619 naturam,
1157 1558 1209 1609 in
1257 1558 1491 1611 animam
1528 1568 1579 1614 et
1604 1576 1803 1631 corpus
1832 1577 1926 1631 per
1956 1578 2099 1615 mor-

527 1657 631 1701 tem
664 1648 921 1716 bipartito
952 1648 1179 1703 scissam
1216 1664 1411 1705 rursus
1435 1651 1743 1706 coalescere
1778 1651 1925 1719 facit,
1968 1654 2097 1707 dum

527 1753 622 1807 spe
655 1740 1075 1794 resurrectionis
1106 1739 1501 1809 disjunctarum
1542 1757 1726 1797 rerum
1770 1759 2095 1800 concursum

526 1830 721 1893 elIicit;
758 1840 811 1885 et
845 1831 944 1884 hoc
979 1841 1062 1885 est
1102 1832 1248 1901 quod
1282 1846 1313 1884 a
1360 1831 1530 1887 Paulo
1563 1832 1782 1901 dicitur,
1830 1833 2106 1889 Christum

529 1935 721 1989 nempe
753 1922 1125 1975 resurrexisse
1164 1936 1192 1974 a
1228 1921 1494 1983 mortuis,
1535 1922 1804 1991 primitias
1832 1924 2118 1978 dormien--

528 2012 662 2063 tium
698 2011 764 2073 δ’,
802 2021 849 2064 et
888 2011 1029 2065 sicut
1060 2012 1112 2064 in
1138 2010 1307 2064 Adam
1334 2026 1524 2066 omnes
1550 2014 1826 2077 morimur,
1863 2016 1932 2068 ita
1964 2023 2016 2069 ct
2054 2015 2106 2068 in

526 2102 749 2157 Christo
772 2116 962 2156 omnes
988 2101 1244 2155 viviﬁcari
1272 2101 1337 2154 ⁵³.
1370 2101 1500 2153 Nam
1522 2101 1674 2170 juxta
1704 2104 1923 2156 allatum
1948 2105 2108 2158 modo

529 2193 816 2247 arundinis
840 2194 1174 2262 exemplum,
1202 2209 1264 2247 ex
1301 2208 1363 2247 ea
1386 2193 1603 2261 quidem
1636 2198 1974 2249 extremitate
1999 2212 2105 2263 qua

528 2288 597 2340 ab
633 2286 838 2339 Adamo
871 2284 1085 2337 initium
1122 2286 1308 2346 sumit,
1350 2296 1541 2338 natura
1575 2294 1757 2340 nostra
1790 2302 1886 2355 per
1919 2302 2107 2356 pecca-

527 2385 641 2430 tum
673 2377 846 2431 scissa
877 2375 976 2429 fuit
996 2414 1009 2437 ,
1047 2376 1225 2428 anima
1254 2374 1500 2430 videlicet
1530 2390 1558 2429 a
1585 2390 1811 2444 corpore
1840 2392 1935 2445 per
1965 2394 2108 2433 mor-

533 2479 639 2524 tem
670 2476 958 2538 separata;
992 2482 1057 2522 ex
1091 2481 1153 2522 ea
1188 2481 1317 2521 vero
1352 2474 1505 2536 parte
1531 2482 1637 2535 qua
1675 2466 1950 2523 Christum
1984 2485 2108 2539 per-

530 2560 711 2631 tingit,
743 2561 930 2616 eadem
966 2560 1202 2613 humana
1244 2567 1441 2612 natura
1487 2559 1540 2612 in
1572 2554 1856 2629 pristinum
1906 2570 2105 2616 statum

532 2652 860 2713 restituitur,
921 2650 1048 2703 dum
1100 2650 1153 2703 in
1184 2648 1387 2705 Christi
1442 2649 1677 2705 hominis
1708 2653 2108 2707 resurrectione

530 2743 774 2799 scissura
807 2742 917 2811 jam
950 2741 1093 2796 facta
1128 2741 1342 2810 penitus
1370 2740 1644 2795 coalescit.
1682 2740 1972 2810 Propterea
2003 2743 2106 2812 igi-

531 2844 620 2888 tur
647 2833 809 2888 simul
847 2845 969 2886 cum
999 2846 1064 2886 eo
1093 2833 1187 2901 qui
1233 2845 1331 2902 pro
1362 2830 1516 2885 nobis
1546 2839 1796 2885 mortuus
1822 2840 1905 2885 est
1936 2831 2105 2886 mori-

530 2936 675 2986 mur,
734 2938 846 2978 non
900 2924 1043 2977 hanc
1089 2923 1213 2977 dico
1248 2920 1611 2976 necessariam
1654 2935 2107 2992 communemque

532 3025 741 3072 natura:
771 3026 973 3073 nostra:
1015 3023 1286 3081 mortem;
1336 3016 1439 3067 hoc
1477 3013 1620 3068 enim
1651 3020 1705 3068 et
1734 3012 1919 3068 invitis
1953 3013 2105 3069 acci-

2202 558 2419 626 συνεχὲς
2460 556 2558 625 τὴν
2600 554 2945 625 ἀνθρωπίνην
2990 555 3169 623 φύσιν,
3220 553 3338 621 διχῆ
3384 552 3495 621 (49)
3542 551 3633 604 διὰ
3678 548 3772 602 τοῦ

2199 644 2446 709 Θανάτου,
2494 646 2638 717 ψυχῇ
2671 664 2729 698 τε
2761 646 2851 698 καὶ
2898 644 3107 715 σώματι
3158 644 3586 715 μεμερισμένην,
3637 640 3774 710 πρὸς

2202 737 2474 805 συμφυΐαν
2504 738 2645 805 ἄγει,
2694 740 2757 807 τῇ
2785 736 2959 789 ἑλπίδι
2992 737 3090 805 τῆς
3122 736 3469 797 ἀναστάσεως
3514 734 3614 803 τὴν
3651 749 3775 783 συν-

2199 827 2399 900 δρομὴν
2431 828 2537 881 τῶν
2582 827 2937 899 διεστηκότων
2978 828 3295 898 ἀρμόσασα”
3348 827 3443 881 καὶ
3470 825 3626 879 τοῦτο
3655 826 3774 876 ἐστι

2198 920 2257 972 τὸ
2278 920 2427 990 παρά
2447 919 2540 973 τοῦ
2561 920 2771 975 Παύλου
2794 918 3100 991 λεγόμενον,
3120 921 3200 973 ὅτι
3222 920 3453 990 Χριστὸς
3474 920 3774 989 ἐγήγερται

2200 1012 2261 1064 ἑκ
2286 1013 2511 1082 νεκρῶν,
2539 1013 2758 1084 ἀπαρχὴ
2785 1011 2889 1064 τῶν
2918 1012 3351 1081 κεκοιμημένων,
3381 1011 3473 1062 καὶ
3501 1009 3694 1078 ὥσπερ
3718 1010 3777 1061 ἑν

2198 1102 2275 1173 τῷ
2315 1104 2483 1173 Ἀδὰμ
2506 1104 2698 1167 πάντες
2723 1103 3156 1173 ἀποθνήσκομεν,
3181 1102 3351 1165 οὕτως
3374 1104 3429 1154 ἑν
3449 1102 3527 1172 τῷ
3551 1099 3776 1171 Χριστῷ

2200 1194 2399 1256 πάντες
2422 1193 2953 1264 ζωοποιηθησόμεθα.
2990 1193 3143 1246 Κατά
3176 1193 3281 1263 γὰρ
3311 1192 3371 1245 τὸ
3400 1192 3492 1245 τοῦ
3524 1190 3775 1261 καλάμου

2201 1285 2519 1354 ὑπόδειγμα,
2556 1285 2659 1338 ὑπὸ
2690 1283 2797 1353 (50)
2829 1283 2927 1353 μὲν
2956 1280 3050 1337 τοῦ
3086 1284 3225 1337 κατά
3257 1280 3347 1337 τὸν
3386 1283 3558 1351 Ἀδὰμ
3600 1282 3777 1351 πέρα-

2198 1394 2309 1441 τος,
2338 1378 2370 1447 ὴ
2404 1376 2562 1445 φύσις
2608 1376 2762 1445 ἡμῶν
2806 1376 2894 1429 διά
2936 1376 3033 1446 τῆς
3087 1376 3361 1446 ἁμαρτίας
3408 1372 3659 1442 ἐσχίσθη,
3698 1372 3777 1441 τῷ

2200 1468 2411 1539 θανάτῳ
2440 1472 2537 1538 τῆς
2582 1467 2759 1539 ψυχῆς
2799 1468 2906 1521 ἀπὸ
2948 1466 3042 1520 τοῦ
3086 1467 3335 1537 σώματος
3366 1466 3731 1536 διαιρεθείσης
3758 1482 3773 1493 ο

2200 1562 2304 1615 ἀπὸ
2328 1561 2383 1614 δὲ
2410 1562 2502 1614 τοῦ
2534 1563 2670 1615 κατά
2698 1560 2787 1613 τὸν
2820 1560 3054 1632 Χριστὸν
3098 1560 3293 1630 μέρους
3328 1558 3485 1612 πάλιν
3531 1558 3565 1627 ἡ
3613 1556 3779 1624 φύσις

2200 1654 2396 1724 ἑαυτὴν
2442 1652 2845 1724 ἀναλαμϐάνει,
2896 1654 3069 1721 πάντη
3123 1650 3220 1719 τῆς
3265 1648 3579 1719 διαιρέσεως
3642 1645 3781 1715 πρὸς

2208 1744 2405 1814 ἑαυτὴν
2436 1745 2493 1795 ἑν
2535 1746 2599 1815 τῇ
2636 1744 2923 1796 ἀναστάσει
2968 1741 3060 1795 τοῦ
3109 1740 3246 1794 κατά
3291 1740 3380 1792 τὸν
3412 1738 3645 1809 Χριστὸν
3682 1737 3781 1789 ἀν-

2212 1837 2427 1908 θρώπου
2460 1836 2859 1906 συμφυομένης.
2911 1836 3007 1889 Διὰ
3045 1835 3200 1887 τοῦτο
3227 1834 3402 1887 τοίνυν
3435 1829 3781 1896 συναποθνή-

2212 1946 2411 1999 σκομεν
2454 1926 2529 1998 τῷ
2576 1928 2713 1998 ὑπὲρ
2756 1927 2912 1997 ἡμῶν
2940 1924 3281 1989 ἀποθανόντι,
3325 1923 3385 1976 οὐ
3419 1923 3605 1975 τοῦτον
3636 1920 3784 1985 λέγω

2210 2017 2297 2071 τὸν
2319 2017 2611 2085 ἀναγκαῖόν
2636 2034 2695 2069 τε
2729 2018 2822 2070 καὶ
2850 2016 3027 2070 κοινὸν
3059 2016 3157 2085 τῆς
3184 2015 3394 2083 φύσεως
3426 2012 3581 2082 ἡμῶν
3616 2012 3784 2064 θάνα-

2207 2128 2297 2163 τον
2334 2126 2347 2139 ’
2399 2108 2555 2162 τοῦτο
2591 2108 2697 2179 γὰρ
2725 2110 2817 2161 καὶ
2850 2108 2926 2178 μὴ
2962 2108 3294 2177 βουλομέ·.ων
3323 2109 3628 2174 γενήσεται·
3665 2101 3781 2154 ἀλλ’

2208 2200 2391 2271 ἐπειδὴ
2424 2199 2499 2270 τῷ
2538 2199 2795 2263 ἑκουσίως
2824 2199 3144 2253 ἀποθανόντι
3177 2196 3639 2266 συναποθνήσκειν
3672 2194 3784 2263 χρὴ

2208 2293 2457 2355 θέλοντας
2500 2292 2631 2362 (51),
2666 2293 2927 2361 προσήκει
2958 2291 3047 2343 τὸν
3086 2292 3149 2343 ἑκ
3185 2289 3551 2359 προαιρέσεως
3594 2286 3785 2346 αὐτοῖς

2207 2384 2487 2455 ἐπινοῆσαι
2517 2384 2743 2438 θάνατον
2768 2402 2781 2415 ο
2812 2385 2873 2437 οὐ
2902 2386 3008 2454 γάρ
3053 2385 3165 2436 ἑστι
3193 2381 3278 2435 διὰ
3301 2380 3392 2433 τοῦ
3428 2395 3783 2449 κατηναγκα-

2208 2474 2461 2544 σμένουή
2493 2474 2624 2541 πρὸς
2657 2474 2716 2527 τὸ
2740 2474 2981 2527 ἑκούσιον
3012 2473 3259 2542 μίμησις.
3302 2470 3515 2540 Ἐπειδὴ
3547 2470 3725 2521 τοίνυν
3752 2469 3784 2521 ὁ

2207 2566 2271 2616 ἑκ
2302 2563 2511 2632 φύσεως
2545 2563 2886 2633 ἐπικείμενος
2929 2562 3142 2631 ἑκάστῳ
3186 2560 3429 2622 θάνατος,
3469 2560 3645 2628 πάντη
3682 2556 3784 2608 καὶ

2207 2656 2422 2718 πάντως
2455 2655 2683 2724 γίνεται,
2710 2654 2804 2708 καὶ
2836 2652 3192 2724 βουλομένων,
3239 2651 3331 2704 καὶ
3362 2650 3455 2720 μὴ,
3497 2650 3599 2701 οὐκ
3628 2648 3690 2700 ἀν
3720 2647 3783 2699 δέ

2206 2762 2287 2807 τις
2320 2743 2381 2797 τὸ
2427 2744 2643 2807 πάντως
2673 2742 2958 2813 γενόμενον
2988 2740 3063 2811 τῷ
3094 2739 3323 2807 ἑκουσίῳ
3352 2737 3641 2804 λογίσαιτο·
3686 2732 3785 2785 διὰ

2204 2834 2360 2887 τοῦτο
2404 2834 2586 2904 ἕτερον
2628 2834 2827 2906 τρόπον
2878 2832 2955 2903 τῷ
3005 2830 3262 2893 ἑκουσίως
3309 2827 3630 2883 ἀποθανόντι
3662 2824 3781 2889 (52)

2207 2925 2738 2997 συναποθνήσκομεν,
2766 2924 2843 2995 τῷ
2877 2923 3123 2996 μυστικῷ
3156 2921 3305 2975 ὕδατι
3337 2919 3423 2972 διὰ
3450 2917 3542 2970 τοῦ
3581 2916 3784 2985 βαπτί-

2207 3032 2411 3086 σματος
2455 3015 2867 3086 ὲνθαπτόμενοι·
2950 3012 3371 3081 Συνετάφημεν
3439 3008 3545 3077 γὰρ
3596 3003 3782 3069 αὐτῷ,

532 3105 646 3169 det,
682 3105 777 3161 sed
811 3104 1070 3175 quoniam
1102 3118 1201 3175 par
1226 3110 1310 3158 est
1344 3110 1402 3157 ut
1427 3102 1475 3157 ei
1501 3102 1595 3172 qui
1625 3101 1927 3157 voluntarie
1956 3118 2102 3158 mor-

2208 3106 2361 3176 cp-qci,
2395 3105 2492 3159 διὰ
2518 3104 2623 3159 τοῦ
2653 3105 3071 3174 βαπτίσματος
3096 3106 3181 3169 εις
3208 3102 3314 3156 τὸν
3339 3098 3599 3154 θάνατον
3624 3113 3639 3128 ο
3690 3097 3783 3149 ἵνα

533 3202 662 3251 tuus
680 3202 763 3251 est
784 3194 1035 3250 labentes
1057 3193 1408 3263 volentesque
1430 3191 1871 3256 commoriamur,
1898 3192 2103 3249 idcirco

532 3286 841 3343 voluntaria
889 3294 1096 3355 etquae
1132 3286 1185 3338 in
1237 3290 1506 3355 potestate
1554 3290 1740 3337 nostra
1779 3284 1953 3353 posita
2007 3287 2100 3352 sit,

2207 3199 2273 3268 τῇ
2310 3196 2538 3267 μιμήσει
2579 3195 2673 3249 τοῦ
2707 3196 2932 3249 θανάτου
2981 3193 3389 3263 ἑπακολουθήσῃ
3436 3191 3546 3260 (55)
3597 3188 3691 3241 καὶ
3748 3189 3784 3255 ἡ

2207 3290 2305 3360 τῆς
2335 3289 2680 3352 ἀναστάσεως
2708 3288 2952 3359 μίμησις.

532 3380 716 3450 aliqua
766 3379 925 3435 nobis
964 3377 1283 3448 reperienda
1325 3392 1475 3432 mors
1526 3383 1629 3439 est,
1701 3391 1824 3431 cum
1876 3377 1988 3433 ﬁeri
2059 3396 2165 3436 non
2206 3384 2378 3453 possit
2414 3392 2471 3437 ut
2521 3399 2585 3437 eo
2620 3381 2766 3453 quod
2818 3382 2987 3435 invite
3025 3396 3087 3435 ac
3126 3386 3490 3450 repugnanter
3544 3378 3624 3439 (it,
3661 3392 3785 3445 qua:

538 3473 838 3527 voluntaria
891 3480 1020 3528 sunt
1073 3471 1369 3525 imitentur.
1404 3470 1670 3535 Quoniam
1722 3471 1888 3539 igitur
1933 3489 2102 3540 mors,
2179 3488 2363 3547 utpote
2390 3490 2509 3547 qua:
2548 3488 2756 3531 naturae
2801 3476 2915 3544 lege
2949 3476 3201 3531 omnibus
3232 3474 3449 3530 deﬁnita
3513 3482 3621 3534 est.
3665 3482 3782 3525 tum

533 3566 840 3622 volentibus
881 3572 994 3618 tum
1024 3563 1336 3619 nolentibus
1364 3563 1588 3618 omnino
1614 3564 1833 3629 accidit,
1875 3575 1927 3619 et
1958 3568 2101 3637 quod
2138 3573 2452 3626 necessario
2522 3572 2578 3625 fit
2627 3572 2991 3627 voluntarium
3050 3585 3209 3625 nemo
3254 3584 3487 3638 unquam
3558 3567 3781 3629 dixerit,

534 3664 818 3727 pr0pterea
847 3655 954 3709 alio
983 3654 1198 3709 diverso
1224 3654 1406 3716 modo,
1440 3664 1635 3726 sponte
1664 3656 1917 3711 morienti
1942 3662 2351 3729 commoriniur,
2406 3668 2632 3736 mystica
2704 3679 2897 3732 nempe
2944 3662 2998 3716 in
3076 3678 3215 3733 aqua
3283 3676 3377 3731 per
3444 3660 3778 3729 baptismqu

536 3750 765 3821 sepulti;
796 3762 940 3814 nam,
983 3747 1308 3816 Consepulti,
1343 3747 1519 3819 inquit
1542 3748 1609 3814 “,
1642 3764 1825 3805 sumus
1856 3768 1973 3806 cum
2049 3754 2143 3808 illo
2175 3771 2266 3824 per
2301 3758 2616 3825 baptismum
2649 3760 2700 3812 in
2731 3769 2970 3825 mortem,
3018 3767 3077 3811 ut
3113 3757 3302 3810 mortis
3342 3755 3632 3807 imitatiOni
3701 3770 3784 3806 re-

534 3841 892 3897 surrectionis
924 3855 1142 3913 quoque
1175 3843 1406 3897 imitatio
1432 3842 1781 3913 respondeat.

605 3931 740 3990 LVI.
776 3934 883 3990 Sed
933 3935 999 3989 ad
1052 3936 1154 3991 alia
1200 3950 1512 4006 pergamus.
1558 3935 1852 4001 Quomodo,
1902 3936 2098 4007 inquit,

534 4028 674 4082 Deus
717 4029 779 4097 ﬁt
808 4028 988 4093 homo,
1050 4027 1190 4082 Deus
1253 4044 1363 4082 esse
1410 4044 1513 4080 non
1567 4018 1827 4093 desinens,
1879 4029 1924 4082 si
1962 4047 2103 4083 men-

539 4122 603 4173 tis
682 4120 793 4174 loco
866 4136 967 4174 non
1018 4128 1288 4173 statuatur
1340 4119 1394 4171 in
1454 4116 1723 4173 homine?
1778 4117 2103 4190 lntelligitne

538 4212 654 4280 ipse
707 4227 827 4281 qua:
901 4212 1194 4282 loquitur?
1267 4210 1615 4265 Divinitatem
1708 4210 2099 4265 immutabilem

537 4316 659 4355 esse
720 4302 890 4365 dicit,
965 4301 1125 4371 idque
1197 4308 1397 4363 recte;
1463 4314 1586 4351 nam
1648 4297 1795 4367 quod
1888 4314 2101 4367 semper

2275 3942 2415 4012 Πρὸς
2427 3941 2480 3993 δὲ
2498 3940 2555 3993 τὸ
2569 3937 2762 4011 ἑφεξῆς
2778 3938 2870 3991 τοῦ
2888 3937 3044 4006 λόγου
3066 3935 3425 4008 μετέλθωμεν·
3451 3933 3604 3998 Πῶς,
3622 3934 3778 4001 φησὶ,

2206 4033 2349 4098 Θεὸς
2381 4033 2687 4100 ἅνθρωπος
2721 4031 2964 4101 γίνεται,
2995 4030 3079 4099 μὴ
3110 4026 3500 4098 μεταϐληθεὶς
3526 4026 3641 4079 ἀπὸ
3672 4025 3777 4078 τοῦ

2202 4120 2353 4177 εἶναι
2384 4123 2544 4188 Θεὸς,
2563 4124 2613 4175 ει
2632 4122 2714 4191 μὴ
2748 4120 2890 4185 νοῦς
2918 4120 2987 4173 ἐν
3014 4118 3299 4187 ἀνθρώπῳ
3321 4115 3575 4181 κατέστη
3597 4132 3615 4177 ;
3634 4110 3778 4183 Ἀρα

2206 4219 2433 4286 συνῆκεν
2448 4216 2549 4269 ἀπε
2558 4232 2589 4286 ρ
2606 4212 2923 4282 ἐφθέγξατο.
2942 4212 2999 4265 Ἀ
3009 4210 3338 4282 μετάϐλητον
3362 4208 3509 4276 λέγει
3526 4208 3587 4259 τὸ
3600 4207 3774 4266 Θείον,

2206 4308 2295 4361 καὶ
2328 4305 2503 4369 καλῶς
2538 4304 2695 4357 τοῦτο
2710 4305 2855 4371 λέγει
2875 4302 3007 4372 (54)
3043 4302 3104 4354 τὸ
3133 4300 3239 4371 γὰρ
3254 4299 3340 4352 ἀεὶ
3360 4298 3617 4359 ὡσαύτως
3635 4298 3775 4366 ἕχον,

539 4406 707 4444 unum
764 4399 817 4445 et
866 4391 1006 4446 idem
1067 4400 1120 4446 et
1161 4391 1245 4446 sui
1311 4390 1485 4446 simile
1553 4397 1657 4454 est,
1716 4390 1859 4443 aliud
1923 4392 2102 4446 abeo

2206 4397 2385 4465 ἕτερόν
2420 4413 2469 4448 τι
2502 4396 2631 4465 παρ’
2657 4396 2682 4447 ὃ
2714 4396 2846 4457 ἑστι,
2883 4392 3145 4462 γίνεσθαι,
3184 4391 3343 4459 φύσιν
3371 4391 3471 4443 οὐκ
3498 4391 3629 4459 ἔχει·
3664 4388 3778 4442 ἀλλ’

539 4483 687 4552 quod
747 4490 832 4538 est
886 4484 1000 4538 fieri
1034 4490 1224 4552 suapte
1272 4490 1466 4536 natura
1514 4497 1619 4536 non
1658 4490 1873 4551 potest;
1928 4482 2102 4537 sedin

540 4576 646 4629 alio
690 4574 905 4644 quidem
933 4590 1053 4630 esse
1100 4583 1310 4645 potest,
1356 4576 1501 4629 aliud
1552 4589 1678 4628 vero
1709 4574 1823 4629 fieri
1874 4591 1977 4628 non
2008 4592 2103 4645 po-

539 4676 661 4723 test.
705 4665 845 4733 Quid
879 4666 1061 4736 igitur,
1108 4674 1168 4719 ut
1208 4666 1534 4736 Apollinaris
1581 4667 1677 4730 ait,
1715 4682 1868 4721 mens
1915 4667 2003 4721 illa
2050 4668 2104 4722 in

540 4761 759 4815 homine
817 4758 959 4813 fuit?
999 4756 1254 4827 Nunquid
1306 4759 1663 4813 immutabilis
1724 4768 1931 4813 natura:
1988 4776 2103 4812 ma-

535 4853 787 4918 jestntem
840 4850 1084 4910 retinuit,
1115 4866 1179 4901 an
1214 4864 1342 4903 vero
1384 4863 1413 4903 e
1459 4847 1677 4903 s‘uhlimi
1728 4848 1819 4901 illo
1865 4856 2006 4903 statu
2036 4849 2102 4903 ad

542 4944 797 4995 humilem
853 4941 1085 4996 transitu
1131 4941 1295 5004 facto,
1346 4940 1417 4992 ita
1459 4937 1708 4993 humana:
1756 4948 1960 4993 natura;
2008 4956 2102 4995 an-

536 5032 734 5100 gustiis
760 5045 821 5085 se
852 5031 1024 5100 ipsam
1070 5030 1311 5095 inclusit,
1338 5040 1393 5082 nt
1424 5037 1625 5098 quanta
1654 5028 1766 5081 haec
1812 5038 1916 5091 est,
1952 5039 2099 5083 tanta

602 5142 649 5174 “
683 5140 703 5197 l
737 5143 862 5197 Cor.
896 5159 984 5207 xv,
1020 5142 1110 5205 20,
1142 5142 1230 5196 22.
1306 5142 1351 5172 ⁸⁸
1382 5142 1509 5195 ibid.
1549 5141 1638 5194 2‘2.
1716 5141 1761 5171 ⁵⁸
1784 5139 1939 5195 Rom.
1969 5158 2041 5204 Vl,
2077 5144 2130 5196 4.

608 5256 717 5327 (49)
738 5255 874 5327 Adv.
900 5258 1020 5327 διχῆ
1056 5273 1200 5311 corr.
1240 5256 1363 5310 add.

608 5326 716 5396 (50)
770 5325 926 5381 Corr.
952 5325 1082 5382 ἀπό.
1119 5327 1238 5381 Mox
1263 5327 1469 5389 addidi,
1514 5341 1680 5381 sensu
1715 5327 1789 5379 ita
1820 5337 2096 5395 poscente,

537 5397 870 5520 prgp.vxattci
901 5414 1021 5466 quae
1054 5416 1147 5469 per
1168 5399 1376 5453 librarii
1402 5412 1646 5452 errorem
1675 5397 1879 5452 omissa
1916 5396 2016 5450 fuit
2045 5398 2099 5451 in

537 5483 600 5519 co
646 5506 659 5519 .
747 5474 819 5520 at.

536 5474 659 5520 cod.
703 5474 819 5520 Vat.

606 5537 720 5606 (51)
745 5535 901 5606 Corr.
935 5538 1234 5600 ἐθέλοντας.

608 5603 719 5672 (52⁷)
750 5603 823 5659 Ita
841 5623 1009 5674 corn;
1030 5618 1208 5669 antea.
1237 5607 1676 5661 συναποθανόντι.

606 5677 718 5739 (53)
740 5676 802 5728 Et
825 5678 937 5730 haec
965 5681 1294 5735 correctoris
1314 5680 1626 5733 emendatio
1647 5686 1751 5742 cst;
1769 5684 1927 5732 antea
1948 5678 2091 5731 enim

533 5756 650 5802 erat
685 5746 1023 5819 ἀκολουθήσῃ

2208 4490 2265 4541 ἑν
2293 4489 2461 4559 ἑτέρῳ
2501 4488 2599 4558 μὲν
2636 4487 2861 4555 γίνεται,
2895 4487 3078 4557 ἕτερον
3106 4485 3161 4538 δὲ
3191 4486 3249 4537 οὑ
3276 4485 3502 4552 γίνεται.
3540 4482 3605 4535 Τί
3634 4478 3726 4536 οὖν
3750 4484 3780 4535 ὁ

2207 4579 2328 4643 νοῦς
2356 4582 2579 4643 ἐκεῖνος.
2627 4579 2806 4642 καθὼς
2848 4580 2876 4630 ὁ
2912 4579 3020 4647 (55)
3063 4578 3428 4647 ’Δπολινάριος
3461 4577 3627 4643 λέγει,
3661 4578 3691 4629 ὁ
3718 4578 3776 4627 ἑν

2205 4669 2473 4741 ἀνθρώπῳ
2527 4670 2851 4740 γενόμενος;
2908 4664 3053 4739 τΑρα
3115 4668 3171 4719 ἑν
3226 4667 3302 4737 τῷ
3364 4665 3633 4736 μεγαλείῳ
3682 4664 3779 4733 τῆς

2205 4758 2577 4829 ἀμεταϐλήτου
2620 4759 2854 4827 διέμεινε
2888 4759 3121 4827 φύσεως,
3163 4757 3197 4828 ἢ
3244 4756 3376 4827 πρὸς
3419 4758 3482 4808 τὸ
3522 4753 3777 4810 ταπεινὸν

2211 4848 2494 4917 πεποίηται
2529 4848 2627 4917 τὴν
2660 4848 3006 4917 μετάστασιν,
3042 4848 3108 4917 τῇ
3149 4844 3243 4898 τοῦ
3279 4844 3613 4916 ἀνθρωπίνου
3644 4844 3778 4915 βρα-

2210 4938 2397 5009 χύτητι
2444 4940 2630 4993 ἑαυτὸν
2674 4938 3108 5010 ὲμπεριγράψας,
3160 4939 3252 4991 καὶ
3298 4938 3420 5000 ὅσος
3450 4932 3602 4999 οὗτος
3636 4939 3777 5000 tat",

2208 5031 2459 5095 τοσοῦτος
2489 5034 2507 5102 (
2512 5031 2599 5102 56)
2628 5033 2874 5095 κάκεῖνος
2907 5032 3228 5102 γενόμενος;
3258 5032 3371 5103 (57)
3428 5032 3636 5084 Οὐκοῦν
3662 5027 3777 5093 ἶσος

2279 5260 2387 5333 (54)
2417 5259 2573 5315 Corr.
2599 5261 2968 5333 ἀμετάϐλητον
2994 5256 3131 5313 εἶναι
3165 5258 3331 5327 λέγει.

2277 5332 2389 5399 (55)
2426 5334 2541 5384 Art.
2576 5348 2718 5384 corr.
2745 5332 2869 5385 add.

2279 5402 2388 5467 (ἠδ)
2426 5403 2583 5456 Corr.
2619 5401 2891 5456 τοσοῦτον.

2278 5473 2387 5541 (57)
2428 5472 2580 5525 llunc
2611 5472 2785 5525 locum
2825 5474 2874 5523 in
2900 5473 3176 5541 cpitomcn
3207 5479 3550 5541 contractum
3601 5485 3777 5537 usque

2207 5541 2271 5613 ad
2304 5539 2393 5594 illa
2428 5542 2610 5613 verba.
2640 5543 2773 5613 πρὸς
2802 5544 2861 5595 τὸ
2891 5539 3266 5611 εὖτελέστερον
3294 5539 3583 5613 ἠλλοιώθη,
3606 5542 3773 5592 refert

2210 5609 2536 5692 Euthymius
2568 5609 2876 5682 Zigabcntts
2910 5615 2961 5667 in
2996 5609 3276 5683 Punopiia,
3307 5628 3429 5683 pag.
3461 5610 3583 5677 529,
3624 5622 3768 5661 νοτε.

2203 5696 2400 5749 primo.
