4020 6504
211 300 340 361 HM

208 417 237 467 6
263 415 600 486 ἀνθρώπινος
641 421 764 488 νοῦς

209 520 371 600 φησιν
400 509 429 562 6
469 509 861 587 Ἀπολινάριος,
907 509 1362 595 νοῦς’ἀνθρώῖτου
1392 527 1425 598 ή
1461 528 1580 584 θεία
1623 531 1785 600 φύσις

209 599 440 690 εγένετο.
473 603 534 656 El
564 603 671 677 γὰρ
702 609 901 677 ὁμοίως
929 612 961 682 ἡ
994 611 1308 687 ἀνθρωπίνη
1351 617 1565 688 δέχεται
1600 599 1783 690 φύσις,

208 687 241 756 ἦ
271 687 361 744 τὸν
390 691 513 745 νοῦν
543 694 634 748 τὸν
665 697 952 770 ἡμέτερον,
985 701 1018 772 ἢ
1055 704 1176 757 ἀντὶ
1217 705 1310 758 τοῦ
1365 687 1456 761 νοῦ
1503 710 1594 764 τὸν
1612 687 1783 778 θεὸν,

212 781 500 876 ίσομεγὲθη
525 786 691 841 ταῦτα
717 789 781 843 ἂν
805 792 890 863 εἴη
917 792 1163 865 ἀλλήλοις
1185 797 1280 850 καὶ
1307 798 1604 867 ίσοστάσια,
1630 804 1786 876 εἴπερ

210 875 267 926 ὲν
366 879 622 946 χωρεῖ-ται
656 881 684 933 6
713 880 856 946 νοῦς,
900 884 956 936 ὲν
987 885 1159 958 τούτῳ
1187 890 1279 942 καὶ
1320 891 1352 960 ἡ
1395 865 1598 965 θεότηςέ
1628 865 1786 966 περι·-

209 965 538 1038 λαμὸἁνοιτο
565 988 578 1002 ·
599 987 606 992 ·
628 972 703 1038 ὡς
743 975 903 1041 εἴτις
931 978 1138 1051 ἀγγείῳ
1164 983 1268 1036 τινὶ
1303 983 1443 1056 κενῷ
1475 986 1588 1056 (58)
1619 965 1786 1056 σῖτον,

209 1057 242 1126 ἢ
278 1057 462 1129 ἕτερόν
489 1079 539 1115 τι
572 1063 678 1115 τῶν
714 1069 1042 1138 σπερμάτων
1084 1072 1442 1146 ἀπομετροίη,
1477 1079 1576 1132 οὐκ
1607 1080 1675 1134 ἄν
1703 1098 1787 1146 τις

206 1146 352 1198 εἴποι
375 1147 435 1200 τὸ
478 1149 556 1220 τῷ
581 1151 730 1223 αὐτῷ
777 1157 960 1228 μέτρῳ
989 1159 1291 1231 ἰσούμενον,
1327 1165 1469 1220 κατά
1516 1168 1579 1221 τὸ
1622 1171 1789 1226 ποσὸν

206 1237 484 1310 διαφέρειν
514 1241 608 1296 τοῦ
642 1245 800 1299 ἄλλου
832 1263 846 1277 ·
889 1245 1006 1315 ῐσος
1034 1253 1142 1324 γάρ
1176 1258 1290 1309 ὲστι
1323 1256 1492 1327 πυρὸς
1520 1261 1639 1325 ταῖς
1666 1261 1791 1316 ὀλύ-

209 1345 354 1400 ραις,
386 1331 516 1385 ὅταν
558 1335 1010 1396 ἀπκενωθέντων
1053 1345 1145 1398 τοῦ
1185 1347 1438 1418 μεδίμνου
1477 1349 1586 1404 τῶν
1616 1361 1789 1426 σπερ-

211 1421 400 1515 μάτωῌν
444 1426 668 1481 ἐκείνων
701 1429 812 1500 (59)
861 1433 1247 1510 ἀντιπληρώσῃ
1280 1439 1341 1492 τὸ
1387 1439 1572 1514 ἕτερον
1604 1421 1788 1515 ἔργον.

207 1509 419 1564 Οὐκοῦν
447 1514 495 1566 εί
521 1515 647 1568 ’ἀντὶ
674 1517 766 1570 τοῦ
793 1519 884 1572 νοῦ
916 1523 946 1593 ἡ
982 1522 1174 1596 θεότης
1208 1509 1439 1596 νίνεται,
1479 1509 1579 1584 οὐκ
1606 1509 1790 1598 ἄν’τις

208 1601 570 1675 ὑπερϐάλλειν
593 1609 738 1663 εἴποι
763 1613 912 1684 παρὰ
943 1616 1033 1670 τὸν
1061 1618 1185 1672 νοῦν
1213 1622 1310 1693 τὴν
1342 1623 1591 1695 θεότητα,
1631 1627 1791 1699 εἴπερ

206 1693 411 1761 ὁμοίως
447 1697 641 1786 ,ἐκείνῳ
673 1707 928 1774 χωρεῖται
960 1708 1052 1761 καὶ
1084 1711 1221 1783 αὐτὴ
1263 1713 1368 1768 ὑπὸ
1414 1693 1514 1786 τῆς
1553 1693 1785 1786 φύσεως.

211 1788 286 1839 "Il
316 1783 407 1842 οὗν
427 1784 545 1853 ϊσός
574 1793 722 1847 ἐστιν
746 1797 774 1849 6
804 1797 926 1863 νοῦς
953 1803 1018 1872 τῇ
1053 1782 1286 1876 θεότητι,
1313 1782 1496 1872 καθὼς
1517 1810 1546 1862 6
1564 1782 1790 1864 -Ἂπολι-
1823 1782 1863 1837 Β

205 1878 396 1950 νάριος
429 1880 696 1951 βούλεται,
732 1887 828 1940 καὶ
869 1889 979 1944 ἀπὸ
1023 1892 1212 1948 τούτου
1257 1897 1393 1968 πρὸς
1424 1899 1599 1956 ἐκεῖνο
1627 1919 1791 1974 μετα-

210 1969 366 2034 στὰς,
397 1971 496 2025 οὐκ
519 1975 783 2050 ἠλλοιώθη
801 1996 816 2011 '
848 1980 880 2051 ἢ
913 1983 1332 2059 καταδεέστερον
1359 1992 1386 2044 6
1411 1990 1535 2054 νοῦς
1559 1969 1712 2065 παρά
1733 1995 1794 2048 τὸ

208 2060 389 2128 Θεῖον,
423 2067 451 2119 6
495 2067 651 2122 τοῦτο
685 2069 796 2140 (60)
848 2073 905 2140 ἐξ
941 2075 1150 2139 ἐκείνου
1193 2081 1515 2152 γενόμενος,
1567 2060 1702 2155 προς
1733 2087 1794 2140 τὸ

206 2157 587 2231 εὐτελέστερον
616 2163 902 2236 ἠλλοιώθη.
947 2167 1107 2222 Ἀλλά
1136 2171 1217 2234 τίς
1240 2174 1340 2227 οὐκ
1369 2171 1508 2228 οἶδεν
1540 2177 1623 2230 ὅτι
1653 2179 1794 2232 κατά

121 2261 123 2263 ί
205 2247 271 2300 τδ
291 2245 405 2300 ἶσον
435 2250 740 2322 ὓποϐἐὸηκε
771 2257 836 2325 τῇ
866 2256 1141 2331 ἀπροσίτῳ
1163 2278 1222 2314 τε
1249 2263 1342 2316 καὶ
1359 2263 1792 2338 ἀπροσπελάστῳ

207 2337 372 2405 φύσει
405 2340 514 2414 (61)
569 2345 676 2398 πᾶν
722 2347 783 2398 τὸ
828 2349 884 2404 ἐν
928 2351 992 2422 τῇ
1030 2351 1202 2406 κτίσει
1231 2354 1537 2426 νοούμενον,
1568 2357 1642 2424 ὡς
1671 2337 1793 2432 ἴσην

203 2427 310 2500 τὴν
341 2430 452 2502 (62)
503 2435 728 2506 τροπὴν,
776 2436 877 2492 κᾶν
905 2442 985 2504 είς
1026 2443 1249 2514 κτίσμα,
1290 2445 1393 2500 κᾶν
1421 2447 1502 2512 είς
1545 2447 1668 2502 νοῦν
1709 2427 1793 2514 τις

206 2519 360 2590 λέγοι
387 2525 821 2598 μεταϐεϐλῆσθαι
850 2529 910 2583 τὸ
926 2530 1109 2594 Θεῖον;
1137 2534 1298 2589 Ὥστε
1326 2537 1374 2589 εί
1398 2536 1458 2590 τὸ
1487 2538 1546 2592 ὲν
1579 2539 1654 2610 νῷ
1678 2539 1790 2609 (63)

205 2612 462 2681 γενέσθαι
504 2619 713 2690 τροπὴν
763 2621 792 2673 ὁ
846 2622 1215 2696 Ἀπολινάριος
1260 2627 1376 2697 (64)
1430 2629 1530 2682 οὐκ
1597 2629 1789 2696 οἴεται,

206 2704 333 2758 οὐδὲ
379 2706 438 2760 τὸ
487 2706 608 2779 δίχα
658 2709 896 2778 διανοίας
944 2717 1343 2788 καταμιχθῆναι
1386 2719 1464 2790 τῷ
1497 2721 1790 2793 ἀνθρώπῳ,

210 2807 630 2874 προσμαρτυρεῖ
651 2805 730 2877 τῷ
760 2809 1118 2879 ἀνακραθὲντι
1156 2813 1216 2865 τὸ
1257 2813 1636 2869 ἀναλλοίωτον·
1669 2818 1789 2872 ἀλλ’

208 2894 371 2964 εἴπερ
403 2895 513 2968 (65)
542 2896 641 2951 οὐκ
667 2898 951 2970 ἠλλοιώθη,
984 2901 1120 2973 σὰρξ
1149 2904 1458 2975 γενόμενος,
1494 2907 1628 2961 πολὺ
1656 2909 1793 2978 μᾶλο

208 2987 304 3040 λον
326 2988 384 3039 ὲν
408 2987 484 3058 τῷ
507 2989 760 3060 ἀτρέπτῳ
788 2991 1042 3060 διέμεινε,
1077 2993 1171 3045 καὶ
1198 2994 1332 3065 πρὸς
1355 2995 1446 3049 τὸν
1478 2996 1602 3050 νοῦν
1635 3015 1791 3069 ποιη-

210 3078 450 3148 σάμενος
477 3079 573 3150 τὴν
603 3080 922 3152 ἀνάκρασιν.
954 3084 1015 3136 Εί
1044 3083 1100 3137 δὲ
1125 3084 1201 3155 τῷ
1221 3087 1278 3138 ὲν
1301 3084 1375 3156 νῷ
1390 3087 1639 3154 γενέσθαι
1656 3106 1790 3143 κατ-
1817 3144 1862 3166 η

208 3169 406 3238 ηγορεῖ
460 3168 558 3240 τὴν
583 3170 810 3241 τροπὴν,
841 3170 935 3223 καὶ
960 3172 992 3243 ὴ
1025 3172 1161 3242 πρὸς
1187 3172 1285 3244 τὴν
1314 3154 1492 3246 σάρκα
1519 3177 1789 3242 οἰκείωσις
1816 3154 1861 3204 υ

207 3260 313 3313 οὐκ
353 3259 611 3330 ἐκφεύγει
659 3262 874 3327 πάντως
905 3263 1004 3336 τὴν
1043 3264 1373 3337 κατηγορίαν
1420 3266 1521 3338 τῆς
1561 3267 1786 3322 ἀλλοιώ-

215 3369 377 3415 σεως.

1419 315 1789 376 ADVEIISUS
1825 321 2338 382 APOLLINAREM.

3338 348 3475 401 I962

807 423 923 480 ἐστι
969 428 1034 500 τῇ
1081 428 1327 517 θεότηξι,
1377 435 1554 507 εἴπερ,
1612 437 1794 502 καθώς

1896 451 1949 496 et
2018 445 2133 513 ipsa
2203 447 2485 504 evaserit?
2525 450 2693 522 Igitur
2741 454 3014 512 divinitati
3091 460 3317 531 aequalis
3389 473 3474 518 est

1890 551 2045 591 mens
2078 537 2335 606 humana,
2378 541 2447 604 si,
2492 545 2950 612 quemadmodum
3001 549 3078 604 ait
3112 551 3470 622 Apollinaris.

1889 641 2044 683 mens
2100 628 2339 686 hominis
2377 632 2519 687 facta
2564 643 2646 688 est
2694 636 2877 692 divina
2937 649 3152 698 natura.
3208 641 3265 698 Si
3320 645 3468 699 enim

1889 732 2142 787 perteque
2193 720 2430 776 humana
2467 731 2664 778 natura
2697 727 2778 780 vel
2811 737 3060 786 nostram
3107 741 3348 790 mentem
3383 739 3473 790 vel

1889 811 2090 865 mentis
2149 811 2268 865 loco
2332 812 2499 869 Deum
2545 819 2758 888 recipit,
2808 824 3181 892 magnitudine
3229 828 3472 896 mquales

1889 913 1954 954 ac
1999 916 2158 972 pares
2190 904 2336 960 inter
2371 921 2429 962 se
2466 918 2652 964 essent
2681 910 2938 970 divinitas
2974 925 3027 970 et
3069 933 3222 972 mens
3279 919 3474 974 huma-

1891 1003 1982 1054 na,
2017 993 2457 1064 quandoquidem
2499 999 2554 1052 in
2603 1015 2669 1054 eo
2717 1004 2859 1071 ιιιιοιΙ
2915 1016 3152 1062 mentem
3204 1011 3352 1079 capit
3396 1012 3475 1065 di-

1891 1083 2090 1140 vinitas
2141 1101 2358 1158 quoque
2400 1093 2792 1149 contineretur.
2852 1094 3028 1153 Veluti
3079 1100 3126 1154 si
3185 1102 3308 1171 quis
3347 1118 3474 1158 vase

1891 1173 2074 1245 aliquo
2103 1191 2278 1233 vacuo
2325 1178 2662 1238 frumentum
2721 1188 2806 1242 vel
2864 1189 3158 1260 quodpiam
3207 1193 3350 1246 aliud
3382 1211 3472 1250 se-

1891 1279 2014 1320 men
2055 1267 2393 1335 dimetiatur,
2429 1287 2588 1328 nemo
2621 1275 2808 1346 utique
2842 1278 3043 1333 dixerit
3096 1280 3148 1334 id
3202 1283 3348 1351 quod
3381 1299 3474 1338 ea-

1890 1357 2012 1413 dem
2046 1375 2303 1417 mensura
2335 1373 2582 1436 aequatur
2611 1369 2916 1438 quantitate
2960 1373 3028 1426 ab
3069 1373 3179 1428 alio
3210 1374 3473 1444 dill'erre;

1891 1451 2101 1519 aequale
2133 1453 2281 1507 enim
2321 1463 2406 1510 est
2464 1457 2796 1514 frumentum
2846 1477 3049 1526 avenae,
3085 1477 3209 1517 cum
3242 1479 3474 1519 evacua—

1892 1546 1981 1595 tus
2039 1541 2146 1599 illis
2197 1547 2498 1605 seminibus
2549 1551 2798 1619 modius,
2847 1555 2915 1609 ad
2975 1555 3121 1610 aliud
3187 1572 3325 1628 opus
3374 1557 3473 1613 ad-

1893 1631 2132 1689 hibetur.
2175 1635 2342 1708 Igitur
2370 1639 2416 1694 si
2443 1642 2642 1699 mentis
2678 1645 2856 1699 locum
2917 1646 3180 1704 divinitas
3211 1661 3469 1720 occupat.

1894 1738 2054 1778 nemo
2097 1730 2286 1797 utique
2332 1730 2533 1785 dixerit
2586 1733 2924 1791 divinitatem
2985 1752 3164 1795 mente
3205 1742 3474 1798 excellen-

1894 1815 2087 1871 tiorem
2137 1833 2280 1884 esse,
2316 1835 2441 1875 cum
2495 1823 2654 1878 istam
2693 1827 2918 1896 perinde
2960 1843 3024 1882 ac
3075 1831 3221 1884 illam
3272 1831 3462 1885 Imma-

1892 1919 1964 1959 na
1999 1916 2193 1962 natura
2247 1912 2452 1981 capiat.
2530 1912 2627 1968 Vel
2687 1916 2850 1986 igitur
2898 1919 3126 1988 aequalis
3176 1927 3260 1975 est
3320 1935 3472 1975 mens

1893 1994 2200 2062 divinitati,
2244 2009 2304 2054 ut
2343 2002 2678 2072 Apollinaris
2733 2015 2943 2074 censet,
2984 2016 3039 2064 et
3088 2025 3118 2064 e
3172 2025 3273 2066 suo
3328 2019 3473 2065 statu

1892 2088 1949 2142 in
1998 2089 2142 2142 illam
2194 2106 2458 2149 conversa
2488 2135 2502 2158 ,
2549 2108 2658 2150 non
2710 2097 2992 2154 immutata
3031 2100 3175 2167 fuit;
3229 2102 3311 2156 vel
3343 2102 3475 2157 divi-

1893 2177 2061 2234 nitate
2096 2195 2251 2236 mens
2303 2190 2389 2240 est
2435 2185 2691 2252 inferior,
2745 2196 2799 2242 et
2850 2189 2993 2260 quod
3053 2189 3110 2245 in
3160 2207 3279 2246 eam
3341 2207 3474 2247 con-

1893 2285 2085 2326 versus
2131 2281 2215 2326 est
2261 2274 2315 2328 in
2370 2277 2612 2332 deterius
2663 2287 2748 2335 est
2819 2289 3236 2338 commutatum.
3304 2284 3472 2354 Atqui

1892 2362 2106 2418 cunctis
2140 2373 2328 2419 notum
2368 2376 2451 2423 est
2499 2377 2696 2424 natura
2732 2371 2823 2424 illa
2858 2388 3024 2442 quam
3095 2388 3257 2432 nemo
3309 2376 3474 2429 attin-

1891 2469 2017 2523 gere
2051 2465 2146 2508 aut
2177 2471 2396 2527 aequare
2446 2469 2656 2530 potest,
2685 2462 2965 2520 inferioris
3007 2481 3162 2534 aeque
3201 2466 3473 2521 conditio-

1893 2546 1980 2602 nis
2018 2561 2142 2603 esse
2187 2550 2454 2621 quidquid
2519 2553 2573 2607 in
2619 2563 2932 2611 ereatarum
2992 2571 3174 2612 rerum
3241 2573 3474 2614 numero

1893 2633 2148 2700 habetur,
2196 2639 2267 2694 ita
2315 2649 2375 2694 ut
2421 2657 2518 2712 par
2561 2643 2634 2698 sit
2662 2646 2912 2710 mutatio,
2950 2647 2997 2701 si
3037 2649 3161 2717 quis
3192 2646 3360 2703 Deum
3393 2649 3472 2703 vel

1894 2727 1950 2782 in
1982 2728 2222 2786 hominis
2250 2740 2511 2797 mentem,
2545 2735 2629 2789 vel
2654 2734 2707 2788 in
2738 2735 2903 2789 aliam
2935 2752 3318 2807 quamcunque
3360 2753 3471 2792 rem

1895 2827 2133 2874 creatam
2206 2830 2476 2876 mutatum
2556 2824 2728 2881 fuisse
2819 2826 3190 2881 allirmaverit.
3265 2828 3472 2892 Quam-

1891 2909 2078 2964 obrem
2104 2912 2151 2966 si
2197 2927 2263 2967 ex
2310 2913 2638 2984 Apollinaris
2691 2918 2984 2984 sententia,
3054 2933 3159 2973 non
3230 2926 3474 2972 mutatur

1895 3003 2188 3068 divinitas,
2222 3003 2351 3060 dum
2387 3006 2636 3062 humana:
2679 3009 2880 3062 mentis
2912 3009 3092 3063 locum
3133 3009 3319 3074 subit,
3347 3024 3473 3080 pro-

1870 3093 2038 3150 Iecto
2068 3111 2166 3151 nec
2207 3098 2370 3152 etiam
2423 3100 2742 3162 mutabitur,
2787 3101 2832 3155 si
2877 3116 3002 3155 cum
3039 3102 3259 3157 homine
3286 3110 3472 3156 mente

1896 3183 2156 3239 destituto
2188 3186 2585 3258 eonjungatur;
2613 3190 2707 3245 sed
2733 3191 2777 3245 si
2813 3189 3050 3248 Verbum
3077 3206 3207 3246 caro
3266 3190 3469 3244 factum

1897 3289 2007 3328 non
2035 3284 2300 3331 mutatum
2345 3277 2470 3342 fuit,
2524 3281 2696 3335 multo
2731 3282 2901 3352 magis
2946 3281 3292 3336 immutatum
3346 3297 3471 3350 per-

1901 3367 2122 3431 mansit,
2158 3367 2289 3422 dum
2323 3371 2490 3424 menti
2525 3373 2873 3428 eommistum
2907 3374 3030 3428 fuit.
3067 3373 3225 3441 Quod
3260 3374 3307 3429 si
3351 3389 3473 3426 mu-

213 3443 480 3498 tationem
519 3443 631 3500 lieri
679 3461 742 3500 cx
780 3461 846 3501 eo
889 3447 1136 3520 arguitur
1185 3448 1330 3520 quod
1381 3449 1437 3506 in
1473 3450 1669 3506 mentis
1717 3451 1896 3509 locum
1944 3457 2334 3526 substituatur,
2374 3461 2624 3516 eamdem
2661 3477 2894 3533 prorsus
2936 3464 3292 3519 mutationem
3334 3462 3470 3526 fieri,

205 3556 283 3594 ex
332 3556 398 3596 eo
441 3541 585 3612 quod
627 3557 846 3598 carnem
893 3544 998 3599 sibi
1042 3545 1415 3616 copulaverit,
1468 3547 1763 3602 constabit.

289 3678 412 3731 Ἔτι
434 3680 565 3748 φησὶ
596 3681 685 3748 (τὰ
711 3680 820 3750 γὰρ
848 3682 904 3735 ὲν
928 3680 1007 3752 τῷ
1041 3681 1189 3753 μέσῳ
1215 3683 1474 3755 παρίημι)
1502 3702 1516 3715 ·
1553 3689 1621 3740 EI
1647 3688 1797 3756 μετὰ

213 3765 334 3836 τὴν
360 3767 701 3824 ἀνάστασιν
723 3772 867 3836 Θεὸς
893 3769 1118 3841 γέγονε,
1142 3772 1242 3826 καὶ
1273 3774 1472 3828 οὐκέτι
1498 3776 1670 3831 ἐστὶν
1694 3778 1794 3830 ἄνα

215 3861 471 3929 θρωπος,
503 3857 630 3924 πῶς
677 3859 808 3922 Υἱὸς
834 3859 945 3929 (66)
993 3861 1099 3915 τοῦ
1128 3862 1446 3930 ἀνθρώπου
1474 3865 1803 3921 ἀποστελεῖ

213 3947 362 4014 τοὺς
388 3947 683 4018 ἀγγέλους
706 3950 927 4014 αὐτοῦ;
959 3950 1065 4005 Καί
1091 3950 1219 4018 πῶς
1239 3953 1505 4023 ὀψόμεθα
1525 3955 1630 4010 τὸν
1659 3957 1797 4011 Υίὸν

213 4041 325 4095 τοῦ
349 4039 662 4110 ἀνθρώπου
690 4041 1017 4111 ἐρχόμενον
1037 4041 1137 4096 ἐπὶ
1159 4042 1278 4096 τῶν
1303 4043 1612 4114 νεφελῶν;
1663 4047 1795 4116 Πῶς

215 4131 287 4184 δὲ
324 4131 423 4185 καί
464 4129 608 4197 πρὶν
649 4130 966 4201 θωθῆναι,
1011 4131 1113 4187 καὶ
1154 4133 1564 4204 ἀποθεωθῆναι
1591 4137 1753 4207 λέγει
1777 4155 1790 4168 ⁸

221 4244 244 4275 ι
279 4223 423 4292 Ἐγὼ
463 4222 560 4276 καί
590 4225 623 4276 ὁ
660 4222 866 4291 Πατὴρ
902 4223 976 4279 ἓν
1014 4225 1231 4294 ἐσμεν;
1262 4245 1283 4278 ι
1332 4226 1516 4281 Ταῦτα
1546 4227 1795 4294 διέξεισιν

216 4317 446 4379 ἐκεῖνος,
484 4314 572 4368 διὰ
611 4315 720 4368 τῶν
754 4315 1054 4387 εἰρημένων
1093 4319 1512 4384 κατασκευάζων
1543 4319 1677 4391 (67),
1712 4323 1795 4377 ὅτι

215 4405 370 4460 οὐδὲν
398 4404 534 4476 πρὸς
564 4405 624 4458 τὸ
655 4404 926 4476 θειότερον
953 4408 985 4477 ἠ
1021 4405 1116 4460 τοῦ
1157 4408 1408 4479 σώματος
1446 4409 1604 4478 φύσις
1665 4429 1794 4482 μετ-

222 4494 456 4565 εποιήθη
483 4509 496 4523 ’
545 4494 658 4548 ἀλλ’
683 4495 764 4548 ὃτι
792 4497 919 4568 περὶ
943 4497 1106 4551 αὐτὸν
1130 4499 1188 4550 αἱ
1211 4498 1415 4570 τρίχες,
1445 4503 1492 4553 οἱ
1518 4501 1728 4572 ἤνυχες,
1763 4503 1799 4576 ἡ

221 4586 410 4660 μορφὴ
439 4586 572 4658 (68),
610 4587 672 4640 τὸ
704 4590 908 4659 σχῆμα,
940 4591 974 4660 ἡ
1015 4588 1107 4643 τοῦ
1132 4591 1296 4660 ὄγκου
1327 4593 1664 4666 περιγραφὴ,
1703 4599 1801 4651 καὶ

290 4773 339 4805 ⁸⁵
373 4771 566 4827 Matth.
594 4788 741 4836 xxiv,
773 4773 862 4840 50,
895 4772 983 4828 51.
1063 4773 1110 4803 ⁸⁸
1141 4770 1302 4826 Joan.
1352 4789 1408 4840 κ,
1445 4773 1537 4828 50.

299 4973 412 5045 (58)
435 4971 514 5045 Ita
545 4973 860 5045 necessario
891 4972 1020 5028 mihi
1058 4971 1349 5044 legendum
1379 4971 1624 5038 videtur,
1673 4970 1802 5027 licet

223 5050 279 5102 iu
300 5043 423 5101 eod.
451 5043 573 5114 Vat.
605 5043 677 5098 sit
704 5045 894 5114 καινῷ.

299 5117 415 5186 (59)
438 5113 560 5186 (Vox
593 5114 815 5168 ἐκείνων
842 5112 988 5170 corr.
1027 5112 1154 5186 add.

299 5118 390 5186 (59
449 5118 560 5168 Vox
593 5118 815 5168 ἐκείνων
842 5128 988 5170 corr.
1027 5118 1154 5167 add.

286 5118 415 5310 ((6οζ
436 5185 508 5240 Ita
538 5199 711 5248 corr.;
745 5186 886 5240 male
909 5195 1066 5239 antea
1089 5185 1116 5236 6
1138 5183 1364 5248 τούτους
1390 5183 1484 5238 sed
1506 5181 1794 5252 legendum

324 5265 448 5310 etur
479 5255 572 5308 καὶ
602 5254 777 5307 τοῦτο.

223 5254 448 5312 videtur
479 5255 572 5308 καὶ
602 5254 777 5307 τοῦτο.

297 5328 412 5392 (61)
444 5325 603 5380 Corr.
633 5325 729 5396 τὴν
771 5325 1064 5396 ἀπρόσιτον
1100 5341 1159 5377 τε
1211 5325 1304 5378 καὶ
1345 5326 1796 5396 ἀπροσπέλαστον

224 5415 410 5450 ιουσΝ.

225 5431 592 5552 Υυῑϐἓμξοῐτ.
627 5466 750 5538 ῐσην
773 5461 908 5552 εἶναι
932 5466 1051 5552 τῇν.
1084 5535 1096 5552 ’
1172 5527 1201 5552 τ

303 5538 417 5617 (65)
449 5538 524 5619 Ιμι
550 5535 878 5618 corr.'male.
896 5544 1052 5590 antea
1081 5535 1137 5586 ἐν
1166 5535 1230 5603 ᾧ.
1327 5604 1362 5619 Δ.
1497 5605 1508 5619 Ι
1585 5604 1618 5619 ,Δ
1743 5607 1754 5619 ο

303 5607 416 5674 (64)
461 5607 640 5662 Locus
684 5608 787 5662 iste
835 5607 953 5662 sine
996 5615 1130 5675 part.
1186 5604 1434 5675 negativa
1497 5604 1694 5674 legitur
1743 5607 1797 5662 in

235 5679 360 5733 cod.
391 5677 552 5744 Vat.;
612 5678 707 5734 srd
755 5692 876 5730 eam
923 5677 1234 5731 necessario
1295 5677 1382 5728 hic
1429 5677 1795 5746 reponendum

236 5765 380 5817 esse,
415 5765 522 5805 non
558 5748 722 5804 modo
752 5748 1094 5818 subsequens
1119 5746 1300 5802 statim
1329 5750 1542 5816 negatio
1567 5747 1794 5813 indicat,
1864 5771 1866 5773 -

1963 3683 2126 3739 LVII.
2167 3683 2432 3742 Praeterea
2463 3689 2638 3759 inquit
2674 3691 2839 3761 (nam
2863 3708 2986 3762 quae
3012 3693 3067 3747 in
3115 3693 3294 3748 medio
3320 3707 3469 3762 sunt,

1893 3781 2320 3846 prmtermitto):
2367 3779 2428 3834 Si
2453 3792 2570 3849 post
2637 3785 3074 3838 resurrectionem
3109 3785 3250 3839 Deus
3305 3792 3470 3843 evasit

1891 3875 1941 3919 et
1991 3883 2093 3920 non
2127 3868 2361 3936 amplius
2415 3869 2568 3925 homo
2621 3881 2722 3934 est,
2784 3873 3045 3942 quomodo
3093 3871 3268 3927 Filius
3302 3877 3473 3930 Immi-

1893 3955 1976 4009 uis
2013 3955 2179 4009 mittet
2209 3958 2423 4027 angelos
2453 3975 2575 4012 suos
2603 3962 2628 4015 1’
2658 3958 2725 4012 Et
2757 3960 3017 4029 quomodo
3048 3963 3346 4018 videbimus
3379 3962 3472 4018 Fi-

1893 4045 2024 4099 lium
2080 4045 2308 4102 hominis
2362 4051 2645 4104 venientem
2694 4054 2748 4104 in
2800 4051 3025 4106 nubibus
3053 4055 3169 4107 τιειὶ
3196 4056 3243 4086 ⁸⁸
3270 4056 3293 4108 ?
3325 4055 3471 4121 Quo-

1891 4138 2045 4191 modo
2097 4140 2258 4193 etiam
2311 4142 2616 4209 priusquam
2671 4159 2803 4196 unus
2877 4160 2996 4196 cum
3067 4144 3174 4200 Deo
3224 4147 3391 4214 fieret,
3421 4159 3470 4201 et

1891 4227 2247 4299 deiﬁcarelur,
2300 4234 2424 4286 ait:
2476 4232 2589 4304 Ego
2648 4244 2698 4288 et
2748 4233 2910 4288 Pater
2960 4252 3124 4288 unum
3174 4254 3357 4291 sumus
3382 4238 3475 4293 “3

1892 4320 2019 4377 Haec
2066 4323 2155 4378 ille
2205 4332 2265 4378 ut
2311 4333 2541 4390 astruat,
2608 4325 2830 4379 humani
2885 4327 3134 4394 corporis
3218 4334 3469 4382 naturam

1893 4415 2202 4471 nullatenus
2245 4417 2299 4470 in
2366 4417 2538 4488 magis
2601 4416 2848 4471 divinum
2913 4417 3203 4486 quemdam
3273 4424 3473 4472 statum

1907 4507 2214 4572 transiisse,
2245 4503 2342 4559 sed
2383 4523 2627 4580 ungues,
2689 4508 2953 4578 capillos,
3014 4509 3274 4578 ﬁguram,
3311 4509 3470 4564 habi-

1906 4606 2019 4653 tum
2077 4602 2381 4672 molemque
2443 4603 2711 4672 corporis,
2773 4601 3009 4672 denique
3073 4608 3304 4658 caeteras
3361 4601 3477 4658 sive

1908 4969 2003 5027 sed
2051 4979 2161 5026 tota
2224 4969 2455 5044 Nysseni
2515 4974 2943 5043 argumentatio.
2999 4987 3063 5028 ac
3125 4974 3471 5044 potissimum

1902 5050 2178 5115 postrema
2212 5045 2333 5111 ejus
2358 5059 2513 5115 pars,
2546 5052 2732 5112 aperte
2755 5044 3016 5115 declarat.

1969 5112 2084 5183 (65)
2106 5113 2182 5167 Ita
2215 5112 2547 5168 corrfantea
2575 5115 2634 5177 ὃς
2664 5113 2913 5182 ἐπείπερ.

1969 5183 2080 5266 «5.92
2294 5183 2670 5266 πῶςέγεάςκ
2954 5252 2988 5266 ..
3310 5254 3346 5266 ..

1971 5254 2083 5323 (67)
2119 5257 2177 5308 In
2211 5271 2383 5324 marg.
2416 5253 2538 5309 Vat.
2571 5252 2693 5307 cod.
2737 5266 2899 5324 manu
2937 5252 3152 5309 diversa
3181 5269 3208 5306 a
3249 5254 3466 5324 reliquo

1900 5333 2072 5388 textu,
2099 5325 2192 5378 sed
2233 5323 2426 5405 veteri.
2457 5325 2526 5376 ad
2573 5325 2718 5405 hunc
2766 5323 2962 5405 locum.
3005 5325 3176 5403 lector
3219 5323 3474 5405 monetur

1899 5395 1987 5450 his
2013 5396 2214 5466 verbis,
2257 5393 2692 5466 Enpsiwsatﬁrt
2734 5392 2795 5444 τὸ
2844 5392 3006 5466 ῥητὸν
3058 5393 3215 5466 τοῦτο
3259 5395 3470 5461 πειραὶ..

1901 5483 2107 5518 σευται.
2159 5463 2578 5542 Νοιαίζάίεριιηι
2641 5465 2736 5516 hoc
2786 5463 3045 5542 [alsatum
3090 5465 3284 5542 fuisse:
3340 5470 3469 5542 Quae

1896 5539 2061 5590 verba
2093 5538 2160 5590 de
2180 5535 2511 5603 Apollinaris
2540 5549 2638 5599 ne,
2673 5549 2740 5588 an
2786 5531 3019 5605 Nysseni
3069 5531 3223 5588 textu
3253 5533 3475 5587 intelli-

1897 5606 2069 5678 gentia
2102 5607 2232 5667 sint.
2259 5605 2470 5678 ignoro.

1969 5677 2078 5746 (68)
2107 5678 2260 5732 Corr.
2293 5676 2326 5745 ή
2350 5675 2548 5746 τροφή.
