4020 6542
477 338 609 391 1265

1730 343 1785 394 S.
1833 342 2158 398 GREGURII
2192 343 2488 401 NYSSENI
3603 353 3744 407 1264

469 455 772 510 exteriores
798 455 911 510 sive
938 455 1233 511 interiores
1250 455 1494 526 ejusdem
1513 459 1762 528 corporis
1787 468 1969 529 partes
1998 462 2053 515 in
2084 499 2094 523 λ

2200 463 2225 516 ὶ
2257 463 2437 527 λοιπά,
2480 463 2743 534 δηλονότι,
2790 466 2890 517 ὅσα
2920 481 2977 517 τε
3010 465 3326 536 φαινόμενα,
3370 468 3462 518 καὶ
3494 467 3596 519 ὅσα
3628 467 3745 537 (69)

473 544 696 598 Christo
721 544 901 599 adhuc
945 546 1262 601 immutatas
1290 562 1633 616 permanere.
1662 547 1773 620 Ego
1801 565 1933 605 vero
1955 568 2065 607 non

2200 572 2224 606 ε
2261 554 2466 623 κρύφια
2510 554 2615 606 τῶν
2647 555 2829 624 μερῶν
2854 555 2963 608 τῶν
2995 556 3088 609 τοῦ
3122 554 3386 625 σώματος.
3431 555 3575 620 Ἐγὼ
3601 557 3659 610 δέ
3690 558 3750 608 τὸ

474 646 728 704 oportere
758 637 981 691 humilia
1006 636 1141 693 adeo
1165 646 1325 707 atque
1353 638 1564 708 abjecta
1594 640 1662 695 de
1697 640 1809 696 Deo
1831 642 2066 712 opinari,

2200 643 2267 695 ιὲν
2303 644 2375 713 μὴ
2415 643 2525 715 (70)
2570 643 2678 698 δεῖν
2720 643 2892 708 οὕτως
2943 646 3248 717 χαμαιριφῆ
3292 646 3385 698 καὶ
3433 645 3751 716 χαμαίζηλα

477 726 729 795 pluribus
756 728 987 796 probare
1013 744 1474 799 supervacaneum
1506 730 1761 798 arbitror,
1787 748 1909 787 cum
1934 749 2071 803 ipse-

2170 739 2295 807 περὶ
2318 737 2407 789 τὸν
2434 736 2563 790 Θεὸν
2594 738 2812 802 ἐννοεῖν,
2850 737 3099 806 περιττὸν
3134 737 3377 807 ἡγοῦμαι
3406 737 3550 807 λόγῳ
3580 753 3753 790 κατα-

479 825 590 871 rnet
622 818 1057 873 adversariorum
1114 835 1313 883 sermo,
1360 836 1523 890 quam
1570 825 1811 879 absurda
1854 826 1926 880 sit
1952 827 2067 880 haec

2170 828 2545 892 σκευάζεσθαι,
2578 828 2741 882 αὐτοῦ
2767 828 2860 882 τοῦ
2890 829 3001 898 (7|)
3028 828 3135 881 τῶν
3164 829 3421 882 ἐναντίων
3449 828 3633 895 λόγου,
3658 829 3754 880 καὶ

482 910 752 964 sententia
787 910 963 979 palam
1018 910 1202 966 faciat.
1256 908 1459 966 Verum
1509 928 1579 967 ne
1616 913 1801 969 divina
1851 917 2068 986 eloquia

484 1001 551 1054 ad
590 999 786 1055 fabulae
820 999 989 1069 hujus
1023 1001 1406 1057 confictionem
1463 1003 1740 1072 quidpiam
1791 1005 1894 1061 sibi
1936 1021 2071 1060 con-

485 1090 630 1147 ferre
661 1101 904 1157 censeat,
940 1091 1196 1147 brevibus
1253 1095 1467 1163 singula
1500 1110 1727 1164 quaeque
1756 1097 1874 1165 ejus
1912 1098 2061 1151 dicta

486 1202 827 1258 percurram.
901 1186 1207 1251 Quoniam,
1260 1186 1364 1249 ait,
1416 1188 1510 1256 qui
1559 1188 1615 1241 in
1666 1189 1906 1245 universi
1939 1204 2071 1244 con-

491 1279 860 1335 summatione
917 1280 1140 1348 angelos
1182 1278 1370 1343 mittit,
1416 1276 1588 1334 Filius
1637 1279 1877 1334 hominis
1931 1280 2073 1335 diei-

492 1381 613 1436 tur,
688 1371 813 1424 hine
884 1370 1213 1424 credendum
1265 1384 1389 1425 esse
1430 1376 1586 1437 putat
1647 1370 1800 1425 illum
1863 1372 1921 1426 in
2005 1371 2074 1426 iis

492 1479 616 1533 quae
678 1464 918 1517 humano
974 1464 1191 1533 corpori
1265 1462 1485 1532 propria
1548 1472 1711 1528 sunt,
1796 1477 2072 1533 nunquam

496 1572 606 1611 non
656 1571 779 1611 esse
834 1572 930 1625 per
985 1564 1153 1611 totam
1190 1556 1564 1623 ‘mternitatem
1615 1569 2070 1625 permansurum;

422 1692 425 1693 ν
480 1663 598 1702 nec
661 1647 942 1718 Evangelii
995 1648 1285 1703 verborum
1343 1648 1735 1713 meminit,-in
1780 1662 1888 1719 quo
1945 1649 2077 1701 mul-

498 1740 663 1795 toties
729 1740 984 1795 Christus
1044 1738 1309 1794 Dominus
1358 1754 1453 1795 ore
1511 1741 1731 1811 proprio
1772 1738 1942 1794 Deum
1976 1740 2073 1808 qui

2168 921 2233 973 δι’
2268 921 2458 974 ἑαυτοῦ
2484 920 2581 990 τὴν
2608 920 2837 975 ἀτοπίαν
2870 923 3256 993 κηρύσσοντος.
3300 920 3388 984 Ὠς
3410 920 3454 971 δ’
3489 920 3557 973 ἀν
3586 918 3663 988 μὴ
3687 920 3757 970 τά

2170 1013 2291 1066 θεῖα
2319 1012 2475 1081 λόγια
2504 1015 2783 1083 συνεργεῖν
2829 1012 2977 1084 αὐτῷ
3004 1006 3139 1084 πρὸς
3175 1013 3274 1082 τὴν
3307 1012 3632 1077 μυθοποιϊαν
3667 1010 3756 1060 λο-

2170 1105 2393 1172 γίζοιτο,
2421 1105 2508 1157 διὰ
2535 1105 2779 1174 βραχέων
2808 1105 3038 1159 ἕκαστον
3067 1105 3174 1157 τῶν
3197 1104 3504 1174 εἰρημένων
3529 1102 3756 1171 διαδρα-

2175 1195 2377 1265 μοῦμαι
2412 1194 2546 1264 (7'2).
2619 1194 2856 1265 Ἐπειδὴ,
2920 1194 3103 1265 φησὶν,
3156 1196 3214 1247 ἐν
3258 1196 3323 1263 τῇ
3359 1192 3642 1261 συντελείᾳ.
3661 1192 3757 1243 τοῦ

2174 1285 2370 1348 παντὸς
2401 1285 2429 1336 6
2458 1286 2580 1348 τοὺς
2620 1285 2883 1353 ἀγγέλους
2928 1283 3273 1337 ἀποστέλλων
3306 1285 3432 1347 Υἱὸς
3466 1282 3760 1354 ἀνθρώπου

2172 1379 2408 1445 λέγεται,
2453 1375 2540 1429 διὰ
2567 1375 2724 1429 τοῦτο
2756 1376 2917 1447 μέχρι
2953 1376 3153 1438 παντὸς
3187 1376 3358 1428 οῖεται
3405 1376 3514 1428 δεῖν
3559 1378 3617 1427 ἐν
3647 1379 3761 1435 τοῖς

2174 1466 2531 1537 ἀνθρωπίνοις
2554 1464 2571 1534 Ῐ
2592 1466 2703 1533 (75)
2732 1466 2892 1518 αὐτὸν
2922 1463 3193 1536 ίδιώμασι]
3257 1463 3535 1517 πιστεύειν
3572 1459 3716 1517 εἶναι
3746 1479 3761 1494 ·

2175 1561 2268 1613 καὶ
2317 1560 2378 1612 οὐ
2431 1558 2703 1629 μέμνηται
2749 1557 2845 1626 τῆς
2888 1556 2981 1609 τοῦ
3014 1556 3342 1624 Εὑαγγελίου
3378 1558 3584 1625 φωνῆς,
3625 1555 3762 1608 ὅπου

2176 1647 2441 1718 πολλαχοῦ
2486 1647 2575 1701 διὰ
2621 1646 2729 1699 τῶν
2762 1646 2904 1700 ίδίων
2936 1648 3108 1715 λόγων
3146 1650 3174 1701 6
3219 1647 3441 1716 Κύριος,
3473 1646 3764 1717 ἄνθρωπον

2177 1740 2268 1793 τὸν
2316 1741 2408 1793 ἐπὶ
2452 1738 2670 1793 πάντων
2700 1738 2832 1791 Θεὸν
2876 1738 3282 1807 κατωνόμασεν.
3333 1737 3660 1808 Ἀνθρωπος
3695 1732 3766 1807 ἦν

500 1838 586 1885 est
621 1846 786 1902 super
809 1832 993 1886 omnia
1018 1831 1087 1894 ⁸⁷,
1124 1830 1398 1891 hominem
1433 1831 1934 1901 appellavitﬁomo
1962 1837 2080 1884 erat

2200 1830 2589 1901 ιίκοδεσπότης,
2638 1829 2667 1881 6
2713 1832 2823 1892 τοῖς
2854 1832 3117 1897 γεωργοῖς
3146 1830 3236 1882 τὸν
3267 1829 3566 1899 ἀμπελῶνα
3609 1828 3763 1881 ἐκδό-

503 1922 917 1991 paterfamilias,
974 1923 1066 1993 qui
1110 1923 1325 1982 vineam
1373 1924 1628 1994 agricolis
1654 1923 1873 1990 locavit,
1915 1933 1970 1978 et
2002 1922 2079 1975 l'a-

504 2021 593 2068 cta
648 2028 933 2068 servorum
991 2013 1182 2080 caede,
1244 2014 1582 2084 unigenitum
1641 2029 1858 2084 quoque
1910 2014 2078 2068 lilium

506 2120 665 2159 suum
720 2105 903 2170 misit,
953 2120 1114 2174 quem
1155 2104 1316 2160 iidem
1363 2106 1615 2177 agricola:
1656 2113 1811 2160 extra
1868 2107 2080 2160 vineam

506 2195 789 2263 ejicientes
830 2194 1242 2249 occiderunt”.
1283 2194 1483 2264 Ecquis
1523 2194 1628 2249 fuit
1684 2194 1849 2250 homo
1876 2194 1965 2248 ille
1990 2194 2082 2262 qui

508 2286 679 2341 ﬁlium
718 2286 1058 2355 unigenitum
1109 2284 1302 2340 misit?
1336 2284 1538 2354 Ecquis
1596 2284 1758 2339 etiam
1814 2282 1918 2338 fuit
1946 2282 2087 2337 ﬁlius

507 2376 599 2431 ille
640 2375 733 2446 qui
788 2384 944 2431 extra
995 2376 1211 2432 vineam
1244 2385 1473 2432 necatus
1533 2375 1679 2430 fuit?
1709 2374 1853 2442 Quin
1902 2384 1957 2430 et
1985 2376 2088 2430 sub

508 2470 657 2526 illius
708 2471 970 2541 parabola
1038 2471 1131 2542 qui
1174 2471 1282 2525 tilio
1335 2470 1552 2540 nuptias
1625 2469 1847 2533 fecit”,
1908 2484 2091 2523 nonne

509 2564 657 2619 hunc
689 2564 907 2634 ipsum,
972 2574 1229 2635 tanquam
1304 2563 1615 2629 hominem,
1669 2561 1953 2633 Scriptura
1997 2562 2093 2616 de-

513 2657 749 2711 scribit?
805 2656 947 2723 Quid
988 2657 1033 2713 si
1081 2657 1389 2712 diceremus
1432 2656 1711 2711 Christum
1764 2670 1954 2711 eorum
2009 2653 2095 2707 in-

515 2750 755 2805 ﬁrmitati
807 2751 1227 2813 consulturum,
1265 2748 1360 2819 qui
1417 2748 1524 2804 sibi
1576 2748 1713 2818 ipsis
1741 2748 1972 2802 similem
2039 2747 2095 2799 in

515 2857 580 2897 eo
618 2851 874 2897 naturam
906 2841 1293 2913 despicientes,
1337 2840 1404 2895 ad
1453 2842 1573 2909 ejus
1612 2840 1949 2895 divinitatem
1975 2855 2098 2894 cre-

517 2930 751 2986 dendam
808 2931 991 2985 induci
1045 2946 1154 2985 non
1199 2930 1715 2999 poterant,idcirco
1749 2928 1948 2984 Filium
2004 2930 2100 2984 ho-

520 3021 685 3075 minis
720 3022 775 3075 in
807 3021 1002 3075 ultimo
1031 3020 1240 3090 judicio
1272 3019 1568 3074 missurum
1612 3019 1832 3090 angelos
1869 3018 2097 3083 dixisse,

2186 1938 2364 1993 μενος,
2409 1923 2438 1974 6
2470 1921 2609 1991 μετά
2646 1920 2745 1989 τὴν
2785 1919 2894 1972 τῶν
2937 1919 3163 1973 οἰκετῶν
3207 1919 3505 1990 ἀναίρεσιν,
3550 1919 3647 1971 καὶ
3676 1918 3770 1969 τὸν

2186 2012 2448 2082 μονογενῆ
2497 2009 2661 2064 αὑτοῦ
2692 2010 2817 2064 Υίὸν
2856 2010 3202 2073 ἀποστείλας,
3252 2010 3310 2063 ὃν
3352 2010 3675 2071 ἐκϐαλόντες
3720 2010 3771 2060 oi.

2183 2104 2418 2173 γεωργο)⁵
2449 2103 2553 2167 ἔξω
2578 2102 2671 2155 τοῦ
2701 2102 3019 2172 ἀμπελῶνος
3046 2100 3347 2170 φονεύουσι.
3384 2100 3479 2163 Τίς
3504 2101 3561 2153 δέ
3592 2100 3775 2168 ὑπῆρ-

2186 2212 2279 2266 χεν
2305 2196 2508 2258 ἐκεῖνος
2535 2196 2564 2247 ό
2595 2192 2875 2265 ἄνθρωπος
2904 2193 2933 2245 6
2963 2194 3050 2246 τὸν
3080 2194 3343 2263 μονογενῆ
3376 2192 3636 2262 πέμψαςς
3673 2191 3771 2253 Τίς

2188 2289 2244 2341 δὲ
2290 2290 2318 2341 6
2362 2287 2466 2351 ἔξω
2496 2286 2589 2339 τοῦ
2634 2286 2957 2355 ἀμπελῶνος
2990 2286 3268 2355 φονευθεὶς
3308 2285 3452 2349 υἱός;
3501 2286 3559 2337 '0
3593 2285 3649 2337 δὲ
3679 2283 3777 2335 τοῦ

2191 2378 2308 2433 υίοῦ
2327 2380 2452 2442 τοὺς
2472 2379 2681 2449 γάμους
2696 2378 3092 2440 ἐπιτελῶν,οὑκ
3111 2376 3272 2438 αὐτὸς
3288 2375 3654 2446 ἀνθρωπικῶς
3671 2374 3781 2426 ὑπὸ

2190 2469 2284 2524 τοῦ
2315 2471 2484 2538 Λόγου
2502 2469 2792 2525 διεσκευάσ
2804 2468 2868 2538 θη
2892 2486 2907 2533 ;
2930 2468 2991 2520 Εἰ
3021 2468 3077 2519 δὲ
3094 2466 3199 2539 χρὴ
3224 2467 3316 2520 καὶ
3340 2465 3550 2537 τοῦ[το]
3578 2467 3778 2527 εἰπεῖν,

2192 2563 2273 2615 ὅτι
2322 2560 2531 2631 βοηθῶν
2573 2564 2640 2631 τῇ
2689 2558 2940 2630 ἀσθενείᾳ
2987 2558 3095 2611 τῶν
3148 2557 3633 2628 καταφρονούντων
3679 2558 3782 2625 τῆς

2193 2652 2524 2725 ὁμοιοειδοῦς
2553 2653 2733 2715 αὐτοῖς
2762 2651 2973 2720 φύσεως
2995 2692 3011 2716 ,
3062 2650 3156 2703 καὶ
3188 2650 3276 2703 διὰ
3304 2649 3457 2702 τοῦτο
3489 2649 3783 2701 πιστεῦσαι

2196 2746 2359 2800 αὐτοῦ
2388 2748 2453 2816 τῇ
2486 2746 2701 2816 θεότητι
2734 2746 2809 2816 μὴ
2838 2745 3150 2815 δυναμένων
3171 2783 3186 2808 ,
3238 2746 3310 2809 ὡς
3347 2745 3412 2798 ἂν
3453 2744 3690 2815 μάλιστα
3724 2742 3786 2793 τὸ

2198 2838 2394 2909 χαῦνον
2435 2838 2534 2905 τῆς
2574 2837 2812 2900 διανοίας
2843 2837 3022 2891 αὐτῶν
3051 2836 3130 2907 τῷ
3175 2837 3325 2907 φόϐῳ
3367 2836 3673 2898 συστείλας,
3706 2836 3788 2897 εἰς

2201 2931 2381 2982 πίστιν
2426 2928 2714 2990 τονώσειε,
2764 2928 2897 2998 φησὶ¹
2937 2926 2998 2980 τὸ
3046 2926 3195 2999 παρά
3237 2926 3331 2980 τοῦ
3380 2924 3511 2978 Υἱοῦ
3556 2924 3653 2977 τοῦ
3689 2925 3788 2976 ἀν-

2201 3020 2419 3093 θρώπου
2448 3021 2574 3083 τοὺς
2600 3018 2863 3088 ἀγγέλους
2892 3021 2949 3072 ἐν
2974 3020 3040 3089 τῇ
3072 3018 3253 3089 κρίσει
3286 3016 3624 3086 πέμπεσθαι,
3655 3015 3723 3066 ἵν’
3754 3016 3789 3084 ἡ

521 3126 632 3182 quo
668 3111 970 3167 imbecilles
1022 3110 1378 3181 inlirmasque
1413 3125 1604 3166 eorum
1643 3117 1852 3165 mentes
1906 3110 2094 3165 timore

2204 3110 2313 3164 τῶν
2344 3108 2589 3181 φοὸερῶν
2614 3107 2908 3179 προσδοκία
2936 3107 3033 3177 τὴν
3068 3106 3204 3177 πρὸς
3233 3105 3292 3158 τὸ
3319 3105 3645 3175 φαινόμενον
3688 3104 3788 3156 αὺ-

522 3212 807 3273 eorreptas
859 3205 914 3257 in
949 3203 1052 3259 fide
1102 3207 1425 3269 roboraret,
1454 3218 1518 3257 ac
1563 3203 1893 3258 terribilium
1924 3218 2105 3258 rerum

523 3297 929 3368 exspectatione
982 3294 1297 3350 eorumdem
1351 3293 1497 3349 circa
1540 3308 1634 3356 ea,
1693 3308 1813 3363 qua:
1888 3293 2115 3347 suismet

527 3391 702 3447 oculis
753 3387 1126 3458 aspiciebant,
1175 3384 1547 3440 incredulitati
1607 3384 1965 3439 mederetur?
2012 3383 2114 3437 Sed

528 3493 579 3537 ct
612 3480 871 3545 videbitis,
931 3479 1143 3548 inquit,
1180 3476 1381 3531 Filium
1437 3476 1665 3529 hominis
1716 3476 1997 3529 venientem
2063 3476 2117 3526 iu

531 3573 755 3628 nubibus
789 3570 1053 3625 caelicum
1111 3570 1301 3622 virtute
1368 3566 1537 3619 multa
1591 3574 1641 3620 et
1698 3567 1975 3634 majestate
2049 3566 2115 3616 °“.

534 3665 650 3721 Hoc
684 3677 819 3719 sane
870 3660 1113 3731 apprime
1158 3658 1418 3714 convenit
1471 3671 1597 3712 cum
1661 3656 1731 3712 iis
1787 3672 1908 3726 qua:
1961 3665 2118 3711 antea

534 3754 865 3811 tradidimus
916 3755 1031 3809 sive
1083 3752 1150 3808 de
1206 3750 1429 3806 homine
1460 3750 1556 3805 illo
1595 3749 1690 3820 qui
1720 3749 1934 3805 vineam
1973 3749 2121 3819 plan-

542 3849 693 3911 tavit,
721 3856 776 3903 et
812 3846 880 3902 de
932 3844 1043 3900 alio
1081 3843 1301 3899 homine
1344 3842 1439 3913 qui
1491 3841 1603 3895 tilio
1649 3855 1751 3897 suo
1793 3841 2012 3910 nuptias
2046 3838 2122 3894 fe-

538 3942 653 4017 cit,
692 3940 807 3996 sive
838 3938 906 3994 de
954 3951 1119 3993 sensu
1164 3950 1325 4006 quem
1366 3934 1477 3989 illis
1530 3934 1828 4003 Scriptura:
1861 3933 1996 3987 locis
2027 3931 2123 3984 tri-

539 4032 633 4088 bui
675 4030 874 4085 debere
928 4026 1236 4083 docuimus.
1286 4022 1428 4089 Quin
1477 4029 1532 4076 et
1588 4021 1964 4091 evangelicum
2015 4035 2126 4075 sor-

541 4134 759 4175 monem
803 4132 1147 4189 nequaquam
1184 4114 1411 4183 objecta:
1450 4112 1578 4167 huic
1617 4111 1949 4182 Apollinaris
2006 4108 2121 4179 Opi-

542 4212 695 4270 nioni
744 4210 959 4275 favere,
1011 4225 1184 4279 neque
1236 4223 1337 4263 nos
1381 4207 1439 4261 in
1495 4221 1616 4262 eam
1662 4206 1995 4260 sententiam
2031 4203 2126 4256 ad-

546 4303 769 4365 ducere,
821 4311 878 4356 ut
918 4315 1239 4370 corporeum
1294 4298 1573 4368 quidpiam
1619 4297 1672 4350 in
1736 4295 1960 4351 Christo
2004 4310 2126 4349 esse

549 4408 869 4449 censeamus
897 4433 910 4455 ,
963 4408 1029 4446 ex
1066 4407 1129 4445 eo
1182 4392 1330 4444 clare
1364 4390 1774 4445 demonstratur
1823 4386 1968 4457 quod
2006 4392 2127 4455 post

2214 3202 2321 3255 τῶν
2367 3201 2622 3256 ἀπιστίαν
2675 3199 3083 3270 θεραπεύσειεν.
3154 3196 3338 3252 Ἀλλὰ
3388 3200 3488 3251 καὶ
3540 3198 3791 3266 ὄψεσθε,

2215 3311 2289 3365 φη
2301 3294 2372 3358 ei,
2404 3293 2511 3346 τὸν
2529 3292 2661 3345 Υὶὸν
2693 3291 2797 3344 τοῦ
2831 3289 3146 3359 ἀνθρώπου
3178 3289 3504 3358 ἐρχόμενον
3535 3289 3635 3343 ἐπὶ
3676 3288 3797 3342 τῶν

2216 3384 2489 3454 νεφελῶν
2538 3384 2645 3437 τοῦ
2677 3382 2938 3450 οὐρανοῦ
2958 3381 3107 3451 μετὰ
3139 3380 3325 3447 δόξης
3356 3380 3456 3434 καὶ
3485 3379 3797 3449 δυνάμεως

2217 3474 2472 3543 πολλῆς.
2521 3473 2632 3530 Καὶ⁸
2663 3472 2818 3527 τοῦτο
2851 3473 3065 3542 συνᾴδει
3097 3475 3208 3535 τοῖς
3250 3472 3794 3542 προαποδεδομένοις,

2216 3570 2326 3622 εἴτε
2353 3568 2559 3622 ἐκείνου
2592 3567 2685 3620 τοῦ
2714 3564 2998 3636 ἀνθρώπου
3030 3564 3122 3617 τοῦ
3151 3563 3241 3617 τὸν
3264 3564 3559 3635 ἀμπελῶνα
3605 3563 3800 3633 φυτεύο

2221 3676 2430 3722 σαντος,
2476 3657 2686 3712 καὶτὸν
2716 3655 2891 3726 γάμον
2923 3655 3003 3725 τῷ
3050 3654 3163 3726 (74)
3221 3654 3322 3725 υἱῷ
3366 3653 3799 3718 ἐπιτελέσαντος,

2221 3753 2331 3806 εἴτε
2371 3749 2514 3804 κατά
2555 3750 2654 3820 τὴν
2705 3747 3169 3819 προαποδοθεῖσαν
3216 3746 3477 3800 διάνοιαν.
3550 3746 3666 3799 Καὶ
3726 3746 3805 3796 ὅτι

2221 3846 2396 3914 πάντη
2446 3844 2543 3913 τῆς
2588 3841 2847 3911 ταπεινῆς
2880 3839 2974 3893 τοῦ
3017 3838 3391 3909 Ἀπολιναρίου
3426 3836 3748 3907 ὑπολήψεως
3779 3836 3809 3887 6

2221 3936 2379 4004 λόγος
2426 3934 2789 4003 ἀπήλλακται,
2842 3933 2937 3985 καὶ
2968 3932 3080 4001 (75)
3135 3932 3288 3984 οὐδὲν
3334 3930 3645 3999 σωματικὸν
3683 3931 3809 3997 περὶ

2222 4026 2381 4081 αὑτὸν
2411 4027 2607 4078 ἐννοεῖν
2647 4025 2676 4077 ό
2718 4023 2959 4086 τοιοῦτος
3004 4022 3315 4076 ὑποτίθεται
3350 4022 3525 4090 λόγος,
3565 4021 3742 4090 σαφὴς
3774 4022 3807 4088 ἡ

2223 4118 2493 4184 ἀπόδειξις
2524 4119 2587 4170 ἐκ
2617 4115 2708 4168 τοῦ
2739 4114 3093 4186 προσκεῖσθαι
3120 4114 3200 4184 τῷ
3218 4115 3381 4184 λόγῳ,
3402 4114 3481 4184 τῷ
3508 4113 3607 4183 τὴν
3634 4114 3811 4182 ἐμφά-

2223 4229 2370 4267 νειαν
2399 4210 2562 4264 αὑτοῦ
2613 4208 2711 4279 τὴν
2741 4211 2833 4263 ἐπὶ
2860 4208 3004 4261 τέλει
3032 4208 3144 4261 τῶν
3171 4209 3381 4261 αἰώνων
3416 4208 3695 4278 μηνύοντι,
3730 4206 3809 4256 ὅτι

2228 4299 2383 4368 ἐντῇ
2408 4299 2557 4366 δόξῃ
2580 4298 2686 4352 τοῦ
2714 4299 2943 4366 Πατρός
2977 4297 3165 4352 αὐτοῦ
3198 4299 3496 4369 ὀφθήσεται
3538 4298 3604 4365 τῇ
3635 4296 3811 4347 κτίσει

2226 4395 2253 4445 ὁ
2282 4390 2506 4461 Κύριος,
2546 4389 2619 4454 ὡς
2649 4390 2893 4460 ἀνάγκην
2938 4384 3075 4442 εἶναι
3121 4390 3227 4443 τῶν
3273 4389 3579 4459 εἰρημένων
3612 4386 3748 4454 (76),
3776 4388 3810 4454 ἦ

552 4499 859 4541 sermonem
910 4482 1062 4536 illum
1109 4497 1218 4552 quo
1264 4482 1385 4551 ejus
1446 4481 1499 4535 in
1544 4480 1650 4535 iine
1683 4479 2003 4534 saeculorum
2037 4492 2094 4545 ap

2200 4488 2206 4521 ⁵
2235 4484 2327 4537 καὶ
2356 4483 2445 4535 τὸν
2486 4482 2708 4553 Πατέρα
2738 4481 2980 4551 νομίζειν
3020 4481 3383 4551 ἀνθρωπικῶς
3410 4478 3812 4536 διεσκευάσθαι,

554 4575 753 4646 paritio
784 4573 1156 4643 significatur,
1188 4576 1374 4628 statim
1415 4573 1705 4643 subjiciat,
1738 4580 1968 4626 cunctos
2000 4580 2093 4623 tun

2228 4572 2315 4627 ἴνα
2341 4575 2369 4627 6
2393 4572 2532 4627 κατὰ
2555 4573 2615 4625 τὸ
2642 4572 2979 4643 ἀνθρώπινον
3010 4572 3197 4643 σχῆμα
3224 4570 3549 4641 φαινόμενος
3578 4568 3727 4631 Υἱὸς,
3754 4571 3814 4619 ὲν

551 4666 772 4721 visuros
818 4679 940 4720 esse
979 4662 1265 4718 Dominum
1310 4662 1363 4714 in
1412 4660 1579 4731 gloria
1623 4662 1804 4716 Patris
1837 4660 1922 4712 sui
1959 4661 2040 4727 ⁶¹;
2073 4677 2094 4714 c

2228 4668 2294 4737 τῇ
2314 4665 2408 4718 τοῦ
2435 4664 2645 4736 Πατρὺς
2675 4663 2934 4734 φαίνηται
2968 4664 3095 4736 δόξῃ
3113 4680 3128 4694 ·
3159 4663 3191 4732 ἢ
3223 4664 3379 4734 εἴπερ
3402 4660 3682 4733 καθαρεύῃ
3704 4660 3814 4724 (77)

553 4774 617 4815 ex
670 4757 837 4812 dictis
870 4755 1183 4813 necessario
1227 4753 1563 4810 censendum
1614 4755 1723 4818 sit,
1785 4754 1867 4807 vel
1915 4752 2094 4807 Patren

2233 4758 2413 4826 πάσης
2444 4758 2679 4828 μορφῆς,
2725 4760 2781 4811 ἐν
2820 4758 2950 4811 εἴδει
2988 4757 3385 4828 θεωρουμένης,
3418 4758 3450 4824 ὴ
3484 4754 3582 4824 τῆς
3617 4769 3815 4819 πατρι-

552 4865 773 4920 quoque
827 4850 1061 4904 humana
1095 4845 1379 4916 praeditum
1430 4861 1553 4902 esse
1601 4846 1811 4909 forma,
1854 4854 1911 4899 ut
1966 4845 2094 4899 Filio

2234 4850 2337 4918 κῆς
2374 4847 2530 4920 δόξης
2562 4850 3024 4922 μεγαλοπρέπεια,
3081 4848 3211 4919 μηδὲ
3247 4848 3409 4900 αὑτὸν
3455 4842 3817 4914 ἀνθρωπικῶς

558 4942 647 5011 qui
701 4942 755 4995 in
818 4941 995 5010 specie
1062 4939 1301 4992 humana
1372 4937 1643 4993 videndus
1698 4946 1818 5001 est,
1859 4939 1911 4991 in
1961 4938 2094 5008 glori

2240 4941 2693 5011 σχηματίζεσθαι,
2742 4942 2835 4994 τὸν
2881 4942 2941 4995 ὲν
2985 4945 3051 5013 τῇ
3100 4939 3193 4993 τοῦ
3240 4938 3449 5009 Πατρός
3485 4935 3817 5005 ὀφθήσεσθαι

563 5035 734 5088 Patris
782 5039 1083 5104 appareat;
1132 5031 1215 5088 vel
1270 5031 1317 5086 si
1361 5038 1604 5101 paternae
1639 5029 1825 5099 gloriae
1876 5032 2094 5099 majesta

2239 5034 2363 5106 δόξῃ
2397 5035 2882 5105 ἐπαγγελλόμενον.
2922 5035 3087 5104 Ἀλλη
3118 5034 3225 5105 γάρ
3246 5032 3371 5097 δόξα
3393 5030 3699 5102 ἀνθρώπου,
3722 5030 3820 5080 καὶ

568 5139 885 5196 ιυεοιιηιιιιε
944 5124 1116 5179 forma
1149 5131 1243 5180 aut
1291 5122 1474 5194 specie
1512 5119 1715 5177 visibili
1760 5129 1949 5185 caret,
1979 5122 2094 5176 fate:

2243 5120 2375 5191 ἀλλη
2415 5122 2539 5188 δόξα
2575 5123 2667 5176 τοῦ
2696 5123 2789 5174 ἐπὶ
2815 5122 3028 5176 πάντων
3059 5121 3210 5175 Θεοῦ.
3273 5121 3478 5186 Ἀλλὰ,
3518 5120 3671 5190 φησὶ,
3720 5118 3819 5171 διὰ

628 5279 674 5312 ⁸⁷
708 5279 865 5334 Rom.
903 5295 977 5347 ix,
1033 5281 1087 5335 5.
1161 5280 1207 5358 φ’
1253 5277 1443 5331 Matth.
1483 5292 1595 5341 χει,
1648 5276 1717 5331 '55
1749 5291 1868 5345 sqq.
1945 5278 1990 5308 ⁵³
2024 5276 2094 5330 ili:

2203 5320 2214 5331 .
2254 5283 2458 5347 “11,2.
2537 5281 2580 5310 ⁸⁸
2611 5280 2796 5333 Matth.
2831 5294 2978 5342 xvlv,
3013 5279 3099 5333 50.
3144 5281 3185 5310 ⁶¹
3222 5279 3409 5335 Matth.
3450 5295 3561 5347 va,
3589 5279 3678 5332 27.

630 5417 744 5485 (69)
768 5418 927 5490 gorr.
957 5421 1049 5473 καὶ
1080 5419 1179 5474 ὅσα
1205 5420 1431 5490 κρύφια.

633 5490 752 5626 (70)
776 5487 1155 5546 Necessariam
1197 5487 1339 5560 part.
1369 5490 1678 5557 negativam
1715 5504 1861 5546 corr.
1895 5492 2021 5545 add.

638 5561 720 5626 (7-l
784 5560 902 5617 Art.
934 5577 1155 5626 quoque
1193 5560 1284 5614 τοῦ
1309 5575 1456 5615 corr.
1487 5560 1612 5614 add.

638 5560 752 5627 (7|)
784 5560 902 5631 Art.
934 5577 1155 5631 quoque
1193 5560 1284 5631 τοῦ
1309 5575 1456 5615 corr.
1487 5560 1612 5614 add.

633 5631 746 5703 ('72)
780 5630 1411 5703 βοηζέπιδραμοῦμαι.

636 5701 897 5771 (75)ί[)ιιο
916 5704 1029 5756 hrec
1059 5701 1223 5756 verba
1260 5702 1483 5771 uncinis
1504 5702 1718 5759 inclusa
1748 5717 1895 5758 corr.
1929 5702 2055 5757 add.

636 5770 841 5838 (uilla
864 5788 1030 5838 corr;
1062 5773 1198 5827 male
1232 5780 1387 5827 antea
1419 5770 1495 5841 τῷ
1529 5772 1676 5846 αὐτῷ
1708 5773 2138 5839 ἐπιτελέσαντος.

2313 5424 2425 5494 (75)
2451 5422 2572 5494 llaec
2595 5420 2825 5492 Nysseni
2848 5424 3009 5494 verba
3033 5438 3097 5477 eo
3123 5422 3281 5476 modo
3297 5439 3356 5476 su
3368 5433 3425 5494 nt
3446 5420 3821 5494 intelligenda,

2242 5491 2353 5566 quo
2379 5491 2718 5566 superius’in
2746 5494 2901 5566 notis,
2921 5493 2986 5546 ad
3010 5508 3133 5566 cap.
3158 5509 3289 5566 prun,
3318 5493 3483 5562 hujus
3516 5491 3701 5566 operis
3737 5492 3817 5542 si-

2244 5564 2672 5663 milliamej‘usderp
2698 5564 2862 5663 verba
2894 5564 3118 5663 iptelligi
3139 5564 3335 5619 debere
3373 5564 3706 5617 monuimus.

2317 5634 2427 5702 (76)
2453 5635 2609 5689 Corr.
2640 5634 2743 5704 διὰ(
2759 5633 2864 5684 τῶν
2884 5633 3215 5704 εἰρημένων,

2321 5706 2432 5775 (77)
2472 5704 2628 5760 Corr.
2656 5703 2967 5773 καθαρεύει.
