4020 6502
206 365 343 421 1265

1359 360 1733 417 ADVERSUS
1765 361 2285 415 APOLLINAREM.

3327 366 3465 423 1:265

202 480 429 549 σαρκὸς
472 478 888 547 διαλεγόμενος
919 477 1040 544 τοῖς
1094 476 1447 545 ἀνθρώποις,
1493 476 1583 531 ὅτι
1625 478 1773 547 Ἐγὼ

1894 477 2041 533 :tiam
2096 476 2359 533 debemus
2402 475 2597 532 Filium
2661 479 2897 534 humana
2958 497 3139 550 specu:
3174 482 3464 554 ﬁguratum

204 571 305 625 καὶ
351 574 384 623 ό
416 567 617 636 Πατὴρ
647 568 716 621 ἒν
770 569 976 636 ἐσμεν.
1033 562 1095 619 Ὢ
1129 568 1226 638 τῆς
1271 568 1453 631 ἀνοίας
1509 567 1603 620 τοῦ
1646 569 1779 622 ἀπό-

201 661 367 726 δειξιν
391 660 614 722 οἴεσθαι,
643 658 740 713 ἀνθ
752 660 995 730 ρωπικὴν
1016 657 1177 712 αὑτοῦ
1204 658 1339 729 μετὰ
1367 658 1540 713 ταῦτα
1562 661 1777 730 γενήσε-

204 753 329 807 σθαι
355 751 453 822 τὴν
491 751 811 821 ἐμφάνειαν,
844 750 905 803 τὸ
932 752 1104 803 εἰπεῖν
1123 792 1137 814 ,
1196 750 1282 802 διὰ
1313 750 1514 822 σαρκὸς
1546 750 1778 819 φθεγγό-

206 862 366 915 μενον
397 844 487 896 τὸν
516 843 716 913 Κύριον
746 843 802 895 ἓν
834 838 967 895 εἶναι
1000 843 1133 912 πρὸς
1166 843 1255 896 τὸν
1287 842 1504 912 Πατέρα
1530 844 1542 895 ί
1571 841 1777 897 Οὐκοῦν

202 937 294 989 διὰ
317 937 521 989 τούτων
555 938 768 997 πάντως
793 935 1190 998 κατασκευάζει
1220 934 1297 1005 τῷ
1324 934 1488 1004 λόγῳ,
1530 934 1588 987 τὸ
1621 937 1779 1006 ἀκρι-

205 1027 317 1089 ϐῶς
346 1029 403 1080 ὲν
436 1028 598 1097 σαρκὶ
627 1026 834 1079 καὶτὸν
887 1026 1103 1098 Πατέρα
1152 1024 1269 1096 ζῇν.
1330 1027 1391 1078 EE
1426 1025 1533 1097 γὰρ
1559 1028 1587 1079 ὁ
1612 1026 1779 1079 εἰπὼν

204 1121 262 1174 ἓν
290 1116 426 1174 εἶναι
457 1120 569 1189 (78)
612 1120 801 1173 ἑαυτὸν
844 1117 978 1189 πρὸς
1024 1116 1114 1170 τὸν
1143 1118 1379 1188 Πατέρα,
1429 1118 1490 1171 οὐ
1538 1119 1680 1172 κατά
1721 1118 1782 1171 τὸ

207 1212 595 1282 πνευματικὸν,
646 1210 781 1265 ἀλλὰ
827 1210 967 1264 κατά
1015 1209 1077 1262 τὸ
1118 1208 1479 1279 ἀνθρώπινον,
1529 1210 1709 1275 καθὼς
1753 1212 1782 1263 ὁ

219 1302 593 1373 Ἀπολινάριος
621 1302 813 1365 οἴεται,
849 1304 989 1355 νοεῖν
1036 1301 1343 1355 ὑποτίθεται
1389 1301 1486 1373 τὴν
1532 1303 1781 1374 ἑνότητα,

204 1392 316 1461 ἄρα
346 1391 501 1445 τοῦτό
530 1392 676 1444 ἐστιν
704 1393 732 1444 ὁ
760 1390 968 1459 Πατὴρ,
1004 1390 1140 1460 ὅπερ
1170 1391 1287 1442 τότε
1329 1390 1469 1443 κατὰ
1496 1390 1782 1462 ἄνθρωπον

204 1486 233 1535 ὁ
268 1482 394 1546 Υἱὸς
422 1483 650 1553 ἑωρᾶτο.
695 1480 852 1534 Ἀλλὰ
884 1481 988 1551 μὴν
1013 1480 1118 1544 ἔξω
1145 1481 1322 1551 πάσης
1351 1481 1669 1553 σωματικῆς
1698 1484 1783 1535 ὲν-

1882 584 1990 623 non
2062 583 2208 637 esse,
2251 584 2412 638 quem
2467 572 2521 622 in
2593 571 2765 639 gloria
2838 571 3018 628 Patris
3082 576 3465 645 appariturum

1880 658 2165 729 Scriptura
2205 660 2528 728 pollicetur;
2562 660 2665 714 alia
2694 670 2779 717 est
2816 665 2961 718 enim
3002 666 3172 735 gloria
3196 668 3463 734 hominis,

1878 756 1933 804 et
2002 750 2107 804 alia
2139 750 2311 821 gloria
2366 750 2504 817 Dei,
2557 753 2651 824 qui
2698 761 2783 809 est
2838 770 3005 825 super
3063 760 3268 813 omnia.
3322 759 3461 826 Sed,

1879 839 2080 910 inquit,
2110 857 2200 909 per
2231 859 2444 898 carnem
2475 844 2710 899 homines
2745 846 3011 903 allocutus
3041 860 3153 915 est,
3185 850 3311 905 dum
3344 854 3461 907 ait:

1881 930 1991 1002 Ego
2029 944 2077 986 et
2117 934 2282 988 Pater
2340 951 2503 988 unum
2531 952 2712 990 sumus
2735 937 2801 991 ⁸².
2840 937 2884 992 Ο
2921 939 3251 995 dementiam
3284 942 3457 998 homi-

1880 1026 1967 1079 nis
2027 1028 2119 1095 qui
2177 1028 2453 1082 Christum
2486 1029 2541 1083 in
2599 1027 2702 1085 (ine
2748 1030 2933 1085 saaculi
3006 1031 3245 1086 humana
3288 1034 3463 1090 forma

1882 1119 2259 1187 appariturum
2317 1135 2383 1174 ex
2431 1134 2497 1175 eo
2549 1119 2919 1176 demonstrari
2973 1130 3127 1193 putat
3176 1126 3321 1194 quod
3403 1126 3462 1181 in

1881 1224 2047 1264 carne
2082 1211 2294 1279 positus
2326 1209 2564 1266 dixerit:
2601 1209 2714 1281 Ego
2761 1222 2809 1265 et
2854 1212 3022 1267 Pater
3051 1230 3211 1269 unum
3244 1218 3464 1271 sumus!

1883 1299 2025 1369 Ergo
2082 1316 2179 1355 sua
2237 1300 2337 1354 hac
2393 1301 2811 1357 ratiocinatione
2874 1318 3101 1373 prorsus
3176 1307 3464 1360 conﬁrmat

1882 1389 2096 1446 Patrem
2146 1406 2362 1461 quoque
2416 1392 2473 1446 in
2519 1406 2685 1448 carne
2734 1394 2893 1463 plane
2959 1397 3161 1451 vivere.
3202 1395 3261 1451 Si
3311 1398 3457 1452 enim

1882 1483 1976 1551 qui
2036 1482 2115 1535 ait
2162 1497 2221 1537 se
2271 1482 2449 1552 ipsum
2500 1499 2669 1537 unum
2728 1500 2854 1540 esse
2906 1501 3030 1540 cum
3085 1486 3283 1551 Patre,
3340 1488 3468 1541 uni-

206 1574 355 1637 νοίας
368 1573 430 1627 τὸ
450 1573 736 1643 Θεῖονοάρα
761 1573 822 1625 οὐ
850 1572 988 1627 κατά
1003 1571 1063 1625 τὸ
1079 1570 1416 1643 ἀνθρώπινον
1439 1572 1666 1643 σχῆμαὴ
1691 1572 1781 1627 τοῦ

1894 1582 2048 1629 tatem
2096 1574 2245 1627 illam
2296 1589 2406 1629 non
2461 1574 2775 1646 spirituali,
2840 1577 2944 1649 sed
2986 1576 3226 1631 humano
3266 1576 3459 1636 modo.

206 1665 341 1719 Υἱοῦ
372 1665 508 1737 πρὸς
535 1664 625 1718 τὸν
676 1664 896 1734 Πατέρα
940 1663 1134 1727 ἓνωσις
1174 1658 1265 1733 ἦν,
1313 1661 1450 1716 ἀλλά
1501 1663 1643 1716 κατά
1685 1664 1783 1736 τὴν

1894 1674 1943 1720 ut
2006 1665 2336 1736 Apollinaris
2386 1675 2596 1729 censet,
2628 1667 3035 1738 intelligendam
3096 1681 3218 1723 esse
3254 1666 3463 1737 signiti-

206 1757 495 1813 κοινωνίαν
527 1757 625 1828 τῆς
653 1756 801 1819 Θείας
835 1753 1047 1824 φύσεώς
1080 1772 1140 1808 τε
1185 1754 1278 1808 καὶ
1320 1753 1620 1824 δυνάμεως.
1670 1756 1782 1809 Καὶ

1894 1764 1991 1824 eat,
2021 1770 2150 1826 ergo
2186 1755 2350 1812 Pater
2378 1757 2512 1813 illud
2567 1758 2748 1828 ipsum
2798 1767 2883 1813 est
2913 1757 3058 1829 quod
3102 1769 3233 1813 tunc
3269 1774 3465 1814 secun-

206 1851 291 1903 ὅτι
312 1849 484 1903 ταῦτα
507 1849 692 1903 τοῦτον
711 1847 823 1918 ἔχει
845 1848 934 1901 τὸν
948 1846 1247 1919 τρόπον,ὲκ
1268 1845 1472 1899 τούτων
1494 1847 1559 1901 ἂν
1580 1847 1786 1916 γένοιτο

1894 1846 2014 1903 dum
2071 1847 2365 1903 humanam
2423 1856 2676 1904 naturam
2733 1849 2903 1905 Filius
2960 1865 3083 1906 esse
3142 1852 3458 1922 apparebat.

212 1941 449 2011 μάλιστα
475 1940 656 2011 δῆλον,
697 1941 755 1993 ἐν
794 1934 875 2001 οἷς
908 1956 1040 2009 φησι
1083 1938 1218 2009 πρὸς
1259 1938 1347 1990 τὸν
1392 1938 1680 1994 Φίλιππον
1737 1945 1780 1994 0

1894 1939 2048 2010 Atqui
2078 1938 2333 1996 divinitas
2364 1940 2433 1995 ab
2470 1942 2619 1997 omni
2662 1944 2885 1996 notione
2910 1982 2922 2006 ,
2954 1959 3117 2011 quam
3170 1958 3466 2013 corporea-

202 2032 479 2102 ἑωρακὼς
501 2032 627 2101 ἐμὲ,
661 2030 879 2099 ἑώρακε
905 2031 1013 2085 τὸν
1033 2030 1281 2097 Πατέρα.
1322 2030 1387 2082 'II
1417 2030 1524 2101 γὰρ
1548 2031 1780 2102 ἀκριϐὴς

1894 2046 2010 2086 rum
2051 2047 2233 2088 rerum
2282 2032 2568 2100 habemus,
2616 2035 2774 2105 longe
2819 2034 2996 2089 aliena
3038 2042 3141 2090 est.
3187 2035 3328 2108 Ergo
3355 2050 3465 2091 nos:

202 2123 307 2191 τῆς
336 2122 427 2176 τοῦ
459 2121 588 2175 Υίοῦ
622 2120 1036 2191 μεγαλειότητος
1065 2120 1409 2191 κατανόησις,
1444 2120 1695 2192 καθάπερ
1722 2124 1780 2175 ὲν

1894 2124 2187 2180 secundum
2269 2125 2564 2180 humanam
2618 2125 2848 2179 formam
2910 2126 3033 2180 Filii
3110 2141 3233 2181 cum
3308 2127 3468 2184 Patre

204 2215 374 2268 εἰκόνι
406 2214 469 2268 τὸ
496 2213 801 2284 ἀρχέτυπον
828 2211 1042 2282 βλέπειν
1072 2210 1501 2281 παρασκευάζει.

1894 2215 2073 2271 unitas
2109 2224 2262 2280 erat,
2297 2216 2391 2272 sed
2437 2216 2740 2272 secundum
2789 2218 3233 2273 communionem
3271 2217 3469 2274 divina:

203 2318 415 2364 natura:
446 2316 608 2377 atque
649 2305 884 2361 virtutis.
944 2303 1069 2359 llaec
1122 2313 1304 2360 autem
1339 2306 1412 2359 ita
1468 2321 1527 2361 se
1575 2305 1778 2362 habere
1844 2323 1910 2363 ex
1962 2324 2030 2365 eo
2086 2309 2432 2380 potissimum
2477 2309 2762 2379 apparebit
2816 2310 2962 2380 quod
3040 2309 3106 2363 ad
3153 2308 3466 2379 Philippum

204 2403 320 2463 ait,
378 2398 485 2466 Qui
543 2396 678 2453 videt
718 2413 838 2461 me,
876 2398 1011 2451 videt
1067 2406 1116 2451 et
1153 2396 1369 2451 Patrem
1396 2397 1463 2449 °’.
1533 2395 1671 2450 Nam
1721 2398 1816 2468 qui
1888 2400 2131 2466 perfecte
2185 2399 2308 2453 Filii
2364 2400 2797 2469 magnitudinem
2854 2401 3037 2454 animo
3094 2401 3362 2470 percipit,
3420 2399 3469 2454 is

206 2490 366 2544 facile
412 2489 590 2559 ipsum
643 2488 1024 2560 primigenium
1054 2490 1174 2559 ejus
1227 2490 1534 2559 exemplar,
1560 2490 1664 2544 hoc
1696 2498 1781 2546 est
1820 2490 2033 2548 Patrem
2066 2533 2079 2554 .
2121 2495 2277 2563 quasi
2333 2494 2386 2547 in
2439 2494 2675 2563 imagine
2721 2493 3013 2561 conspicit.

278 2582 397 2635 Τῶν
420 2582 476 2636 δὲ
506 2580 705 2651 ἐφεξῆς
729 2581 788 2634 τὸ
818 2582 1187 2653 ἀσυνάρτητω
1219 2583 1310 2635 καὶ
1340 2583 1677 2653 ἀδιανόητον,
1712 2583 1790 2647 ὡς

1962 2586 2146 2643 LVIII.
2180 2587 2353 2641 Porro
2380 2601 2569 2641 eorum
2600 2600 2722 2654 qtae
2755 2593 3064 2654 sequuntur
3119 2583 3472 2639 inconcinni—

203 2674 271 2727 ἂν
299 2674 372 2746 μὴ
405 2674 580 2744 μάτην
607 2674 1041 2745 ὲμφιλοχωροίην
1071 2677 1181 2737 τοῖς
1232 2675 1501 2744 ματαίοις,
1550 2675 1789 2747 ὑπερϐή-

1894 2688 2048 2735 tatem
2080 2679 2604 2747 obscuritatemque,
2638 2693 2704 2731 ne
2735 2676 2922 2731 stultis
2956 2676 3009 2729 in
3043 2675 3208 2729 rebus
3269 2675 3470 2728 immo-

207 2783 395 2835 σομαι,
427 2765 492 2818 δι’
517 2758 591 2817 ὧν
619 2765 739 2818 οὐδὲ
768 2765 796 2817 ὃ
814 2782 865 2817 τι
898 2764 1144 2834 βούλεται
1172 2764 1350 2833 λέγειν
1379 2766 1610 2835 φανερὸν
1642 2766 1786 2818 ποιεῖ

1894 2770 1990 2823 rari
2022 2770 2230 2835 videar,
2279 2770 2734 2838 prmterniittam:
2780 2767 2986 2837 quippe
3040 2766 3131 2835 qui
3174 2764 3309 2820 adeo
3341 2780 3471 2820 con-

205 2859 317 2919 τοῖς
348 2854 709 2919 ὲπιστατικῶς
738 2853 1087 2908 ἀκολουθοῦσι
1116 2858 1181 2925 τῇ
1214 2857 1523 2926 συγγραφῇ.
1577 2855 1641 2908 Τί
1674 2856 1783 2927 γὰρ

1894 2862 2002 2917 7use
2032 2870 2197 2933 atque
2244 2861 2425 2929 inepte
2480 2860 2685 2912 scribat
2718 2866 2777 2911 ut
2812 2873 2880 2911 ne
2939 2855 3193 2912 eruditus
3251 2852 3468 2925 quidem

208 2947 356 3018 αὑτῷ
386 2946 624 3000 συντελεῖ
652 2946 787 3016 πρὸς
815 2946 905 2998 τὸν
934 2945 1089 3012 λόγον
1124 2946 1204 3009 τὸ,
1244 2946 1476 3015 μηδένα
1503 2946 1782 3015 ἁρπάζειν

1894 2952 2194 3020 doctusque
2245 2950 2417 3005 lector
2467 2949 2597 3017 quid
2651 2948 2754 3002 sibi
2815 2947 2945 3002 velit
3000 2944 3358 3015 intelligentia
3423 2949 3478 2995 et

206 3041 275 3091 ἐκ
303 3036 413 3105 τῆς
448 3037 645 3105 χειρὸς
675 3035 861 3090 αὑτοῦ
904 3036 974 3088 τὰ
1008 3034 1257 3089 δοθέντα
1294 3035 1453 3102 αὐτῷ
1479 3036 1639 3104 παρὰ
1679 3037 1785 3090 τοῦ

1894 3040 2368 3097 animadversione
2395 3040 2613 3110 assequi
2668 3038 2860 3108 possit.
2907 3036 3048 3103 Quid
3082 3036 3227 3090 enim
3270 3035 3374 3104 ipsi
3404 3036 3471 3087 ad

209 3131 436 3197 Πατρός
468 3130 748 3196 πρόϐατα,
800 3127 1027 3180 συνιδεῖν
1067 3128 1166 3180 οὐκ
1209 3127 1350 3197 ἔχω·
1400 3129 1495 3181 καὶ⁹
1530 3128 1613 3182 ὅτι
1668 3132 1788 3182 Πα-

1896 3132 2222 3187 sententiam
2284 3146 2440 3187 suam
2500 3129 2937 3184 conﬁrmandam
2991 3126 3274 3191 conferat,
3326 3124 3473 3196 quod

208 3219 381 3289 τριχῇ
405 3222 632 3287 θεότητι
661 3218 823 3273 ἕλκει
854 3217 1005 3285 πρὸς
1038 3217 1255 3271 ἑαυτὸν
1283 3217 1355 3273 τὰ
1372 3213 1782 3284 πρόϐαταοκαὶ,

1899 3222 1994 3287 ait,
2032 3223 2290 3277 neminem
2332 3222 2542 3279 scilicet
2598 3237 2663 3275 ex
2724 3221 2839 3290 ejus
2902 3234 3060 3272 manu
3132 3235 3245 3272 oves
3293 3234 3476 3287 rapere

203 3312 272 3362 Et
294 3309 441 3377 πρὸς
465 3308 572 3361 τὸν
596 3310 843 3377 Πατέρα,
892 3311 1075 3379 φησιν,
1114 3310 1334 3377 ἥνωται
1373 3309 1627 3378 Χριστὸς
1675 3310 1787 3377 πρὸ

1894 3328 2040 3381 posse
2071 3328 2193 3382 quae
2253 3313 2357 3382 ipsi
2396 3328 2428 3367 a
2489 3312 2649 3367 Patre
2697 3311 2913 3365 traditae
2968 3320 3118 3374 sunt,
3173 3311 3473 3380 intelligere

209 3400 633 3467 ἀναστάσεως,
684 3400 811 3467 πῶς
859 3400 1009 3469 πρὸς
1043 3399 1149 3453 τὸν
1191 3401 1261 3453 ἐν
1306 3400 1465 3465 αὑτῷ
1502 3400 1651 3453 Θεὸν
1680 3402 1791 3468 οὐχ

1894 3419 2128 3473 nequeo,
2161 3403 2624 3474 quemadmodum
2656 3413 2710 3457 et
2742 3401 2897 3466 illud,
2946 3401 3077 3457 Oves
3110 3402 3177 3455 ad
3212 3418 3267 3454 se
3300 3402 3473 3470 ipsum

213 3494 436 3559 ἥνωται
460 3510 478 3558 ;
516 3492 686 3546 Τοῦτο
717 3492 826 3563 γὰρ
858 3490 1047 3561 ὥσπερ
1074 3490 1388 3560 ἐξεπίτηδες
1414 3492 1573 3554 αὐτὸς
1602 3490 1791 3544 ἑαυτοῦ

1894 3499 2116 3558 paterna
2148 3491 2425 3546 divinitate
2453 3492 2655 3556 trahit;
2689 3507 2752 3545 ac
2780 3499 3041 3561 praeterea
3074 3491 3218 3561 quod
3251 3490 3431 3561 inquit
3457 3506 3474 3543 :

118 3578 125 3583 ¹
211 3584 313 3655 τὴν
351 3582 668 3654 μυθοποιίαν
690 3582 946 3651 ἐλέγχων,
974 3580 1329 3651 παρεντίθησι
1357 3583 1477 3644 ταῖς
1506 3582 1666 3646 ἰδίαις
1696 3596 1795 3634 κα-

210 3676 531 3737 τασκευαῖς,
557 3673 623 3725 δι’
652 3665 727 3726 ὧν
754 3670 1133 3725 ἀποδείκνυται
1161 3673 1194 3740 ἡ
1225 3670 1319 3723 τοῦ
1347 3670 1637 3742 ἀνθρώπου
1658 3673 1796 3743 πρὸς

211 3768 276 3819 τὸ
326 3766 481 3819 Θεῖον
519 3762 782 3834 διαίρεσίς
807 3779 864 3816 τε
896 3764 989 3816 καὶ
1011 3762 1225 3823 ἓνωσις.
1266 3762 1322 3814 ὐ
1346 3762 1455 3833 γὰρ
1479 3761 1669 3829 εἰπὼν,
1712 3763 1794 3816 ὅτι

212 3861 278 3913 Et
306 3858 445 3929 «pb;
474 3858 564 3910 τὸν
598 3856 814 3927 Πατέρα
843 3855 1049 3924 ἥνωται
1083 3854 1334 3923 Χριστὸς,
1371 3852 1489 3918 πῶς
1528 3854 1664 3926 πρὸς
1704 3854 1795 3907 τὸν

212 3953 274 4005 ὲν
317 3948 467 4020 αὐτῷ
506 3947 637 4001 Θεὸν
680 3948 778 4017 οὐχ
823 3948 1069 4017 ἥνωται;
1120 3946 1230 4015 (79)
1260 3942 1446 4008 Οὕτως
1473 3945 1567 3998 καὶ
1599 3947 1627 3999 ὁ
1658 3945 1795 3999 κατὰ

212 4042 451 4111 Χριστὸν
483 4040 787 4110 ἄνθρωπος,
827 4039 1013 4110 ἕτερος
1051 4038 1146 4103 ὢν,
1195 4038 1273 4108 τῷ
1316 4042 1374 4091 ὲν
1405 4038 1554 4110 αὐτῷ
1591 4039 1797 4110 ἥνωται

215 4133 356 4204 Θεῷ.
387 4132 572 4186 Ταῦτα
596 4133 797 4196 τοίνυν,
834 4131 909 4195 ὼς
936 4130 1159 4184 αὐτόθεν
1185 4131 1273 4184 διὰ
1302 4130 1403 4200 τῆς
1433 4130 1792 4198 ἀναγνώσεως

216 4227 508 4296 ἐλέγχοντα
540 4225 600 4279 τὸ
628 4223 1040 4294 πεπλανημένον
1081 4222 1176 4275 τοῦ
1221 4223 1491 4293 δόγματος
1516 4222 1678 4277 αὐτοῦ
1706 4223 1799 4276 καὶ

218 4322 542 4383 ἀσύστατον,
587 4316 1049 4389 παραδραμοῦμαι
1095 4316 1175 4386 τῷ
1219 4315 1362 4386 λόγῳ
1398 4331 1413 4346 ·

1897 3581 1958 3637 Si
1986 3599 2125 3638 unus
2157 3600 2275 3639 cum
2308 3582 2473 3639 Patre
2529 3594 2650 3639 ante
2682 3583 3117 3639 resurrectionem
3166 3583 3341 3652 factus
3399 3592 3477 3636 est

1896 3672 2165 3740 Christus,
2199 3674 2460 3745 quomodo
2514 3692 2651 3730 unus
2683 3691 2802 3728 cum
2836 3674 2962 3741 Deo,
2997 3677 3088 3745 qui
3116 3675 3173 3729 in
3208 3676 3322 3743 ipso
3376 3684 3476 3738 est,

1898 3767 2072 3834 {actus
2105 3783 2209 3821 non
2251 3766 2404 3835 fuit?
2437 3764 2552 3821 Hoc
2606 3766 2751 3821 enim
2811 3772 3071 3836 tanquam
3129 3765 3255 3820 data
3312 3781 3476 3835 opera

1898 3859 2179 3913 fabulosas
2212 3859 2460 3914 ﬁctiones
2488 3873 2619 3914 suas
2661 3860 2893 3927 ipsemet
2929 3856 3261 3927 redarguere
3289 3857 3474 3923 vellet,

1897 3950 2138 4022 prOpriis
2176 3949 2602 4020 probationibus
2646 3949 2863 4013 inserit,
2926 3947 3130 4017 quibus
3188 3945 3478 4001 ostendero

1897 4050 2130 4097 conatur
2160 4056 2268 4112 qua
2328 4040 2543 4095 ratione
2600 4039 2911 4095 humanitas
2970 4038 3028 4092 in
3062 4037 3280 4093 Christo
3335 4045 3389 4090 et
3447 4052 3476 4089 a

1901 4135 2012 4190 Deo
2052 4140 2362 4205 separetur,
2411 4141 2467 4187 et
2514 4147 2639 4186 cum
2692 4130 2883 4186 eodem
2918 4128 3305 4197 coniungatur.
3339 4123 3475 4178 Nam

1903 4227 1994 4298 qui
2030 4228 2104 4280 ait
2136 4244 2150 4280 :
2185 4225 2242 4279 Si
2279 4240 2424 4279 unus
2480 4238 2605 4277 cum
2659 4222 2819 4277 Patre
2853 4220 3034 4275 factus
3066 4227 3152 4275 est
3200 4216 3476 4278 Christus,

1477 4314 1690 4368 ἐκείνου
1743 4314 1801 4367 δὲ
1903 4317 2179 4389 quomodo
2212 4332 2354 4372 unus
2386 4330 2511 4369 cum
2536 4316 2644 4369 Deo
2666 4315 2759 4383 qui
2793 4314 2845 4367 in
2869 4314 2989 4382 ipso
3015 4317 3100 4367 est
3127 4324 3237 4364 non
3267 4308 3481 4363 evasit?

221 4415 386 4485 μόνου
427 4410 927 4481 ἐπιμνησθήσομαι·
970 4408 1032 4461 '0
1074 4407 1298 4476 Σωτὴρ,
1344 4406 1498 4479 φησὶ,
1542 4407 1791 4460 πέπονθε

1904 4406 1981 4462 Ita
2018 4416 2072 4463 et
2108 4407 2273 4461 homo
2295 4404 2575 4466 Christus,
2612 4403 2756 4456 alius
2812 4402 3107 4463 exsistens,
3148 4398 3259 4454 Deo
3290 4397 3384 4467 qui
3424 4397 3480 4451 in

218 4507 455 4571 πεῖναν,
499 4506 596 4559 καὶ
636 4503 845 4571 δίψαν,
891 4502 989 4555 καὶ
1044 4503 1332 4571 κάματον,
1372 4501 1472 4558 καὶ
1518 4501 1799 4570 ἀγωνίαν,

219 4599 320 4655 καὶ
342 4600 567 4665 λύπην.
596 4596 691 4660 Τίς
718 4594 793 4648 ὢν
819 4596 848 4649 ὁ
874 4594 1100 4665 Σωτήρ;
1148 4594 1206 4647 'U
1234 4593 1385 4660 Θεὸς,
1414 4592 1579 4664 φησὶν
1607 4594 1664 4645 ὲν
1694 4595 1804 4655 τοῖς

1904 4501 2025 4572 ipso
2050 4507 2136 4554 est
2168 4497 2501 4567 coniunctus
2534 4495 2655 4548 fuit.
2691 4492 2787 4548 His
2847 4494 3014 4563 igitur
3069 4489 3478 4563 praetermissis,

1909 4600 2093 4662 utpote
2121 4606 2243 4661 quae
2276 4605 2344 4644 ex
2388 4586 2723 4657 semetipsis,
2779 4586 3009 4655 solaque
3073 4585 3333 4645 lectione,
3383 4582 3483 4635 do-

221 4694 327 4767 «pb
357 4692 569 4757 τούτου,
616 4691 679 4744 οὐ
716 4689 809 4743 δύο
844 4689 1129 4761 πρόσωπα,
1174 4686 1251 4749 ὡς
1284 4686 1471 4757 ἑτέρου
1508 4685 1606 4756 μὲν
1651 4686 1791 4749 ὄντος

1904 4682 2103 4754 gmatis
2143 4681 2307 4751 hujus
2354 4693 2575 4734 errores
2623 4684 2679 4731 et
2739 4677 3162 4731 inconstantiam
3202 4674 3479 4737 refellunt,

219 4786 377 4848 Θεοῦ,
425 4783 611 4854 ἑτέρου
655 4781 711 4832 δὲ
757 4777 851 4832 τοῦ
881 4777 1189 4849 ἀνθρώπου.
1240 4775 1450 4830 Οὐκοῦν
1478 4779 1507 4830 ό
1539 4776 1671 4839 Θεὸς
1699 4776 1799 4829 πέ·

1906 4775 2035 4829 illud
2067 4772 2452 4828 tantummodo
2477 4767 2930 4825 commemorabo
2960 4786 2972 4820 :
3013 4766 3262 4822 Salvator
3291 4781 3481 4834 passus

220 4876 436 4942 πονθεν,
455 4876 597 4945 ἅπερ
629 4872 820 4926 παθεῖν
835 4870 996 4924 αὐτὸν
1014 4869 1222 4940 εἴρηκε,
1244 4870 1353 4923 Καὶ
1373 4868 1595 4939 πάσχει
1614 4870 1723 4938 (80)
1747 4870 1791 4923 τι

1903 4875 2000 4930 est,
2054 4863 2253 4935 inquit,
2316 4863 2534 4932 famem,
2590 4861 2757 4923 sitim,
2813 4859 3081 4921 laborem,
3131 4872 3398 4925 angorem,
3436 4866 3485 4908 et

220 4958 635 5036 ἀπαράδεκτον
670 4962 918 5029 πάθους,
952 4964 1063 5017 οὐκ
1091 4961 1322 5029 ἀνάγκῃ
1361 4962 1600 5031 φύσεως
1631 4962 1810 5015 ἀϐου-

220 5060 432 5125 λήτου,
479 5056 741 5124 καθάπερ
778 5054 1107 5123 ἅνθρωπος,
1162 5053 1300 5106 ἀλλ’
1335 5052 1661 5119 ἀκολουθίᾳ
1700 5054 1809 5121 φύ-

221 5170 395 5217 σεως.
422 5146 570 5222 Ἀρα
589 5149 673 5211 τίς
704 5146 1001 5217 ἐπαρκέσει
1018 5144 1303 5213 διελέγχων
1330 5144 1399 5197 τὰ
1431 5143 1636 5214 μάταια
1659 5162 1672 5210 ;
1718 5145 1804 5197 Ἐν

220 5248 325 5298 τίνι
351 5243 628 5313 διαφέρειν
673 5238 858 5309 βλέπει
897 5236 995 5306 τὴν
1039 5235 1283 5303 ἀνάγκην
1312 5237 1410 5307 τῆς
1438 5234 1673 5304 φύσεως,
1710 5236 1803 5288 καὶ

220 5338 322 5407 τὴν
348 5332 670 5390 ἀκολουθίαν
692 5330 792 5400 τῆς
827 5328 1074 5397 φύσεως;
1123 5329 1184 5380 Ἦ
1223 5328 1330 5398 γὰρ
1362 5327 1586 5398 ἀλήθεια
1609 5329 1803 5382 ταύτὸν

222 5432 281 5482 ἐν
328 5425 573 5495 ἐκατέρῳ
623 5421 810 5493 βλέπει
840 5421 900 5473 τὸ
930 5420 1324 5490 σημαινόμενον
1350 5436 1361 5448 ·
1417 5417 1526 5472 οἷόν
1558 5436 1610 5472 τι
1638 5419 1799 5489 λέγω,

331 5560 376 5591 ε’
402 5556 560 5612 Joan.
593 5571 645 5619 χ,
679 5554 768 5609 50.
845 5552 891 5582 ⁸³
937 5549 1095 5606 Joan.
1151 5568 1262 5614 xw,
1319 5552 1371 5606 9.

303 5740 416 5805 ('78)
451 5737 527 5792 Ita
556 5750 740 5804 cum;
771 5748 925 5792 antea
948 5738 976 5788 ὁ
1003 5734 1172 5805 εἰπὼν
1212 5729 1373 5788 εἶναι.

302 5803 411 5881 (79)
442 5810 539 5865 llic
574 5803 835 5865 nonnulla
869 5807 1061 5863 deesse
1080 5803 1353 5860 videntur.

1908 4959 2203 5013 tristitiam.
2233 4956 2367 5023 Quis
2402 4963 2487 5012 est
2518 4954 2772 5009 Salvator
2805 4950 2949 5005 iste?
2996 4947 3140 5004 Deus
3172 4957 3276 5008 est,
3310 4947 3486 5015 inquit

1908 5052 1963 5104 in
2004 5048 2466 5119 praecedentibus,
2509 5060 2617 5100 non
2668 5044 2790 5098 duae
2827 5052 3099 5110 personae,
3158 5038 3315 5107 quasi
3381 5052 3485 5090 una

1912 5157 2145 5215 persona
2188 5141 2332 5197 Deus
2362 5146 2528 5203 esset,
2561 5137 2733 5190 altera
2765 5135 2948 5186 homo.
2984 5130 3155 5201 Igitur
3212 5129 3355 5183 Deus
3397 5128 3487 5180 illa

1912 5250 2109 5308 passus
2144 5242 2249 5296 est,
2294 5246 2415 5301 qua:
2465 5227 2719 5285 eumdem
2757 5238 2982 5295 passum
3018 5222 3192 5277 fuisse
3220 5220 3380 5284 dixit,
3424 5217 3489 5270 Et

1909 5329 2131 5397 patitur,
2169 5325 2259 5394 qui
2288 5321 2595 5392 passionum
2638 5331 2967 5385 nequaquam
3010 5329 3183 5383 capax
3231 5322 3331 5375 est,
3386 5327 3489 5363 non

1910 5417 2248 5489 repugnantis
2295 5422 2503 5468 natura:
2534 5409 2861 5472 necessitate,
2909 5403 3355 5477 quemadmodum
3390 5400 3487 5455 lto—

1984 5728 2094 5799 (80)
2130 5726 2287 5784 Corr.
2319 5725 2412 5779 καὶ
2438 5723 2552 5789 πῶς
2580 5721 2801 5795 πάσχει.
