4020 6526
529 377 664 431 4:267

1789 381 1845 435 S.
1886 378 2213 434 GRECOHII
2252 380 2549 436 NYSSENI‘

3656 362 3792 419 1268

525 507 643 555 mo,
701 489 791 543 sed
860 494 1067 542 natura:
1118 488 1486 558 consequentia
1543 498 1694 560 atque
1753 491 2089 544 comitantia.

2211 490 2523 545 Ἀκόλουθόν
2538 487 2755 545 ὲστιτδν
2776 487 2848 558 μὴ
2876 485 3185 554 ὑγιαίνοντα
3212 485 3308 550 τάς
3333 476 3503 556 ὄψεις,
3534 482 3785 547 ἀσθενῶς

525 581 779 650 Nunquid
829 580 1029 649 aliquis
1092 580 1499 649 ineptiisohisce
1555 582 1947 652 redarguendis
2000 596 2097 650 par

527 672 953 737 erit?Quanam
1010 673 1063 725 in
1125 686 1182 726 re
1239 671 1457 727 dilTerre
1507 672 1655 725 videt
1714 676 2094 728 necessitatem

525 772 758 824 natum,
786 771 840 817 et
882 764 1330 817 consecutionem
1391 763 1629 818 naturai?
1693 763 1891 833 Reipsa
1950 765 2094 819 enim

528 870 634 907 una
665 854 966 923 eademque
1006 854 1341 923 signiﬁcatio
1380 856 1436 908 in
1502 866 1737 924 utroque
1793 856 2096 923 deprehen-

526 947 707 1008 ditur,
752 946 915 1000 veluti
980 960 1105 999 cum
1158 946 1300 1010 dico,
1350 946 1702 1017 Consequens
1740 956 1821 1001 est
1883 954 1940 999 ut
2000 946 2093 1015 qui

526 1040 811 1093 oculorum
844 1039 1033 1092 morbo
1067 1038 1298 1101 laborat,
1341 1052 1484 1108 aegre
1533 1037 1751 1106 videat;
1806 1046 1859 1093 et
1901 1054 2094 1093 rursus

530 1129 580 1179 iJ
616 1128 794 1196 ipsum
825 1127 933 1192 aio,
970 1125 1097 1179 dum
1132 1126 1341 1194 inquio,
1372 1124 1743 1183 Necessarium
1778 1134 1861 1181 est
1901 1136 1958 1179 ut
2000 1130 2092 1197 qui

529 1218 711 1271 oculis
746 1223 992 1286 aegrotat,
1021 1216 1066 1270 is
1091 1216 1339 1270 hebetem
1361 1217 1646 1270 oculorum
1680 1218 1850 1272 aciem
1872 1218 2091 1273 habeat.

528 1308 783 1379 Nunquid
829 1322 941 1361 non
994 1306 1133 1361 idem
1183 1315 1267 1363 est
1318 1310 1605 1377 utriusque
1664 1309 1793 1362 dicti
1856 1312 2097 1366 sensus?

528 1398 661 1451 Nam
691 1397 783 1466 qui
819 1396 1197 1451 necessitatem
1227 1395 1393 1459 dixit,
1428 1396 1479 1449 id
1524 1396 1668 1466 quod
1725 1412 1789 1452 ex
1823 1413 2095 1454 consecu-

528 1486 677 1539 tione
706 1485 972 1553 contingit
1006 1483 1315 1553 significat;
1349 1495 1400 1538 et
1424 1485 1516 1553 qui
1560 1486 1682 1554 ejus
1739 1488 1819 1542 rei
1848 1489 2095 1542 meminit

528 1590 650 1645 quae
680 1582 887 1629 natura:
918 1576 1251 1644 proprietate
1281 1590 1627 1645 consequens
1652 1585 1736 1633 est
1775 1586 1833 1632 ut
1861 1580 2092 1642 accidat,

526 1670 574 1723 is
627 1666 771 1738 quod
830 1668 1207 1721 necessarium
1267 1675 1351 1722 est
1402 1668 1699 1723 denotavit.
1762 1670 1875 1723 Cur
1930 1671 2097 1739 igitur

526 1761 748 1829 sapiens
777 1767 964 1814 noster
992 1759 1251 1827 scriptor,
1302 1774 1410 1813 non
1468 1768 1676 1814 natura:
1744 1762 2090 1823 necessitate.

529 1854 623 1907 sed
658 1862 867 1907 natura:
891 1851 1281 1920 consequentia
1322 1862 1484 1920 atque
1518 1853 1859 1916 comitantia,
1894 1867 2095 1909 nostra:

529 1955 739 2000 natura!
777 1944 1069 2013 passiones
1100 1942 1370 1995 Salvatori
1412 1943 1525 1997 vult
1574 1946 1899 2000 ascribere?
1935 1948 2098 2014 Opor-

528 2037 688 2096 tebat,
732 2034 928 2102 inquit.
966 2031 1034 2085 ad
1068 2032 1473 2085 similitudinem
1520 2032 1787 2088 hominum
1823 2039 2095 2105 passiones

525 2128 672 2179 cieri.
703 2126 804 2191 Qui
833 2124 990 2188 dixit,
1023 2124 1312 2189 oportebat,
1346 2136 1529 2177 nonne
1585 2126 1870 2181 manifeste
1906 2145 2095 2183 neces-

530 2219 732 2273 sarium
764 2230 886 2269 esse
942 2213 1351 2283 pronuntiavit?
1391 2212 1583 2269 Nonne
1644 2217 1729 2269 hic
1790 2218 2093 2291 Scriptura:

2197 582 2339 652 ἔχειν
2362 581 2488 651 περὶ
2516 581 2611 652 τὴν
2635 582 2840 650 ὅρασιν.
2873 579 2983 632 Καὶ
3009 578 3168 631 πάλιν
3197 578 3257 630 τὸ
3280 578 3409 629 αὐτὸ
3430 576 3587 629 τοῦτό
3614 592 3688 643 φη
3699 592 3783 642 μι.

2195 674 2277 726 ὅτι
2314 668 2634 743 ’Δναγκαῖόν
2654 670 2883 736 ἐστιν,εί
2910 668 2982 739 μή
3002 685 3084 731 τις
3108 669 3275 736 ὑγιῶς
3301 668 3413 737 ἔχοι
3442 662 3549 719 τῶν
3580 666 3781 733 ὄψεων,

2194 764 2439 817 ἀσθενεῖν
2469 763 2656 816 τοῦτον
2688 762 2815 831 περὶ⁵
2854 760 2953 829 τὴν
2991 762 3199 829 ὅρασιν.
3245 754 3373 829 τΔρ⁹
3402 758 3463 810 οὐ
3490 757 3691 810 ταύτὸν
3727 756 3785 807 ὲν

2195 853 2471 923 ἑκατέροις
2520 852 2697 916 ὲστίνς
2739 852 2811 902 ’⁸0
2834 868 2891 903 τε
2925 850 3035 920 γάρ
3067 850 3165 920 τὴν
3196 850 3443 920 ἀνάγκην
3492 847 3689 908 εἰπὼν,
3725 846 3785 897 τὸ

2194 944 2253 1007 ἐξ
2280 942 2568 997 ἀκολούθου
2589 941 2881 1012 συμϐαῖνον
2907 938 3190 1003 ὲνέδειξεψ
3224 939 3251 991 ὅ
3274 956 3331 991 τε
3362 936 3455 989 τοῦ
3483 933 3787 989 ἀκολούθου

2198 1037 2475 1108 μνησθεὶς,
2524 1037 2583 1089 τὸ
2612 1037 2909 1103 ἀναγκαῖον
2936 1035 3199 1104 ἐσήμανε.
3245 1032 3311 1085 Τί
3346 1027 3441 1085 οὖν
3467 1031 3719 1102 βούλεται
3748 1030 3785 1097 ἡ

2196 1132 2355 1200 σοφία
2379 1129 2473 1183 τοῦ
2505 1128 2869 1198 λογογράφου,
2901 1126 2975 1197 μὴ
3003 1126 3215 1196 ἀνάγκῃ
3242 1125 3477 1193 φύσεως,
3510 1123 3630 1175 ἀλλ’
3654 1124 3784 1174 ἀκοο

2193 1222 2379 1292 λουθία
2416 1221 2626 1289 φύσεως
2649 1219 2725 1288 τῷ
2756 1218 2969 1287 Σωτῆρι
3008 1217 3121 1287 (81)
3164 1217 3498 1287 προσάπτειν
3526 1215 3596 1266 τὰ
3632 1213 3780 1282 πάθη

2192 1313 2290 1383 τῆς
2325 1312 2569 1381 φύσεως;
2616 1310 2797 1373 Ἔδει,
2832 1308 2983 1379 φησὶ,
3022 1308 3149 1361 καθ’
3185 1308 3497 1377 ὁμοιότητα
3520 1304 3642 1358 τῶν
3675 1305 3783 1357 ἁν-

2195 1404 2440 1473 θρὼπων
2462 1404 2530 1456 τὰ
2552 1401 2709 1468 πάθη
2733 1399 3071 1467 κινηθῆναι.
3111 1401 3177 1453 ’⁸0
3201 1416 3259 1452 τε
3292 1398 3410 1452 ἔδει
3441 1396 3554 1466 (82)
3586 1396 3779 1456 εἰπὼν,

2194 1497 2254 1549 οὐ
2286 1493 2531 1563 φανερῶς
2553 1492 2648 1563 τὴν
2673 1490 2920 1559 ἀνάγκην
2942 1490 3199 1559 ὲὸόησεν;
3234 1488 3344 1559 Οὐχ
3374 1486 3511 1557 αῦτη
3533 1488 3632 1556 τῆς
3666 1486 3779 1554 (85)

2195 1585 2235 1638 Γ
2241 1585 2416 1655 ραφῆς
2450 1586 2483 1653 ἡ
2517 1582 2713 1652 χρῆσίς
2745 1584 2899 1645 ὲστι;
2956 1582 3063 1633 Καὶ
3095 1580 3153 1644 ἐξ
3182 1579 3358 1631 αὐτῶν
3385 1578 3440 1630 δὲ
3464 1579 3575 1629 τῶν
3603 1578 3776 1643 Εὐαγ-

2195 1676 2389 1745 γελίων
2438 1674 2669 1745 πάρεστι
2721 1673 2819 1735 τὰς
2863 1671 3165 1735 ἀποδείξεις
3213 1670 3307 1723 τοῦ
3366 1669 3525 1736 λόγου
3570 1669 3778 1720 λαδεῖν.

2211 1767 2448 1837 Ἀνάγκη
2480 1764 2653 1818 ἐλθεῖν
2681 1765 2749 1817 τά
2783 1763 3055 1817 σκάνδαλα
3075 1779 3089 1793 ·
3133 1762 3225 1814 καὶ
3267 1760 3374 1831 γάρ
3404 1761 3485 1813 δεῖ
3524 1760 3783 1828 γενέσθαι

2200 1858 2391 1914 ταῦτα.
2427 1858 2559 1926 Οὐχὶ
2605 1857 2700 1927 μία
2736 1856 3003 1923 ἑκατέρας
3032 1855 3146 1906 ἐστὶ
3179 1854 3274 1921 τῆς
3310 1854 3489 1923 φωνῆς
3527 1853 3735 1905 διάνοια
3764 1870 3779 1914 ;

2210 1950 2271 2001 Ὀ
2299 1948 2403 2019 γάρ
2434 1945 2621 2011 εἰπὼν,
2651 1943 2941 2016 ἀνάγκη[ν]
2961 1941 3096 1996 εῖναι
3126 1942 3295 1995 ἐλθεῖν
3313 1943 3377 1994 τὰ
3396 1941 3689 2003 σκάνδαλα,
3717 1942 3782 1993 τὸ

2198 2040 2306 2093 δεῖν
2359 2038 2531 2091 ἐλθεῖν
2572 2036 2641 2090 τά
2689 2037 2960 2090 σκάνδαλα
2992 2036 3079 2088 διὰ.
3109 2038 3205 2104 τῆς
3244 2036 3424 2103 φωνῆς
3456 2034 3777 2098 ἐνεδείξατο.

2198 2134 2307 2187 Καὶ
2333 2133 2360 2185 ὁ
2388 2130 2575 2195 εἰπὼν,
2606 2131 2698 2181 Δεῖ
2726 2128 2978 2197 γενέσθαι
3009 2126 3122 2196 (84)
3148 2126 3339 2189 ταῦτα,
3376 2126 3435 2178 τὸ
3465 2126 3782 2195 ἀναγκαίως

2197 2224 2406 2293 ὀφεῖλον
2440 2222 2519 2284 είς
2550 2220 2709 2292 ἔργον
2742 2220 2913 2272 ἐλθεῖν
2946 2219 3227 2289 προεμήνυ
3241 2234 3349 2271 cev.

524 2322 660 2360 usus
688 2306 814 2360 est?
847 2305 990 2370 Quin
1027 2313 1081 2361 et
1109 2320 1171 2359 ex
1204 2304 1515 2376 Evangeliis
1549 2308 1682 2377 ipsis
1716 2310 1767 2363 in
1826 2323 2077 2384 promptu
2118 2325 2203 2372 est
2239 2314 2536 2370 locutionis
2564 2313 2731 2381 hujus
2772 2312 3125 2381 probationes
3193 2311 3489 2365 desumere
3527 2327 3542 2363 :
3584 2325 3778 2364 neces-

525 2398 731 2451 sarium
759 2404 843 2451 est
880 2404 938 2449 ut
969 2396 1187 2450 veniant
1220 2398 1474 2450 scandala
1500 2398 1565 2463 ⁸⁸,
1591 2413 1713 2451 nam
1747 2412 1796 2453 et
1824 2404 1934 2458 Iure
2002 2420 2124 2461 esse
2195 2404 2496 2476 oportet".
2556 2401 2748 2455 Nonne
2808 2416 2913 2453 una
2973 2401 3261 2467 utriusque
3312 2399 3441 2453 dii-ti
3504 2399 3778 2452 sententia

517 2501 602 2546 est
632 2482 661 2545 ?7
684 2493 777 2562 qui
831 2493 975 2546 enim
1050 2491 1125 2544 ait
1177 2493 1547 2547 necessarium
1610 2511 1732 2549 esse
1783 2504 1838 2550 ut
1901 2502 2123 2555 veniant
2198 2500 2477 2565 scandala,
2511 2498 2557 2553 is
2605 2505 2870 2567 oportere
2894 2503 2953 2547 ut
3018 2495 3280 2547 scandala
3328 2494 3549 2546 veniant
3598 2495 3780 2551 verbis

523 2587 631 2641 illis
661 2584 949 2656 designat;
980 2591 1034 2637 et
1071 2583 1163 2654 qui
1203 2584 1299 2650 ait,
1332 2583 1453 2639 llaec
1487 2586 1603 2640 ﬁeri
1639 2596 1873 2658 oportet,
1914 2593 2065 2659 quod
2102 2591 2415 2649 necessario
2448 2590 2515 2645 ad
2544 2587 2798 2644 eﬂectum
2826 2588 2985 2642 debet
3011 2586 3238 2656 produci
3275 2584 3567 2655 signiﬁcat.

596 2740 730 2794 LIX.
760 2739 865 2794 Sed
889 2746 942 2794 et
972 2754 1145 2809 nugas
1170 2738 1420 2805 confuse,
1463 2756 1526 2795 ac
1572 2751 1773 2798 temere
1808 2745 1868 2798 in
1910 2748 2097 2801 stultis

524 2834 644 2903 ejus
684 2832 1192 2887 ratiocinationibus
1244 2840 1576 2901 congestas,
1630 2851 1768 2903 quas
1828 2837 2089 2907 deinceps

526 2926 752 2995 profert.
791 2938 985 2978 rursus
1036 2923 1466 2992 praetermittam.
1509 2923 1710 2978 Verum
1764 2944 1930 2997 prope
1980 2940 2091 2981 tra-

524 3027 704 3073 ctatus
740 3016 897 3070 ﬁnem
930 3016 1003 3069 ita
1054 3016 1150 3080 ait,
1183 3016 1412 3083 Corpore
1458 3018 1618 3070 etiam
1670 3024 1723 3071 in
1766 3022 1908 3073 cazlis
1950 3023 2092 3074 exsi-

2276 2747 2438 2801 Ἀςλλά
2487 2746 2647 2801 πάλιν
2678 2745 2771 2799 καὶ
2814 2744 2905 2797 τὸν
2951 2742 3151 2811 ἑφεξῆς
3187 2740 3563 2812 ὐπερὸήσομαι
3587 2740 3776 2799 ὕθλον,

2190 2840 2375 2909 χύδην,
2410 2840 2499 2891 καὶ
2535 2838 2608 2901 ὡς
2636 2838 2846 2907 ἔτυχεν,
2882 2836 2946 2887 ὲκ
2978 2833 3220 2904 ματαίων
3257 2831 3531 2900 λογισμῶν
3569 2849 3755 2900 συμπε

2192 2929 2522 2999 φορημένον.
2568 2929 2706 2995 Φησὶ
2750 2927 2804 2979 δὲ
2845 2926 2981 2994 πρὸς
3030 2923 3109 2994 τῷ
3162 2923 3304 2977 τέλει
3344 2921 3653 2988 τοῦλόγου,
3689 2923 3773 2974 ὅτι

2189 3022 2299 3076 Καὶ
2326 3022 2395 3074 ἐν
2412 3018 2645 3088 οὐρανῷ
2668 3018 2839 3083 ὄντος
2863 3017 2967 3071 τοῦ
2991 3014 3283 3084 σώματος,
3302 3014 3429 3083 μεθ’
3460 3012 3625 3083 ἡμῶν
3646 3015 3775 3066 ἐστι

525 3119 724 3170 alente,
778 3108 1049 3160 nobiscum
1110 3114 1186 3158 est
1240 3122 1401 3175 usque
1465 3106 1533 3160 ad
1591 3113 2092 3165 consummationem

2195 3112 2363 3181 μέχρι
2385 3110 2494 3179 τῆς
2519 3109 2877 3173 συντελείας
2899 3107 3003 3161 τοῦ
3040 3105 3275 3171 αἰῶνος.
3314 3104 3407 3167 Τίς
3428 3107 3456 3157 ὁ
3480 3105 3597 3174 μεθ’
3620 3106 3773 3174 ἡμῶν

526 3200 726 3252 siccati.
763 3197 1027 3262 Quisnam
1062 3195 1151 3249 ille
1186 3197 1275 3259 sil,
1321 3197 1413 3264 qui
1449 3198 1732 3253 nobiscum
1787 3210 1870 3256 est
1917 3202 2093 3257 nescit

526 3290 779 3359 scriptor,
840 3295 1023 3355 aperte
1078 3301 1344 3354 separans
1377 3286 1522 3355 quod
1578 3288 1819 3362 disjungi
1882 3297 2091 3363 nequit.

526 3380 657 3431 Nam
691 3378 733 3432 si
766 3392 964 3444 corpus
996 3375 1213 3445 quidem
1245 3376 1298 3429 in
1337 3378 1477 3430 cmlo
1507 3378 1761 3447 collocat,
1804 3382 2091 3437 nobiscum

527 3486 655 3521 vero
682 3483 801 3523 esse
836 3467 1120 3519 Dominum
1150 3465 1301 3530 dicit,
1349 3467 1770 3535 disjunctioneni
1804 3474 2127 3549 qnamdann

529 3570 690 3624 atque
753 3557 1154 3625 scparationem
1216 3558 1317 3612 hac
1370 3575 1467 3613 sua
1502 3560 1859 3617 distinctione
1911 3565 2091 3633 palam

530 3642 761 3695 inducit.
795 3642 927 3697 Nam
962 3659 1072 3697 non
1122 3644 1300 3713 inquit
1354 3661 1554 3715 corpus
1610 3648 1729 3717 ejus
1765 3658 1817 3704 et
1867 3651 1918 3704 in
1954 3654 2094 3707 cmlo

530 3750 751 3791 nianere
776 3743 832 3789 et
860 3735 1142 3791 nobiscum
1167 3748 1305 3797 esse,
1325 3735 1421 3790 sed
1448 3754 1678 3810 corpore
1711 3743 1761 3796 in
1796 3744 1951 3797 oculis
1998 3761 2087 3800 ex-

528 3829 773 3882 sistente.
816 3826 958 3899 Ergo
1003 3843 1128 3882 eum
1163 3843 1262 3883 nos
1295 3828 1347 3882 in
1383 3830 1539 3886 cmlis
1566 3847 1673 3886 non
1706 3836 1901 3899 simus,
1946 3838 2092 3891 aliud

524 3917 654 3985 quid
683 3918 751 3971 ab
781 3932 845 3972 eo
880 3916 1025 3987 quod
1070 3917 1125 3970 in
1161 3918 1317 3974 caelis
1372 3927 1480 3983 est,
1537 3936 1767 3992 corpore
1818 3925 2093 3981 diversum

525 4008 811 4062 nobiscum
845 4008 939 4077 qui
980 4007 1035 4061 in
1074 4015 1216 4062 terra
1252 4008 1500 4080 deginius
1527 4028 1649 4067 esse
1679 4015 1935 4070 credidit.
1970 4016 2093 4074 llaec

524 4107 650 4151 sunt
696 4099 965 4153 sublimes.
1006 4097 1338 4169 Apollinaris
1398 4103 1681 4162 doctrinae.
1738 4103 1850 4161 Nos
1911 4118 2091 4163 autem

524 4192 759 4261 dicimus
792 4190 1096 4254 Christum,
1130 4200 1419 4261 postquam
1463 4210 1526 4249 ea
1576 4196 1827 4260 dixisset,
1886 4214 2093 4256 assmu-

526 4290 676 4349 ptum
710 4282 880 4337 fuissc
912 4282 965 4336 in
998 4283 1191 4350 oculos,
1219 4292 1272 4339 et
1317 4300 1441 4339 eum
1484 4287 1576 4355 qui
1613 4299 1930 4359 assumptus
1971 4292 2093 4356 fuit,

524 4372 810 4425 nobiscum
859 4388 1000 4438 esse,
1028 4375 1345 4444 nullamque
1389 4376 1441 4430 in
1476 4392 1541 4431 eo
1575 4378 1898 4436 divisionem
1938 4398 2091 4450 repe-

524 4460 659 4527 riri;
692 4461 785 4514 sed
817 4463 1274 4530 quemadmodum
1324 4473 1407 4519 est
1457 4465 1508 4518 in
1556 4468 1739 4532 nobis,
1798 4469 2093 4539 unicuique

2200 3201 2294 3267 ὢν,
2344 3202 2531 3272 σαφῶς
2561 3201 2590 3253 ὀ
2622 3200 2955 3270 λογογράφος
3000 3197 3233 3269 μερίζων
3268 3196 3330 3248 τὸ
3356 3194 3654 3266 ἀμέριστον
3713 3195 3774 3249 οὐ

2198 3291 2462 3359 συνίησιν.
2497 3290 2558 3344 Εἰ
2591 3288 2699 3360 γάρ
2724 3288 2785 3341 τὸ
2817 3288 2914 3359 μὲν
2950 3287 3106 3357 σῶμα
3133 3284 3209 3355 τῷ
3244 3285 3459 3355 οὐρανῷ
3494 3284 3608 3356 (85)
3637 3286 3769 3338 ἀπο·

2196 3382 2420 3445 τίθεται,
2454 3381 2569 3452 μεθ’
2590 3381 2745 3451 ἡμῶν
2765 3380 2822 3433 δὲ
2846 3375 2981 3432 εἷναί
3011 3395 3142 3448 φησι
3166 3376 3255 3430 τὸν
3278 3376 3501 3447 Κύριον,
3528 3376 3774 3446 φανερῶς

2195 3473 2459 3537 διάζευξίν
2492 3490 2615 3527 τινα
2659 3472 2752 3525 καὶ
2808 3471 3072 3543 μερισμὸν
3114 3472 3177 3540 τῇ
3212 3468 3434 3539 τοιαύτῃ
3482 3468 3577 3521 τοῦ
3618 3468 3773 3539 λόγου

2194 3565 2444 3635 διαστολῇ
2496 3563 2919 3635 κατεργάζεται.
2968 3562 3043 3615 Οὐ
3083 3562 3191 3631 γάρ
3225 3558 3379 3613 εἶπεν
3414 3562 3498 3612 ὅτι
3522 3561 3585 3612 τὸ
3618 3562 3771 3629 σῶμα

2197 3654 2360 3708 αὐτοῦ
2409 3656 2503 3708 καὶ
2553 3657 2611 3708 ὲν
2643 3654 2856 3725 οὐρανῷ
2891 3654 3059 3724 μένει,
3102 3654 3198 3706 καὶ
3246 3652 3366 3721 μεθ’
3397 3652 3558 3720 ἡμῶν
3604 3654 3770 3713 ἐστιν,

2195 3747 2331 3801 ἀλλά
2370 3747 2464 3799 τοῦ
2508 3746 2755 3817 σώματος
2797 3748 2853 3800 ὲν
2900 3743 3115 3818 οὐρανῷ
3158 3744 3309 3806 ὄντος
3357 3742 3504 3813 [(86)
3532 3742 3687 3813 ἡμῶν
3720 3743 3771 3796 δὲ

2194 3840 2295 3891 οὐκ
2319 3841 2375 3890 ἐν
2404 3838 2621 3909 οὐρανῷ
2645 3836 2856 3907 δντων].
2924 3838 3066 3906 "Apta
3096 3834 3282 3905 ἕτερόν
3314 3850 3367 3887 τι
3396 3834 3545 3903 παρά
3572 3834 3633 3885 τὸ
3663 3834 3772 3901 (87)

2196 3932 2253 3982 ἐν
2296 3930 2541 3998 οὐρανοῖς
2570 3929 2629 3981 δν
2660 3928 2816 3998 σῶμα
2875 3928 2990 3997 μεθ’
3041 3925 3196 3995 ἡμῶν
3220 3923 3328 3977 τῶν
3357 3924 3449 3976 ἐπὶ
3480 3924 3583 3994 γῆς
3606 3923 3769 3977 ὄντων

2198 4019 2547 4072 πεπίστευκε.
2583 4017 2768 4073 Ταῦτα
2797 4017 2865 4069 τὰ
2905 4016 3083 4086 ὐψηλά
3122 4014 3216 4067 τοῦ
3272 4014 3649 4083 Ἀπολιναρίου
3692 4013 3769 4065 δι-

2194 4110 2465 4179 δάγματα.
2516 4106 2707 4178 Ἡμεῖς
2745 4107 2803 4159 δέ
2835 4122 3034 4176 φαμεν,
3073 4105 3154 4158 ὅτι
3180 4103 3357 4158 ταῦτα
3382 4104 3550 4156 εἰπὼν
3580 4104 3768 4174 ἀνελή-

2195 4200 2323 4270 φθη,
2368 4197 2457 4252 καὶ
2487 4202 2516 4255 ὁ
2541 4198 2654 4269 (88)
2686 4197 3014 4267 ἀναληφθεὶς
3043 4198 3162 4266 μεθ’
3190 4196 3345 4267 ἡμῶν
3372 4198 3516 4258 ἐστι,
3550 4196 3644 4248 καὶ
3676 4213 3766 4265 μεο

2197 4291 2386 4359 ρισμὸς
2434 4292 2488 4341 ὲν
2523 4290 2714 4360 ἐκείνῳ
2760 4289 2951 4350 οὐδεὶς,
2996 4287 3108 4341 ἀλλ’
3141 4288 3327 4358 ὥσπερ
3374 4288 3431 4339 ὲν
3478 4288 3592 4355 (89)
3641 4289 3773 4357 ἡμῖν

2194 4381 2360 4443 ὲστιν,
2398 4380 2612 4452 ἑκάστῳ
2653 4380 2863 4451 παρὼν,
2896 4380 2988 4432 καὶ
3020 4381 3079 4432 ὲν
3112 4378 3261 4448 μέσῳ
3291 4378 3601 4446 γενόμενος,
3628 4377 3769 4428 οὕτω

2194 4474 2287 4524 καὶ
2318 4472 2427 4542 (90)
2474 4474 2567 4526 ἐπὶ
2597 4472 2773 4526 πάντα
2808 4472 2984 4542 διήκει
3031 4470 3102 4523 τά
3132 4470 3229 4539 τῆς
3274 4469 3504 4530 κτίσεως
3536 4469 3769 4537 πέρατα,

524 4561 736 4615 astans,
765 4561 818 4606 et
850 4553 905 4607 in
934 4555 1113 4610 medio
1154 4557 1323 4611 nostri
1358 4573 1607 4622 manens,
1663 4560 1732 4613 ita
1764 4570 1817 4614 et
1850 4576 1945 4630 per
1978 4577 2088 4615 om-

2195 4566 2470 4636 ὁμοτίμοις
2495 4567 2627 4618 πᾶσι
2654 4568 2763 4627 τοῖς
2783 4564 2876 4616 τοῦ
2899 4564 3101 4633 κόσμου
3128 4561 3315 4631 μέρεσι
3346 4559 3760 4629 ὲμφαινόμενος.

523 4659 621 4699 nes
663 4655 991 4715 pervagatur
1045 4658 1351 4703 creatarum
1397 4666 1578 4704 rerum
1640 4651 1900 4707 terminos
1950 4665 2002 4707 et
2037 4654 2099 4707 in.

522 4734 781 4787 omnibus
809 4750 964 4804 azque
1011 4737 1199 4790 mundi
1259 4740 1505 4807 partibus
1567 4740 1969 4798 inanil‘estatur.
2034 4742 2089 4798 Si

521 4828 682 4881 nobis
724 4829 1005 4897 corporeis
1060 4828 1476 4898 incorporaliter
1532 4834 1715 4894 adest,
1776 4836 2093 4892 coelestibus

522 4920 710 4987 utique
746 4920 1107 4989 corporaliter
1153 4936 1260 4974 non
1314 4922 1505 4978 aderit.
1550 4921 1705 4978 Nunc
1759 4935 1938 4981 autem
1994 4929 2089 4991 ait,

520 5010 592 5060 ita
623 5008 858 5063 divisum
889 5008 1205 5073 Dominum,
1233 5010 1284 5062 in
1314 5011 1575 5080 subjectis
1602 5012 1706 5067 sibi
1754 5014 1937 5079 rebus,
1968 5016 2086 5070 sine

520 5098 629 5149 ulla
656 5100 1017 5169 congruentia
1049 5100 1352 5170 ordineque
1382 5116 1610 5170 prorsus
1635 5107 1935 5164 contrario.
1963 5121 2085 5162 esse

592 5278 634 5309 “
666 5279 851 5333 Matth.
882 5296 1034 5340 xvut,
1060 5281 1110 5333 '7.
1189 5282 1233 5311 ⁸³
1268 5280 1399 5339 Luc.
1434 5300 1563 5349 xvii,
1607 5286 1656 5338 l.

589 5436 698 5508 (ὃς)
724 5435 960 5508 Yet-bum
980 5435 1057 5508 τῷ
1085 5436 1297 5508 Σωτῆρι
1327 5452 1470 5491 corr.
1505 5440 1627 5493 add.

590 5506 701 5567 (82)
722 5505 877 5559 Corr.
906 5509 934 5559 ὁ
963 5507 1021 5559 τὸ
1046 5506 1195 5559 εἴδει.

590 5574 702 5646 (8.5)
730 5577 890 5646 Qorr.
925 5578 1024 5645 οὐχ
1044 5575 1183 5646 αὐτη
1214 5577 1307 5629 καὶ
1336 5577 1452 5646 τῆς.

587 5644 699 5717 (βξ)
736 5644 891 5717 (Sorr.
928 5644 1007 5697 δεῖ
1026 5645 1133 5717 γὰρ
1161 5644 1433 5717 γενέσθαι.

590 5650 702 5773 (διίζ
736 5650 891 5699 Corr.
928 5650 1007 5697 δεῖ
1026 5650 1133 5717 γὰρ
1161 5650 1433 5713 γενέσθαι.

590 5713 691 5787 ιξξξ
742 5713 817 5787 [ιιι
842 5730 985 5769 corr.
1009 5733 1023 5778 ;
1055 5726 1211 5787 antea
1237 5715 1322 5787 τῷΔ
1341 5717 1595 5787 οὐρανίῳ.

593 5783 704 5851 (86)
732 5782 861 5854 Quae
897 5787 1113 5841 uncinis
1143 5782 1499 5842 includuntur
1533 5782 1674 5842 corr.
1717 5788 1837 5847 add,

2191 4655 2255 4709 Εἰ
2302 4659 2359 4709 ὲν
2406 4658 2537 4726 ἡμῖν
2572 4658 2682 4718 τοῖς
2734 4656 3064 4725 σωματικοῖς
3111 4652 3225 4723 (9|)
3272 4650 3597 4719 ἀσωμάτως,
3649 4650 3763 4702 οὐδὲ

2189 4750 2301 4811 τοῖς
2328 4748 2719 4819 ὐπερκοσμίοις
2747 4750 2806 4801 ὲν
2838 4746 3072 4817 σώματι.
3118 4744 3258 4799 Νυνὶ
3292 4742 3348 4795 δέ
3381 4758 3564 4811 φησιν,
3594 4740 3765 4803 οὕτως

2192 4837 2522 4909 μερισθέντα
2547 4837 2637 4890 τὸν
2665 4837 2890 4909 Κύριον,
2923 4834 3305 4905 ἀκαταλλήλως
3334 4833 3389 4885 ὲν
3416 4834 3524 4894 τοῖς
3556 4832 3763 4899 ὑποχει-

2191 4931 2325 4999 ρίοις
2355 4928 2440 4981 διά
2463 4927 2571 4981 τῶν
2617 4929 2875 4982 ἐναντίων
2909 4926 3173 4997 γίνεσθαι,
3217 4927 3325 4987 τοῖς
3363 4924 3458 4992 μὲν
3487 4922 3763 4993 σαρκίνοις

2191 5023 2480 5091 ἀσώματον
2511 5020 2646 5089 (92),
2682 5024 2793 5083 τοῖς
2850 5020 2904 5072 δὲ
2937 5019 3247 5089 ἀσωμάτοις
3285 5016 3341 5067 ὲν
3382 5014 3613 5082 σώματι.
3679 5010 3763 5061 Ἐν

2192 5110 2301 5181 γὰρ
2322 5110 2397 5180 τῷ
2423 5108 2635 5180 οὐρανῷ
2667 5107 2991 5179 καθιδρύσας
3017 5110 3115 5180 τὴν
3147 5104 3343 5175 σάρκα,
3377 5098 3758 5172 πνευματικῶς

2267 5438 2376 5506 (8'7)
2404 5437 2481 5491 ita
2509 5451 2678 5499 corr.;
2705 5436 3022 5506 maleqantea
3040 5431 3223 5503 ἔτερόν
3246 5449 3363 5484 τινα
3386 5431 3537 5501 παρὰ
3564 5432 3747 5493 τάσις.

2265 5504 2378 5576 (88)
2414 5508 2534 5562 Art.
2574 5522 2719 5560 corr.
2754 5504 2888 5576 add.

2287 5568 2377 5645 89)
2411 5578 2569 5631 Corr.
2607 5576 2719 5629 ἀλλ’
2747 5568 2897 5644 ᾧπερ
2928 5574 3007 5645 ἐν.

2287 5584 2377 5645 89)
2411 5584 2569 5631 Corr.
2607 5584 2719 5629 ἀλλ’
2747 5584 2897 5644 ῳπερ
2928 5584 3007 5627 εν.

2262 5584 2371 5715 (90)
2399 5649 2556 5703 Corr.
2587 5646 2893 5715 γενόμενος,
2921 5643 3094 5713 τούτῳ
3123 5644 3233 5696 καὶ.

2260 5713 2366 5789 (9|)
2396 5720 2552 5773 Corr.
2586 5719 2633 5789 εί
2669 5713 2797 5789 ἡμῖν
2820 5716 2932 5777 τοῖς
2966 5716 3292 5783 σωματικοῖς
3335 5713 3640 5784 ἀσώματος.

2259 5784 2368 5860 (92)
2399 5789 2553 5843 Corr.
2593 5784 2866 5856 ἀσωμάτω
2878 5802 2923 5847 ;.
