4020 6522
250 338 390 397 1269

1393 342 1769 401 ADVERSUS
1806 344 2318 401 APOLLINAREM.

3362 341 3503 397 ηπ)

246 456 360 517 τοῖς
392 451 697 525 ἀνθρώποις
723 452 913 508 ἑαυτὸν
945 422 1359 524 καταμίγνυσιν.
1393 456 1536 511 Ὅσα
1555 458 1608 510 δὲ
1630 458 1825 529 ψυχορ-

1927 460 2149 532 quidem
2178 457 2459 529 corporeis
2503 456 2912 525 incorporeum,
2970 452 3313 522 incorporeis
3376 466 3507 505 vero

246 543 432 614 ραγῶν
482 544 632 615 [(95)
670 546 807 617 πρὸς
843 545 922 616 τῷ
962 546 1105 600 τέλει
1135 547 1230 601 τοῦ
1260 548 1439 617 λόγου,
1469 549 1658 623 ὥσπερ
1690 552 1831 605 τισὶν

246 634 549 708 deepest],
596 640 707 700 τοῖς
748 637 1140 702 ἀνυποστάτοις
1181 639 1418 711 νοήμασι
1467 642 1829 711 ἐνσυνέχεται,

245 726 626 797 παραδραμεῖν
656 724 809 797 οἶμαι
849 727 957 781 δεῖν
996 728 1323 794 ἀνεξέταστα
1351 747 1365 761 ·
1412 731 1471 783 ὲν
1515 727 1596 795 οἷς
1651 749 1833 787 στενοσ

247 817 591 887 χωρούμενος
666 817 792 882 τοὺς
844 819 1111 889 Ἕλληνας
1162 819 1297 889 πρὸς
1356 822 1682 892 συνηγορίαν
1722 823 1831 876 τῶν

249 907 397 960 ἰδίων
420 908 604 978 μύθων
637 908 809 961 καλεῖ.
842 908 954 962 Καὶ
986 910 1085 963 ὅσα
1111 908 1246 963 ἄλλα
1272 910 1481 974 τούτοις
1512 913 1627 965 ἐστὶ
1654 931 1827 983 παραο

247 996 484 1066 πλήσια,
531 998 637 1067 ὅτῳ
678 998 830 1066 φίλον
874 998 972 1069 τὴν
1017 999 1105 1053 διά
1152 1000 1370 1053 πάντων
1417 1002 1516 1070 τῆς
1566 1002 1828 1073 αἱρέσεως

247 1088 469 1141 ἀτονίαν
500 1090 853 1157 κατανοῆσαι,
885 1091 1069 1153 αὐτοῖς
1112 1090 1343 1155 ἐπεξίτω
1375 1095 1484 1153 τοῖς
1511 1094 1831 1163 γεγραμμέ-

245 1195 381 1242 νοις.
421 1179 581 1248 Ἡμῖν
614 1179 671 1231 δὲ
699 1180 758 1233 οὐ
782 1180 1016 1250 τοσαύτη
1044 1180 1227 1251 σχολὴ,
1259 1180 1399 1234 ὥστε
1433 1185 1543 1244 τοῖς
1568 1182 1831 1247 τοιούτοις

245 1266 424 1335 λόγοις
464 1267 809 1337 ὲμϐαθύνειν,
837 1268 872 1321 ἀ
910 1268 1175 1339 πρόδηλον
1204 1270 1295 1338 ἀφ’
1330 1268 1537 1323 ἑαυτῶν
1574 1270 1708 1339 (94),
1737 1270 1830 1321 καὶ

245 1358 355 1430 πρὸ
384 1358 485 1428 τῆς
514 1358 834 1425 ἐξετάσεως,
865 1358 975 1429 ἔχει
1014 1362 1111 1429 τῆς
1138 1360 1365 1424 ἀτοπίας
1392 1361 1481 1415 τὸν
1512 1361 1750 1431 ἔλεγχον.

1929 566 2274 619 corporeum.
2307 548 2441 604 Nam
2475 550 2744 604 collocata
2793 548 2847 602 in
2880 547 3035 602 curiis
3084 560 3253 600 carne
3314 550 3506 597 semet-

1928 643 2108 712 ipsum
2146 640 2505 711 spiritualiter
2543 640 2859 695 hominibus
2902 638 3195 694 immiscet.
3233 634 3505 689 (laterum

1927 749 2050 803 quae
2082 734 2320 787 animam
2353 731 2521 787 veluti
2552 730 2760 794 elllans,
2788 731 2845 786 in
2880 737 3149 785 tractatus
3186 728 3311 793 ﬁne,
3348 723 3505 781 inﬁr-

1928 823 2032 877 mis
2077 823 2194 877 suis
2240 820 2830 891 argumentationibus,
2879 820 3023 874 velut
3059 817 3321 874 extremis
3382 813 3507 885 qui—

1927 911 2155 968 busdam
2194 913 2475 979 halitibus,
2516 913 2785 982 congerit.
2822 912 2912 966 ubi
2974 917 3028 965 et
3066 909 3281 965 consilii
3347 907 3504 975 inops

1928 1002 2191 1059 Ethnicos
2223 1004 2371 1075 ipsos
2403 1005 2459 1058 in
2512 1020 2736 1060 suarum
2778 1003 3085 1059 fabularum
3135 999 3507 1056 conﬁrmatio-

1929 1109 2053 1149 nem
2082 1093 2337 1157 advocat,
2367 1109 2420 1150 οι
2440 1103 2713 1166 quotquot
2744 1095 2850 1148 alia
2880 1102 3010 1149 sunt
3036 1092 3122 1147 his
3154 1090 3351 1147 similia
3384 1089 3503 1145 sine

1931 1189 2038 1241 ulla
2095 1188 2444 1245 discussione
2509 1187 2970 1259 praetermittenda
3046 1200 3167 1240 esse
3241 1182 3500 1238 arbitror.
3598 1226 3603 1229 .

1933 1278 2259 1351 Quicunque
2307 1281 2532 1337 han-esis
2571 1279 2734 1350 hujus
2787 1277 3099 1332 [utilitatem
3141 1273 3360 1344 penitus
3417 1285 3504 1327 co-

1930 1368 2159 1436 gnitam,
2201 1376 2365 1439 atque
2405 1379 2745 1439 perspectam
2798 1367 2997 1421 habere
3047 1364 3230 1434 cupit,
3291 1361 3338 1417 is
3386 1360 3504 1429 ejus

247 1451 457 1521 scripta
508 1461 840 1521 percurrat;
894 1452 1057 1507 nobis
1113 1453 1257 1506 enim
1295 1460 1501 1506 tantum
1556 1453 1652 1507 otii
1689 1467 1798 1507 non
1838 1461 2101 1526 suppetit,
2136 1468 2195 1514 ut
2234 1463 2462 1515 multum
2508 1459 2782 1513 immorari
2819 1457 3089 1529 possimus
3139 1455 3191 1507 in
3253 1452 3504 1521 hujusce-

246 1540 399 1596 modi
449 1542 796 1597 sermonibus
825 1540 1205 1607 discutiendis,
1243 1543 1419 1613 quiin
1457 1544 1764 1614 semetipsis
1805 1548 2097 1607 manifeste
2146 1568 2255 1622 prae
2300 1569 2357 1608 se
2398 1551 2601 1617 ferunt,
2632 1550 2775 1606 unde
2813 1564 3001 1604 eorum
3060 1544 3290 1614 ineptias
3339 1551 3503 1612 atque

245 1649 492 1697 errores,
527 1634 668 1690 citra
696 1651 925 1693 examen
964 1636 1156 1703 ullum,
1192 1637 1510 1708 redarguas.

248 1896 278 1936 ⁸
321 1812 433 1935 ξείὅ)
466 1814 599 1882 Qua
640 1816 859 1874 uncinis
887 1817 1246 1874 includuntur
1273 1833 1419 1873 corr.
1454 1819 1819 1875 additamenta

284 1900 311 1934 il
340 1900 354 1936 ι
388 1924 399 1936 .

284 1899 399 1937 ίιιιι.

2004 1816 2113 1889 (94)
2150 1817 2305 1872 Corr.
2339 1818 2435 1885 ἐφ’
2459 1815 2671 1869 ἑαυτόν.

1222 2236 1448 2327 ΤΟΥ
1484 2234 1859 2323 ΑΥΤΟΥ
1925 2234 2545 2320 ΓΡΗΓΟΡΙΟΥ

907 2430 1411 2543 ΚΑΤΑ
1536 2422 2847 2545 ΑΠΟΑΙΝΑΡΙΟΥ

1056 2645 1254 2697 ΠΡΟΣ
1295 2642 1671 2699 ΘΕΟΦΙΛΟΝ
1704 2642 2135 2701 ΕΠΙΣΚΟΠΟΝ
2162 2639 2738 2707 ΑΛΕΞΑΝΔΡΕΙΑΣ.

1818 2822 1887 2834 ..-

1194 2972 1730 3062 EJUSDEM
1820 2973 1916 3064 S.
1964 2966 2542 3063 GREGORII

970 3184 1714 3301 ADVERSUS
1799 3180 2587 3303 APOLLINAR
2615 3182 2799 3293 ΕΜ

1019 3405 1115 3460 AD
1161 3404 1673 3463 TIIEOPULLUM'
1695 3406 2133 3464 EPISCOPUM
2174 3401 2806 3460 ALEXANDRINUM.

1499 3565 1750 3613 Frontone
1772 3562 1953 3613 Ducazo
1978 3563 2273 3624 interprete.

1834 3736 1902 3750 _

320 3860 397 3913 οὐ
454 3858 619 3929 μόνης
676 3857 792 3910 ἐστὶ
845 3861 941 3929 τῆς
993 3859 1261 3930 κοσμικῆς
1295 3861 1484 3929 σοφίας
1521 3860 1747 3933 εὔφορος
1786 3864 1821 3933 ἡ

1994 3860 2113 3915 Non
2157 3858 2442 3917 saecularis
2480 3863 2690 3911 tantum
2741 3856 3026 3925 sapientiae
3061 3854 3213 3912 ferax
3265 3860 3346 3907 est
3390 3866 3508 3906 ma-

250 3951 464 4023 μεγάλη
493 3948 601 4002 τῶν
643 3948 1033 4020 Ἀλεξανδρέων
1063 3950 1236 4013 πόλις,
1268 3951 1401 4005 ἀλλὰ
1431 3953 1525 4007 καὶ
1553 3954 1649 4023 τῆς
1692 3954 1825 4025 ἀλη-

246 4041 423 4111 θινῆς,
450 4040 546 4109 τῆς
562 4038 726 4103 ὅντως
752 4040 943 4109 σοφίας
980 4041 1105 4105 παρ’
1138 4040 1264 4111 ὑμῖν
1290 4040 1348 4105 ἐξ
1376 4042 1549 4113 ἀρχῆς
1572 4042 1826 4114 βρύουσιν

246 4133 304 4186 αί
334 4130 528 4200 πηγαί.
561 4129 650 4182 Διό
674 4146 762 4201 μοι
791 4129 938 4184 δοκεῖ
984 4130 1162 4194 καλῶς
1182 4131 1343 4202 ἔχειν,
1377 4133 1506 4204 παρ’
1529 4131 1609 4197 οἷς
1628 4134 1826 4187 πλείων

245 4227 277 4291 ὴ
321 4223 458 4294 πρὸς
499 4222 560 4275 τὸ
598 4221 799 4290 ἀγαθόν
847 4225 961 4276 ἐστι
1004 4223 1247 4295 δύναμις,
1296 4225 1448 4296 παρὰ
1496 4227 1700 4281 τούτων
1743 4227 1826 4296 γί-

247 4315 433 4367 νεσθαι
464 4313 561 4384 τῆς
592 4314 733 4367 κατά
761 4314 821 4367 τὸ
854 4315 1149 4386 μυστήριον
1177 4316 1431 4388 ἀληθείας
1459 4316 1557 4388 τὴν
1603 4335 1823 4389 συμμα-

245 4406 370 4475 χίαν
390 4421 403 4435 ·
455 4406 589 4475 φησὶ
618 4404 725 4476 γάρ
755 4422 856 4459 που
887 4408 980 4460 καὶ
1022 4407 1081 4461 τὸ
1114 4408 1313 4478 ὑψηλὸν
1355 4409 1707 4479 Εὐαγγέλιον,
1741 4413 1824 4466 ὃτι

250 4514 269 4546 ι
319 4488 389 4566 ᾯ
412 4496 472 4548 τὸ
494 4494 627 4550 πολὺ
649 4496 827 4567 ἐδόθη,
856 4492 1009 4561 οὗτος
1038 4498 1097 4551 τὸ
1126 4500 1287 4554 πλέον
1313 4502 1765 4573 ἀπαιτηθήσεται.
1801 4523 1818 4554 ι

245 4583 455 4638 Οὐκοῦν
499 4586 705 4649 δίκαιος
753 4586 819 4640 ἂν
871 4588 987 4659 εῖης
1033 4591 1213 4644 πᾶσαν
1265 4592 1362 4663 τὴν
1411 4595 1474 4647 ὲκ
1526 4594 1623 4665 τῆς
1676 4594 1825 4659 θείας

245 4675 468 4747 χάριτος
505 4676 813 4747 προσοῦσαν
844 4678 924 4730 σοί
953 4696 1013 4732 τε
1062 4682 1152 4734 καὶ
1183 4684 1248 4753 τῇ
1288 4684 1580 4758 Ἐκκλησία
1610 4704 1702 4740 σου
1732 4688 1824 4741 δύ-

244 4784 407 4837 ναμιν
454 4768 769 4839 ἀντιστῆσαι
815 4772 881 4840 τῇ
930 4769 1266 4843 ψευδωνύμῳ
1321 4774 1517 4843 γνώσει
1548 4778 1657 4831 τῶν
1687 4778 1827 4833 κατά

243 4857 344 4928 τῆς
378 4856 631 4927 ἀληθείας
679 4858 765 4912 ἀεί
810 4876 862 4911 τι
907 4859 1090 4914 καινὸν
1135 4863 1588 4933 ὲφευρισκόντων,
1639 4867 1706 4919 δι’
1751 4865 1825 4922 ὦν

244 4948 496 5016 τέμνεται
548 4948 645 5019 μὲν
671 4950 704 5019 ἡ
737 4949 877 5005 κατὰ
909 4951 1040 5005 θεὸν
1092 4954 1398 5024 συμφωνία,
1432 4959 1649 5025 σιγᾶται
1681 4959 1738 5013 δὲ
1766 4958 1826 5012 τὸ

247 5037 391 5107 μέγα
425 5038 518 5090 καὶ
558 5037 850 5110 σεϐάσμιον
877 5040 1046 5113 ὄνομα
1072 5042 1181 5095 τῶν
1206 5045 1569 5114 Χριστιανῶν’
1605 5050 1742 5120 πρὸς
1769 5050 1823 5103 δὲ

244 5128 342 5191 τὰς
381 5128 727 5200 ἀνθρωπίνας
757 5133 1127 5204 προσηγορίας
1171 5136 1204 5205 ἡ
1247 5136 1541 5207 Ἐκκλησία
1584 5156 1823 5211 καταμε-

1926 3968 2032 4025 gna
2081 3952 2278 4008 civitas
2327 3947 2854 4013 Alexandrinorum,
2899 3947 2995 4003 sed
3048 3954 3104 4003 et
3147 3944 3321 4016 ipsius
3367 3958 3509 3998 verae

1926 4054 2088 4114 atque
2115 4041 2366 4114 genuinae
2399 4037 2681 4109 sapientia:
2715 4036 2892 4093 fontes
2921 4036 3063 4107 apud
3098 4050 3193 4091 vos
3227 4035 3337 4105 jam
3379 4033 3509 4089 inde

1926 4149 1957 4188 a
2011 4131 2283 4204 principio
2334 4137 2577 4185 manant.
2625 4128 2991 4195 Quamobrem
3050 4135 3217 4189 recte.
3263 4134 3323 4179 ut
3371 4123 3507 4181 mihi

1925 4226 2145 4297 quidem
2179 4225 2416 4289 videtur,
2453 4236 2577 4278 sese
2605 4236 2695 4277 res
2740 4219 2984 4285 habebit,
3007 4220 3053 4275 si
3084 4218 3285 4290 quibus
3333 4215 3403 4272 ad
3441 4231 3506 4273 ea

1925 4333 2051 4388 qua:
2080 4325 2233 4374 recta
2271 4323 2402 4371 sunt
2433 4311 2804 4384 promovenda
2852 4311 2975 4381 plus
3004 4309 3247 4382 suppetit
3274 4307 3506 4369 virium.

1925 4411 1996 4466 ab
2043 4410 2110 4466 iis
2154 4408 2222 4463 ad
2267 4404 2587 4478 mysterium
2622 4402 2868 4459 veritatis
2910 4401 3175 4458 tuendum
3212 4401 3335 4472 plus
3379 4398 3509 4457 sub—

1926 4502 2052 4560 sidii
2111 4499 2429 4557 conferatur
2485 4516 2496 4550 :
2544 4504 2604 4551 ut
2657 4495 2801 4551 enim
2860 4494 2938 4547 ait
2997 4493 3210 4563 uspiam
3275 4489 3509 4548 sublime

1926 4592 2302 4665 Evangelium,
2355 4610 2374 4642 ι
2404 4588 2502 4646 Cui
2538 4586 2771 4645 multum
2822 4585 3010 4640 datum
3053 4594 3159 4649 est,
3201 4583 3323 4654 plus
3356 4597 3509 4652 repe~

1925 4694 2074 4741 tetur
2114 4682 2184 4738 ab
2234 4696 2299 4736 eo
2325 4681 2376 4747 ¹;
2414 4698 2432 4731 ι
2474 4679 2659 4748 itaque
2694 4677 2892 4732 merito
2944 4675 3167 4739 feceris,
3208 4675 3255 4730 si
3292 4687 3507 4729 omnem

1924 4793 2046 4849 quze
2080 4777 2134 4832 in
2177 4782 2231 4830 te
2272 4783 2452 4829 estex
2505 4770 2680 4844 gratia
2722 4769 2906 4825 divina
2943 4774 2998 4823 et
3046 4768 3101 4821 in
3139 4766 3381 4822 Ecclesia
3415 4774 3517 4819 tua

1926 4864 2184 4920 virtutem
2233 4861 2373 4917 falso
2419 4859 2718 4915 nominatae
2764 4857 3010 4913 scientiae
3057 4854 3382 4926 opposueris
3414 4870 3510 4910 co-

1926 4973 2046 5011 rum
2112 4955 2206 5025 qui
2261 4969 2478 5023 semper
2530 4951 2738 5022 aliquid
2796 4949 2920 5004 novi
2978 4959 3169 5003 contra
3218 4947 3507 5002 veritatem

1925 5048 2447 5108 comminiscuntur,
2481 5058 2509 5096 a
2535 5044 2735 5112 quibus
2763 5055 2826 5094 ea
2856 5055 2977 5109 quae
3015 5038 3316 5094 secundum
3341 5036 3509 5093 Deum

1923 5148 2007 5194 est
2052 5137 2290 5193 societas
2336 5136 2637 5196 dirimitur,
2675 5147 2932 5201 magnum
2966 5139 3147 5186 autem
3182 5138 3236 5185 et
3282 5145 3512 5186 venera-

246 5216 485 5288 ρίζεται·
542 5220 635 5273 καὶ
679 5220 741 5273 τὸ
792 5222 1008 5276 πάντων
1045 5224 1365 5287 δεινότατον.
1412 5227 1492 5279 ὅτι
1539 5228 1822 5300 χαίρουσιν

1927 5230 2037 5285 bile
2080 5230 2521 5285 Christianorum
2559 5239 2756 5279 nomen
2803 5225 3023 5280 silentio
3067 5225 3385 5291 involvitur,
3429 5232 3511 5277 at-

244 5310 292 5360 οί
331 5308 607 5381 ἄνθρωποι
646 5313 759 5375 τοῖς
805 5314 941 5385 πρὸς
990 5315 1089 5386 τὴν
1147 5316 1353 5388 πλάνην
1397 5318 1826 5390 καθηγουμένοις

1927 5338 2035 5393 que
2081 5324 2137 5376 in
2176 5323 2445 5376 humanas
2478 5316 2875 5388 appellationes
2922 5316 3165 5380 Ecclesia
3205 5315 3506 5375 dividitur;

244 5402 698 5471 ἐπονομάζεσθαι.
733 5404 797 5457 El
843 5406 942 5475 μὲν
980 5402 1073 5461 οὖν
1104 5403 1173 5479 ἦν
1213 5408 1432 5463 δυνατὸν
1466 5409 1693 5465 καθόλου
1727 5412 1825 5483 τὴν

1927 5415 2185 5485 quodque
2226 5413 2468 5469 omnium
2501 5420 2584 5465 est
2618 5409 3081 5479 indignissimum,
3111 5417 3228 5475 tum
3269 5407 3503 5478 gaudent

245 5492 587 5564 προφητικὴν
630 5493 793 5566 εὐχὴν
834 5498 913 5559 εἰς
962 5498 1135 5570 πέρας
1182 5501 1372 5567 ἐλθεῖν,
1409 5503 1501 5555 καὶ
1550 5503 1823 5559 ἐκλείπειν

1927 5506 2197 5568 homines,
2249 5518 2374 5559 cum
2434 5501 2503 5557 ab
2554 5502 2621 5555 iis
2657 5516 2795 5569 quos
2849 5500 2903 5555 in
2963 5515 3148 5557 errore
3195 5501 3364 5555 duces
3419 5516 3500 5559 sc-

245 5582 598 5667 αμαρτωλοὺς
625 5586 731 5639 ἀπὸ
757 5588 854 5656 τῆς
878 5589 978 5659 γῆς
1015 5593 1106 5645 καὶ
1139 5594 1262 5657 τοὺς
1295 5595 1547 5665 ἀνόμους,
1578 5595 1718 5649 ὥστε
1747 5598 1820 5668 μὴ

1930 5604 2198 5666 quuntur,
2235 5609 2431 5649 novum
2471 5608 2529 5648 se
2572 5606 2769 5647 nomen
2807 5592 3080 5649 invenisse
3124 5589 3500 5663 cognoverint-

317 5760 334 5791 ¹
373 5757 485 5817 Luc
549 5776 645 5824 xu,
679 5761 769 5827 48.
