4020 6504
424 402 425 405 η
512 336 643 391 «ait

1782 342 1841 398 S.
1881 340 1921 396 (ἑ
1934 340 2211 397 REGORII
2236 341 2275 394 N
2288 340 2531 397 YSSENI

3642 343 3783 400 1272

506 453 585 507 Ac
614 452 666 509 si
696 450 913 523 quidem
948 452 1061 505 ﬁeri
1092 463 1273 522 posset
1303 463 1359 507 ut
1392 454 1616 514 omnino
1638 463 1821 509 votum
1853 457 2059 527 prophe

2190 457 2476 529 ὑπάρχειν,
2512 455 2769 527 ἐμφανῶς
2802 452 2867 527 ἦν
2892 454 2959 509 ἂν
2986 454 3047 508 τί»
3081 455 3321 509 τοιοῦτον
3349 456 3427 527 τῷ
3453 456 3616 510 παντὶ
3649 472 3785 526 προ-

506 548 674 598 ticuni
704 544 1080 615 perﬁceretur,
1113 556 1167 599 et
1192 546 1487 601 deficerent
1521 556 1838 617 peccatores
1872 565 1901 603 a
1937 558 2083 603 terra

504 646 557 692 et
589 635 788 706 iniqui,
826 638 901 690 ita
943 645 997 690 ut
1031 652 1139 691 non
1172 646 1353 693 essent
1376 639 1416 702 ³,
1448 654 1536 694 res
1567 653 1631 693 ea
1664 638 1803 694 foret
1826 642 2082 699 omnibus

504 728 865 797 praeferenda.
892 726 1189 797 Postquam
1226 738 1405 785 autem
1438 732 1733 800 praevalent
1766 731 2079 800 iniquorum

502 834 807 883 sermones,
841 819 1043 890 quibus
1095 828 1288 875 contra
1328 822 1611 877 veritatem
1664 823 1734 877 ab
1780 824 2078 879 adversarii

502 912 834 980 adjumentis
886 913 1030 966 vires
1080 912 1303 979 dantur,
1346 914 1610 983 przeclare
1659 915 1946 971 nobiscum
1992 916 2079 986 agi

501 1003 795 1068 videbitur,
842 1005 889 1060 si
922 1006 1063 1058 mala
1100 1005 1289 1061 saltem
1330 1006 1655 1061 imminuere
1697 1016 1861 1076 atque
1908 1006 2080 1075 impe-

501 1096 621 1150 dire
660 1098 957 1165 possimus,
987 1114 1057 1153 ne
1092 1114 1214 1169 qua:
1246 1100 1301 1153 in
1341 1098 1459 1153 dies
1488 1098 1811 1158 efferuntur.
1849 1098 2081 1152 deterio-

500 1202 623 1240 rum
653 1203 833 1242 rerum
870 1189 1207 1243 incrementa
1254 1188 1471 1257 longius
1512 1190 1904 1257 provehantur.
1936 1188 2078 1255 Quid

501 1287 681 1333 autem
729 1280 843 1335 haec
872 1282 1035 1334 verba
1069 1281 1171 1335 sibi
1214 1281 1441 1334 volunt?
1472 1282 1576 1345 Qui
1612 1282 1945 1350 Apollinaris
1977 1280 2079 1333 do-

500 1371 776 1437 gmatibus
816 1370 1023 1435 favent,
1055 1372 1575 1442 reprehensionibus
1610 1373 1663 1425 in
1714 1387 1815 1426 nos
1850 1370 2074 1440 paratis,

502 1478 591 1515 res
657 1479 785 1517 snas
851 1465 1097 1519 stabilire
1151 1473 1457 1528 conantur,
1518 1466 1736 1519 carnale
1801 1462 2073 1526 Verbum,

502 1559 665 1621 atque
713 1554 1033 1607 saeculorum
1094 1555 1433 1610 conditorem
1490 1554 1728 1609 boniiuis
1774 1553 1970 1607 Filium
2022 1560 2077 1605 et

499 1644 784 1697 mortalem
814 1643 933 1697 Filii
971 1645 1229 1701 deitatem
1272 1645 1554 1701 facientes.
1592 1645 1888 1701 Prol‘erunt
1928 1646 2074 1699 enim

498 1745 758 1803 tanquam
820 1736 1147 1804 quibusdam
1208 1738 1260 1790 in
1323 1739 1593 1792 catholica
1643 1738 1888 1792 Ecclesia
1938 1737 2076 1793 duos

2190 546 2497 616 τιμότερον.
2551 544 2768 614 Ἐπειδὴ
2808 544 2863 597 δὲ
2899 544 2951 596 οἰ
3001 544 3148 613 λόγοι
3190 544 3297 597 τῶν
3349 546 3567 616 ἀνόμων
3607 546 3781 615 ὑπερ-

2194 638 2486 709 ισχύουσιν,
2516 638 2574 690 ὲν
2594 640 2660 708 τῇ
2683 636 2778 690 τοῦ
2810 637 3187 706 ἀντικειμένου
3215 638 3472 710 συνεργίᾳ
3505 639 3604 708 τὴν
3635 639 3780 691 κατά

2189 730 2288 799 τῆς
2346 728 2602 798 ἀληθείας
2654 728 2866 799 ἔχοντες
2917 728 3168 799 δύναμιν,
3221 730 3510 799 ἀγαπητὸν
3559 731 3629 783 ἂν
3689 731 3775 800 εἴη

2189 819 2489 874 ἐλαττῶσαι
2527 814 2619 872 οὖν
2648 819 2717 871 τὰ
2753 818 2918 883 κακὰ,
2955 819 3050 871 καὶ
3083 818 3323 873 κωλῦσαι
3360 820 3492 891 πρὸς
3519 821 3579 873 τὸ
3611 819 3779 875 πλέον

2189 909 2483 981 προϊοῦσαν
2509 911 2607 982 τὴν
2636 910 2744 964 τῶν
2778 910 3035 981 χειρόνων
3062 911 3381 983 ἐπαύξησιν,
3412 913 3477 965 Τί
3505 908 3597 965 οὖν
3624 914 3777 965 ἐστιν

2187 1005 2215 1057 ὅ
2248 1021 2425 1075 φημι;
2460 1004 2653 1066 υἱτοῖς
2682 1002 2779 1055 τοῦ
2829 1003 3209 1075 Ἀπολιναρίου
3242 1004 3475 1074 δόγμασι
3520 1005 3777 1058 συνιστά-

2190 1114 2361 1168 μενοι,
2393 1096 2481 1150 διὰ
2516 1096 2613 1165 τῆς
2644 1096 2765 1149 καθ’
2811 1096 2971 1167 ἡμῶν
3017 1096 3275 1167 μέμψεως
3323 1097 3612 1168 κρατύνειν
3657 1099 3778 1150 ἐπι-

2187 1185 2427 1257 χειροῦσι
2463 1186 2530 1238 τὰ
2564 1184 2690 1248 ἴδια,
2727 1186 2979 1256 σάρκινον
3008 1186 3101 1239 τὸν
3124 1186 3295 1254 Λόγον
3320 1188 3411 1240 καὶ
3437 1188 3777 1258 δημιουργὸν

2184 1277 2293 1330 τῶν
2326 1276 2535 1329 αἰώνων
2571 1275 2662 1329 τὸν
2696 1276 2791 1329 τοῦ
2817 1276 3101 1348 ἀνθρώπου
3140 1278 3286 1344 Υἱδν,
3314 1280 3409 1331 καὶ
3448 1278 3650 1350 θνητὴν
3677 1280 3773 1333 τοῦ

2187 1368 2314 1420 Υἱοῦ
2341 1367 2840 1432 κατασκευάζοντες
2860 1366 2957 1439 τὴν
2984 1367 3234 1439 θεότητα.
3268 1369 3612 1439 Προφέρουσι
3637 1370 3771 1441 γὰρ,

2185 1459 2258 1523 di;
2310 1460 2469 1513 τινῶν
2500 1460 2609 1512 τῶν
2661 1460 2801 1513 κατὰ
2835 1459 2931 1531 τὴν
2955 1461 3268 1533 Καθολικὴν
3317 1463 3642 1533 Ἐκκλησίαν
3675 1464 3772 1517 δύο

2186 1551 2593 1621 πρεσϐευόντων
2639 1552 2788 1614 υἱοὺς
2820 1552 2877 1603 ἐν
2925 1550 3002 1621 τῷ
3050 1552 3298 1620 δόγματι,
3329 1553 3420 1606 τὸν
3467 1554 3588 1625 μὲν,
3629 1556 3773 1607 κατά

2185 1647 2347 1715 φύσιν
2371 1645 2520 1703 ὄντα.
2547 1643 2637 1697 τὸν
2668 1643 2745 1707 δὲ,
2786 1645 2927 1698 κατά
2956 1644 3104 1697 θέσιν
3138 1645 3365 1717 ὕστερον
3393 1648 3766 1717 προσγενόμε-

2184 1755 2290 1791 νον.
2325 1738 2437 1790 Οὑκ
2465 1730 2580 1787 οἶδα
2618 1737 2750 1806 παρ’
2777 1737 2902 1788 ὅτου
2947 1736 3008 1789 τὸ
3044 1736 3285 1789 τοιοῦτον
3327 1740 3645 1808 ἀκηκοότες,
3674 1740 3771 1792 καὶ

498 1825 640 1879 filios
673 1827 981 1881 colentibus
1014 1828 1065 1879 in
1107 1828 1381 1898 dogmate,
1426 1846 1593 1883 unttnt
1627 1828 1846 1898 quidem
1878 1843 2066 1883 secun-

2180 1828 2315 1899 πρὸς
2356 1830 2508 1879 ποῖον
2542 1826 3057 1897 δεαπληκτιζόμενοι
3098 1828 3425 1898 πρόσωπον·
3470 1830 3624 1885 οὔπω
3659 1832 3767 1902 γὰρ

497 1920 625 1973 ilum
662 1930 933 1984 naturam,
979 1926 1209 1975 alterum
1246 1930 1426 1977 autem
1476 1924 1777 1978 secundum
1830 1922 2079 1990 ad0ptio-

2185 1920 2358 1988 ἔγνων
2385 1918 2476 1971 τὸν
2504 1917 2675 1970 ταῦτα
2701 1917 3248 1989 παραφθεγξάμενον.

494 2031 641 2081 nem,
673 2024 859 2085 postea
889 2018 1240 2085 acquisitum.
1268 2019 1465 2074 Nesclo
1492 2035 1521 2073 a
1556 2035 1665 2089 quo
1695 2019 1822 2073 talia
1851 2017 2158 2081 audientes,
2194 2024 2288 2070 aut
2316 2028 2443 2069 cum
2506 2028 2612 2084 qua
2645 2028 2877 2082 persona
2942 2013 3257 2083 luctantes;
3319 2016 3558 2073 nondum
3618 2017 3765 2073 enim

492 2111 721 2177 cognovi
746 2109 838 2177 qui
879 2109 1009 2161 talia
1039 2108 1295 2165 eliutiret.

564 2200 954 2255 Verumtamen
995 2204 1252 2270 quoniam
1291 2204 1451 2257 istam
1482 2214 1852 2275 pr0ponentes
1883 2204 2074 2260 adver-

493 2308 617 2347 sum
665 2308 765 2346 nos
796 2308 1042 2355 causam,
1075 2310 1139 2347 ex
1193 2309 1259 2348 eo
1307 2295 1454 2363 quod
1491 2295 1748 2350 videntur
1789 2298 1894 2351 tale
1924 2296 2073 2367 ﬂagi-

492 2386 630 2438 tium
677 2384 1024 2454 impugnare.
1068 2402 1198 2441 suas
1229 2386 1518 2456 Opiniones
1552 2392 1936 2453 corroborant,
1980 2391 2075 2445 bo-

490 2492 621 2530 num
664 2488 746 2529 est
783 2485 840 2529 ut
870 2484 962 2529 tua
1005 2477 1057 2530 in
1099 2477 1321 2533 Christo
1360 2478 1641 2549 perfectio,
1684 2491 1845 2550 prout
1873 2483 1969 2537 tibi
2018 2482 2071 2537 in

490 2576 728 2622 tuentem
761 2568 1009 2637 injecerit
1044 2568 1283 2638 Spiritus
1318 2582 1565 2633 sanctus,
1602 2589 1791 2626 eorum
1814 2575 2065 2629 occasio-

490 2674 589 2712 nes
620 2666 863 2728 amputet
894 2658 986 2727 qui
1014 2672 1269 2730 quaerunt
1296 2661 1563 2716 adversus
1596 2680 1696 2719 nos
1722 2666 2065 2729 occasiones,

487 2758 541 2801 et
574 2749 898 2817 persuadeat
932 2750 1013 2805 eis
1040 2752 1131 2819 qui
1172 2768 1267 2820 per
1292 2754 1622 2807 calumniam
1664 2756 1776 2809 h.ec
1809 2754 2068 2813 Ecclesiae

489 2839 597 2925 Dei.
627 2840 845 2893 crimini
877 2848 1120 2907 vertunt,
1168 2844 1379 2895 nullum
1423 2843 1693 2911 ejusmodi
1731 2847 1873 2913 apud
1904 2847 2066 2901 Chri-

489 2934 700 2985 stianos
748 2948 871 3005 esse
911 2934 1105 3003 dogma
1167 2951 1344 3003 neque
1402 2936 1707 3003 praedicari.
1754 2937 1873 2992 Non
1919 2942 2064 2995 enim

486 3033 773 3093 pt'Opterea
807 3024 953 3094 quod
986 3026 1041 3079 in
1078 3028 1396 3082 novissimis
1419 3028 1611 3083 diebus
1641 3030 1693 3084 in
1728 3033 1889 3086 terris
1917 3033 2067 3089 visus

485 3124 568 3169 est
602 3116 853 3170 conditor
907 3118 1256 3183 saeculorum,
1309 3129 1363 3173 et
1414 3136 1537 3173 cum
1582 3122 1895 3179 hominibus
1933 3140 2135 3211 con-C

491 3216 739 3263 versatus
777 3217 882 3275 est,
926 3210 1050 3265 ideo
1090 3211 1200 3265 duo
1248 3211 1340 3265 lilii
1385 3213 1439 3267 in
1479 3214 1721 3268 Ecclesia
1773 3232 2065 3273 numeran-

487 3309 596 3363 tur,
634 3318 778 3356 unus
814 3303 1065 3359 conditor
1090 3304 1432 3368 sazculorum,
1460 3314 1513 3359 et
1545 3306 1683 3358 alter
1713 3308 1804 3376 qui
1842 3309 1895 3362 in
1928 3326 2063 3362 con-

486 3395 856 3449 summatioue
903 3396 1229 3451 saeculorum
1285 3412 1382 3466 per
1427 3411 1648 3450 carnem
1699 3398 1937 3453 humano
1970 3416 2059 3467 ge.

486 3484 602 3537 neri
654 3486 987 3554 apparuerit.
1023 3485 1235 3539 Etenim
1271 3489 1315 3539 si
1361 3487 1486 3554 quis
1521 3504 1587 3540 ex
1622 3490 1883 3559 unigeniti
1938 3489 2060 3546 Filii

488 3575 578 3629 Dei
605 3577 945 3645 apparitione
971 3577 1025 3629 in
1058 3592 1242 3639 carne,
1284 3592 1405 3646 qua:
1437 3577 1866 3646 dispensationis
1899 3598 2059 3638 causa

485 3667 626 3719 facta
672 3677 775 3731 est,
811 3668 1032 3737 colligat
1061 3668 1267 3723 editum
1315 3671 1484 3728 fuisse
1516 3673 1969 3738 liliumalteruni,
2017 3678 2063 3731 is

482 3759 844 3815 dinumeratis
895 3760 1056 3813 etiam
1111 3764 1367 3819 omnibus
1414 3781 1536 3834 quae
1574 3780 1631 3820 se
1678 3766 1811 3821 viris
1856 3769 2062 3824 sanctis

482 3854 803 3908 obtulerunt
846 3857 1285 3927 apparitionibus
1320 3871 1445 3915 ante
1497 3862 1766 3931 unigeniti
1802 3860 1896 3916 Dei
1936 3862 2059 3917 Filii

482 3947 942 4010 incarnationem,
973 3956 1026 4002 et
1052 3948 1123 4003 iis
1148 3966 1271 4018 qua?
1299 3962 1418 4020 post
1446 3951 1594 4005 illam
1629 3952 1839 4027 sanctis
1862 3968 2060 4010 rursus

482 4038 677 4092 oblata:
724 4048 874 4103 sunt,
921 4055 1020 4109 pro
1070 4058 1297 4098 numero
1346 4043 1543 4098 divina:
1595 4045 2061 4103 manifestationis

480 4129 887 4185 multitudinem
943 4124 1145 4187 statuet
1203 4134 1461 4199 ﬁliorum,
1518 4136 1730 4206 eritque
1790 4138 1865 4206 illi
1912 4154 2059 4197 unus

479 4224 698 4294 quidem
748 4223 914 4287 filius,
960 4225 1052 4280 ille
1086 4228 1179 4295 qui
1234 4242 1357 4281 cum
1407 4227 1718 4284 Abrahamo
1756 4230 2060 4286 collocutus

479 4322 586 4378 cst,
626 4316 759 4368 alter
793 4331 923 4370 vero
956 4316 1047 4388 qui
1076 4315 1264 4373 lsaaco
1295 4321 1575 4389 apparuit;
1609 4330 1663 4376 et
1691 4323 1785 4393 qui
1815 4338 1939 4378 cum
1966 4323 2059 4378 Ja-

481 4405 621 4460 cobo
654 4408 946 4474 pugnavit;
984 4409 1125 4463 alius
1164 4411 1326 4464 etiam
1369 4419 1423 4465 et
1454 4413 1728 4479 diversus,
1764 4416 1855 4485 qui
1887 4418 2056 4473 variis

2252 2194 2401 2264 Πλὴν
2419 2191 2824 2263 ὲπειδὴταύτην
2855 2195 3292 2265 προστησάμενοι
3318 2196 3439 2249 καθ’
3472 2197 3629 2268 ἡμῶν
3664 2198 3765 2272 τὶν

2172 2284 2451 2347 ὑπόθεσιν,
2482 2282 2569 2335 διὰ
2602 2282 2694 2336 τοῦ
2729 2283 2906 2337 δοκεῖν
2942 2287 3009 2355 τῇ
3057 2286 3259 2356 ἀτοπίᾳ
3299 2288 3468 2358 ταύτῃ
3510 2291 3766 2359 συμπλέο

2171 2380 2387 2441 κεσθαι,
2438 2376 2538 2441 τὰς
2595 2376 2805 2430 ἑαυτῶν
2852 2377 3151 2448 ὑπολήψεις
3195 2381 3542 2449 κρατύνουσι,
3580 2383 3762 2447 καλῶς

2171 2471 2237 2525 ἂν
2268 2470 2380 2541 ἔχοι
2406 2469 2503 2540 τὴν
2534 2469 2630 2541 σὴν
2662 2470 2721 2523 ὲν
2745 2468 2965 2541 Χριστῷ
2994 2471 3323 2541 τελειότητα,
3358 2472 3540 2536 καθὼς
3582 2474 3649 2528 ἄν
3680 2493 3763 2529 σοι

2170 2564 2261 2616 ἐπὶ
2295 2562 2419 2615 νοῦν
2463 2563 2662 2631 ἀγάγοι
2696 2563 2755 2616 τὸ
2800 2562 3029 2634 Πνεῦμα
3072 2563 3132 2616 τὸ
3176 2563 3350 2632 ἂγιον,
3390 2566 3623 2636 ἐκκόψαι
3662 2569 3763 2631 τὰς

2168 2656 2426 2726 ἀφορμὰς
2463 2656 2571 2709 τῶν
2606 2657 2909 2727 ζητούντων
2954 2656 3054 2720 τὰς
3105 2657 3224 2710 καθ’
3274 2658 3432 2729 ἡμῶν
3475 2660 3758 2732 ἀφορμὰς,

2168 2749 2264 2802 καί
2292 2752 2476 2802 πεῖσαι
2521 2750 2648 2811 τοὺς
2689 2749 2861 2803 ταῦτα
2907 2751 3317 2818 συκοφαντικῶς
3365 2753 3764 2817 ἐπικαλοῦντας

2167 2842 2234 2909 τῇ
2260 2839 2355 2893 τοῦ
2388 2839 2523 2893 Θεοῦ
2567 2840 2884 2911 Ἐκκλησία,
2915 2842 2995 2894 ὅτι
3022 2841 3145 2895 οὔτε
3170 2842 3285 2896 ἐστι
3314 2844 3488 2916 δόγμα
3512 2848 3762 2902 τοιοῦτον

2170 2933 2228 2984 ὲν
2270 2933 2636 3003 Χριπιανοῖς.
2672 2932 2795 2985 οὔτε
2840 2934 3194 3005 κηρύσσεται.
3250 2937 3383 2991 Οὐδὲ
3414 2939 3541 3008 γὰρ,
3567 2940 3762 3011 ἐπειδὴ

2167 3024 2196 3075 6
2226 3022 2333 3075 τῶν
2370 3021 2582 3076 αἰώνων
2610 3024 2838 3095 ποιητὴς
2873 3027 2959 3079 ἐπ’
2992 3027 3237 3095 ἐσχάτων
3274 3028 3382 3081 τῶν
3414 3031 3636 3101 ἡμερῶν
3663 3034 3759 3085 ὲπί

2168 3116 2270 3184 γῆς
2319 3114 2502 3186 ὤφθη,
2544 3116 2635 3169 καί
2684 3120 2795 3180 τοῖς
2838 3117 3145 3189 ἀνθρώποις
3190 3123 3623 3195 συνανεστράφη,
3666 3125 3761 3179 διὰ

2168 3207 2323 3261 τοῦτο
2341 3208 2436 3261 δύο
2463 3209 2567 3262 υἰοί¹
2595 3211 2737 3263 κατά
2764 3209 2862 3280 τὴν
2902 3211 3229 3282 Ἐκκλησίαν
3258 3214 3641 3284 ἀριθμοῦνται,
3673 3212 3761 3283 εἷς

2166 3302 2194 3352 6
2224 3302 2450 3372 ποιητὴς
2482 3301 2591 3355 τῶν
2624 3299 2855 3365 αἰώνων,
2910 3306 3005 3357 καὶ
3059 3304 3217 3369 ἄλλος
3260 3309 3289 3360 ὀ
3333 3309 3424 3361 ἐπὶ
3477 3311 3759 3382 συντελείᾳ

2164 3394 2276 3446 τῶν
2322 3393 2536 3447 αἰώνων
2582 3394 2670 3447 διὰ
2705 3396 2905 3465 σαρκὸς
2932 3398 3269 3468 φανερωθεὶς
3316 3402 3381 3469 τῇ
3437 3401 3757 3475 ἀνθρωπίνη

2167 3484 2301 3555 ζωῇ.
2332 3485 2393 3537 ΕΞ
2420 3486 2528 3556 γάρ
2555 3503 2640 3548 τις
2672 3486 2769 3556 τὴν
2796 3488 3107 3557 οἰκονομίαν
3138 3487 3232 3541 τοῦ
3270 3490 3589 3559 μονογενοῦς
3622 3494 3757 3546 Υἱοῦ

2164 3577 2258 3630 τοῦ
2284 3578 2418 3631 Θεοῦ
2446 3579 2534 3631 διὰ
2578 3581 2778 3651 σαρκὸς
2811 3582 3131 3650 ἐπιφάνειαν
3164 3584 3245 3639 εἰς
3272 3584 3459 3655 ἑτέρου
3491 3586 3622 3639 Υἱοῦ
3655 3606 3757 3640 κα·

2164 3669 2435 3741 τασκευῂν
2466 3670 2755 3741 λαμϐάνοι,
2788 3666 2943 3735 οὗτος
2973 3674 3285 3745 ἀριθμήσας
3316 3678 3410 3729 καὶ
3444 3678 3625 3741 πάσας
3652 3678 3759 3740 τὰς

2164 3766 2276 3827 τοῖς
2302 3763 2476 3832 ἁγίοις
2501 3765 2800 3835 γενομένας
2824 3764 3142 3834 θεοφανείας
3164 3767 3268 3837 πρὸ
3288 3768 3387 3837 τῆς
3408 3770 3547 3822 κατά
3572 3772 3757 3839 σάρκα

2162 3851 2256 3906 τοῦ
2289 3854 2609 3923 μονογενοῦς
2643 3854 2775 3907 Υἰοῦ
2821 3854 2914 3907 τοῦ
2944 3853 3076 3907 Θεοῦ
3112 3856 3492 3928 φανερώσεως,
3526 3862 3620 3915 καὶ
3650 3862 3753 3923 τὰς

2166 3948 2308 4018 μετά
2352 3948 2525 4003 ταῦτα
2564 3947 2725 4003 πάλιν
2772 3951 2887 4012 τοῖς
2938 3949 3115 4017 ἁγίοις
3158 3952 3552 4021 γεγενημένας,
3604 3955 3749 4006 κατά

2161 4039 2252 4092 τὸν
2291 4040 2523 4110 ἀριθμὸν
2562 4039 2663 4109 τῆς
2698 4038 2886 4109 θεῖκῆς
2914 4040 3213 4111 ἐμφανείας
3265 4041 3397 4094 υίῶν
3437 4044 3640 4115 πλῆθος
3668 4044 3750 4097 εἷ-

2161 4148 2247 4184 ναι
2294 4130 2715 4197 κατασκευάσει,
2754 4132 2849 4185 καὶ
2900 4132 3050 4186 ἔσται
3089 4134 3237 4204 αὐτῷ
3285 4133 3365 4198 εἷς
3414 4138 3511 4205 μὲν
3552 4140 3687 4202 υίὸς,
3720 4144 3747 4193 6

2160 4222 2239 4291 τῷ
2282 4222 2531 4293 Ἀϐραὰμ
2558 4224 2904 4294 χρηματίσας
2926 4266 2939 4287 ,
2974 4224 3162 4295 ἔτερος
3190 4226 3266 4288 δὲ,
3297 4228 3325 4279 6
3352 4229 3637 4298 ἐπιφανεὶς
3664 4234 3745 4303 τῷ

2178 4313 2363 4390 Ἰσαάκ
2384 4329 2397 4342 ·
2443 4315 2538 4367 καὶ
2561 4316 2590 4366 6
2613 4313 2692 4383 τῷ
2751 4314 2943 4367 Ἰακὼὸ
2977 4317 3361 4386 συμμαχήσας,
3398 4319 3583 4391 ἕτερος
3604 4338 3618 4351 ·
3649 4326 3744 4376 καὶ

2158 4406 2336 4471 ἄλλος,
2363 4407 2392 4459 6
2430 4405 2509 4477 τῷ
2528 4407 2736 4477 Μωῡσῇ
2767 4407 2952 4474 φανεὶς
2992 4408 3047 4459 ἐν
3075 4407 3346 4479 διαφόροις
3379 4411 3741 4481 ἐπιφανείαις,

482 4494 919 4577 apparitionibus
978 4495 1148 4571 Moysi
1204 4515 1262 4553 se
1314 4500 1555 4555 ostendit
1596 4502 1647 4556 in
1722 4504 1946 4572 lumine,
2000 4508 2053 4560 in

2172 4502 2215 4550 ιν
2260 4496 2418 4565 φωτὶ,
2452 4497 2510 4548 ὲν
2545 4496 2746 4566 γνόφῳ,
2780 4498 2839 4549 ὲν
2882 4495 3057 4567 στὺλῳ
3102 4499 3362 4569 νεφέλης,
3398 4501 3456 4553 ὲν
3500 4504 3565 4571 τῇ
3606 4521 3741 4557 κατ-

479 4586 735 4652 caligine,
766 4586 819 4641 in
854 4589 1110 4643 columna
1146 4592 1326 4656 nubis,
1370 4595 1424 4646 in
1457 4594 1671 4649 visione
1699 4594 1835 4651 faeie
1874 4599 1937 4653 ad
1975 4599 2055 4653 fa-

478 4676 641 4738 ciem,
679 4678 733 4732 in
767 4681 1204 4749 posterioribus;
1235 4684 1377 4738 alius
1407 4701 1599 4741 rursus
1633 4686 1775 4743 ﬁlius
1808 4690 1899 4759 qlh'
1929 4706 2051 4744 cum

477 4767 680 4839 bloysis
730 4786 1055 4827 successore
1101 4775 1152 4827 in
1191 4777 1309 4829 acie
1344 4778 1517 4841 stetit,
1556 4786 1609 4831 et
1652 4780 1792 4835 alius
1832 4781 1922 4851 qui
1958 4780 2053 4835 Jo-

478 4858 605 4911 bum
642 4877 736 4928 per
757 4864 1030 4917 turbinem
1061 4866 1335 4921 allocutus
1373 4878 1494 4931 est,
1522 4870 1725 4939 quique
1756 4871 1809 4926 in
1837 4874 2055 4927 excelso

476 4946 678 5000 throno
720 4949 872 5003 Isaia:
920 4954 1192 5021 apparuit,
1231 4963 1285 5008 et
1333 4957 1427 5026 qui
1480 4958 1720 5013 humana
1768 4962 1948 5031 specie
1987 4963 2055 5017 ab

480 5033 762 5091 Ezechiele
798 5040 1047 5095 oratione
1078 5043 1389 5113 descriptus
1415 5058 1532 5109 est;
1566 5049 1770 5119 quique
1795 5060 1916 5119 post
1952 5053 2042 5105 illa

476 5124 702 5181 Paulum
740 5130 794 5183 in
842 5131 961 5186 luce
998 5135 1387 5202 circumfulsit,
1429 5150 1482 5194 et
1513 5142 1609 5210 qui
1656 5153 1779 5197 ante
1812 5145 1953 5200 istud
1999 5147 2051 5200 in

476 5228 662 5273 monte
687 5219 852 5276 Petro
881 5223 937 5277 in
962 5227 1268 5285 excelsiore
1293 5230 1465 5300 gloria
1497 5236 1772 5303 apparuit.

544 5309 700 5376 Quod
744 5314 789 5367 si
836 5314 937 5369 hoc
971 5318 1267 5375 absurdum
1305 5323 1575 5395 planeque
1614 5326 1843 5397 impium
1874 5337 1958 5384 est
1994 5338 2054 5382 ιιι

476 5416 577 5468 pro
628 5419 862 5459 numero
916 5408 1259 5466 diversarum
1318 5419 1721 5486 apparitionum
1786 5422 2052 5492 unigeniti

478 5488 597 5543 Filii
638 5490 729 5546 Dei
761 5503 838 5547 tot
866 5498 1029 5552 etiam
1072 5501 1214 5556 ﬁlios
1249 5505 1617 5573 assignemus,
1648 5524 1833 5579 parem
1870 5488 2051 5581 profe-

478 5590 569 5633 cto
623 5584 1017 5643 absurditatem
1071 5593 1303 5649 incurrit
1362 5599 1410 5653 is
1458 5600 1549 5669 qui
1598 5618 1663 5655 ex
1715 5603 2054 5677 apparitione

549 5761 571 5797 ‘
596 5758 741 5821 Psal.
772 5783 889 5827 uti.
927 5772 1021 5831 53,

2162 4589 2394 4643 ενώπιον
2423 4590 2563 4658 ἅψει,
2593 4592 2651 4643 ὲν
2687 4593 2799 4653 τοῖς
2831 4590 3096 4655 ὀπισθίοις
3119 4610 3132 4623 '
3169 4593 3326 4658 ἄλλος
3361 4594 3521 4648 πάλιν
3549 4597 3682 4662 υἰδς,
3716 4602 3742 4652 6

2161 4681 2242 4752 τῷ
2290 4680 2516 4751 διαδόχῳ
2560 4680 2652 4733 τοῦ
2704 4682 2948 4745 Μωσέως
3004 4686 3565 4756 συμπαραταξάμενος
3601 4704 3614 4716 '
3646 4690 3741 4743 καὶ

2161 4774 2341 4839 ἄλλος,
2390 4776 2417 4827 6
2444 4773 2531 4826 διὰ
2572 4772 2831 4836 λαίλαπος
2863 4774 2940 4844 τῷ
2988 4774 3107 4827 Ἰὼϐ
3150 4777 3524 4846 χρηματίσας·
3575 4778 3671 4830 καὶ
3713 4782 3742 4831 6

2160 4866 2252 4919 ἐπὶ
2278 4864 2483 4937 ὑψηλοῦ
2511 4863 2702 4935 θρόνου
2736 4866 2811 4936 τῷ
2867 4866 3062 4937 Ἡσαΐᾳ
3093 4869 3305 4935 φανεὶς,
3335 4869 3428 4920 καί
3460 4868 3489 4920 6
3530 4869 3738 4939 ἀνθρω-

2156 4957 2300 5029 πικῷ
2340 4958 2577 5028 σχήματι
2603 4957 2755 5028 παρὰ
2786 4956 2881 5010 τοῦ
2924 4958 3182 5029 Ἰεζεκιὴλ
3207 4958 3283 5028 τῷ
3314 4959 3456 5029 λόγῳ
3496 4960 3738 5033 ὑπογρα-

2156 5050 2308 5117 φείς·
2342 5050 2433 5103 καὶ
2480 5051 2508 5102 6
2557 5048 2695 5119 μετὰ
2723 5049 2895 5103 ταῦτα
2927 5050 2983 5101 ἐν
3030 5051 3169 5120 φωτὶ
3218 5052 3606 5122 καταπράψας
3648 5054 3737 5104 τὴν

2159 5140 2401 5194 Παῦλονο
2439 5140 2533 5194 καὶ
2566 5142 2672 5211 πρὸ
2704 5142 2917 5204 τούτου,
2952 5142 2980 5193 6
3022 5142 3115 5195 ἐπὶ
3158 5144 3249 5195 τοῦ
3285 5143 3440 5214 ὅρους
3472 5146 3582 5207 τοῖς
3613 5147 3735 5215 περί

2155 5236 2250 5287 τὸν
2281 5234 2486 5304 Πέτρον
2512 5235 2569 5285 ὲν
2600 5233 2904 5305 ὑψηλοτέρα
2934 5234 3057 5305 δόξῃ
3088 5233 3295 5303 φανείς.

2227 5325 2291 5377 Εἰ
2343 5323 2399 5376 δὲ
2450 5322 2606 5375 τοῦτο
2656 5323 2855 5377 ἄτοπον
2906 5324 3000 5377 καὶ
3049 5324 3325 5387 παντελῶς
3376 5323 3587 5388 ἀσεϐὲς,
3640 5326 3732 5385 τὶς

2159 5394 2406 5479 ποικίλας
2453 5415 2547 5468 τοῦ
2585 5418 2902 5486 μονογενοῦς
2937 5418 3067 5470 Υἰοῦ
3112 5417 3203 5471 τοῦ
3244 5418 3379 5471 Θεοῦ
3421 5417 3731 5484 θεοφανείεις

2161 5513 2239 5572 εἰς
2284 5507 2514 5580 ἀριθμὸν
2562 5508 2693 5561 υἱῶν
2744 5511 3148 5581 καταμερίζειν,
3193 5511 3289 5581 τὴν
3344 5511 3465 5582 ίσην
3511 5510 3731 5564 ἀτοπίαν

2164 5604 2276 5673 ἔχει
2326 5600 2419 5655 καί
2472 5600 2571 5673 τὴν
2601 5600 2687 5655 διὰ
2740 5603 2939 5673 σαρκὸς
2989 5606 3303 5674 ἐπιφάνειαν
3354 5603 3603 5679 ἀφορμὴν
3656 5604 3731 5666 εις
