  <div class='ocr_page' id='page_1' title='image "/cluster/home/n/w/nwhite01/storage/ocr_20150623/45/hvd.32044019826437/640.png"; bbox 0 0 4020 6498; ppageno 0'>
   <div class='ocr_carea' id='block_1_1' title="bbox 225 351 366 405">
    <p class='ocr_par' dir='ltr' id='par_1_1' title="bbox 225 351 366 405">
     <span class='ocr_line' id='line_1_1' title="bbox 225 351 366 405; baseline 0 0"><span class='ocrx_word' id='word_1_1' title='bbox 225 351 366 405; x_wconf 71' lang='grc' dir='ltr'><strong>12ἷό</strong></span> 
     </span>
    </p>
   </div>
   <div class='ocr_carea' id='block_1_2' title="bbox 1382 344 2299 403">
    <p class='ocr_par' dir='ltr' id='par_1_2' title="bbox 1382 344 2299 403">
     <span class='ocr_line' id='line_1_2' title="bbox 1382 344 2299 403; baseline 0 -1"><span class='ocrx_word' id='word_1_2' title='bbox 1382 345 1751 403; x_wconf 71' lang='grc' dir='ltr'>Αῡνειιευδ</span> <span class='ocrx_word' id='word_1_3' title='bbox 1789 344 2299 402; x_wconf 80' lang='lat' dir='ltr'><strong>APOLLINAREM.</strong></span> 
     </span>
    </p>
   </div>
   <div class='ocr_carea' id='block_1_3' title="bbox 3347 349 3483 408">
    <p class='ocr_par' dir='ltr' id='par_1_3' title="bbox 3347 349 3483 408">
     <span class='ocr_line' id='line_1_3' title="bbox 3347 349 3483 408; baseline 0.022 -3"><span class='ocrx_word' id='word_1_4' title='bbox 3347 349 3483 408; x_wconf 66' lang='lat' dir='ltr'><strong>127d</strong></span> 
     </span>
    </p>
   </div>
   <div class='ocr_carea' id='block_1_4' title="bbox 219 464 1812 540">
    <p class='ocr_par' dir='ltr' id='par_1_4' title="bbox 219 465 1807 540">
     <span class='ocr_line' id='line_1_4' title="bbox 219 465 1807 540; baseline -0.003 -18"><span class='ocrx_word' id='word_1_5' title='bbox 219 469 408 540; x_wconf 76' lang='grc' dir='ltr'>ἐτέρου</span> <span class='ocrx_word' id='word_1_6' title='bbox 458 467 576 521; x_wconf 69' lang='grc' dir='ltr'>υἱοῦ</span> <span class='ocrx_word' id='word_1_7' title='bbox 609 466 950 539; x_wconf 83' lang='grc' dir='ltr'>κατασκευὴν</span> <span class='ocrx_word' id='word_1_8' title='bbox 985 483 1101 519; x_wconf 81' lang='grc' dir='ltr'>ποιε</span> <span class='ocrx_word' id='word_1_9' title='bbox 1163 465 1274 518; x_wconf 86' lang='grc' dir='ltr'>θαι.</span> <span class='ocrx_word' id='word_1_10' title='bbox 1313 465 1548 536; x_wconf 85' lang='grc' dir='ltr'>υἰόμεθα</span> <span class='ocrx_word' id='word_1_11' title='bbox 1588 465 1696 537; x_wconf 88' lang='grc' dir='ltr'>γὰρ</span> <span class='ocrx_word' id='word_1_12' title='bbox 1727 467 1807 518; x_wconf 84' lang='grc' dir='ltr'><strong>ὅτι</strong></span> 
     </span>
    </p>
   </div>
   <div class='ocr_carea' id='block_1_5' title="bbox 1914 464 3486 540">
    <p class='ocr_par' dir='ltr' id='par_1_5' title="bbox 1914 464 3486 532">
     <span class='ocr_line' id='line_1_5' title="bbox 1914 464 3486 532; baseline 0.008 -16"><span class='ocrx_word' id='word_1_13' title='bbox 1914 477 2009 532; x_wconf 89' lang='lat' dir='ltr'><strong>per</strong></span> <span class='ocrx_word' id='word_1_14' title='bbox 2035 478 2256 519; x_wconf 89' lang='lat' dir='ltr'><strong>carnem</strong></span> <span class='ocrx_word' id='word_1_15' title='bbox 2285 464 2350 517; x_wconf 92' lang='lat' dir='ltr'><strong>ad</strong></span> <span class='ocrx_word' id='word_1_16' title='bbox 2399 466 2840 522; x_wconf 88' lang='lat' dir='ltr'><strong>constituendum</strong></span> <span class='ocrx_word' id='word_1_17' title='bbox 2881 467 3110 523; x_wconf 78' lang='lat' dir='ltr'><strong>alterum</strong></span> <span class='ocrx_word' id='word_1_18' title='bbox 3148 469 3316 525; x_wconf 83' lang='lat' dir='ltr'><strong>lilium</strong></span> <span class='ocrx_word' id='word_1_19' title='bbox 3343 473 3486 529; x_wconf 55' lang='lat' dir='ltr'><strong>arri.</strong></span> 
     </span>
    </p>
   </div>
   <div class='ocr_carea' id='block_1_6' title="bbox 220 555 1808 629">
    <p class='ocr_par' dir='ltr' id='par_1_6' title="bbox 220 555 1808 629">
     <span class='ocr_line' id='line_1_6' title="bbox 220 555 1808 629; baseline -0.003 -17"><span class='ocrx_word' id='word_1_20' title='bbox 220 561 365 612; x_wconf 71' lang='grc' dir='ltr'>κατὰ</span> <span class='ocrx_word' id='word_1_21' title='bbox 393 559 454 612; x_wconf 83' lang='grc' dir='ltr'><strong>τὸ</strong></span> <span class='ocrx_word' id='word_1_22' title='bbox 487 559 684 629; x_wconf 83' lang='grc' dir='ltr'><strong>μέτρον</strong></span> <span class='ocrx_word' id='word_1_23' title='bbox 728 558 825 629; x_wconf 81' lang='grc' dir='ltr'>τῆς</span> <span class='ocrx_word' id='word_1_24' title='bbox 869 558 1098 610; x_wconf 81' lang='grc' dir='ltr'><strong>ἑκάστου</strong></span> <span class='ocrx_word' id='word_1_25' title='bbox 1131 556 1410 626; x_wconf 88' lang='grc' dir='ltr'>δυνάμεως</span> <span class='ocrx_word' id='word_1_26' title='bbox 1436 556 1545 610; x_wconf 87' lang='grc' dir='ltr'><strong>τῶν</strong></span> <span class='ocrx_word' id='word_1_27' title='bbox 1583 555 1808 626; x_wconf 85' lang='grc' dir='ltr'>δεχομέ-</span> 
     </span>
    </p>
   </div>
   <div class='ocr_carea' id='block_1_7' title="bbox 219 646 1810 722">
    <p class='ocr_par' dir='ltr' id='par_1_7' title="bbox 219 646 1810 722">
     <span class='ocr_line' id='line_1_7' title="bbox 219 646 1810 722; baseline -0.003 -18"><span class='ocrx_word' id='word_1_28' title='bbox 219 669 329 705; x_wconf 64' lang='grc' dir='ltr'>νων</span> <span class='ocrx_word' id='word_1_29' title='bbox 367 652 464 722; x_wconf 80' lang='grc' dir='ltr'>τὴν</span> <span class='ocrx_word' id='word_1_30' title='bbox 499 650 648 704; x_wconf 84' lang='grc' dir='ltr'>Θείαν</span> <span class='ocrx_word' id='word_1_31' title='bbox 672 650 1018 719; x_wconf 80' lang='grc' dir='ltr'>ἐπιφάνειαν,</span> <span class='ocrx_word' id='word_1_32' title='bbox 1049 649 1135 701; x_wconf 76' lang='grc' dir='ltr'><strong>ἀεὶ</strong></span> <span class='ocrx_word' id='word_1_33' title='bbox 1161 649 1350 718; x_wconf 85' lang='grc' dir='ltr'>γέγονε</span> <span class='ocrx_word' id='word_1_34' title='bbox 1381 646 1482 717; x_wconf 86' lang='grc' dir='ltr'>τῆς</span> <span class='ocrx_word' id='word_1_35' title='bbox 1511 646 1810 718; x_wconf 78' lang='grc' dir='ltr'>ὑπερεχού-</span> 
     </span>
    </p>
   </div>
   <div class='ocr_carea' id='block_1_8' title="bbox 223 737 1811 812">
    <p class='ocr_par' dir='ltr' id='par_1_8' title="bbox 223 737 1811 812">
     <span class='ocr_line' id='line_1_8' title="bbox 223 737 1811 812; baseline -0.003 -19"><span class='ocrx_word' id='word_1_36' title='bbox 223 759 321 812; x_wconf 89' lang='grc' dir='ltr'><strong>σης</strong></span> <span class='ocrx_word' id='word_1_37' title='bbox 364 741 578 810; x_wconf 86' lang='grc' dir='ltr'>φύσεως</span> <span class='ocrx_word' id='word_1_38' title='bbox 623 742 656 810; x_wconf 83' lang='grc' dir='ltr'><strong>ή</strong></span> <span class='ocrx_word' id='word_1_39' title='bbox 706 740 962 802; x_wconf 86' lang='grc' dir='ltr'>όπτασία,</span> <span class='ocrx_word' id='word_1_40' title='bbox 1020 739 1218 810; x_wconf 77' lang='grc' dir='ltr'>μείζων</span> <span class='ocrx_word' id='word_1_41' title='bbox 1251 739 1350 809; x_wconf 84' lang='grc' dir='ltr'>μὲν</span> <span class='ocrx_word' id='word_1_42' title='bbox 1393 738 1486 792; x_wconf 79' lang='grc' dir='ltr'><strong>καὶ</strong></span> <span class='ocrx_word' id='word_1_43' title='bbox 1517 737 1811 808; x_wconf 85' lang='grc' dir='ltr'>θεοπρεπε-</span> 
     </span>
    </p>
   </div>
   <div class='ocr_carea' id='block_1_9' title="bbox 223 828 1810 904">
    <p class='ocr_par' dir='ltr' id='par_1_9' title="bbox 223 828 1810 904">
     <span class='ocr_line' id='line_1_9' title="bbox 223 828 1810 904; baseline -0.004 -17"><span class='ocrx_word' id='word_1_44' title='bbox 223 835 394 904; x_wconf 86' lang='grc' dir='ltr'>στέρα</span> <span class='ocrx_word' id='word_1_45' title='bbox 419 836 530 896; x_wconf 85' lang='grc' dir='ltr'>τοῖς</span> <span class='ocrx_word' id='word_1_46' title='bbox 555 833 872 904; x_wconf 83' lang='grc' dir='ltr'><strong>δυναμένοις</strong></span> <span class='ocrx_word' id='word_1_47' title='bbox 895 831 1217 886; x_wconf 81' lang='grc' dir='ltr'>καθικέσθαι</span> <span class='ocrx_word' id='word_1_48' title='bbox 1239 830 1334 882; x_wconf 90' lang='grc' dir='ltr'><strong>τοῦ</strong></span> <span class='ocrx_word' id='word_1_49' title='bbox 1363 828 1551 898; x_wconf 76' lang='grc' dir='ltr'>ὕψους,</span> <span class='ocrx_word' id='word_1_50' title='bbox 1574 829 1810 881; x_wconf 75' lang='grc' dir='ltr'>ἐλάττων</span> 
     </span>
    </p>
   </div>
   <div class='ocr_carea' id='block_1_10' title="bbox 221 918 1812 997">
    <p class='ocr_par' dir='ltr' id='par_1_10' title="bbox 221 918 1812 997">
     <span class='ocr_line' id='line_1_10' title="bbox 221 918 1812 997; baseline -0.005 -20"><span class='ocrx_word' id='word_1_51' title='bbox 221 926 281 977; x_wconf 81' lang='grc' dir='ltr'>δὲ</span> <span class='ocrx_word' id='word_1_52' title='bbox 308 926 400 978; x_wconf 85' lang='grc' dir='ltr'><strong>καὶ</strong></span> <span class='ocrx_word' id='word_1_53' title='bbox 435 924 948 997; x_wconf 83' lang='grc' dir='ltr'>σμικροπεπεστέρα</span> <span class='ocrx_word' id='word_1_54' title='bbox 983 925 1096 985; x_wconf 88' lang='grc' dir='ltr'>τοῖς</span> <span class='ocrx_word' id='word_1_55' title='bbox 1139 922 1442 991; x_wconf 86' lang='grc' dir='ltr'>άχωρήτοις</span> <span class='ocrx_word' id='word_1_56' title='bbox 1502 918 1596 971; x_wconf 86' lang='grc' dir='ltr'><strong>τοῦ</strong></span> <span class='ocrx_word' id='word_1_57' title='bbox 1633 918 1812 988; x_wconf 79' lang='grc' dir='ltr'>μείζοο</span> 
     </span>
    </p>
   </div>
   <div class='ocr_carea' id='block_1_11' title="bbox 222 1009 1812 1087">
    <p class='ocr_par' dir='ltr' id='par_1_11' title="bbox 222 1009 1812 1087">
     <span class='ocr_line' id='line_1_11' title="bbox 222 1009 1812 1087; baseline -0.006 -18"><span class='ocrx_word' id='word_1_58' title='bbox 222 1033 335 1079; x_wconf 91' lang='grc' dir='ltr'>νος.</span> <span class='ocrx_word' id='word_1_59' title='bbox 368 1009 442 1068; x_wconf 80' lang='grc' dir='ltr'>υῦ</span> <span class='ocrx_word' id='word_1_60' title='bbox 475 1015 634 1087; x_wconf 84' lang='grc' dir='ltr'>χάριν</span> <span class='ocrx_word' id='word_1_61' title='bbox 669 1015 769 1084; x_wconf 89' lang='grc' dir='ltr'><strong>ούχ</strong></span> <span class='ocrx_word' id='word_1_62' title='bbox 798 1014 1000 1081; x_wconf 87' lang='grc' dir='ltr'>ὁμοίως</span> <span class='ocrx_word' id='word_1_63' title='bbox 1034 1015 1156 1076; x_wconf 86' lang='grc' dir='ltr'>ταῖς</span> <span class='ocrx_word' id='word_1_64' title='bbox 1190 1009 1585 1081; x_wconf 74' lang='grc' dir='ltr'>προλαεούσαις</span> <span class='ocrx_word' id='word_1_65' title='bbox 1616 1009 1812 1076; x_wconf 79' lang='grc' dir='ltr'>ἐπιφα-</span> 
     </span>
    </p>
   </div>
   <div class='ocr_carea' id='block_1_12' title="bbox 224 1099 1812 1176">
    <p class='ocr_par' dir='ltr' id='par_1_12' title="bbox 224 1099 1812 1176">
     <span class='ocr_line' id='line_1_12' title="bbox 224 1099 1812 1176; baseline -0.008 -14"><span class='ocrx_word' id='word_1_66' title='bbox 224 1110 395 1170; x_wconf 85' lang='grc' dir='ltr'>νείαις</span> <span class='ocrx_word' id='word_1_67' title='bbox 429 1110 486 1160; x_wconf 83' lang='grc' dir='ltr'>ὲν</span> <span class='ocrx_word' id='word_1_68' title='bbox 510 1109 578 1176; x_wconf 82' lang='grc' dir='ltr'>τῇ</span> <span class='ocrx_word' id='word_1_69' title='bbox 610 1105 698 1159; x_wconf 88' lang='grc' dir='ltr'><strong>διά</strong></span> <span class='ocrx_word' id='word_1_70' title='bbox 729 1105 930 1176; x_wconf 83' lang='grc' dir='ltr'>σαρκὸς</span> <span class='ocrx_word' id='word_1_71' title='bbox 958 1103 1238 1173; x_wconf 63' lang='grc' dir='ltr'>οἰκονομίᾳ.</span> <span class='ocrx_word' id='word_1_72' title='bbox 1279 1104 1345 1173; x_wconf 84' lang='grc' dir='ltr'>τῇ</span> <span class='ocrx_word' id='word_1_73' title='bbox 1376 1102 1481 1155; x_wconf 92' lang='grc' dir='ltr'><strong>τῶν</strong></span> <span class='ocrx_word' id='word_1_74' title='bbox 1510 1099 1812 1170; x_wconf 82' lang='grc' dir='ltr'>ἀνθρώπων</span> 
     </span>
    </p>
   </div>
   <div class='ocr_carea' id='block_1_13' title="bbox 225 1189 1810 1269">
    <p class='ocr_par' dir='ltr' id='par_1_13' title="bbox 225 1189 1810 1269">
     <span class='ocr_line' id='line_1_13' title="bbox 225 1189 1810 1269; baseline -0.005 -18"><span class='ocrx_word' id='word_1_75' title='bbox 225 1201 337 1269; x_wconf 80' lang='grc' dir='ltr'><strong>ζωῇ</strong></span> <span class='ocrx_word' id='word_1_76' title='bbox 375 1197 742 1266; x_wconf 77' lang='grc' dir='ltr'>ἐπιφαίνεται.</span> <span class='ocrx_word' id='word_1_77' title='bbox 784 1195 924 1247; x_wconf 87' lang='grc' dir='ltr'>Ἀλλ’</span> <span class='ocrx_word' id='word_1_78' title='bbox 954 1194 1143 1265; x_wconf 79' lang='grc' dir='ltr'>ἐπειδὴ</span> <span class='ocrx_word' id='word_1_79' title='bbox 1171 1194 1390 1255; x_wconf 86' lang='grc' dir='ltr'>πάντες,</span> <span class='ocrx_word' id='word_1_80' title='bbox 1429 1189 1608 1253; x_wconf 83' lang='grc' dir='ltr'>καθώς</span> <span class='ocrx_word' id='word_1_81' title='bbox 1649 1207 1810 1260; x_wconf 84' lang='grc' dir='ltr'>φησιν</span> 
     </span>
    </p>
   </div>
   <div class='ocr_carea' id='block_1_14' title="bbox 230 1281 1810 1363">
    <p class='ocr_par' dir='ltr' id='par_1_14' title="bbox 230 1281 1810 1363">
     <span class='ocr_line' id='line_1_14' title="bbox 230 1281 1810 1363; baseline -0.007 -18"><span class='ocrx_word' id='word_1_82' title='bbox 230 1295 260 1345; x_wconf 81' lang='grc' dir='ltr'><strong>ὁ</strong></span> <span class='ocrx_word' id='word_1_83' title='bbox 303 1290 615 1363; x_wconf 78' lang='grc' dir='ltr'><strong>Προφήτης,</strong></span> <span class='ocrx_word' id='word_1_84' title='bbox 666 1288 944 1353; x_wconf 75' lang='grc' dir='ltr'>ἐξέκλινάν</span> <span class='ocrx_word' id='word_1_85' title='bbox 992 1305 1051 1341; x_wconf 86' lang='grc' dir='ltr'><strong>τε</strong></span> <span class='ocrx_word' id='word_1_86' title='bbox 1129 1287 1222 1340; x_wconf 74' lang='grc' dir='ltr'><strong>καὶ</strong></span> <span class='ocrx_word' id='word_1_87' title='bbox 1262 1284 1670 1355; x_wconf 74' lang='grc' dir='ltr'>ἠχρειώθησαν,</span> <span class='ocrx_word' id='word_1_88' title='bbox 1719 1281 1810 1335; x_wconf 75' lang='grc' dir='ltr'><strong>καὶ</strong></span> 
     </span>
    </p>
   </div>
   <div class='ocr_carea' id='block_1_15' title="bbox 223 1373 1810 1452">
    <p class='ocr_par' dir='ltr' id='par_1_15' title="bbox 223 1373 1810 1452">
     <span class='ocr_line' id='line_1_15' title="bbox 223 1373 1810 1452; baseline -0.007 -17"><span class='ocrx_word' id='word_1_89' title='bbox 223 1385 325 1436; x_wconf 80' lang='grc' dir='ltr'><strong>οὐκ</strong></span> <span class='ocrx_word' id='word_1_90' title='bbox 352 1378 442 1452; x_wconf 80' lang='grc' dir='ltr'>ἦν,</span> <span class='ocrx_word' id='word_1_91' title='bbox 477 1379 660 1444; x_wconf 88' lang='grc' dir='ltr'>καθὼς</span> <span class='ocrx_word' id='word_1_92' title='bbox 694 1381 1026 1451; x_wconf 71' lang='grc' dir='ltr'>γέγραπται,</span> <span class='ocrx_word' id='word_1_93' title='bbox 1072 1379 1100 1430; x_wconf 97' lang='lat'><strong>6</strong></span> <span class='ocrx_word' id='word_1_94' title='bbox 1127 1377 1420 1447; x_wconf 85' lang='grc' dir='ltr'>δυνάμενος</span> <span class='ocrx_word' id='word_1_95' title='bbox 1452 1373 1688 1428; x_wconf 77' lang='grc' dir='ltr'>συνιέναι</span> <span class='ocrx_word' id='word_1_96' title='bbox 1716 1373 1810 1425; x_wconf 74' lang='grc' dir='ltr'>καὶ</span> 
     </span>
    </p>
   </div>
   <div class='ocr_carea' id='block_1_16' title="bbox 226 1469 1811 1544">
    <p class='ocr_par' dir='ltr' id='par_1_16' title="bbox 226 1469 1811 1544">
     <span class='ocr_line' id='line_1_16' title="bbox 226 1469 1811 1544; baseline -0.006 -17"><span class='ocrx_word' id='word_1_97' title='bbox 226 1474 526 1544; x_wconf 78' lang='grc' dir='ltr'>ἐκζητῆσαι</span> <span class='ocrx_word' id='word_1_98' title='bbox 554 1473 616 1526; x_wconf 84' lang='grc' dir='ltr'><strong>τὸ</strong></span> <span class='ocrx_word' id='word_1_99' title='bbox 647 1473 747 1543; x_wconf 76' lang='grc' dir='ltr'>τῆς</span> <span class='ocrx_word' id='word_1_100' title='bbox 791 1472 1044 1541; x_wconf 75' lang='grc' dir='ltr'><strong>θεότητος</strong></span> <span class='ocrx_word' id='word_1_101' title='bbox 1077 1469 1231 1540; x_wconf 73' lang='grc' dir='ltr'>ὕψος,</span> <span class='ocrx_word' id='word_1_102' title='bbox 1261 1469 1347 1522; x_wconf 78' lang='grc' dir='ltr'>διὰ</span> <span class='ocrx_word' id='word_1_103' title='bbox 1379 1469 1534 1520; x_wconf 90' lang='grc' dir='ltr'>τοῦτο</span> <span class='ocrx_word' id='word_1_104' title='bbox 1577 1470 1641 1538; x_wconf 81' lang='grc' dir='ltr'>τῇ</span> <span class='ocrx_word' id='word_1_105' title='bbox 1680 1483 1811 1536; x_wconf 79' lang='grc' dir='ltr'>σαρ-</span> 
     </span>
    </p>
   </div>
   <div class='ocr_carea' id='block_1_17' title="bbox 224 1559 1806 1636">
    <p class='ocr_par' dir='ltr' id='par_1_17' title="bbox 224 1559 1806 1636">
     <span class='ocr_line' id='line_1_17' title="bbox 224 1559 1806 1636; baseline -0.004 -18"><span class='ocrx_word' id='word_1_106' title='bbox 224 1567 538 1636; x_wconf 77' lang='grc' dir='ltr'>κωδεστέρᾳ</span> <span class='ocrx_word' id='word_1_107' title='bbox 579 1567 742 1636; x_wconf 79' lang='grc' dir='ltr'>γενεᾷ</span> <span class='ocrx_word' id='word_1_108' title='bbox 788 1565 1206 1633; x_wconf 71' lang='grc' dir='ltr'>ἐπιφαινόμενος</span> <span class='ocrx_word' id='word_1_109' title='bbox 1254 1563 1282 1613; x_wconf 91' lang='lat'><strong>6</strong></span> <span class='ocrx_word' id='word_1_110' title='bbox 1331 1559 1626 1631; x_wconf 79' lang='grc' dir='ltr'>μονογενὴς</span> <span class='ocrx_word' id='word_1_111' title='bbox 1661 1559 1806 1622; x_wconf 85' lang='grc' dir='ltr'>Υἱὸς,</span> 
     </span>
    </p>
   </div>
   <div class='ocr_carea' id='block_1_18' title="bbox 226 1649 1808 1726">
    <p class='ocr_par' dir='ltr' id='par_1_18' title="bbox 226 1649 1808 1726">
     <span class='ocr_line' id='line_1_18' title="bbox 226 1649 1808 1726; baseline -0.004 -18"><span class='ocrx_word' id='word_1_112' title='bbox 226 1656 364 1726; x_wconf 75' lang='grc' dir='ltr'>σάρξ</span> <span class='ocrx_word' id='word_1_113' title='bbox 398 1656 628 1724; x_wconf 87' lang='grc' dir='ltr'>γίνεται,</span> <span class='ocrx_word' id='word_1_114' title='bbox 672 1654 814 1708; x_wconf 86' lang='grc' dir='ltr'>κατά</span> <span class='ocrx_word' id='word_1_115' title='bbox 857 1653 955 1724; x_wconf 83' lang='grc' dir='ltr'>τὴν</span> <span class='ocrx_word' id='word_1_116' title='bbox 1006 1651 1319 1722; x_wconf 81' lang='grc' dir='ltr'>βραχύτητα</span> <span class='ocrx_word' id='word_1_117' title='bbox 1369 1649 1462 1703; x_wconf 90' lang='grc' dir='ltr'><strong>τοῦ</strong></span> <span class='ocrx_word' id='word_1_118' title='bbox 1520 1649 1808 1719; x_wconf 85' lang='grc' dir='ltr'>δεχομένου</span> 
     </span>
    </p>
   </div>
   <div class='ocr_carea' id='block_1_19' title="bbox 227 1741 1806 1816">
    <p class='ocr_par' dir='ltr' id='par_1_19' title="bbox 227 1741 1806 1816">
     <span class='ocr_line' id='line_1_19' title="bbox 227 1741 1806 1816; baseline -0.001 -17"><span class='ocrx_word' id='word_1_119' title='bbox 227 1747 415 1799; x_wconf 81' lang='grc' dir='ltr'>ἑαυτὸν</span> <span class='ocrx_word' id='word_1_120' title='bbox 450 1745 752 1808; x_wconf 82' lang='grc' dir='ltr'>συστείλας·</span> <span class='ocrx_word' id='word_1_121' title='bbox 787 1744 984 1816; x_wconf 80' lang='grc' dir='ltr'>μᾶλλον</span> <span class='ocrx_word' id='word_1_122' title='bbox 1017 1744 1094 1806; x_wconf 82' lang='grc' dir='ltr'><strong>δὲ,</strong></span> <span class='ocrx_word' id='word_1_123' title='bbox 1129 1742 1308 1806; x_wconf 80' lang='grc' dir='ltr'>καθώς</span> <span class='ocrx_word' id='word_1_124' title='bbox 1340 1759 1502 1811; x_wconf 86' lang='grc' dir='ltr'>φησιν</span> <span class='ocrx_word' id='word_1_125' title='bbox 1530 1743 1562 1812; x_wconf 81' lang='grc' dir='ltr'>ἡ</span> <span class='ocrx_word' id='word_1_126' title='bbox 1595 1741 1806 1812; x_wconf 73' lang='grc' dir='ltr'>Γραφὴ,</span> 
     </span>
    </p>
   </div>
   <div class='ocr_carea' id='block_1_20' title="bbox 1913 555 3483 634">
    <p class='ocr_par' dir='ltr' id='par_1_20' title="bbox 1913 555 3483 634">
     <span class='ocr_line' id='line_1_20' title="bbox 1913 555 3483 634; baseline 0.012 -31"><span class='ocrx_word' id='word_1_127' title='bbox 1913 555 1989 622; x_wconf 75' lang='lat' dir='ltr'><strong>pit</strong></span> <span class='ocrx_word' id='word_1_128' title='bbox 2033 557 2402 611; x_wconf 75' lang='lat' dir='ltr'><strong>occasionem.</strong></span> <span class='ocrx_word' id='word_1_129' title='bbox 2449 557 2538 612; x_wconf 88' lang='lat' dir='ltr'><strong>Sic</strong></span> <span class='ocrx_word' id='word_1_130' title='bbox 2583 559 2728 613; x_wconf 90' lang='lat' dir='ltr'><strong>enim</strong></span> <span class='ocrx_word' id='word_1_131' title='bbox 2786 575 3076 619; x_wconf 87' lang='lat' dir='ltr'><strong>censemus</strong></span> <span class='ocrx_word' id='word_1_132' title='bbox 3108 579 3210 634; x_wconf 88' lang='lat' dir='ltr'><strong>pro</strong></span> <span class='ocrx_word' id='word_1_133' title='bbox 3258 565 3483 622; x_wconf 76' lang='lat' dir='ltr'><strong>modulo</strong></span> 
     </span>
    </p>
   </div>
   <div class='ocr_carea' id='block_1_21' title="bbox 1911 646 3486 727">
    <p class='ocr_par' dir='ltr' id='par_1_21' title="bbox 1911 646 3486 727">
     <span class='ocr_line' id='line_1_21' title="bbox 1911 646 3486 727; baseline 0.009 -28"><span class='ocrx_word' id='word_1_134' title='bbox 1911 646 2188 701; x_wconf 75' lang='lat' dir='ltr'><strong>facultatis</strong></span> <span class='ocrx_word' id='word_1_135' title='bbox 2222 663 2411 703; x_wconf 88' lang='lat' dir='ltr'><strong>eorum</strong></span> <span class='ocrx_word' id='word_1_136' title='bbox 2441 650 2535 720; x_wconf 88' lang='lat' dir='ltr'><strong>qui</strong></span> <span class='ocrx_word' id='word_1_137' title='bbox 2577 651 2794 706; x_wconf 88' lang='lat' dir='ltr'><strong>divinas</strong></span> <span class='ocrx_word' id='word_1_138' title='bbox 2834 655 3205 723; x_wconf 78' lang='lat' dir='ltr'><strong>apparitiones</strong></span> <span class='ocrx_word' id='word_1_139' title='bbox 3247 657 3486 727; x_wconf 77' lang='lat' dir='ltr'><strong>excipie-</strong></span> 
     </span>
    </p>
   </div>
   <div class='ocr_carea' id='block_1_22' title="bbox 1910 739 3485 818">
    <p class='ocr_par' dir='ltr' id='par_1_22' title="bbox 1910 739 3485 818">
     <span class='ocr_line' id='line_1_22' title="bbox 1910 739 3485 818; baseline 0.008 -25"><span class='ocrx_word' id='word_1_140' title='bbox 1910 739 2063 802; x_wconf 89' lang='lat' dir='ltr'><strong>bant,</strong></span> <span class='ocrx_word' id='word_1_141' title='bbox 2113 756 2329 810; x_wconf 89' lang='lat' dir='ltr'><strong>semper</strong></span> <span class='ocrx_word' id='word_1_142' title='bbox 2386 743 2534 800; x_wconf 89' lang='lat' dir='ltr'><strong>illius</strong></span> <span class='ocrx_word' id='word_1_143' title='bbox 2595 760 2865 816; x_wconf 65' lang='lat' dir='ltr'><strong>supremae</strong></span> <span class='ocrx_word' id='word_1_144' title='bbox 2911 762 2974 800; x_wconf 89' lang='lat' dir='ltr'><strong>ac</strong></span> <span class='ocrx_word' id='word_1_145' title='bbox 3018 750 3485 818; x_wconf 52' lang='lat' dir='ltr'><strong>praestantissima</strong></span> 
     </span>
    </p>
   </div>
   <div class='ocr_carea' id='block_1_23' title="bbox 1910 831 3486 910">
    <p class='ocr_par' dir='ltr' id='par_1_23' title="bbox 1910 831 3486 910">
     <span class='ocr_line' id='line_1_23' title="bbox 1910 831 3486 910; baseline 0.008 -28"><span class='ocrx_word' id='word_1_146' title='bbox 1910 838 2125 884; x_wconf 72' lang='lat' dir='ltr'><strong>natura:</strong></span> <span class='ocrx_word' id='word_1_147' title='bbox 2175 831 2411 886; x_wconf 89' lang='lat' dir='ltr'><strong>oblatam</strong></span> <span class='ocrx_word' id='word_1_148' title='bbox 2473 849 2597 889; x_wconf 87' lang='lat' dir='ltr'><strong>esse</strong></span> <span class='ocrx_word' id='word_1_149' title='bbox 2632 836 2918 898; x_wconf 83' lang='lat' dir='ltr'><strong>visionem,</strong></span> <span class='ocrx_word' id='word_1_150' title='bbox 2957 841 3217 906; x_wconf 84' lang='lat' dir='ltr'><strong>majorem</strong></span> <span class='ocrx_word' id='word_1_151' title='bbox 3265 841 3486 910; x_wconf 83' lang='lat' dir='ltr'><strong>quidem</strong></span> 
     </span>
    </p>
   </div>
   <div class='ocr_carea' id='block_1_24' title="bbox 1910 919 3485 997">
    <p class='ocr_par' dir='ltr' id='par_1_24' title="bbox 1910 919 3485 997">
     <span class='ocr_line' id='line_1_24' title="bbox 1910 919 3485 997; baseline 0.008 -25"><span class='ocrx_word' id='word_1_152' title='bbox 1910 933 1974 973; x_wconf 85' lang='lat' dir='ltr'><strong>ac</strong></span> <span class='ocrx_word' id='word_1_153' title='bbox 2028 919 2138 975; x_wconf 87' lang='lat' dir='ltr'><strong>Deo</strong></span> <span class='ocrx_word' id='word_1_154' title='bbox 2177 921 2484 991; x_wconf 82' lang='lat' dir='ltr'><strong>digniorem</strong></span> <span class='ocrx_word' id='word_1_155' title='bbox 2547 925 2634 980; x_wconf 89' lang='lat' dir='ltr'><strong>his</strong></span> <span class='ocrx_word' id='word_1_156' title='bbox 2687 927 2777 996; x_wconf 92' lang='lat' dir='ltr'><strong>qui</strong></span> <span class='ocrx_word' id='word_1_157' title='bbox 2819 929 3038 997; x_wconf 84' lang='lat' dir='ltr'><strong>assequi</strong></span> <span class='ocrx_word' id='word_1_158' title='bbox 3095 931 3485 986; x_wconf 71' lang='lat' dir='ltr'><strong>sublimitatem</strong></span> 
     </span>
    </p>
   </div>
   <div class='ocr_carea' id='block_1_25' title="bbox 1911 1012 3488 1090">
    <p class='ocr_par' dir='ltr' id='par_1_25' title="bbox 1911 1012 3488 1090">
     <span class='ocr_line' id='line_1_25' title="bbox 1911 1012 3488 1090; baseline 0.008 -27"><span class='ocrx_word' id='word_1_159' title='bbox 1911 1012 2059 1064; x_wconf 87' lang='lat' dir='ltr'><strong>illam</strong></span> <span class='ocrx_word' id='word_1_160' title='bbox 2113 1020 2389 1082; x_wconf 86' lang='lat' dir='ltr'><strong>poterant,</strong></span> <span class='ocrx_word' id='word_1_161' title='bbox 2424 1016 2691 1072; x_wconf 88' lang='lat' dir='ltr'><strong>minorem</strong></span> <span class='ocrx_word' id='word_1_162' title='bbox 2730 1034 2855 1074; x_wconf 78' lang='lat' dir='ltr'><strong>vero</strong></span> <span class='ocrx_word' id='word_1_163' title='bbox 2894 1029 3059 1090; x_wconf 91' lang='lat' dir='ltr'><strong>atque</strong></span> <span class='ocrx_word' id='word_1_164' title='bbox 3097 1021 3308 1076; x_wconf 89' lang='lat' dir='ltr'><strong>ordinis</strong></span> <span class='ocrx_word' id='word_1_165' title='bbox 3348 1021 3488 1076; x_wconf 83' lang='lat' dir='ltr'><strong>infe-</strong></span> 
     </span>
    </p>
   </div>
   <div class='ocr_carea' id='block_1_26' title="bbox 1910 1105 3485 1178">
    <p class='ocr_par' dir='ltr' id='par_1_26' title="bbox 1910 1105 3485 1178">
     <span class='ocr_line' id='line_1_26' title="bbox 1910 1105 3485 1178; baseline 0.007 -22"><span class='ocrx_word' id='word_1_166' title='bbox 1910 1105 2072 1158; x_wconf 92' lang='lat' dir='ltr'><strong>rioris</strong></span> <span class='ocrx_word' id='word_1_167' title='bbox 2106 1105 2172 1160; x_wconf 90' lang='lat' dir='ltr'><strong>iis</strong></span> <span class='ocrx_word' id='word_1_168' title='bbox 2209 1106 2302 1175; x_wconf 93' lang='lat' dir='ltr'><strong>qui</strong></span> <span class='ocrx_word' id='word_1_169' title='bbox 2335 1107 2562 1175; x_wconf 80' lang='lat' dir='ltr'><strong>majoris</strong></span> <span class='ocrx_word' id='word_1_170' title='bbox 2600 1123 2830 1178; x_wconf 82' lang='lat' dir='ltr'><strong>capaces</strong></span> <span class='ocrx_word' id='word_1_171' title='bbox 2864 1126 2974 1165; x_wconf 88' lang='lat' dir='ltr'><strong>non</strong></span> <span class='ocrx_word' id='word_1_172' title='bbox 3005 1118 3181 1166; x_wconf 86' lang='lat' dir='ltr'><strong>erant.</strong></span> <span class='ocrx_word' id='word_1_173' title='bbox 3215 1111 3485 1178; x_wconf 83' lang='lat' dir='ltr'><strong>Quocirca</strong></span> 
     </span>
    </p>
   </div>
   <div class='ocr_carea' id='block_1_27' title="bbox 1909 1197 3488 1272">
    <p class='ocr_par' dir='ltr' id='par_1_27' title="bbox 1909 1197 3488 1272">
     <span class='ocr_line' id='line_1_27' title="bbox 1909 1197 3488 1272; baseline 0.003 -22"><span class='ocrx_word' id='word_1_174' title='bbox 1909 1211 2088 1266; x_wconf 90' lang='lat' dir='ltr'><strong>neque</strong></span> <span class='ocrx_word' id='word_1_175' title='bbox 2118 1197 2285 1252; x_wconf 90' lang='lat' dir='ltr'><strong>simili</strong></span> <span class='ocrx_word' id='word_1_176' title='bbox 2327 1198 2536 1252; x_wconf 78' lang='lat' dir='ltr'><strong>ratione</strong></span> <span class='ocrx_word' id='word_1_177' title='bbox 2581 1212 2744 1269; x_wconf 84' lang='lat' dir='ltr'><strong>atque</strong></span> <span class='ocrx_word' id='word_1_178' title='bbox 2774 1201 2828 1255; x_wconf 91' lang='lat' dir='ltr'><strong>in</strong></span> <span class='ocrx_word' id='word_1_179' title='bbox 2863 1202 3294 1271; x_wconf 72' lang='lat' dir='ltr'><strong>praecedentibus</strong></span> <span class='ocrx_word' id='word_1_180' title='bbox 3324 1217 3488 1272; x_wconf 88' lang='lat' dir='ltr'><strong>appa-</strong></span> 
     </span>
    </p>
   </div>
   <div class='ocr_carea' id='block_1_28' title="bbox 1909 1287 3487 1363">
    <p class='ocr_par' dir='ltr' id='par_1_28' title="bbox 1909 1287 3487 1363">
     <span class='ocr_line' id='line_1_28' title="bbox 1909 1287 3487 1363; baseline 0.006 -24"><span class='ocrx_word' id='word_1_181' title='bbox 1909 1287 2201 1343; x_wconf 90' lang='lat' dir='ltr'><strong>ritionibus</strong></span> <span class='ocrx_word' id='word_1_182' title='bbox 2239 1289 2291 1342; x_wconf 89' lang='lat' dir='ltr'><strong>in</strong></span> <span class='ocrx_word' id='word_1_183' title='bbox 2342 1288 2752 1358; x_wconf 85' lang='lat' dir='ltr'><strong>dispensatione</strong></span> <span class='ocrx_word' id='word_1_184' title='bbox 2781 1291 3084 1346; x_wconf 90' lang='lat' dir='ltr'><strong>secundum</strong></span> <span class='ocrx_word' id='word_1_185' title='bbox 3129 1307 3347 1347; x_wconf 88' lang='lat' dir='ltr'><strong>carnem</strong></span> <span class='ocrx_word' id='word_1_186' title='bbox 3391 1307 3487 1363; x_wconf 80' lang='lat' dir='ltr'><strong>ge-</strong></span> 
     </span>
    </p>
   </div>
   <div class='ocr_carea' id='block_1_29' title="bbox 1910 1377 3486 1451">
    <p class='ocr_par' dir='ltr' id='par_1_29' title="bbox 1910 1377 3486 1451">
     <span class='ocr_line' id='line_1_29' title="bbox 1910 1377 3486 1451; baseline 0.005 -21"><span class='ocrx_word' id='word_1_187' title='bbox 1910 1377 2026 1431; x_wconf 86' lang='lat' dir='ltr'><strong>neri</strong></span> <span class='ocrx_word' id='word_1_188' title='bbox 2074 1378 2314 1433; x_wconf 89' lang='lat' dir='ltr'><strong>humano</strong></span> <span class='ocrx_word' id='word_1_189' title='bbox 2356 1394 2479 1434; x_wconf 89' lang='lat' dir='ltr'><strong>sese</strong></span> <span class='ocrx_word' id='word_1_190' title='bbox 2526 1381 2702 1434; x_wconf 88' lang='lat' dir='ltr'><strong>ollert.</strong></span> <span class='ocrx_word' id='word_1_191' title='bbox 2737 1378 2940 1434; x_wconf 79' lang='lat' dir='ltr'><strong>Verum</strong></span> <span class='ocrx_word' id='word_1_192' title='bbox 2981 1382 3242 1451; x_wconf 88' lang='lat' dir='ltr'><strong>quoniam</strong></span> <span class='ocrx_word' id='word_1_193' title='bbox 3272 1395 3486 1449; x_wconf 84' lang='lat' dir='ltr'><strong>omnes,</strong></span> 
     </span>
    </p>
   </div>
   <div class='ocr_carea' id='block_1_30' title="bbox 1910 1469 3490 1541">
    <p class='ocr_par' dir='ltr' id='par_1_30' title="bbox 1910 1469 3490 1541">
     <span class='ocr_line' id='line_1_30' title="bbox 1910 1469 3490 1541; baseline 0.003 -18"><span class='ocrx_word' id='word_1_194' title='bbox 1910 1479 1970 1523; x_wconf 92' lang='lat' dir='ltr'><strong>ut</strong></span> <span class='ocrx_word' id='word_1_195' title='bbox 1999 1471 2175 1539; x_wconf 89' lang='lat' dir='ltr'><strong>inquit</strong></span> <span class='ocrx_word' id='word_1_196' title='bbox 2205 1469 2473 1541; x_wconf 87' lang='lat' dir='ltr'><strong>Propheta</strong></span> <span class='ocrx_word' id='word_1_197' title='bbox 2497 1471 2538 1536; x_wconf 84' lang='grc'>³,</span> <span class='ocrx_word' id='word_1_198' title='bbox 2585 1472 3029 1540; x_wconf 84' lang='lat' dir='ltr'><strong>declinaverunt,</strong></span> <span class='ocrx_word' id='word_1_199' title='bbox 3063 1474 3225 1528; x_wconf 89' lang='lat' dir='ltr'><strong>simul</strong></span> <span class='ocrx_word' id='word_1_200' title='bbox 3262 1474 3490 1528; x_wconf 86' lang='lat' dir='ltr'><strong>inutiles</strong></span> 
     </span>
    </p>
   </div>
   <div class='ocr_carea' id='block_1_31' title="bbox 1910 1561 3488 1639">
    <p class='ocr_par' dir='ltr' id='par_1_31' title="bbox 1910 1561 3488 1639">
     <span class='ocr_line' id='line_1_31' title="bbox 1910 1561 3488 1639; baseline 0.003 -23"><span class='ocrx_word' id='word_1_201' title='bbox 1910 1561 2042 1616; x_wconf 87' lang='lat' dir='ltr'><strong>facti</strong></span> <span class='ocrx_word' id='word_1_202' title='bbox 2079 1572 2242 1628; x_wconf 90' lang='lat' dir='ltr'><strong>sunt;</strong></span> <span class='ocrx_word' id='word_1_203' title='bbox 2293 1578 2472 1632; x_wconf 89' lang='lat' dir='ltr'><strong>neque</strong></span> <span class='ocrx_word' id='word_1_204' title='bbox 2525 1573 2664 1626; x_wconf 90' lang='lat' dir='ltr'><strong>erat,</strong></span> <span class='ocrx_word' id='word_1_205' title='bbox 2716 1565 2859 1620; x_wconf 90' lang='lat' dir='ltr'><strong>sicut</strong></span> <span class='ocrx_word' id='word_1_206' title='bbox 2908 1567 3170 1636; x_wconf 90' lang='lat' dir='ltr'><strong>scriptum</strong></span> <span class='ocrx_word' id='word_1_207' title='bbox 3222 1567 3362 1631; x_wconf 69' lang='lat' dir='ltr'><strong>est‘,</strong></span> <span class='ocrx_word' id='word_1_208' title='bbox 3390 1568 3488 1639; x_wconf 90' lang='lat' dir='ltr'><strong>qui</strong></span> 
     </span>
    </p>
   </div>
   <div class='ocr_carea' id='block_1_32' title="bbox 1910 1649 3484 1722">
    <p class='ocr_par' dir='ltr' id='par_1_32' title="bbox 1910 1649 3484 1722">
     <span class='ocr_line' id='line_1_32' title="bbox 1910 1649 3484 1722; baseline 0.006 -20"><span class='ocrx_word' id='word_1_209' title='bbox 1910 1657 2095 1720; x_wconf 88' lang='lat' dir='ltr'><strong>posset</strong></span> <span class='ocrx_word' id='word_1_210' title='bbox 2137 1649 2457 1721; x_wconf 79' lang='lat' dir='ltr'><strong>intelligere,</strong></span> <span class='ocrx_word' id='word_1_211' title='bbox 2514 1658 2569 1707; x_wconf 87' lang='lat' dir='ltr'><strong>et</strong></span> <span class='ocrx_word' id='word_1_212' title='bbox 2602 1655 2921 1722; x_wconf 89' lang='lat' dir='ltr'><strong>perquirere</strong></span> <span class='ocrx_word' id='word_1_213' title='bbox 2967 1655 3354 1711; x_wconf 84' lang='lat' dir='ltr'><strong>sublimitatem</strong></span> <span class='ocrx_word' id='word_1_214' title='bbox 3399 1658 3484 1710; x_wconf 87' lang='lat' dir='ltr'><strong>di-</strong></span> 
     </span>
    </p>
   </div>
   <div class='ocr_carea' id='block_1_33' title="bbox 1908 1739 3485 1816">
    <p class='ocr_par' dir='ltr' id='par_1_33' title="bbox 1908 1739 3485 1816">
     <span class='ocr_line' id='line_1_33' title="bbox 1908 1739 3485 1816; baseline 0.007 -25"><span class='ocrx_word' id='word_1_215' title='bbox 1908 1739 2175 1806; x_wconf 89' lang='lat' dir='ltr'><strong>vinitatis,</strong></span> <span class='ocrx_word' id='word_1_216' title='bbox 2217 1751 2522 1810; x_wconf 88' lang='lat' dir='ltr'><strong>propterea,</strong></span> <span class='ocrx_word' id='word_1_217' title='bbox 2565 1749 2625 1794; x_wconf 90' lang='lat' dir='ltr'><strong>ut</strong></span> <span class='ocrx_word' id='word_1_218' title='bbox 2669 1743 2847 1813; x_wconf 87' lang='lat' dir='ltr'><strong>magis</strong></span> <span class='ocrx_word' id='word_1_219' title='bbox 2893 1745 3102 1799; x_wconf 84' lang='lat' dir='ltr'><strong>carnali</strong></span> <span class='ocrx_word' id='word_1_220' title='bbox 3145 1747 3485 1816; x_wconf 87' lang='lat' dir='ltr'><strong>generationi</strong></span> 
     </span>
    </p>
   </div>
   <div class='ocr_carea' id='block_1_34' title="bbox 226 1830 1812 1907">
    <p class='ocr_par' dir='ltr' id='par_1_34' title="bbox 226 1830 1806 1903">
     <span class='ocr_line' id='line_1_34' title="bbox 226 1830 1806 1903; baseline -0.004 -14"><span class='ocrx_word' id='word_1_221' title='bbox 226 1837 421 1889; x_wconf 78' lang='grc' dir='ltr'>ἑαυτὸν</span> <span class='ocrx_word' id='word_1_222' title='bbox 462 1834 727 1902; x_wconf 82' lang='grc' dir='ltr'>κενώσας,</span> <span class='ocrx_word' id='word_1_223' title='bbox 775 1835 862 1887; x_wconf 79' lang='grc' dir='ltr'>ἵνα</span> <span class='ocrx_word' id='word_1_224' title='bbox 912 1835 1033 1887; x_wconf 83' lang='grc' dir='ltr'>ὅσον</span> <span class='ocrx_word' id='word_1_225' title='bbox 1079 1833 1310 1903; x_wconf 77' lang='grc' dir='ltr'>χωρεῖη</span> <span class='ocrx_word' id='word_1_226' title='bbox 1347 1832 1526 1900; x_wconf 82' lang='grc' dir='ltr'>φύσις,</span> <span class='ocrx_word' id='word_1_227' title='bbox 1554 1830 1806 1883; x_wconf 89' lang='grc' dir='ltr'>τοσοῦτον</span> 
     </span>
    </p>
   </div>
   <div class='ocr_carea' id='block_1_35' title="bbox 1914 1830 3485 1907">
    <p class='ocr_par' dir='ltr' id='par_1_35' title="bbox 1914 1831 3485 1907">
     <span class='ocr_line' id='line_1_35' title="bbox 1914 1831 3485 1907; baseline 0.006 -24"><span class='ocrx_word' id='word_1_228' title='bbox 1914 1842 2170 1901; x_wconf 84' lang='lat' dir='ltr'><strong>appareat</strong></span> <span class='ocrx_word' id='word_1_229' title='bbox 2206 1831 2523 1902; x_wconf 83' lang='lat' dir='ltr'><strong>unigenitus</strong></span> <span class='ocrx_word' id='word_1_230' title='bbox 2546 1833 2738 1897; x_wconf 85' lang='lat' dir='ltr'><strong>Filius,</strong></span> <span class='ocrx_word' id='word_1_231' title='bbox 2758 1843 2901 1889; x_wconf 85' lang='lat' dir='ltr'><strong>‘earo</strong></span> <span class='ocrx_word' id='word_1_232' title='bbox 2933 1835 3012 1900; x_wconf 86' lang='lat' dir='ltr'><strong>fit,</strong></span> <span class='ocrx_word' id='word_1_233' title='bbox 3047 1852 3214 1906; x_wconf 88' lang='lat' dir='ltr'><strong>seque</strong></span> <span class='ocrx_word' id='word_1_234' title='bbox 3244 1852 3342 1907; x_wconf 89' lang='lat' dir='ltr'><strong>pro</strong></span> <span class='ocrx_word' id='word_1_235' title='bbox 3371 1838 3485 1892; x_wconf 67' lang='lat' dir='ltr'><strong>exi-</strong></span> 
     </span>
    </p>
   </div>
   <div class='ocr_carea' id='block_1_36' title="bbox 226 1919 1809 1996">
    <p class='ocr_par' dir='ltr' id='par_1_36' title="bbox 226 1919 1809 1996">
     <span class='ocr_line' id='line_1_36' title="bbox 226 1919 1809 1996; baseline -0.003 -18"><span class='ocrx_word' id='word_1_236' title='bbox 226 1926 461 1996; x_wconf 83' lang='grc' dir='ltr'>δέξηται.</span> <span class='ocrx_word' id='word_1_237' title='bbox 499 1924 572 1977; x_wconf 86' lang='lat' dir='ltr'>T6</span> <span class='ocrx_word' id='word_1_238' title='bbox 611 1925 722 1996; x_wconf 82' lang='grc' dir='ltr'><strong>γάρ</strong></span> <span class='ocrx_word' id='word_1_239' title='bbox 748 1919 887 1977; x_wconf 79' lang='grc' dir='ltr'>εἶναι</span> <span class='ocrx_word' id='word_1_240' title='bbox 915 1924 1012 1994; x_wconf 82' lang='grc' dir='ltr'>τὴν</span> <span class='ocrx_word' id='word_1_241' title='bbox 1041 1924 1234 1992; x_wconf 80' lang='grc' dir='ltr'>γενεὰν</span> <span class='ocrx_word' id='word_1_242' title='bbox 1266 1921 1502 1992; x_wconf 79' lang='grc' dir='ltr'>ἐκείνην,</span> <span class='ocrx_word' id='word_1_243' title='bbox 1534 1921 1684 1990; x_wconf 84' lang='grc' dir='ltr'>παρὰ</span> <span class='ocrx_word' id='word_1_244' title='bbox 1709 1923 1809 1983; x_wconf 79' lang='grc' dir='ltr'><strong>τὰς</strong></span> 
     </span>
    </p>
   </div>
   <div class='ocr_carea' id='block_1_37' title="bbox 231 2011 1808 2088">
    <p class='ocr_par' dir='ltr' id='par_1_37' title="bbox 231 2011 1808 2088">
     <span class='ocr_line' id='line_1_37' title="bbox 231 2011 1808 2088; baseline -0.004 -19"><span class='ocrx_word' id='word_1_245' title='bbox 231 2016 637 2088; x_wconf 78' lang='grc' dir='ltr'>προλαϐούσας,</span> <span class='ocrx_word' id='word_1_246' title='bbox 691 2015 1054 2086; x_wconf 83' lang='grc' dir='ltr'>κατάκριτον,</span> <span class='ocrx_word' id='word_1_247' title='bbox 1111 2013 1298 2083; x_wconf 80' lang='grc' dir='ltr'>σαφῶς</span> <span class='ocrx_word' id='word_1_248' title='bbox 1358 2013 1508 2084; x_wconf 73' lang='grc' dir='ltr'>παρὰ</span> <span class='ocrx_word' id='word_1_249' title='bbox 1559 2013 1658 2083; x_wconf 82' lang='grc' dir='ltr'>τῆς</span> <span class='ocrx_word' id='word_1_250' title='bbox 1712 2011 1808 2064; x_wconf 87' lang='grc' dir='ltr'><strong>τοῦ</strong></span> 
     </span>
    </p>
   </div>
   <div class='ocr_carea' id='block_1_38' title="bbox 231 2102 1809 2181">
    <p class='ocr_par' dir='ltr' id='par_1_38' title="bbox 231 2102 1809 2181">
     <span class='ocr_line' id='line_1_38' title="bbox 231 2102 1809 2181; baseline -0.003 -18"><span class='ocrx_word' id='word_1_251' title='bbox 231 2109 433 2181; x_wconf 84' lang='grc' dir='ltr'>Κυρίου</span> <span class='ocrx_word' id='word_1_252' title='bbox 463 2110 645 2180; x_wconf 83' lang='grc' dir='ltr'>φωνῆς</span> <span class='ocrx_word' id='word_1_253' title='bbox 675 2108 1088 2179; x_wconf 79' lang='grc' dir='ltr'>μεμαθήκαμεν,</span> <span class='ocrx_word' id='word_1_254' title='bbox 1114 2111 1170 2161; x_wconf 84' lang='grc' dir='ltr'>ὲν</span> <span class='ocrx_word' id='word_1_255' title='bbox 1200 2102 1280 2170; x_wconf 75' lang='grc' dir='ltr'>οἷς</span> <span class='ocrx_word' id='word_1_256' title='bbox 1307 2106 1595 2178; x_wconf 83' lang='grc' dir='ltr'>Σοδομίτας</span> <span class='ocrx_word' id='word_1_257' title='bbox 1621 2123 1680 2158; x_wconf 87' lang='grc' dir='ltr'><strong>τε</strong></span> <span class='ocrx_word' id='word_1_258' title='bbox 1708 2106 1809 2159; x_wconf 87' lang='grc' dir='ltr'>αύ-</span> 
     </span>
    </p>
   </div>
   <div class='ocr_carea' id='block_1_39' title="bbox 238 2195 1811 2269">
    <p class='ocr_par' dir='ltr' id='par_1_39' title="bbox 238 2195 1811 2269">
     <span class='ocr_line' id='line_1_39' title="bbox 238 2195 1811 2269; baseline -0.001 -18"><span class='ocrx_word' id='word_1_259' title='bbox 238 2198 334 2252; x_wconf 79' lang='grc' dir='ltr'><strong>τῶν</strong></span> <span class='ocrx_word' id='word_1_260' title='bbox 359 2199 743 2269; x_wconf 85' lang='grc' dir='ltr'>ἀνεκτοτέρους</span> <span class='ocrx_word' id='word_1_261' title='bbox 770 2195 907 2252; x_wconf 83' lang='grc' dir='ltr'>εἷναί</span> <span class='ocrx_word' id='word_1_262' title='bbox 933 2215 1086 2268; x_wconf 85' lang='grc' dir='ltr'>φησι,</span> <span class='ocrx_word' id='word_1_263' title='bbox 1125 2197 1222 2250; x_wconf 75' lang='grc' dir='ltr'><strong>καὶ</strong></span> <span class='ocrx_word' id='word_1_264' title='bbox 1255 2199 1564 2261; x_wconf 75' lang='grc' dir='ltr'>Νινευῖτας,</span> <span class='ocrx_word' id='word_1_265' title='bbox 1593 2198 1686 2251; x_wconf 77' lang='grc' dir='ltr'><strong>καὶ</strong></span> <span class='ocrx_word' id='word_1_266' title='bbox 1711 2197 1811 2268; x_wconf 80' lang='grc' dir='ltr'>τὴν</span> 
     </span>
    </p>
   </div>
   <div class='ocr_carea' id='block_1_40' title="bbox 235 2284 1812 2358">
    <p class='ocr_par' dir='ltr' id='par_1_40' title="bbox 235 2284 1812 2358">
     <span class='ocr_line' id='line_1_40' title="bbox 235 2284 1812 2358; baseline -0.003 -18"><span class='ocrx_word' id='word_1_267' title='bbox 235 2287 320 2341; x_wconf 77' lang='grc' dir='ltr'><strong>τοῦ</strong></span> <span class='ocrx_word' id='word_1_268' title='bbox 355 2288 530 2342; x_wconf 84' lang='grc' dir='ltr'>Νότου</span> <span class='ocrx_word' id='word_1_269' title='bbox 580 2287 894 2358; x_wconf 75' lang='grc' dir='ltr'>βασίλισσαν</span> <span class='ocrx_word' id='word_1_270' title='bbox 923 2286 1272 2356; x_wconf 81' lang='grc' dir='ltr'>κατακρίνειν</span> <span class='ocrx_word' id='word_1_271' title='bbox 1320 2287 1377 2339; x_wconf 79' lang='grc' dir='ltr'>ὲν</span> <span class='ocrx_word' id='word_1_272' title='bbox 1403 2289 1469 2357; x_wconf 80' lang='grc' dir='ltr'>τῇ</span> <span class='ocrx_word' id='word_1_273' title='bbox 1518 2284 1812 2338; x_wconf 80' lang='grc' dir='ltr'>ἀναστάσει</span> 
     </span>
    </p>
   </div>
   <div class='ocr_carea' id='block_1_41' title="bbox 237 2372 1810 2450">
    <p class='ocr_par' dir='ltr' id='par_1_41' title="bbox 237 2372 1810 2450">
     <span class='ocr_line' id='line_1_41' title="bbox 237 2372 1810 2450; baseline -0.003 -18"><span class='ocrx_word' id='word_1_274' title='bbox 237 2379 326 2450; x_wconf 76' lang='grc' dir='ltr'>τὴν</span> <span class='ocrx_word' id='word_1_275' title='bbox 355 2379 550 2448; x_wconf 84' lang='grc' dir='ltr'>γενεάν</span> <span class='ocrx_word' id='word_1_276' title='bbox 580 2379 817 2450; x_wconf 75' lang='grc' dir='ltr'>ἐκείνην,</span> <span class='ocrx_word' id='word_1_277' title='bbox 851 2381 878 2432; x_wconf 91' lang='lat'><strong>6</strong></span> <span class='ocrx_word' id='word_1_278' title='bbox 923 2377 1126 2447; x_wconf 78' lang='grc' dir='ltr'>Κύριος</span> <span class='ocrx_word' id='word_1_279' title='bbox 1160 2377 1466 2449; x_wconf 79' lang='grc' dir='ltr'>διωρίσατο.</span> <span class='ocrx_word' id='word_1_280' title='bbox 1498 2377 1561 2429; x_wconf 83' lang='grc' dir='ltr'>Εἰ</span> <span class='ocrx_word' id='word_1_281' title='bbox 1593 2376 1691 2446; x_wconf 81' lang='grc' dir='ltr'>μὲν</span> <span class='ocrx_word' id='word_1_282' title='bbox 1719 2372 1810 2428; x_wconf 78' lang='grc' dir='ltr'><strong>οὖν</strong></span> 
     </span>
    </p>
   </div>
   <div class='ocr_carea' id='block_1_42' title="bbox 236 2464 1811 2538">
    <p class='ocr_par' dir='ltr' id='par_1_42' title="bbox 236 2464 1811 2538">
     <span class='ocr_line' id='line_1_42' title="bbox 236 2464 1811 2538; baseline -0.002 -16"><span class='ocrx_word' id='word_1_283' title='bbox 236 2471 430 2532; x_wconf 82' lang='grc' dir='ltr'>πάντες</span> <span class='ocrx_word' id='word_1_284' title='bbox 461 2469 602 2524; x_wconf 86' lang='grc' dir='ltr'>κοιτά</span> <span class='ocrx_word' id='word_1_285' title='bbox 646 2471 736 2522; x_wconf 74' lang='grc' dir='ltr'>τὸν</span> <span class='ocrx_word' id='word_1_286' title='bbox 768 2470 1008 2523; x_wconf 81' lang='grc' dir='ltr'>Μωῦσέα</span> <span class='ocrx_word' id='word_1_287' title='bbox 1037 2468 1278 2531; x_wconf 82' lang='grc' dir='ltr'>δυνατῶς</span> <span class='ocrx_word' id='word_1_288' title='bbox 1309 2464 1452 2538; x_wconf 73' lang='grc' dir='ltr'>εἶχον</span> <span class='ocrx_word' id='word_1_289' title='bbox 1507 2469 1656 2531; x_wconf 77' lang='grc' dir='ltr'>ἐντὸς</span> <span class='ocrx_word' id='word_1_290' title='bbox 1719 2485 1811 2536; x_wconf 75' lang='grc' dir='ltr'>γε·</span> 
     </span>
    </p>
   </div>
   <div class='ocr_carea' id='block_1_43' title="bbox 225 2554 1806 2629">
    <p class='ocr_par' dir='ltr' id='par_1_43' title="bbox 225 2554 1806 2629">
     <span class='ocr_line' id='line_1_43' title="bbox 225 2554 1806 2629; baseline -0.003 -15"><span class='ocrx_word' id='word_1_291' title='bbox 225 2560 409 2614; x_wconf 85' lang='grc' dir='ltr'>νέσθαι</span> <span class='ocrx_word' id='word_1_292' title='bbox 435 2559 530 2613; x_wconf 91' lang='grc' dir='ltr'><strong>τοῦ</strong></span> <span class='ocrx_word' id='word_1_293' title='bbox 562 2560 785 2629; x_wconf 85' lang='grc' dir='ltr'>γνόφου,</span> <span class='ocrx_word' id='word_1_294' title='bbox 819 2561 876 2612; x_wconf 82' lang='grc' dir='ltr'>ὲν</span> <span class='ocrx_word' id='word_1_295' title='bbox 902 2554 945 2627; x_wconf 77' lang='grc' dir='ltr'>ᾧ</span> <span class='ocrx_word' id='word_1_296' title='bbox 977 2557 1116 2612; x_wconf 71' lang='grc' dir='ltr'>εἶδεν</span> <span class='ocrx_word' id='word_1_297' title='bbox 1143 2563 1170 2614; x_wconf 89' lang='lat'><strong>6</strong></span> <span class='ocrx_word' id='word_1_298' title='bbox 1209 2561 1448 2629; x_wconf 81' lang='grc' dir='ltr'>Μωῦσῆς</span> <span class='ocrx_word' id='word_1_299' title='bbox 1472 2557 1541 2610; x_wconf 88' lang='grc' dir='ltr'>τὰ</span> <span class='ocrx_word' id='word_1_300' title='bbox 1569 2557 1772 2611; x_wconf 78' lang='grc' dir='ltr'>ἀθέατα</span> <span class='ocrx_word' id='word_1_301' title='bbox 1793 2574 1806 2586; x_wconf 89' lang='grc'><strong>·</strong></span> 
     </span>
    </p>
   </div>
   <div class='ocr_carea' id='block_1_44' title="bbox 228 2649 1811 2723">
    <p class='ocr_par' dir='ltr' id='par_1_44' title="bbox 228 2649 1811 2723">
     <span class='ocr_line' id='line_1_44' title="bbox 228 2649 1811 2723; baseline -0.001 -19"><span class='ocrx_word' id='word_1_302' title='bbox 228 2649 259 2719; x_wconf 80' lang='grc' dir='ltr'>ἢ</span> <span class='ocrx_word' id='word_1_303' title='bbox 291 2651 433 2705; x_wconf 79' lang='grc' dir='ltr'>κατὰ</span> <span class='ocrx_word' id='word_1_304' title='bbox 458 2652 548 2704; x_wconf 83' lang='grc' dir='ltr'><strong>τὸν</strong></span> <span class='ocrx_word' id='word_1_305' title='bbox 591 2651 792 2723; x_wconf 71' lang='grc' dir='ltr'>ὑψηλὸν</span> <span class='ocrx_word' id='word_1_306' title='bbox 834 2652 1063 2716; x_wconf 85' lang='grc' dir='ltr'>Παῦλον,</span> <span class='ocrx_word' id='word_1_307' title='bbox 1092 2651 1259 2723; x_wconf 85' lang='grc' dir='ltr'>τριῶν</span> <span class='ocrx_word' id='word_1_308' title='bbox 1299 2651 1542 2722; x_wconf 73' lang='grc' dir='ltr'>οὐρανῶν</span> <span class='ocrx_word' id='word_1_309' title='bbox 1570 2652 1811 2720; x_wconf 88' lang='grc' dir='ltr'>ύπεραρ-</span> 
     </span>
    </p>
   </div>
   <div class='ocr_carea' id='block_1_45' title="bbox 227 2742 1812 2816">
    <p class='ocr_par' dir='ltr' id='par_1_45' title="bbox 227 2742 1812 2816">
     <span class='ocr_line' id='line_1_45' title="bbox 227 2742 1812 2816; baseline -0.004 -17"><span class='ocrx_word' id='word_1_310' title='bbox 227 2745 410 2814; x_wconf 82' lang='grc' dir='ltr'>θῆναι,</span> <span class='ocrx_word' id='word_1_311' title='bbox 458 2745 553 2798; x_wconf 70' lang='grc' dir='ltr'><strong>καὶ</strong></span> <span class='ocrx_word' id='word_1_312' title='bbox 585 2745 642 2797; x_wconf 83' lang='grc' dir='ltr'><strong>ὲν</strong></span> <span class='ocrx_word' id='word_1_313' title='bbox 692 2744 770 2814; x_wconf 83' lang='grc' dir='ltr'>τῷ</span> <span class='ocrx_word' id='word_1_314' title='bbox 820 2745 1134 2816; x_wconf 83' lang='grc' dir='ltr'>παραδείσῳ</span> <span class='ocrx_word' id='word_1_315' title='bbox 1165 2743 1430 2814; x_wconf 74' lang='grc' dir='ltr'>περὶτῶν</span> <span class='ocrx_word' id='word_1_316' title='bbox 1474 2742 1613 2812; x_wconf 82' lang='grc' dir='ltr'>ὑπὲρ</span> <span class='ocrx_word' id='word_1_317' title='bbox 1655 2742 1812 2810; x_wconf 83' lang='grc' dir='ltr'>λόγον</span> 
     </span>
    </p>
   </div>
   <div class='ocr_carea' id='block_1_46' title="bbox 206 2832 1810 2907">
    <p class='ocr_par' dir='ltr' id='par_1_46' title="bbox 206 2832 1810 2907">
     <span class='ocr_line' id='line_1_46' title="bbox 206 2832 1810 2907; baseline -0.001 -19"><span class='ocrx_word' id='word_1_318' title='bbox 206 2858 209 2861; x_wconf 93' lang='grc'>·</span> <span class='ocrx_word' id='word_1_319' title='bbox 237 2836 570 2907; x_wconf 79' lang='grc' dir='ltr'>πραγμάτων</span> <span class='ocrx_word' id='word_1_320' title='bbox 594 2835 904 2907; x_wconf 84' lang='grc' dir='ltr'>διδαχθῆναι</span> <span class='ocrx_word' id='word_1_321' title='bbox 933 2835 1002 2888; x_wconf 86' lang='grc' dir='ltr'>τὰ</span> <span class='ocrx_word' id='word_1_322' title='bbox 1044 2837 1256 2906; x_wconf 74' lang='grc' dir='ltr'>ἄρρητα</span> <span class='ocrx_word' id='word_1_323' title='bbox 1275 2851 1289 2864; x_wconf 75' lang='grc' dir='ltr'><strong>ο</strong></span> <span class='ocrx_word' id='word_1_324' title='bbox 1325 2833 1358 2903; x_wconf 84' lang='grc' dir='ltr'>ἢ</span> <span class='ocrx_word' id='word_1_325' title='bbox 1405 2832 1547 2887; x_wconf 85' lang='grc' dir='ltr'><strong>κατά</strong></span> <span class='ocrx_word' id='word_1_326' title='bbox 1571 2833 1662 2886; x_wconf 88' lang='grc' dir='ltr'><strong>τὸν</strong></span> <span class='ocrx_word' id='word_1_327' title='bbox 1712 2832 1810 2902; x_wconf 81' lang='grc' dir='ltr'><strong>ζη-</strong></span> 
     </span>
    </p>
   </div>
   <div class='ocr_carea' id='block_1_47' title="bbox 234 2923 1813 2997">
    <p class='ocr_par' dir='ltr' id='par_1_47' title="bbox 234 2923 1813 2997">
     <span class='ocr_line' id='line_1_47' title="bbox 234 2923 1813 2997; baseline -0.001 -19"><span class='ocrx_word' id='word_1_328' title='bbox 234 2926 404 2997; x_wconf 81' lang='grc' dir='ltr'>λωτὴν</span> <span class='ocrx_word' id='word_1_329' title='bbox 449 2927 657 2992; x_wconf 82' lang='grc' dir='ltr'>Ἠλίαν,</span> <span class='ocrx_word' id='word_1_330' title='bbox 677 2927 754 2997; x_wconf 84' lang='grc' dir='ltr'><strong>τῷ</strong></span> <span class='ocrx_word' id='word_1_331' title='bbox 783 2927 915 2997; x_wconf 73' lang='grc' dir='ltr'>πυρὶ</span> <span class='ocrx_word' id='word_1_332' title='bbox 943 2925 1078 2997; x_wconf 78' lang='grc' dir='ltr'>πρὸς</span> <span class='ocrx_word' id='word_1_333' title='bbox 1108 2925 1200 2977; x_wconf 79' lang='grc' dir='ltr'><strong>τὸν</strong></span> <span class='ocrx_word' id='word_1_334' title='bbox 1225 2923 1460 2995; x_wconf 87' lang='grc' dir='ltr'>αἰθέριον</span> <span class='ocrx_word' id='word_1_335' title='bbox 1485 2923 1659 2994; x_wconf 86' lang='grc' dir='ltr'>χῶρον</span> <span class='ocrx_word' id='word_1_336' title='bbox 1690 2939 1813 2976; x_wconf 87' lang='grc' dir='ltr'>συν-</span> 
     </span>
    </p>
   </div>
   <div class='ocr_carea' id='block_1_48' title="bbox 236 3015 1813 3090">
    <p class='ocr_par' dir='ltr' id='par_1_48' title="bbox 236 3015 1813 3090">
     <span class='ocr_line' id='line_1_48' title="bbox 236 3015 1813 3090; baseline -0.002 -20"><span class='ocrx_word' id='word_1_337' title='bbox 236 3019 551 3090; x_wconf 70' lang='grc' dir='ltr'>επαρθῆναι,</span> <span class='ocrx_word' id='word_1_338' title='bbox 596 3020 689 3072; x_wconf 73' lang='grc' dir='ltr'><strong>καὶ</strong></span> <span class='ocrx_word' id='word_1_339' title='bbox 737 3018 812 3089; x_wconf 83' lang='grc' dir='ltr'>μὴ</span> <span class='ocrx_word' id='word_1_340' title='bbox 849 3018 1179 3090; x_wconf 83' lang='grc' dir='ltr'>βαρυνθῆναι</span> <span class='ocrx_word' id='word_1_341' title='bbox 1206 3017 1283 3087; x_wconf 84' lang='grc' dir='ltr'>τῷ</span> <span class='ocrx_word' id='word_1_342' title='bbox 1313 3016 1547 3086; x_wconf 79' lang='grc' dir='ltr'>ὲφολκίῳ</span> <span class='ocrx_word' id='word_1_343' title='bbox 1583 3015 1677 3068; x_wconf 89' lang='grc' dir='ltr'><strong>τοῦ</strong></span> <span class='ocrx_word' id='word_1_344' title='bbox 1707 3015 1813 3068; x_wconf 85' lang='grc' dir='ltr'><strong>σώ-</strong></span> 
     </span>
    </p>
   </div>
   <div class='ocr_carea' id='block_1_49' title="bbox 235 3093 1810 3179">
    <p class='ocr_par' dir='ltr' id='par_1_49' title="bbox 235 3093 1810 3179">
     <span class='ocr_line' id='line_1_49' title="bbox 235 3093 1810 3179; baseline -0.002 -18"><span class='ocrx_word' id='word_1_345' title='bbox 235 3125 399 3178; x_wconf 90' lang='grc' dir='ltr'>ματος</span> <span class='ocrx_word' id='word_1_346' title='bbox 421 3123 433 3137; x_wconf 90' lang='grc'><strong>·</strong></span> <span class='ocrx_word' id='word_1_347' title='bbox 466 3108 499 3179; x_wconf 81' lang='grc' dir='ltr'>ἢ</span> <span class='ocrx_word' id='word_1_348' title='bbox 529 3110 670 3162; x_wconf 82' lang='grc' dir='ltr'>κατὰ</span> <span class='ocrx_word' id='word_1_349' title='bbox 696 3109 788 3162; x_wconf 78' lang='grc' dir='ltr'><strong>τὸν</strong></span> <span class='ocrx_word' id='word_1_350' title='bbox 829 3093 1089 3179; x_wconf 80' lang='grc' dir='ltr'>Ἰεζεκιήλ</span> <span class='ocrx_word' id='word_1_351' title='bbox 1118 3125 1176 3161; x_wconf 86' lang='grc' dir='ltr'><strong>τε</strong></span> <span class='ocrx_word' id='word_1_352' title='bbox 1208 3108 1302 3161; x_wconf 69' lang='grc' dir='ltr'><strong>καὶ</strong></span> <span class='ocrx_word' id='word_1_353' title='bbox 1348 3108 1575 3160; x_wconf 78' lang='grc' dir='ltr'>Ἡσαΐαν</span> <span class='ocrx_word' id='word_1_354' title='bbox 1597 3107 1688 3159; x_wconf 77' lang='grc' dir='ltr'><strong>ἐπὶ</strong></span> <span class='ocrx_word' id='word_1_355' title='bbox 1717 3105 1810 3159; x_wconf 89' lang='grc' dir='ltr'><strong>τοῦ</strong></span> 
     </span>
    </p>
   </div>
   <div class='ocr_carea' id='block_1_50' title="bbox 1910 1922 3484 1998">
    <p class='ocr_par' dir='ltr' id='par_1_50' title="bbox 1910 1922 3484 1998">
     <span class='ocr_line' id='line_1_50' title="bbox 1910 1922 3484 1998; baseline 0.006 -23"><span class='ocrx_word' id='word_1_356' title='bbox 1910 1925 2122 1992; x_wconf 82' lang='lat' dir='ltr'><strong>guitate</strong></span> <span class='ocrx_word' id='word_1_357' title='bbox 2145 1922 2266 1991; x_wconf 86' lang='lat' dir='ltr'><strong>ejus</strong></span> <span class='ocrx_word' id='word_1_358' title='bbox 2297 1937 2327 1976; x_wconf 88' lang='lat' dir='ltr'><strong>a</strong></span> <span class='ocrx_word' id='word_1_359' title='bbox 2383 1940 2494 1995; x_wconf 89' lang='lat' dir='ltr'><strong>quo</strong></span> <span class='ocrx_word' id='word_1_360' title='bbox 2531 1925 2800 1994; x_wconf 80' lang='lat' dir='ltr'><strong>excipitur</strong></span> <span class='ocrx_word' id='word_1_361' title='bbox 2829 1928 3137 1994; x_wconf 82' lang='lat' dir='ltr'><strong>contrahit;</strong></span> <span class='ocrx_word' id='word_1_362' title='bbox 3171 1929 3254 1984; x_wconf 84' lang='lat' dir='ltr'><strong>vel</strong></span> <span class='ocrx_word' id='word_1_363' title='bbox 3281 1929 3484 1998; x_wconf 87' lang='lat' dir='ltr'><strong>potius,</strong></span> 
     </span>
    </p>
   </div>
   <div class='ocr_carea' id='block_1_51' title="bbox 1909 2013 3487 2088">
    <p class='ocr_par' dir='ltr' id='par_1_51' title="bbox 1909 2013 3487 2088">
     <span class='ocr_line' id='line_1_51' title="bbox 1909 2013 3487 2088; baseline 0.005 -21"><span class='ocrx_word' id='word_1_364' title='bbox 1909 2020 1971 2067; x_wconf 87' lang='lat' dir='ltr'><strong>ut</strong></span> <span class='ocrx_word' id='word_1_365' title='bbox 2010 2028 2133 2067; x_wconf 92' lang='lat' dir='ltr'><strong>cum</strong></span> <span class='ocrx_word' id='word_1_366' title='bbox 2184 2013 2470 2084; x_wconf 89' lang='lat' dir='ltr'><strong>Scriptura</strong></span> <span class='ocrx_word' id='word_1_367' title='bbox 2523 2016 2779 2086; x_wconf 85' lang='lat' dir='ltr'><strong>loquar&#39;,</strong></span> <span class='ocrx_word' id='word_1_368' title='bbox 2829 2018 3071 2088; x_wconf 86' lang='lat' dir='ltr'><strong>seipsum</strong></span> <span class='ocrx_word' id='word_1_369' title='bbox 3123 2021 3390 2085; x_wconf 81' lang='lat' dir='ltr'><strong>exinanit,</strong></span> <span class='ocrx_word' id='word_1_370' title='bbox 3428 2029 3487 2075; x_wconf 86' lang='lat' dir='ltr'><strong>ut</strong></span> 
     </span>
    </p>
   </div>
   <div class='ocr_carea' id='block_1_52' title="bbox 1910 2108 3484 2180">
    <p class='ocr_par' dir='ltr' id='par_1_52' title="bbox 1910 2108 3484 2180">
     <span class='ocr_line' id='line_1_52' title="bbox 1910 2108 3484 2180; baseline 0.004 -22"><span class='ocrx_word' id='word_1_371' title='bbox 1910 2114 2177 2174; x_wconf 87' lang='lat' dir='ltr'><strong>quantum</strong></span> <span class='ocrx_word' id='word_1_372' title='bbox 2240 2108 2386 2176; x_wconf 88' lang='lat' dir='ltr'><strong>capit</strong></span> <span class='ocrx_word' id='word_1_373' title='bbox 2446 2115 2686 2172; x_wconf 88' lang='lat' dir='ltr'><strong>natura,</strong></span> <span class='ocrx_word' id='word_1_374' title='bbox 2751 2116 2961 2163; x_wconf 84' lang='lat' dir='ltr'><strong>tantum</strong></span> <span class='ocrx_word' id='word_1_375' title='bbox 3017 2110 3278 2180; x_wconf 77' lang='lat' dir='ltr'><strong>excipiat.</strong></span> <span class='ocrx_word' id='word_1_376' title='bbox 3334 2110 3484 2165; x_wconf 85' lang='lat' dir='ltr'><strong>Illam</strong></span> 
     </span>
    </p>
   </div>
   <div class='ocr_carea' id='block_1_53' title="bbox 1911 2196 3488 2272">
    <p class='ocr_par' dir='ltr' id='par_1_53' title="bbox 1911 2196 3488 2272">
     <span class='ocr_line' id='line_1_53' title="bbox 1911 2196 3488 2272; baseline 0.004 -22"><span class='ocrx_word' id='word_1_377' title='bbox 1911 2196 2059 2251; x_wconf 91' lang='lat' dir='ltr'><strong>enim</strong></span> <span class='ocrx_word' id='word_1_378' title='bbox 2089 2199 2522 2268; x_wconf 81' lang='lat' dir='ltr'><strong>generationem,</strong></span> <span class='ocrx_word' id='word_1_379' title='bbox 2547 2207 2744 2270; x_wconf 82' lang='lat' dir='ltr'><strong>praeter</strong></span> <span class='ocrx_word' id='word_1_380' title='bbox 2781 2210 3009 2256; x_wconf 71' lang='lat' dir='ltr'><strong>caeteras</strong></span> <span class='ocrx_word' id='word_1_381' title='bbox 3040 2216 3161 2270; x_wconf 66' lang='lat' dir='ltr'><strong>quae</strong></span> <span class='ocrx_word' id='word_1_382' title='bbox 3193 2217 3488 2272; x_wconf 70' lang='lat' dir='ltr'><strong>praecesse-</strong></span> 
     </span>
    </p>
   </div>
   <div class='ocr_carea' id='block_1_54' title="bbox 1911 2290 3486 2363">
    <p class='ocr_par' dir='ltr' id='par_1_54' title="bbox 1911 2290 3486 2363">
     <span class='ocr_line' id='line_1_54' title="bbox 1911 2290 3486 2363; baseline 0.003 -19"><span class='ocrx_word' id='word_1_383' title='bbox 1911 2299 2056 2355; x_wconf 89' lang='lat' dir='ltr'><strong>rant,</strong></span> <span class='ocrx_word' id='word_1_384' title='bbox 2085 2290 2432 2346; x_wconf 88' lang='lat' dir='ltr'><strong>damnationi</strong></span> <span class='ocrx_word' id='word_1_385' title='bbox 2457 2292 2748 2346; x_wconf 84' lang='lat' dir='ltr'><strong>obnoxiam</strong></span> <span class='ocrx_word' id='word_1_386' title='bbox 2773 2291 2947 2348; x_wconf 89' lang='lat' dir='ltr'><strong>fuisse</strong></span> <span class='ocrx_word' id='word_1_387' title='bbox 2978 2293 3155 2363; x_wconf 91' lang='lat' dir='ltr'><strong>palam</strong></span> <span class='ocrx_word' id='word_1_388' title='bbox 3176 2309 3244 2350; x_wconf 79' lang='lat' dir='ltr'><strong>ex</strong></span> <span class='ocrx_word' id='word_1_389' title='bbox 3271 2292 3486 2348; x_wconf 85' lang='lat' dir='ltr'><strong>Domini</strong></span> 
     </span>
    </p>
   </div>
   <div class='ocr_carea' id='block_1_55' title="bbox 1910 2381 3488 2448">
    <p class='ocr_par' dir='ltr' id='par_1_55' title="bbox 1910 2381 3488 2448">
     <span class='ocr_line' id='line_1_55' title="bbox 1910 2381 3488 2448; baseline 0.002 -12"><span class='ocrx_word' id='word_1_390' title='bbox 1910 2397 2044 2438; x_wconf 89' lang='lat' dir='ltr'><strong>voce</strong></span> <span class='ocrx_word' id='word_1_391' title='bbox 2086 2381 2399 2448; x_wconf 88' lang='lat' dir='ltr'><strong>didicimus,</strong></span> <span class='ocrx_word' id='word_1_392' title='bbox 2445 2397 2571 2436; x_wconf 89' lang='lat' dir='ltr'><strong>cum</strong></span> <span class='ocrx_word' id='word_1_393' title='bbox 2619 2383 2686 2437; x_wconf 92' lang='lat' dir='ltr'><strong>iis</strong></span> <span class='ocrx_word' id='word_1_394' title='bbox 2728 2383 3129 2440; x_wconf 86' lang='lat' dir='ltr'><strong>tolerabiliores</strong></span> <span class='ocrx_word' id='word_1_395' title='bbox 3172 2385 3488 2440; x_wconf 85' lang='lat' dir='ltr'><strong>Sodomitas</strong></span> 
     </span>
    </p>
   </div>
   <div class='ocr_carea' id='block_1_56' title="bbox 1912 2471 3480 2545">
    <p class='ocr_par' dir='ltr' id='par_1_56' title="bbox 1912 2471 3480 2545">
     <span class='ocr_line' id='line_1_56' title="bbox 1912 2471 3480 2545; baseline 0.003 -20"><span class='ocrx_word' id='word_1_396' title='bbox 1912 2488 1976 2527; x_wconf 88' lang='lat' dir='ltr'><strong>ac</strong></span> <span class='ocrx_word' id='word_1_397' title='bbox 2005 2471 2274 2528; x_wconf 83' lang='lat' dir='ltr'><strong>Ninivitas</strong></span> <span class='ocrx_word' id='word_1_398' title='bbox 2306 2472 2477 2528; x_wconf 90' lang='lat' dir='ltr'><strong>fuisse</strong></span> <span class='ocrx_word' id='word_1_399' title='bbox 2502 2473 2695 2536; x_wconf 78' lang='lat' dir='ltr'><strong>dicit“,</strong></span> <span class='ocrx_word' id='word_1_400' title='bbox 2725 2481 2779 2528; x_wconf 87' lang='lat' dir='ltr'><strong>et</strong></span> <span class='ocrx_word' id='word_1_401' title='bbox 2811 2475 3053 2545; x_wconf 81' lang='lat' dir='ltr'><strong>reginam</strong></span> <span class='ocrx_word' id='word_1_402' title='bbox 3084 2475 3276 2530; x_wconf 77' lang='lat' dir='ltr'><strong>Austri</strong></span> <span class='ocrx_word' id='word_1_403' title='bbox 3321 2490 3480 2545; x_wconf 86' lang='lat' dir='ltr'><strong>gene-</strong></span> 
     </span>
    </p>
   </div>
   <div class='ocr_carea' id='block_1_57' title="bbox 1911 2561 3487 2618">
    <p class='ocr_par' dir='ltr' id='par_1_57' title="bbox 1911 2561 3487 2618">
     <span class='ocr_line' id='line_1_57' title="bbox 1911 2561 3487 2618; baseline 0.002 -4"><span class='ocrx_word' id='word_1_404' title='bbox 1911 2562 2182 2615; x_wconf 87' lang='lat' dir='ltr'><strong>rationem</strong></span> <span class='ocrx_word' id='word_1_405' title='bbox 2206 2561 2351 2615; x_wconf 92' lang='lat' dir='ltr'><strong>illam</strong></span> <span class='ocrx_word' id='word_1_406' title='bbox 2373 2563 2425 2615; x_wconf 92' lang='lat' dir='ltr'><strong>in</strong></span> <span class='ocrx_word' id='word_1_407' title='bbox 2447 2563 2847 2617; x_wconf 86' lang='lat' dir='ltr'><strong>resurrectione.</strong></span> <span class='ocrx_word' id='word_1_408' title='bbox 2872 2561 3361 2617; x_wconf 84' lang='lat' dir='ltr'><strong>condemnaturam</strong></span> <span class='ocrx_word' id='word_1_409' title='bbox 3380 2563 3487 2618; x_wconf 87' lang='lat' dir='ltr'><strong>Do-</strong></span> 
     </span>
    </p>
   </div>
   <div class='ocr_carea' id='block_1_58' title="bbox 1913 2649 3489 2725">
    <p class='ocr_par' dir='ltr' id='par_1_58' title="bbox 1913 2649 3489 2725">
     <span class='ocr_line' id='line_1_58' title="bbox 1913 2649 3489 2725; baseline 0.003 -24"><span class='ocrx_word' id='word_1_410' title='bbox 1913 2651 2095 2704; x_wconf 88' lang='lat' dir='ltr'><strong>minus</strong></span> <span class='ocrx_word' id='word_1_411' title='bbox 2134 2651 2565 2719; x_wconf 81' lang='lat' dir='ltr'><strong>pronuntiavit&#39;.</strong></span> <span class='ocrx_word' id='word_1_412' title='bbox 2616 2649 2910 2706; x_wconf 86' lang='lat' dir='ltr'><strong>Enimvero</strong></span> <span class='ocrx_word' id='word_1_413' title='bbox 2943 2652 2988 2706; x_wconf 91' lang='lat' dir='ltr'><strong>si</strong></span> <span class='ocrx_word' id='word_1_414' title='bbox 3011 2667 3202 2708; x_wconf 87' lang='lat' dir='ltr'><strong>omnes</strong></span> <span class='ocrx_word' id='word_1_415' title='bbox 3244 2661 3305 2707; x_wconf 91' lang='lat' dir='ltr'><strong>ut</strong></span> <span class='ocrx_word' id='word_1_416' title='bbox 3342 2652 3489 2725; x_wconf 78' lang='lat' dir='ltr'><strong>Moy-</strong></span> 
     </span>
    </p>
   </div>
   <div class='ocr_carea' id='block_1_59' title="bbox 1912 2741 3490 2815">
    <p class='ocr_par' dir='ltr' id='par_1_59' title="bbox 1912 2741 3490 2815">
     <span class='ocr_line' id='line_1_59' title="bbox 1912 2741 3490 2815; baseline 0.004 -21"><span class='ocrx_word' id='word_1_417' title='bbox 1912 2757 2000 2796; x_wconf 87' lang='lat' dir='ltr'><strong>ses</strong></span> <span class='ocrx_word' id='word_1_418' title='bbox 2018 2741 2304 2810; x_wconf 80' lang='lat' dir='ltr'><strong>caliginem</strong></span> <span class='ocrx_word' id='word_1_419' title='bbox 2329 2741 2534 2812; x_wconf 81' lang='lat' dir='ltr'><strong>ingredi</strong></span> <span class='ocrx_word' id='word_1_420' title='bbox 2564 2742 2888 2810; x_wconf 88' lang='lat' dir='ltr'><strong>potuissent,</strong></span> <span class='ocrx_word' id='word_1_421' title='bbox 2910 2744 2962 2796; x_wconf 93' lang='lat' dir='ltr'><strong>in</strong></span> <span class='ocrx_word' id='word_1_422' title='bbox 2984 2758 3092 2812; x_wconf 88' lang='lat' dir='ltr'><strong>qua</strong></span> <span class='ocrx_word' id='word_1_423' title='bbox 3113 2743 3248 2797; x_wconf 88' lang='lat' dir='ltr'><strong>vidit</strong></span> <span class='ocrx_word' id='word_1_424' title='bbox 3273 2743 3490 2815; x_wconf 86' lang='lat' dir='ltr'><strong>Moyses</strong></span> 
     </span>
    </p>
   </div>
   <div class='ocr_carea' id='block_1_60' title="bbox 1912 2834 3487 2904">
    <p class='ocr_par' dir='ltr' id='par_1_60' title="bbox 1912 2834 3487 2904">
     <span class='ocr_line' id='line_1_60' title="bbox 1912 2834 3487 2904; baseline 0.002 -17"><span class='ocrx_word' id='word_1_425' title='bbox 1912 2850 2032 2903; x_wconf 73' lang='lat' dir='ltr'><strong>qua:</strong></span> <span class='ocrx_word' id='word_1_426' title='bbox 2070 2834 2306 2902; x_wconf 88' lang='lat' dir='ltr'><strong>spectari</strong></span> <span class='ocrx_word' id='word_1_427' title='bbox 2353 2849 2465 2887; x_wconf 92' lang='lat' dir='ltr'><strong>non</strong></span> <span class='ocrx_word' id='word_1_428' title='bbox 2519 2835 2818 2903; x_wconf 62' lang='lat' dir='ltr'><strong>possunt“;</strong></span> <span class='ocrx_word' id='word_1_429' title='bbox 2873 2844 2966 2890; x_wconf 89' lang='lat' dir='ltr'><strong>aut</strong></span> <span class='ocrx_word' id='word_1_430' title='bbox 3025 2834 3487 2904; x_wconf 87' lang='lat' dir='ltr'><strong>quemadmodum</strong></span> 
     </span>
    </p>
   </div>
   <div class='ocr_carea' id='block_1_61' title="bbox 1911 2925 3489 3006">
    <p class='ocr_par' dir='ltr' id='par_1_61' title="bbox 1911 2925 3489 3006">
     <span class='ocr_line' id='line_1_61' title="bbox 1911 2925 3489 3006; baseline 0.001 -25"><span class='ocrx_word' id='word_1_431' title='bbox 1911 2925 2165 2982; x_wconf 89' lang='lat' dir='ltr'><strong>sublimis</strong></span> <span class='ocrx_word' id='word_1_432' title='bbox 2191 2925 2281 2980; x_wconf 88' lang='lat' dir='ltr'><strong>ille</strong></span> <span class='ocrx_word' id='word_1_433' title='bbox 2309 2925 2532 2990; x_wconf 73' lang='lat' dir='ltr'><strong>Paulus,</strong></span> <span class='ocrx_word' id='word_1_434' title='bbox 2559 2941 2724 2996; x_wconf 87' lang='lat' dir='ltr'><strong>supra</strong></span> <span class='ocrx_word' id='word_1_435' title='bbox 2753 2934 2868 2981; x_wconf 91' lang='lat' dir='ltr'><strong>tres</strong></span> <span class='ocrx_word' id='word_1_436' title='bbox 2901 2925 3073 2982; x_wconf 81' lang='lat' dir='ltr'><strong>ccelos</strong></span> <span class='ocrx_word' id='word_1_437' title='bbox 3104 2929 3300 2991; x_wconf 89' lang='lat' dir='ltr'><strong>attolli,</strong></span> <span class='ocrx_word' id='word_1_438' title='bbox 3325 2937 3489 3006; x_wconf 84' lang='lat' dir='ltr'><strong>atque</strong></span> 
     </span>
    </p>
   </div>
   <div class='ocr_carea' id='block_1_62' title="bbox 1912 3017 3491 3088">
    <p class='ocr_par' dir='ltr' id='par_1_62' title="bbox 1912 3017 3491 3088">
     <span class='ocr_line' id='line_1_62' title="bbox 1912 3017 3491 3088; baseline 0.001 -16"><span class='ocrx_word' id='word_1_439' title='bbox 1912 3020 1966 3072; x_wconf 88' lang='lat' dir='ltr'><strong>in</strong></span> <span class='ocrx_word' id='word_1_440' title='bbox 2003 3017 2261 3087; x_wconf 87' lang='lat' dir='ltr'><strong>paradiso</strong></span> <span class='ocrx_word' id='word_1_441' title='bbox 2305 3017 2373 3071; x_wconf 92' lang='lat' dir='ltr'><strong>de</strong></span> <span class='ocrx_word' id='word_1_442' title='bbox 2425 3017 2655 3072; x_wconf 90' lang='lat' dir='ltr'><strong>secretis</strong></span> <span class='ocrx_word' id='word_1_443' title='bbox 2695 3017 2882 3072; x_wconf 82' lang='lat' dir='ltr'><strong>doceri</strong></span> <span class='ocrx_word' id='word_1_444' title='bbox 2930 3018 3114 3083; x_wconf 87' lang='lat' dir='ltr'><strong>rebus,</strong></span> <span class='ocrx_word' id='word_1_445' title='bbox 3157 3034 3277 3088; x_wconf 69' lang='lat' dir='ltr'><strong>quae</strong></span> <span class='ocrx_word' id='word_1_446' title='bbox 3305 3019 3491 3074; x_wconf 87' lang='lat' dir='ltr'><strong>verbis</strong></span> 
     </span>
    </p>
   </div>
   <div class='ocr_carea' id='block_1_63' title="bbox 1912 3109 3492 3177">
    <p class='ocr_par' dir='ltr' id='par_1_63' title="bbox 1912 3109 3492 3177">
     <span class='ocr_line' id='line_1_63' title="bbox 1912 3109 3492 3177; baseline 0 -13"><span class='ocrx_word' id='word_1_447' title='bbox 1912 3109 2092 3164; x_wconf 74' lang='lat' dir='ltr'><strong>efferri</strong></span> <span class='ocrx_word' id='word_1_448' title='bbox 2130 3125 2238 3162; x_wconf 89' lang='lat' dir='ltr'><strong>non</strong></span> <span class='ocrx_word' id='word_1_449' title='bbox 2295 3110 2600 3177; x_wconf 83' lang='lat' dir='ltr'><strong>possunt’;</strong></span> <span class='ocrx_word' id='word_1_450' title='bbox 2654 3116 2900 3163; x_wconf 89' lang='lat' dir='ltr'><strong>autcum</strong></span> <span class='ocrx_word' id='word_1_451' title='bbox 2946 3110 3041 3165; x_wconf 92' lang='lat' dir='ltr'><strong>illo</strong></span> <span class='ocrx_word' id='word_1_452' title='bbox 3097 3109 3216 3164; x_wconf 82' lang='lat' dir='ltr'><strong>zelo</strong></span> <span class='ocrx_word' id='word_1_453' title='bbox 3266 3109 3492 3164; x_wconf 86' lang='lat' dir='ltr'><strong>ardente</strong></span> 
     </span>
    </p>
   </div>
   <div class='ocr_carea' id='block_1_64' title="bbox 234 3179 1812 3273">
    <p class='ocr_par' dir='ltr' id='par_1_64' title="bbox 234 3197 1804 3273">
     <span class='ocr_line' id='line_1_64' title="bbox 234 3197 1804 3273; baseline -0.003 -19"><span class='ocrx_word' id='word_1_454' title='bbox 234 3201 418 3273; x_wconf 82' lang='grc' dir='ltr'>θρόνου</span> <span class='ocrx_word' id='word_1_455' title='bbox 447 3201 548 3271; x_wconf 79' lang='grc' dir='ltr'>τῆς</span> <span class='ocrx_word' id='word_1_456' title='bbox 575 3201 733 3273; x_wconf 80' lang='grc' dir='ltr'>δόξης</span> <span class='ocrx_word' id='word_1_457' title='bbox 767 3200 913 3263; x_wconf 81' lang='grc' dir='ltr'>ἰδεῖν,</span> <span class='ocrx_word' id='word_1_458' title='bbox 953 3200 986 3272; x_wconf 82' lang='grc' dir='ltr'>ἢ</span> <span class='ocrx_word' id='word_1_459' title='bbox 1013 3200 1118 3254; x_wconf 79' lang='grc' dir='ltr'>ὑπὸ</span> <span class='ocrx_word' id='word_1_460' title='bbox 1140 3199 1250 3253; x_wconf 89' lang='grc' dir='ltr'><strong>τῶν</strong></span> <span class='ocrx_word' id='word_1_461' title='bbox 1281 3197 1554 3272; x_wconf 76' lang='grc' dir='ltr'>Χερουϐὶμ</span> <span class='ocrx_word' id='word_1_462' title='bbox 1586 3197 1804 3268; x_wconf 78' lang='grc' dir='ltr'>ὲπαιρό·</span> 
     </span>
    </p>
   </div>
   <div class='ocr_carea' id='block_1_65' title="bbox 1914 3179 3488 3273">
    <p class='ocr_par' dir='ltr' id='par_1_65' title="bbox 1914 3201 3488 3270">
     <span class='ocr_line' id='line_1_65' title="bbox 1914 3201 3488 3270; baseline 0.003 -16"><span class='ocrx_word' id='word_1_463' title='bbox 1914 3201 2028 3255; x_wconf 88' lang='lat' dir='ltr'><strong>Elia</strong></span> <span class='ocrx_word' id='word_1_464' title='bbox 2081 3217 2246 3255; x_wconf 88' lang='lat' dir='ltr'><strong>curru</strong></span> <span class='ocrx_word' id='word_1_465' title='bbox 2291 3201 2449 3270; x_wconf 88' lang='lat' dir='ltr'><strong>igneo</strong></span> <span class='ocrx_word' id='word_1_466' title='bbox 2487 3202 2543 3255; x_wconf 90' lang='lat' dir='ltr'><strong>in</strong></span> <span class='ocrx_word' id='word_1_467' title='bbox 2599 3201 2777 3256; x_wconf 89' lang='lat' dir='ltr'><strong>locum</strong></span> <span class='ocrx_word' id='word_1_468' title='bbox 2828 3201 3128 3258; x_wconf 71' lang='lat' dir='ltr'><strong>aathereum</strong></span> <span class='ocrx_word' id='word_1_469' title='bbox 3177 3201 3488 3265; x_wconf 78' lang='lat' dir='ltr'><strong>transferri,</strong></span> 
     </span>
    </p>
   </div>
   <div class='ocr_carea' id='block_1_66' title="bbox 235 3286 1813 3362">
    <p class='ocr_par' dir='ltr' id='par_1_66' title="bbox 235 3286 1813 3362">
     <span class='ocr_line' id='line_1_66' title="bbox 235 3286 1813 3362; baseline -0.003 -20"><span class='ocrx_word' id='word_1_470' title='bbox 235 3307 430 3362; x_wconf 90' lang='grc' dir='ltr'>μενον,</span> <span class='ocrx_word' id='word_1_471' title='bbox 479 3290 512 3361; x_wconf 82' lang='grc' dir='ltr'>ἢ</span> <span class='ocrx_word' id='word_1_472' title='bbox 557 3291 664 3344; x_wconf 79' lang='grc' dir='ltr'><strong>ὑπὸ</strong></span> <span class='ocrx_word' id='word_1_473' title='bbox 706 3289 815 3342; x_wconf 89' lang='grc' dir='ltr'><strong>τῶν</strong></span> <span class='ocrx_word' id='word_1_474' title='bbox 866 3289 1118 3362; x_wconf 67' lang='grc' dir='ltr'>Σεραφίμ</span> <span class='ocrx_word' id='word_1_475' title='bbox 1171 3288 1560 3360; x_wconf 76' lang='grc' dir='ltr'>δοξαζόμενον,</span> <span class='ocrx_word' id='word_1_476' title='bbox 1614 3288 1721 3341; x_wconf 79' lang='grc' dir='ltr'>οὐδ’</span> <span class='ocrx_word' id='word_1_477' title='bbox 1748 3286 1813 3340; x_wconf 88' lang='grc' dir='ltr'><strong>ἂν</strong></span> 
     </span>
    </p>
   </div>
   <div class='ocr_carea' id='block_1_67' title="bbox 235 3378 1813 3456">
    <p class='ocr_par' dir='ltr' id='par_1_67' title="bbox 235 3378 1813 3456">
     <span class='ocr_line' id='line_1_67' title="bbox 235 3378 1813 3456; baseline -0.002 -21"><span class='ocrx_word' id='word_1_478' title='bbox 235 3383 447 3451; x_wconf 77' lang='grc' dir='ltr'>ἐγένετο</span> <span class='ocrx_word' id='word_1_479' title='bbox 474 3383 692 3446; x_wconf 86' lang='grc' dir='ltr'>πάντως</span> <span class='ocrx_word' id='word_1_480' title='bbox 715 3383 873 3456; x_wconf 86' lang='grc' dir='ltr'>χρεία</span> <span class='ocrx_word' id='word_1_481' title='bbox 899 3384 996 3454; x_wconf 80' lang='grc' dir='ltr'>τῆς</span> <span class='ocrx_word' id='word_1_482' title='bbox 1022 3383 1109 3436; x_wconf 81' lang='grc' dir='ltr'><strong>διὰ</strong></span> <span class='ocrx_word' id='word_1_483' title='bbox 1137 3383 1338 3452; x_wconf 84' lang='grc' dir='ltr'>σαρκὸς</span> <span class='ocrx_word' id='word_1_484' title='bbox 1373 3381 1467 3434; x_wconf 83' lang='grc' dir='ltr'><strong>τοῦ</strong></span> <span class='ocrx_word' id='word_1_485' title='bbox 1497 3381 1632 3434; x_wconf 86' lang='grc' dir='ltr'>Θεοῦ</span> <span class='ocrx_word' id='word_1_486' title='bbox 1655 3378 1813 3451; x_wconf 81' lang='grc' dir='ltr'>ἡμῶν</span> 
     </span>
    </p>
   </div>
   <div class='ocr_carea' id='block_1_68' title="bbox 235 3471 1811 3544">
    <p class='ocr_par' dir='ltr' id='par_1_68' title="bbox 235 3471 1811 3544">
     <span class='ocr_line' id='line_1_68' title="bbox 235 3471 1811 3544; baseline -0.002 -17"><span class='ocrx_word' id='word_1_487' title='bbox 235 3475 583 3544; x_wconf 70' lang='grc' dir='ltr'>ἐπιφανείας,</span> <span class='ocrx_word' id='word_1_488' title='bbox 640 3476 856 3528; x_wconf 88' lang='grc' dir='ltr'>πάντων</span> <span class='ocrx_word' id='word_1_489' title='bbox 929 3476 1188 3528; x_wconf 77' lang='grc' dir='ltr'>τοιούτων</span> <span class='ocrx_word' id='word_1_490' title='bbox 1253 3474 1444 3529; x_wconf 76' lang='grc' dir='ltr'>ὄντων.</span> <span class='ocrx_word' id='word_1_491' title='bbox 1513 3473 1666 3526; x_wconf 74' lang='grc' dir='ltr'>Ἐπεὶ</span> <span class='ocrx_word' id='word_1_492' title='bbox 1733 3471 1811 3534; x_wconf 85' lang='grc' dir='ltr'><strong>δὲ,</strong></span> 
     </span>
    </p>
   </div>
   <div class='ocr_carea' id='block_1_69' title="bbox 235 3565 1816 3639">
    <p class='ocr_par' dir='ltr' id='par_1_69' title="bbox 235 3565 1816 3639">
     <span class='ocr_line' id='line_1_69' title="bbox 235 3565 1816 3639; baseline -0.003 -17"><span class='ocrx_word' id='word_1_493' title='bbox 235 3567 416 3630; x_wconf 80' lang='grc' dir='ltr'>καθὼς</span> <span class='ocrx_word' id='word_1_494' title='bbox 459 3568 488 3620; x_wconf 80' lang='lat'><strong>6</strong></span> <span class='ocrx_word' id='word_1_495' title='bbox 528 3567 730 3639; x_wconf 83' lang='grc' dir='ltr'>Κύριος</span> <span class='ocrx_word' id='word_1_496' title='bbox 765 3567 935 3636; x_wconf 80' lang='grc' dir='ltr'>λέγει,</span> <span class='ocrx_word' id='word_1_497' title='bbox 983 3566 1144 3636; x_wconf 83' lang='grc' dir='ltr'>γενεὰ</span> <span class='ocrx_word' id='word_1_498' title='bbox 1179 3567 1390 3636; x_wconf 87' lang='grc' dir='ltr'>πονηρά</span> <span class='ocrx_word' id='word_1_499' title='bbox 1436 3567 1528 3619; x_wconf 74' lang='grc' dir='ltr'>καὶ</span> <span class='ocrx_word' id='word_1_500' title='bbox 1573 3565 1816 3636; x_wconf 71' lang='grc' dir='ltr'>μοιχαλὶς</span> 
     </span>
    </p>
   </div>
   <div class='ocr_carea' id='block_1_70' title="bbox 233 3656 1815 3731">
    <p class='ocr_par' dir='ltr' id='par_1_70' title="bbox 233 3656 1815 3731">
     <span class='ocr_line' id='line_1_70' title="bbox 233 3656 1815 3731; baseline -0.001 -19"><span class='ocrx_word' id='word_1_501' title='bbox 233 3656 301 3731; x_wconf 82' lang='grc' dir='ltr'>ἦν</span> <span class='ocrx_word' id='word_1_502' title='bbox 327 3663 359 3730; x_wconf 87' lang='grc' dir='ltr'><strong>ή</strong></span> <span class='ocrx_word' id='word_1_503' title='bbox 393 3662 554 3729; x_wconf 79' lang='grc' dir='ltr'>γενεὰ</span> <span class='ocrx_word' id='word_1_504' title='bbox 589 3659 770 3731; x_wconf 81' lang='grc' dir='ltr'>ἐκείνη</span> <span class='ocrx_word' id='word_1_505' title='bbox 793 3675 807 3688; x_wconf 87' lang='grc'>·</span> <span class='ocrx_word' id='word_1_506' title='bbox 845 3659 1054 3730; x_wconf 76' lang='grc' dir='ltr'>πονηρὰ</span> <span class='ocrx_word' id='word_1_507' title='bbox 1084 3659 1203 3728; x_wconf 84' lang='grc' dir='ltr'>μὲν,</span> <span class='ocrx_word' id='word_1_508' title='bbox 1237 3658 1323 3711; x_wconf 82' lang='grc' dir='ltr'><strong>διά</strong></span> <span class='ocrx_word' id='word_1_509' title='bbox 1355 3659 1435 3723; x_wconf 82' lang='grc' dir='ltr'><strong>τὸ,</strong></span> <span class='ocrx_word' id='word_1_510' title='bbox 1475 3657 1655 3718; x_wconf 83' lang='grc' dir='ltr'>καθώς</span> <span class='ocrx_word' id='word_1_511' title='bbox 1684 3674 1815 3728; x_wconf 81' lang='grc' dir='ltr'>φησι</span> 
     </span>
    </p>
   </div>
   <div class='ocr_carea' id='block_1_71' title="bbox 237 3745 1815 3820">
    <p class='ocr_par' dir='ltr' id='par_1_71' title="bbox 237 3745 1815 3820">
     <span class='ocr_line' id='line_1_71' title="bbox 237 3745 1815 3820; baseline -0.004 -16"><span class='ocrx_word' id='word_1_512' title='bbox 237 3752 297 3804; x_wconf 73' lang='grc' dir='ltr'>τὸ</span> <span class='ocrx_word' id='word_1_513' title='bbox 325 3751 668 3820; x_wconf 81' lang='grc' dir='ltr'>Εύαγγέλιον,</span> <span class='ocrx_word' id='word_1_514' title='bbox 717 3750 836 3803; x_wconf 84' lang='grc' dir='ltr'>ὅλον</span> <span class='ocrx_word' id='word_1_515' title='bbox 881 3750 1000 3802; x_wconf 84' lang='grc' dir='ltr'>τότε</span> <span class='ocrx_word' id='word_1_516' title='bbox 1043 3749 1134 3801; x_wconf 79' lang='grc' dir='ltr'><strong>τὸν</strong></span> <span class='ocrx_word' id='word_1_517' title='bbox 1167 3747 1368 3816; x_wconf 81' lang='grc' dir='ltr'>κόσμον</span> <span class='ocrx_word' id='word_1_518' title='bbox 1407 3749 1463 3799; x_wconf 78' lang='grc' dir='ltr'>ἐν</span> <span class='ocrx_word' id='word_1_519' title='bbox 1489 3746 1566 3815; x_wconf 78' lang='grc' dir='ltr'><strong>τῷ</strong></span> <span class='ocrx_word' id='word_1_520' title='bbox 1597 3745 1815 3816; x_wconf 80' lang='grc' dir='ltr'>πονηρῷ</span> 
     </span>
    </p>
   </div>
   <div class='ocr_carea' id='block_1_72' title="bbox 238 3833 1814 3913">
    <p class='ocr_par' dir='ltr' id='par_1_72' title="bbox 238 3833 1814 3913">
     <span class='ocr_line' id='line_1_72' title="bbox 238 3833 1814 3913; baseline -0.007 -16"><span class='ocrx_word' id='word_1_521' title='bbox 238 3843 486 3897; x_wconf 84' lang='grc' dir='ltr'>κεῖσθαι·</span> <span class='ocrx_word' id='word_1_522' title='bbox 523 3842 767 3913; x_wconf 81' lang='grc' dir='ltr'>μοιχαλὶς</span> <span class='ocrx_word' id='word_1_523' title='bbox 811 3841 890 3904; x_wconf 81' lang='grc' dir='ltr'>δὲ,</span> <span class='ocrx_word' id='word_1_524' title='bbox 921 3839 1008 3893; x_wconf 81' lang='grc' dir='ltr'><strong>διά</strong></span> <span class='ocrx_word' id='word_1_525' title='bbox 1063 3838 1122 3891; x_wconf 79' lang='grc' dir='ltr'><strong>τὸ</strong></span> <span class='ocrx_word' id='word_1_526' title='bbox 1156 3837 1461 3890; x_wconf 85' lang='grc' dir='ltr'>ἀποστάσαι</span> <span class='ocrx_word' id='word_1_527' title='bbox 1508 3834 1676 3906; x_wconf 80' lang='grc' dir='ltr'>αὐτὴν</span> <span class='ocrx_word' id='word_1_528' title='bbox 1721 3833 1814 3887; x_wconf 85' lang='grc' dir='ltr'><strong>τοῦ</strong></span> 
     </span>
    </p>
   </div>
   <div class='ocr_carea' id='block_1_73' title="bbox 237 3925 1816 4008">
    <p class='ocr_par' dir='ltr' id='par_1_73' title="bbox 237 3925 1816 4008">
     <span class='ocr_line' id='line_1_73' title="bbox 237 3925 1816 4008; baseline -0.009 -17"><span class='ocrx_word' id='word_1_529' title='bbox 237 3936 442 4006; x_wconf 81' lang='grc' dir='ltr'>ἀγαθοῦ</span> <span class='ocrx_word' id='word_1_530' title='bbox 483 3937 740 4008; x_wconf 83' lang='grc' dir='ltr'>νυμφίου,</span> <span class='ocrx_word' id='word_1_531' title='bbox 773 3937 867 3988; x_wconf 76' lang='grc' dir='ltr'><strong>καί</strong></span> <span class='ocrx_word' id='word_1_532' title='bbox 897 3932 976 4004; x_wconf 84' lang='grc' dir='ltr'><strong>τῷ</strong></span> <span class='ocrx_word' id='word_1_533' title='bbox 1013 3933 1102 3986; x_wconf 81' lang='grc' dir='ltr'>διὰ</span> <span class='ocrx_word' id='word_1_534' title='bbox 1136 3930 1335 3992; x_wconf 86' lang='grc' dir='ltr'>κακίας</span> <span class='ocrx_word' id='word_1_535' title='bbox 1384 3926 1689 4000; x_wconf 83' lang='grc' dir='ltr'>μοιχεύοντι</span> <span class='ocrx_word' id='word_1_536' title='bbox 1719 3925 1816 3988; x_wconf 76' lang='grc' dir='ltr'>τὰς</span> 
     </span>
    </p>
   </div>
   <div class='ocr_carea' id='block_1_74' title="bbox 235 4019 1813 4103">
    <p class='ocr_par' dir='ltr' id='par_1_74' title="bbox 235 4019 1813 4103">
     <span class='ocr_line' id='line_1_74' title="bbox 235 4019 1813 4103; baseline -0.01 -18"><span class='ocrx_word' id='word_1_537' title='bbox 235 4031 413 4103; x_wconf 70' lang='grc' dir='ltr'>ψυχὰς</span> <span class='ocrx_word' id='word_1_538' title='bbox 441 4029 816 4100; x_wconf 83' lang='grc' dir='ltr'>ἀνακραθῆναι</span> <span class='ocrx_word' id='word_1_539' title='bbox 834 4044 848 4058; x_wconf 83' lang='lat'>&#39;</span> <span class='ocrx_word' id='word_1_540' title='bbox 880 4026 1070 4080; x_wconf 88' lang='grc' dir='ltr'>τούτου</span> <span class='ocrx_word' id='word_1_541' title='bbox 1099 4026 1257 4096; x_wconf 84' lang='grc' dir='ltr'>χάριν</span> <span class='ocrx_word' id='word_1_542' title='bbox 1283 4025 1311 4075; x_wconf 91' lang='lat'><strong>6</strong></span> <span class='ocrx_word' id='word_1_543' title='bbox 1333 4021 1584 4092; x_wconf 81' lang='grc' dir='ltr'>ἀληθινὸς</span> <span class='ocrx_word' id='word_1_544' title='bbox 1611 4019 1813 4090; x_wconf 82' lang='grc' dir='ltr'>ἰατρὸς,</span> 
     </span>
    </p>
   </div>
   <div class='ocr_carea' id='block_1_75' title="bbox 235 4104 1816 4191">
    <p class='ocr_par' dir='ltr' id='par_1_75' title="bbox 235 4111 1816 4191">
     <span class='ocr_line' id='line_1_75' title="bbox 235 4111 1816 4191; baseline -0.007 -16"><span class='ocrx_word' id='word_1_545' title='bbox 235 4123 364 4186; x_wconf 78' lang='grc' dir='ltr'>τοὺς</span> <span class='ocrx_word' id='word_1_546' title='bbox 416 4121 601 4184; x_wconf 87' lang='grc' dir='ltr'>κακῶς</span> <span class='ocrx_word' id='word_1_547' title='bbox 646 4120 871 4191; x_wconf 81' lang='grc' dir='ltr'>ἔχοντας</span> <span class='ocrx_word' id='word_1_548' title='bbox 924 4117 1262 4188; x_wconf 84' lang='grc' dir='ltr'>θεραπεύων,</span> <span class='ocrx_word' id='word_1_549' title='bbox 1302 4114 1377 4177; x_wconf 82' lang='grc' dir='ltr'>ὡς</span> <span class='ocrx_word' id='word_1_550' title='bbox 1422 4111 1676 4182; x_wconf 81' lang='grc' dir='ltr'>ἐπεζήτει</span> <span class='ocrx_word' id='word_1_551' title='bbox 1720 4111 1816 4182; x_wconf 81' lang='grc' dir='ltr'>τὴν</span> 
     </span>
    </p>
   </div>
   <div class='ocr_carea' id='block_1_76' title="bbox 241 4201 1819 4284">
    <p class='ocr_par' dir='ltr' id='par_1_76' title="bbox 241 4201 1819 4284">
     <span class='ocr_line' id='line_1_76' title="bbox 241 4201 1819 4284; baseline -0.007 -19"><span class='ocrx_word' id='word_1_552' title='bbox 241 4212 537 4284; x_wconf 85' lang='grc' dir='ltr'>θεραπείαν</span> <span class='ocrx_word' id='word_1_553' title='bbox 580 4213 612 4282; x_wconf 80' lang='grc' dir='ltr'><strong>η</strong></span> <span class='ocrx_word' id='word_1_554' title='bbox 655 4210 827 4274; x_wconf 83' lang='grc' dir='ltr'>νόσος,</span> <span class='ocrx_word' id='word_1_555' title='bbox 858 4208 999 4263; x_wconf 84' lang='grc' dir='ltr'>οῦτω</span> <span class='ocrx_word' id='word_1_556' title='bbox 1029 4208 1341 4280; x_wconf 86' lang='grc' dir='ltr'>προσήγαγε</span> <span class='ocrx_word' id='word_1_557' title='bbox 1365 4203 1442 4274; x_wconf 84' lang='grc' dir='ltr'><strong>τῷ</strong></span> <span class='ocrx_word' id='word_1_558' title='bbox 1483 4201 1819 4274; x_wconf 72' lang='grc' dir='ltr'>ἀρρωστοῦν-</span> 
     </span>
    </p>
   </div>
   <div class='ocr_carea' id='block_1_77' title="bbox 240 4295 1815 4374">
    <p class='ocr_par' dir='ltr' id='par_1_77' title="bbox 240 4295 1815 4374">
     <span class='ocr_line' id='line_1_77' title="bbox 240 4295 1815 4374; baseline -0.007 -17"><span class='ocrx_word' id='word_1_559' title='bbox 240 4323 294 4358; x_wconf 89' lang='grc' dir='ltr'><strong>τι</strong></span> <span class='ocrx_word' id='word_1_560' title='bbox 341 4304 439 4374; x_wconf 85' lang='grc' dir='ltr'>τὴν</span> <span class='ocrx_word' id='word_1_561' title='bbox 489 4303 823 4373; x_wconf 75' lang='grc' dir='ltr'>ἐπιμέλειαν,</span> <span class='ocrx_word' id='word_1_562' title='bbox 869 4301 1072 4372; x_wconf 88' lang='grc' dir='ltr'>τρόπον</span> <span class='ocrx_word' id='word_1_563' title='bbox 1130 4299 1252 4352; x_wconf 85' lang='grc' dir='ltr'>τινὰ</span> <span class='ocrx_word' id='word_1_564' title='bbox 1302 4295 1703 4366; x_wconf 86' lang='grc' dir='ltr'>συνασθενὴσας</span> <span class='ocrx_word' id='word_1_565' title='bbox 1751 4296 1815 4366; x_wconf 77' lang='grc' dir='ltr'>τῇ</span> 
     </span>
    </p>
   </div>
   <div class='ocr_carea' id='block_1_78' title="bbox 241 4387 1815 4466">
    <p class='ocr_par' dir='ltr' id='par_1_78' title="bbox 241 4387 1815 4466">
     <span class='ocr_line' id='line_1_78' title="bbox 241 4387 1815 4466; baseline -0.007 -17"><span class='ocrx_word' id='word_1_566' title='bbox 241 4394 493 4466; x_wconf 82' lang='grc' dir='ltr'>ἀσθενείᾳ</span> <span class='ocrx_word' id='word_1_567' title='bbox 518 4395 614 4464; x_wconf 78' lang='grc' dir='ltr'><strong>τῆς</strong></span> <span class='ocrx_word' id='word_1_568' title='bbox 642 4394 919 4465; x_wconf 82' lang='grc' dir='ltr'>ἡμετέρας</span> <span class='ocrx_word' id='word_1_569' title='bbox 951 4393 1182 4462; x_wconf 87' lang='grc' dir='ltr'>φύσεως,</span> <span class='ocrx_word' id='word_1_570' title='bbox 1216 4389 1306 4444; x_wconf 70' lang='grc' dir='ltr'>καὶ</span> <span class='ocrx_word' id='word_1_571' title='bbox 1330 4387 1464 4461; x_wconf 75' lang='grc' dir='ltr'>σάρξ</span> <span class='ocrx_word' id='word_1_572' title='bbox 1508 4387 1815 4457; x_wconf 86' lang='grc' dir='ltr'>γενόμενος,</span> 
     </span>
    </p>
   </div>
   <div class='ocr_carea' id='block_1_79' title="bbox 239 4477 1815 4558">
    <p class='ocr_par' dir='ltr' id='par_1_79' title="bbox 239 4477 1815 4558">
     <span class='ocr_line' id='line_1_79' title="bbox 239 4477 1815 4558; baseline -0.006 -20"><span class='ocrx_word' id='word_1_573' title='bbox 239 4489 362 4557; x_wconf 79' lang='grc' dir='ltr'>ἥτις</span> <span class='ocrx_word' id='word_1_574' title='bbox 423 4489 480 4540; x_wconf 80' lang='grc' dir='ltr'><strong>έν</strong></span> <span class='ocrx_word' id='word_1_575' title='bbox 525 4489 590 4558; x_wconf 85' lang='grc' dir='ltr'>τῇ</span> <span class='ocrx_word' id='word_1_576' title='bbox 634 4486 804 4556; x_wconf 81' lang='grc' dir='ltr'>αὐτῆς</span> <span class='ocrx_word' id='word_1_577' title='bbox 854 4485 1013 4556; x_wconf 88' lang='grc' dir='ltr'>φύσει</span> <span class='ocrx_word' id='word_1_578' title='bbox 1075 4481 1511 4552; x_wconf 87' lang='grc' dir='ltr'>συνουσιωμένην</span> <span class='ocrx_word' id='word_1_579' title='bbox 1559 4479 1670 4548; x_wconf 77' lang='grc' dir='ltr'>ἔχει</span> <span class='ocrx_word' id='word_1_580' title='bbox 1717 4477 1815 4548; x_wconf 81' lang='grc' dir='ltr'><strong>τὴν</strong></span> 
     </span>
    </p>
   </div>
   <div class='ocr_carea' id='block_1_80' title="bbox 239 4569 1815 4644">
    <p class='ocr_par' dir='ltr' id='par_1_80' title="bbox 239 4569 1815 4644">
     <span class='ocr_line' id='line_1_80' title="bbox 239 4569 1815 4644; baseline -0.005 -14"><span class='ocrx_word' id='word_1_581' title='bbox 239 4578 542 4641; x_wconf 87' lang='grc' dir='ltr'>ἀσθένειαν,</span> <span class='ocrx_word' id='word_1_582' title='bbox 594 4575 776 4640; x_wconf 86' lang='grc' dir='ltr'>καθὼς</span> <span class='ocrx_word' id='word_1_583' title='bbox 819 4575 1056 4628; x_wconf 76' lang='grc' dir='ltr'>διδάσκει</span> <span class='ocrx_word' id='word_1_584' title='bbox 1095 4577 1128 4644; x_wconf 81' lang='grc' dir='ltr'>ἠ</span> <span class='ocrx_word' id='word_1_585' title='bbox 1170 4573 1290 4626; x_wconf 88' lang='grc' dir='ltr'>θεία</span> <span class='ocrx_word' id='word_1_586' title='bbox 1333 4572 1506 4642; x_wconf 75' lang='grc' dir='ltr'>φωνὴ,</span> <span class='ocrx_word' id='word_1_587' title='bbox 1554 4572 1635 4623; x_wconf 79' lang='grc' dir='ltr'>ὅτι</span> <span class='ocrx_word' id='word_1_588' title='bbox 1678 4588 1696 4620; x_wconf 76' lang='grc' dir='ltr'><strong>ι</strong></span> <span class='ocrx_word' id='word_1_589' title='bbox 1740 4569 1815 4622; x_wconf 85' lang='lat' dir='ltr'>T6</span> 
     </span>
    </p>
   </div>
   <div class='ocr_carea' id='block_1_81' title="bbox 243 4662 1812 4742">
    <p class='ocr_par' dir='ltr' id='par_1_81' title="bbox 243 4662 1812 4742">
     <span class='ocr_line' id='line_1_81' title="bbox 243 4662 1812 4742; baseline -0.007 -18"><span class='ocrx_word' id='word_1_590' title='bbox 243 4672 341 4742; x_wconf 81' lang='grc' dir='ltr'><strong>μὲν</strong></span> <span class='ocrx_word' id='word_1_591' title='bbox 392 4669 607 4740; x_wconf 89' lang='grc' dir='ltr'>πνεῦμα</span> <span class='ocrx_word' id='word_1_592' title='bbox 652 4667 951 4738; x_wconf 84' lang='grc' dir='ltr'>πρόθυμον,</span> <span class='ocrx_word' id='word_1_593' title='bbox 1005 4668 1037 4736; x_wconf 82' lang='grc' dir='ltr'>ἢ</span> <span class='ocrx_word' id='word_1_594' title='bbox 1080 4667 1136 4718; x_wconf 80' lang='grc' dir='ltr'>δὲ</span> <span class='ocrx_word' id='word_1_595' title='bbox 1173 4664 1330 4736; x_wconf 80' lang='grc' dir='ltr'>σὰρξ,</span> <span class='ocrx_word' id='word_1_596' title='bbox 1395 4664 1647 4733; x_wconf 82' lang='grc' dir='ltr'>ἀσθενής.</span> <span class='ocrx_word' id='word_1_597' title='bbox 1683 4681 1701 4714; x_wconf 86' lang='grc' dir='ltr'><strong>ι</strong></span> <span class='ocrx_word' id='word_1_598' title='bbox 1750 4662 1812 4713; x_wconf 86' lang='grc' dir='ltr'>Εἰ</span> 
     </span>
    </p>
   </div>
   <div class='ocr_carea' id='block_1_82' title="bbox 245 4750 1812 4830">
    <p class='ocr_par' dir='ltr' id='par_1_82' title="bbox 245 4750 1812 4830">
     <span class='ocr_line' id='line_1_82' title="bbox 245 4750 1812 4830; baseline -0.007 -17"><span class='ocrx_word' id='word_1_599' title='bbox 245 4761 343 4830; x_wconf 78' lang='grc' dir='ltr'><strong>μὲν</strong></span> <span class='ocrx_word' id='word_1_600' title='bbox 384 4755 476 4814; x_wconf 81' lang='grc' dir='ltr'><strong>οῦν</strong></span> <span class='ocrx_word' id='word_1_601' title='bbox 519 4760 580 4813; x_wconf 82' lang='grc' dir='ltr'><strong>τὸ</strong></span> <span class='ocrx_word' id='word_1_602' title='bbox 637 4760 780 4814; x_wconf 87' lang='grc' dir='ltr'>θεῖον</span> <span class='ocrx_word' id='word_1_603' title='bbox 819 4759 875 4810; x_wconf 84' lang='grc' dir='ltr'>ὲν</span> <span class='ocrx_word' id='word_1_604' title='bbox 918 4755 997 4827; x_wconf 84' lang='grc' dir='ltr'><strong>τῷ</strong></span> <span class='ocrx_word' id='word_1_605' title='bbox 1029 4754 1354 4827; x_wconf 80' lang='grc' dir='ltr'>ἀνθρωπίνῳ</span> <span class='ocrx_word' id='word_1_606' title='bbox 1379 4753 1689 4824; x_wconf 87' lang='grc' dir='ltr'>γενόμενον,</span> <span class='ocrx_word' id='word_1_607' title='bbox 1721 4750 1812 4804; x_wconf 78' lang='grc' dir='ltr'><strong>καὶ</strong></span> 
     </span>
    </p>
   </div>
   <div class='ocr_carea' id='block_1_83' title="bbox 241 4839 1814 4919">
    <p class='ocr_par' dir='ltr' id='par_1_83' title="bbox 241 4839 1814 4919">
     <span class='ocr_line' id='line_1_83' title="bbox 241 4839 1814 4919; baseline -0.007 -16"><span class='ocrx_word' id='word_1_608' title='bbox 241 4851 302 4903; x_wconf 83' lang='grc' dir='ltr'>ὲν</span> <span class='ocrx_word' id='word_1_609' title='bbox 342 4849 422 4919; x_wconf 84' lang='grc' dir='ltr'><strong>τῷ</strong></span> <span class='ocrx_word' id='word_1_610' title='bbox 457 4847 636 4918; x_wconf 83' lang='grc' dir='ltr'>θνητῷ</span> <span class='ocrx_word' id='word_1_611' title='bbox 670 4848 732 4900; x_wconf 84' lang='grc' dir='ltr'><strong>τὸ</strong></span> <span class='ocrx_word' id='word_1_612' title='bbox 773 4847 1072 4910; x_wconf 86' lang='grc' dir='ltr'>ἀθάνατον,</span> <span class='ocrx_word' id='word_1_613' title='bbox 1129 4845 1222 4898; x_wconf 77' lang='grc' dir='ltr'><strong>καὶ</strong></span> <span class='ocrx_word' id='word_1_614' title='bbox 1267 4843 1329 4896; x_wconf 81' lang='grc' dir='ltr'><strong>τὸ</strong></span> <span class='ocrx_word' id='word_1_615' title='bbox 1373 4842 1598 4897; x_wconf 81' lang='grc' dir='ltr'>δυνατὸν</span> <span class='ocrx_word' id='word_1_616' title='bbox 1635 4841 1690 4893; x_wconf 83' lang='grc' dir='ltr'>ὲν</span> <span class='ocrx_word' id='word_1_617' title='bbox 1739 4839 1814 4910; x_wconf 85' lang='grc' dir='ltr'>τῷ</span> 
     </span>
    </p>
   </div>
   <div class='ocr_carea' id='block_1_84' title="bbox 241 4932 1821 5010">
    <p class='ocr_par' dir='ltr' id='par_1_84' title="bbox 241 4932 1821 5010">
     <span class='ocr_line' id='line_1_84' title="bbox 241 4932 1821 5010; baseline -0.008 -14"><span class='ocrx_word' id='word_1_618' title='bbox 241 4941 478 5003; x_wconf 81' lang='grc' dir='ltr'>ἀσθενεῖ,</span> <span class='ocrx_word' id='word_1_619' title='bbox 526 4941 622 4993; x_wconf 74' lang='grc' dir='ltr'><strong>καὶ</strong></span> <span class='ocrx_word' id='word_1_620' title='bbox 668 4942 725 4993; x_wconf 83' lang='grc' dir='ltr'>ὲν</span> <span class='ocrx_word' id='word_1_621' title='bbox 769 4939 846 5010; x_wconf 81' lang='grc' dir='ltr'>τῷ</span> <span class='ocrx_word' id='word_1_622' title='bbox 885 4935 1106 5009; x_wconf 85' lang='grc' dir='ltr'>τρεπτῷ</span> <span class='ocrx_word' id='word_1_623' title='bbox 1139 4953 1196 4988; x_wconf 89' lang='grc' dir='ltr'><strong>τε</strong></span> <span class='ocrx_word' id='word_1_624' title='bbox 1244 4935 1340 4988; x_wconf 76' lang='grc' dir='ltr'>καὶ</span> <span class='ocrx_word' id='word_1_625' title='bbox 1381 4934 1719 5005; x_wconf 84' lang='grc' dir='ltr'>φθειρομένῳ</span> <span class='ocrx_word' id='word_1_626' title='bbox 1761 4932 1821 4985; x_wconf 81' lang='grc' dir='ltr'><strong>τὸ</strong></span> 
     </span>
    </p>
   </div>
   <div class='ocr_carea' id='block_1_85' title="bbox 241 5026 1821 5100">
    <p class='ocr_par' dir='ltr' id='par_1_85' title="bbox 241 5026 1821 5100">
     <span class='ocr_line' id='line_1_85' title="bbox 241 5026 1821 5100; baseline -0.006 -13"><span class='ocrx_word' id='word_1_627' title='bbox 241 5031 600 5087; x_wconf 85' lang='grc' dir='ltr'>ἀναλλοίωτόν</span> <span class='ocrx_word' id='word_1_628' title='bbox 628 5048 688 5084; x_wconf 87' lang='grc' dir='ltr'><strong>τε</strong></span> <span class='ocrx_word' id='word_1_629' title='bbox 729 5030 822 5085; x_wconf 71' lang='grc' dir='ltr'>καὶ</span> <span class='ocrx_word' id='word_1_630' title='bbox 855 5031 1150 5100; x_wconf 81' lang='grc' dir='ltr'>ἄφθαρτον,</span> <span class='ocrx_word' id='word_1_631' title='bbox 1197 5026 1409 5097; x_wconf 81' lang='grc' dir='ltr'>ἀφῆκεν</span> <span class='ocrx_word' id='word_1_632' title='bbox 1441 5027 1717 5097; x_wconf 79' lang='grc' dir='ltr'>ἐπιμεῖναι</span> <span class='ocrx_word' id='word_1_633' title='bbox 1745 5026 1821 5098; x_wconf 79' lang='grc' dir='ltr'>τῷ</span> 
     </span>
    </p>
   </div>
   <div class='ocr_carea' id='block_1_86' title="bbox 243 5116 1820 5194">
    <p class='ocr_par' dir='ltr' id='par_1_86' title="bbox 243 5116 1820 5194">
     <span class='ocr_line' id='line_1_86' title="bbox 243 5116 1820 5194; baseline -0.003 -18"><span class='ocrx_word' id='word_1_634' title='bbox 243 5122 422 5194; x_wconf 83' lang='grc' dir='ltr'>θνητῷ</span> <span class='ocrx_word' id='word_1_635' title='bbox 452 5122 512 5174; x_wconf 86' lang='grc' dir='ltr'><strong>τὸ</strong></span> <span class='ocrx_word' id='word_1_636' title='bbox 550 5121 762 5193; x_wconf 82' lang='grc' dir='ltr'>θνητὸν,</span> <span class='ocrx_word' id='word_1_637' title='bbox 796 5121 830 5192; x_wconf 81' lang='grc' dir='ltr'>ἢ</span> <span class='ocrx_word' id='word_1_638' title='bbox 866 5124 933 5192; x_wconf 82' lang='grc' dir='ltr'>τῇ</span> <span class='ocrx_word' id='word_1_639' title='bbox 985 5120 1159 5191; x_wconf 81' lang='grc' dir='ltr'>φθορᾷ</span> <span class='ocrx_word' id='word_1_640' title='bbox 1201 5116 1262 5171; x_wconf 87' lang='grc' dir='ltr'>τὸ</span> <span class='ocrx_word' id='word_1_641' title='bbox 1312 5116 1567 5188; x_wconf 76' lang='grc' dir='ltr'>φθαρτὸν,</span> <span class='ocrx_word' id='word_1_642' title='bbox 1613 5118 1708 5170; x_wconf 78' lang='grc' dir='ltr'>καὶ</span> <span class='ocrx_word' id='word_1_643' title='bbox 1754 5117 1820 5172; x_wconf 88' lang='grc' dir='ltr'><strong>τά</strong></span> 
     </span>
    </p>
   </div>
   <div class='ocr_carea' id='block_1_87' title="bbox 242 5208 1822 5280">
    <p class='ocr_par' dir='ltr' id='par_1_87' title="bbox 242 5208 1822 5280">
     <span class='ocr_line' id='line_1_87' title="bbox 242 5208 1822 5280; baseline -0.004 -13"><span class='ocrx_word' id='word_1_644' title='bbox 242 5215 377 5267; x_wconf 77' lang='grc' dir='ltr'>ἄλλα</span> <span class='ocrx_word' id='word_1_645' title='bbox 408 5215 520 5276; x_wconf 84' lang='grc' dir='ltr'>τοῖς</span> <span class='ocrx_word' id='word_1_646' title='bbox 543 5213 720 5276; x_wconf 80' lang='grc' dir='ltr'>ἄλλοις</span> <span class='ocrx_word' id='word_1_647' title='bbox 757 5211 899 5266; x_wconf 87' lang='grc' dir='ltr'>κατὰ</span> <span class='ocrx_word' id='word_1_648' title='bbox 926 5211 1016 5265; x_wconf 82' lang='grc' dir='ltr'><strong>τὸν</strong></span> <span class='ocrx_word' id='word_1_649' title='bbox 1053 5209 1216 5264; x_wconf 76' lang='grc' dir='ltr'>αὑτὸν</span> <span class='ocrx_word' id='word_1_650' title='bbox 1241 5208 1460 5280; x_wconf 85' lang='grc' dir='ltr'>τρόπον,</span> <span class='ocrx_word' id='word_1_651' title='bbox 1507 5209 1731 5269; x_wconf 78' lang='grc' dir='ltr'>εἰκότως</span> <span class='ocrx_word' id='word_1_652' title='bbox 1757 5208 1822 5261; x_wconf 83' lang='grc' dir='ltr'>ἄν</span> 
     </span>
    </p>
   </div>
   <div class='ocr_carea' id='block_1_88' title="bbox 240 5299 1820 5376">
    <p class='ocr_par' dir='ltr' id='par_1_88' title="bbox 240 5299 1820 5376">
     <span class='ocr_line' id='line_1_88' title="bbox 240 5299 1820 5376; baseline -0.003 -18"><span class='ocrx_word' id='word_1_653' title='bbox 240 5324 325 5370; x_wconf 87' lang='grc' dir='ltr'><strong>τις</strong></span> <span class='ocrx_word' id='word_1_654' title='bbox 352 5307 518 5360; x_wconf 86' lang='grc' dir='ltr'>δυάδα</span> <span class='ocrx_word' id='word_1_655' title='bbox 549 5304 627 5375; x_wconf 80' lang='grc' dir='ltr'>τῷ</span> <span class='ocrx_word' id='word_1_656' title='bbox 653 5304 764 5376; x_wconf 86' lang='grc' dir='ltr'>Υἰῷ</span> <span class='ocrx_word' id='word_1_657' title='bbox 790 5303 886 5357; x_wconf 89' lang='grc' dir='ltr'><strong>τοῦ</strong></span> <span class='ocrx_word' id='word_1_658' title='bbox 917 5302 1051 5356; x_wconf 87' lang='grc' dir='ltr'>Θεοῦ</span> <span class='ocrx_word' id='word_1_659' title='bbox 1079 5301 1433 5372; x_wconf 83' lang='grc' dir='ltr'>ὲνεθεὼρησε,</span> <span class='ocrx_word' id='word_1_660' title='bbox 1459 5299 1566 5352; x_wconf 89' lang='grc' dir='ltr'><strong>τῶν</strong></span> <span class='ocrx_word' id='word_1_661' title='bbox 1595 5299 1735 5353; x_wconf 87' lang='grc' dir='ltr'><strong>κατά</strong></span> <span class='ocrx_word' id='word_1_662' title='bbox 1761 5301 1820 5353; x_wconf 88' lang='grc' dir='ltr'><strong>τὸ</strong></span> 
     </span>
    </p>
   </div>
   <div class='ocr_carea' id='block_1_89' title="bbox 239 5387 1819 5466">
    <p class='ocr_par' dir='ltr' id='par_1_89' title="bbox 239 5387 1819 5466">
     <span class='ocr_line' id='line_1_89' title="bbox 239 5387 1819 5466; baseline -0.004 -20"><span class='ocrx_word' id='word_1_663' title='bbox 239 5395 484 5448; x_wconf 84' lang='grc' dir='ltr'>ἐναντίον</span> <span class='ocrx_word' id='word_1_664' title='bbox 513 5393 901 5466; x_wconf 82' lang='grc' dir='ltr'>θεωρουμένων</span> <span class='ocrx_word' id='word_1_665' title='bbox 929 5391 1184 5464; x_wconf 76' lang='grc' dir='ltr'>ἑκάτερον</span> <span class='ocrx_word' id='word_1_666' title='bbox 1235 5387 1539 5450; x_wconf 80' lang='grc' dir='ltr'>ἰδιαζόντως</span> <span class='ocrx_word' id='word_1_667' title='bbox 1578 5388 1660 5456; x_wconf 79' lang='grc' dir='ltr'>ἐφ’</span> <span class='ocrx_word' id='word_1_668' title='bbox 1693 5389 1819 5440; x_wconf 76' lang='grc' dir='ltr'>ἑαυ-</span> 
     </span>
    </p>
   </div>
   <div class='ocr_carea' id='block_1_90' title="bbox 240 5478 1818 5557">
    <p class='ocr_par' dir='ltr' id='par_1_90' title="bbox 240 5478 1818 5557">
     <span class='ocr_line' id='line_1_90' title="bbox 240 5478 1818 5557; baseline -0.003 -20"><span class='ocrx_word' id='word_1_669' title='bbox 240 5481 336 5539; x_wconf 85' lang='grc' dir='ltr'><strong>τοῦ</strong></span> <span class='ocrx_word' id='word_1_670' title='bbox 362 5484 632 5557; x_wconf 86' lang='grc' dir='ltr'>ἀριθμῶν.</span> <span class='ocrx_word' id='word_1_671' title='bbox 662 5485 724 5538; x_wconf 77' lang='lat' dir='ltr'><strong>Et</strong></span> <span class='ocrx_word' id='word_1_672' title='bbox 745 5483 801 5538; x_wconf 84' lang='grc' dir='ltr'><strong>δὲ</strong></span> <span class='ocrx_word' id='word_1_673' title='bbox 828 5483 888 5536; x_wconf 86' lang='grc' dir='ltr'><strong>τὸ</strong></span> <span class='ocrx_word' id='word_1_674' title='bbox 913 5482 1104 5552; x_wconf 79' lang='grc' dir='ltr'>θνητὸν</span> <span class='ocrx_word' id='word_1_675' title='bbox 1128 5482 1184 5535; x_wconf 82' lang='grc' dir='ltr'>ὲν</span> <span class='ocrx_word' id='word_1_676' title='bbox 1216 5479 1306 5550; x_wconf 76' lang='grc' dir='ltr'><strong>τῷ.</strong></span> <span class='ocrx_word' id='word_1_677' title='bbox 1321 5478 1570 5549; x_wconf 86' lang='grc' dir='ltr'>ἀθανάτῳ</span> <span class='ocrx_word' id='word_1_678' title='bbox 1592 5479 1818 5551; x_wconf 83' lang='grc' dir='ltr'>γενόμε-</span> 
     </span>
    </p>
   </div>
   <div class='ocr_carea' id='block_1_91' title="bbox 321 5690 1600 5766">
    <p class='ocr_par' dir='ltr' id='par_1_91' title="bbox 321 5690 1600 5766">
     <span class='ocr_line' id='line_1_91' title="bbox 321 5690 1600 5766; baseline -0.001 -18"><span class='ocrx_word' id='word_1_679' title='bbox 321 5693 340 5766; x_wconf 64' lang='grc' dir='ltr'><strong>ξ</strong></span> <span class='ocrx_word' id='word_1_680' title='bbox 374 5692 519 5766; x_wconf 61' lang='lat' dir='ltr'><strong>Bsal.</strong></span> <span class='ocrx_word' id='word_1_681' title='bbox 549 5695 752 5766; x_wconf 57' lang='lat' dir='ltr'><strong>nm}.</strong></span> <span class='ocrx_word' id='word_1_682' title='bbox 841 5692 863 5725; x_wconf 70' lang='grc'>⁸</span> <span class='ocrx_word' id='word_1_683' title='bbox 889 5690 995 5766; x_wconf 60' lang='lat' dir='ltr'><strong>lsa.</strong></span> <span class='ocrx_word' id='word_1_684' title='bbox 1026 5707 1117 5766; x_wconf 43' lang='grc' dir='ltr'><strong>ξεί.</strong></span> <span class='ocrx_word' id='word_1_685' title='bbox 1148 5692 1233 5766; x_wconf 57' lang='grc'><strong>15.</strong></span> <span class='ocrx_word' id='word_1_686' title='bbox 1329 5695 1350 5726; x_wconf 80' lang='grc'><strong><em>⁸</em></strong></span> <span class='ocrx_word' id='word_1_687' title='bbox 1384 5693 1600 5766; x_wconf 79' lang='lat' dir='ltr'><strong>Philipp</strong></span> 
     </span>
    </p>
   </div>
   <div class='ocr_carea' id='block_1_92' title="bbox 246 5760 1507 5834">
    <p class='ocr_par' dir='ltr' id='par_1_92' title="bbox 246 5760 1507 5834">
     <span class='ocr_line' id='line_1_92' title="bbox 246 5760 1507 5834; baseline 0.002 -18"><span class='ocrx_word' id='word_1_688' title='bbox 246 5762 493 5834; x_wconf 62' lang='lat' dir='ltr'><strong>fllQor.</strong></span> <span class='ocrx_word' id='word_1_689' title='bbox 533 5779 632 5829; x_wconf 77' lang='lat' dir='ltr'><strong>xu,</strong></span> <span class='ocrx_word' id='word_1_690' title='bbox 675 5763 711 5816; x_wconf 77' lang='grc'>2</span> <span class='ocrx_word' id='word_1_691' title='bbox 742 5780 864 5834; x_wconf 89' lang='lat' dir='ltr'><strong>sqq.</strong></span> <span class='ocrx_word' id='word_1_692' title='bbox 915 5832 921 5834; x_wconf 90' lang='lat'>_</span> <span class='ocrx_word' id='word_1_693' title='bbox 958 5762 999 5792; x_wconf 84' lang='grc'><strong>¹⁰</strong></span> <span class='ocrx_word' id='word_1_694' title='bbox 1042 5760 1109 5834; x_wconf 81' lang='grc' dir='ltr'><strong>ιν</strong></span> <span class='ocrx_word' id='word_1_695' title='bbox 1151 5763 1282 5832; x_wconf 80' lang='lat' dir='ltr'><strong>Reg.</strong></span> <span class='ocrx_word' id='word_1_696' title='bbox 1323 5780 1382 5826; x_wconf 89' lang='grc' dir='ltr'><strong>ιι,</strong></span> <span class='ocrx_word' id='word_1_697' title='bbox 1427 5765 1507 5818; x_wconf 92' lang='lat' dir='ltr'><strong>ll.</strong></span> 
     </span>
    </p>
   </div>
   <div class='ocr_carea' id='block_1_93' title="bbox 250 5831 1399 5899">
    <p class='ocr_par' dir='ltr' id='par_1_93' title="bbox 250 5831 1399 5899">
     <span class='ocr_line' id='line_1_93' title="bbox 250 5831 1399 5899; baseline 0.003 -13"><span class='ocrx_word' id='word_1_698' title='bbox 250 5831 296 5868; x_wconf 53' lang='grc' dir='ltr'>*λ</span> <span class='ocrx_word' id='word_1_699' title='bbox 330 5831 352 5886; x_wconf 80' lang='grc' dir='ltr'><strong>Ι</strong></span> <span class='ocrx_word' id='word_1_700' title='bbox 383 5832 543 5891; x_wconf 75' lang='lat' dir='ltr'><strong>Joan.</strong></span> <span class='ocrx_word' id='word_1_701' title='bbox 581 5849 634 5898; x_wconf 79' lang='grc' dir='ltr'><strong>ν,</strong></span> <span class='ocrx_word' id='word_1_702' title='bbox 669 5834 754 5890; x_wconf 80' lang='grc'><strong>19.</strong></span> <span class='ocrx_word' id='word_1_703' title='bbox 793 5831 874 5866; x_wconf 71' lang='grc' dir='ltr'>ἠ</span> <span class='ocrx_word' id='word_1_704' title='bbox 905 5832 1096 5888; x_wconf 72' lang='lat' dir='ltr'><strong>Matth.</strong></span> <span class='ocrx_word' id='word_1_705' title='bbox 1134 5849 1280 5899; x_wconf 68' lang='lat' dir='ltr'><strong>sxw,</strong></span> <span class='ocrx_word' id='word_1_706' title='bbox 1312 5834 1399 5889; x_wconf 78' lang='grc' dir='ltr'>Η.</span> 
     </span>
    </p>
   </div>
   <div class='ocr_carea' id='block_1_94' title="bbox 1612 5697 2234 5762">
    <p class='ocr_par' dir='ltr' id='par_1_94' title="bbox 1612 5697 2234 5762">
     <span class='ocr_line' id='line_1_94' title="bbox 1612 5697 2234 5762; baseline 0.008 -15"><span class='ocrx_word' id='word_1_707' title='bbox 1612 5712 1707 5757; x_wconf 87' lang='grc' dir='ltr'>.ιι,</span> <span class='ocrx_word' id='word_1_708' title='bbox 1749 5697 1798 5751; x_wconf 88' lang='grc'>7.</span> <span class='ocrx_word' id='word_1_709' title='bbox 1875 5697 1895 5727; x_wconf 85' lang='grc'><strong>⁸</strong></span> <span class='ocrx_word' id='word_1_710' title='bbox 1929 5697 2120 5752; x_wconf 82' lang='lat' dir='ltr'><strong>Matth.</strong></span> <span class='ocrx_word' id='word_1_711' title='bbox 2182 5715 2234 5762; x_wconf 68' lang='grc' dir='ltr'>ι,</span> 
     </span>
    </p>
   </div>
   <div class='ocr_carea' id='block_1_95' title="bbox 1616 5767 2078 5834">
    <p class='ocr_par' dir='ltr' id='par_1_95' title="bbox 1616 5767 2078 5834">
     <span class='ocr_line' id='line_1_95' title="bbox 1616 5767 2078 5834; baseline 0.011 -15"><span class='ocrx_word' id='word_1_712' title='bbox 1616 5769 1653 5797; x_wconf 90' lang='grc'>¹¹</span> <span class='ocrx_word' id='word_1_713' title='bbox 1689 5767 1889 5822; x_wconf 80' lang='lat' dir='ltr'><strong>Ezech.</strong></span> <span class='ocrx_word' id='word_1_714' title='bbox 1931 5785 1985 5834; x_wconf 74' lang='grc' dir='ltr'><strong>ιι,</strong></span> <span class='ocrx_word' id='word_1_715' title='bbox 2033 5771 2078 5825; x_wconf 90' lang='grc' dir='ltr'><strong>ι.</strong></span> 
     </span>
    </p>
   </div>
   <div class='ocr_carea' id='block_1_96' title="bbox 1915 3291 3490 3364">
    <p class='ocr_par' dir='ltr' id='par_1_96' title="bbox 1915 3291 3490 3364">
     <span class='ocr_line' id='line_1_96' title="bbox 1915 3291 3490 3364; baseline -0.002 -18"><span class='ocrx_word' id='word_1_716' title='bbox 1915 3309 2090 3362; x_wconf 88' lang='lat' dir='ltr'><strong>neque</strong></span> <span class='ocrx_word' id='word_1_717' title='bbox 2117 3291 2366 3364; x_wconf 84' lang='lat' dir='ltr'><strong>corporis</strong></span> <span class='ocrx_word' id='word_1_718' title='bbox 2389 3292 2530 3348; x_wconf 87' lang='lat' dir='ltr'><strong>mole</strong></span> <span class='ocrx_word' id='word_1_719' title='bbox 2560 3307 2626 3346; x_wconf 91' lang='lat' dir='ltr'><strong>ac</strong></span> <span class='ocrx_word' id='word_1_720' title='bbox 2647 3293 2883 3362; x_wconf 90' lang='lat' dir='ltr'><strong>pondere</strong></span> <span class='ocrx_word' id='word_1_721' title='bbox 2913 3294 3128 3363; x_wconf 81' lang='lat' dir='ltr'><strong>gravari</strong></span> <span class='ocrx_word' id='word_1_722' title='bbox 3151 3295 3226 3362; x_wconf 82' lang='lat'><strong>&#39;°;</strong></span> <span class='ocrx_word' id='word_1_723' title='bbox 3252 3294 3334 3348; x_wconf 90' lang='lat' dir='ltr'><strong>vel</strong></span> <span class='ocrx_word' id='word_1_724' title='bbox 3365 3309 3490 3347; x_wconf 89' lang='lat' dir='ltr'><strong>cum</strong></span> 
     </span>
    </p>
   </div>
   <div class='ocr_carea' id='block_1_97' title="bbox 1914 3381 3495 3455">
    <p class='ocr_par' dir='ltr' id='par_1_97' title="bbox 1914 3381 3495 3455">
     <span class='ocr_line' id='line_1_97' title="bbox 1914 3381 3495 3455; baseline 0.001 -19"><span class='ocrx_word' id='word_1_725' title='bbox 1914 3381 2267 3438; x_wconf 82' lang='lat' dir='ltr'><strong>Ezechiele“</strong></span> <span class='ocrx_word' id='word_1_726' title='bbox 2335 3390 2500 3454; x_wconf 90' lang='lat' dir='ltr'><strong>atque</strong></span> <span class='ocrx_word' id='word_1_727' title='bbox 2569 3382 2774 3437; x_wconf 80' lang='lat' dir='ltr'><strong>Isaia“</strong></span> <span class='ocrx_word' id='word_1_728' title='bbox 2831 3385 3109 3441; x_wconf 88' lang='lat' dir='ltr'><strong>sedentem</strong></span> <span class='ocrx_word' id='word_1_729' title='bbox 3189 3386 3240 3438; x_wconf 92' lang='lat' dir='ltr'><strong>in</strong></span> <span class='ocrx_word' id='word_1_730' title='bbox 3306 3385 3495 3455; x_wconf 79' lang='lat' dir='ltr'><strong>gloria:</strong></span> 
     </span>
    </p>
   </div>
   <div class='ocr_carea' id='block_1_98' title="bbox 1915 3474 3489 3545">
    <p class='ocr_par' dir='ltr' id='par_1_98' title="bbox 1915 3474 3489 3545">
     <span class='ocr_line' id='line_1_98' title="bbox 1915 3474 3489 3545; baseline -0.001 -16"><span class='ocrx_word' id='word_1_731' title='bbox 1915 3475 2115 3530; x_wconf 89' lang='lat' dir='ltr'><strong>throno</strong></span> <span class='ocrx_word' id='word_1_732' title='bbox 2165 3475 2434 3541; x_wconf 88' lang='lat' dir='ltr'><strong>contueri,</strong></span> <span class='ocrx_word' id='word_1_733' title='bbox 2498 3485 2591 3529; x_wconf 92' lang='lat' dir='ltr'><strong>aut</strong></span> <span class='ocrx_word' id='word_1_734' title='bbox 2649 3489 2814 3545; x_wconf 80' lang='lat' dir='ltr'><strong>supra</strong></span> <span class='ocrx_word' id='word_1_735' title='bbox 2865 3474 3162 3531; x_wconf 80' lang='lat' dir='ltr'><strong>Cherubim</strong></span> <span class='ocrx_word' id='word_1_736' title='bbox 3214 3475 3489 3530; x_wconf 88' lang='lat' dir='ltr'><strong>sublatum</strong></span> 
     </span>
    </p>
   </div>
   <div class='ocr_carea' id='block_1_99' title="bbox 1915 3565 3494 3638">
    <p class='ocr_par' dir='ltr' id='par_1_99' title="bbox 1915 3565 3494 3638">
     <span class='ocr_line' id='line_1_99' title="bbox 1915 3565 3494 3638; baseline 0.001 -19"><span class='ocrx_word' id='word_1_737' title='bbox 1915 3577 2010 3620; x_wconf 90' lang='lat' dir='ltr'><strong>aut</strong></span> <span class='ocrx_word' id='word_1_738' title='bbox 2059 3581 2089 3620; x_wconf 86' lang='lat' dir='ltr'><strong>a</strong></span> <span class='ocrx_word' id='word_1_739' title='bbox 2138 3566 2426 3637; x_wconf 88' lang='lat' dir='ltr'><strong>Serapbim</strong></span> <span class='ocrx_word' id='word_1_740' title='bbox 2471 3565 2865 3630; x_wconf 88' lang='lat' dir='ltr'><strong>collaudatum,</strong></span> <span class='ocrx_word' id='word_1_741' title='bbox 2915 3567 3052 3622; x_wconf 88' lang='lat' dir='ltr'><strong>nihil</strong></span> <span class='ocrx_word' id='word_1_742' title='bbox 3080 3568 3303 3638; x_wconf 88' lang='lat' dir='ltr'><strong>penitus</strong></span> <span class='ocrx_word' id='word_1_743' title='bbox 3353 3582 3494 3637; x_wconf 81' lang='lat' dir='ltr'><strong>Opus</strong></span> 
     </span>
    </p>
   </div>
   <div class='ocr_carea' id='block_1_100' title="bbox 1917 3657 3492 3732">
    <p class='ocr_par' dir='ltr' id='par_1_100' title="bbox 1917 3657 3492 3732">
     <span class='ocr_line' id='line_1_100' title="bbox 1917 3657 3492 3732; baseline 0.001 -22"><span class='ocrx_word' id='word_1_744' title='bbox 1917 3658 2112 3712; x_wconf 82' lang='lat' dir='ltr'><strong>fuisset</strong></span> <span class='ocrx_word' id='word_1_745' title='bbox 2157 3658 2260 3712; x_wconf 89' lang='lat' dir='ltr'><strong>hac</strong></span> <span class='ocrx_word' id='word_1_746' title='bbox 2305 3657 2399 3712; x_wconf 91' lang='lat' dir='ltr'><strong>Dei</strong></span> <span class='ocrx_word' id='word_1_747' title='bbox 2443 3659 2745 3712; x_wconf 86' lang='lat' dir='ltr'><strong>secundum</strong></span> <span class='ocrx_word' id='word_1_748' title='bbox 2784 3674 3007 3713; x_wconf 85' lang='lat' dir='ltr'><strong>carnem</strong></span> <span class='ocrx_word' id='word_1_749' title='bbox 3049 3660 3411 3732; x_wconf 89' lang='lat' dir='ltr'><strong>apparitione.</strong></span> <span class='ocrx_word' id='word_1_750' title='bbox 3446 3660 3492 3716; x_wconf 90' lang='lat' dir='ltr'><strong>si</strong></span> 
     </span>
    </p>
   </div>
   <div class='ocr_carea' id='block_1_101' title="bbox 1916 3748 3501 3820">
    <p class='ocr_par' dir='ltr' id='par_1_101' title="bbox 1916 3748 3501 3820">
     <span class='ocr_line' id='line_1_101' title="bbox 1916 3748 3501 3820; baseline -0.002 -19"><span class='ocrx_word' id='word_1_751' title='bbox 1916 3751 2052 3803; x_wconf 88' lang='lat' dir='ltr'><strong>tales</strong></span> <span class='ocrx_word' id='word_1_752' title='bbox 2087 3763 2277 3803; x_wconf 87' lang='lat' dir='ltr'><strong>omnes</strong></span> <span class='ocrx_word' id='word_1_753' title='bbox 2317 3748 2571 3803; x_wconf 83' lang='lat' dir='ltr'><strong>fuissent.</strong></span> <span class='ocrx_word' id='word_1_754' title='bbox 2611 3748 2716 3803; x_wconf 91' lang='lat' dir='ltr'><strong>Sed</strong></span> <span class='ocrx_word' id='word_1_755' title='bbox 2747 3751 3025 3818; x_wconf 88' lang='lat' dir='ltr'><strong>quoniam,</strong></span> <span class='ocrx_word' id='word_1_756' title='bbox 3075 3759 3134 3804; x_wconf 88' lang='lat' dir='ltr'><strong>ut</strong></span> <span class='ocrx_word' id='word_1_757' title='bbox 3173 3751 3352 3820; x_wconf 88' lang='lat' dir='ltr'><strong>inquit</strong></span> <span class='ocrx_word' id='word_1_758' title='bbox 3389 3751 3501 3810; x_wconf 32' lang='lat' dir='ltr'><strong>Dor.</strong></span> 
     </span>
    </p>
   </div>
   <div class='ocr_carea' id='block_1_102' title="bbox 1918 3839 3497 3912">
    <p class='ocr_par' dir='ltr' id='par_1_102' title="bbox 1918 3839 3497 3912">
     <span class='ocr_line' id='line_1_102' title="bbox 1918 3839 3497 3912; baseline 0.003 -20"><span class='ocrx_word' id='word_1_759' title='bbox 1918 3839 2100 3895; x_wconf 92' lang='lat' dir='ltr'><strong>minus</strong></span> <span class='ocrx_word' id='word_1_760' title='bbox 2122 3840 2187 3904; x_wconf 78' lang='grc'><strong>³³,</strong></span> <span class='ocrx_word' id='word_1_761' title='bbox 2235 3840 2518 3911; x_wconf 81' lang='lat' dir='ltr'><strong>generatio</strong></span> <span class='ocrx_word' id='word_1_762' title='bbox 2563 3856 2728 3910; x_wconf 81' lang='lat' dir='ltr'><strong>prava</strong></span> <span class='ocrx_word' id='word_1_763' title='bbox 2759 3850 2814 3895; x_wconf 87' lang='lat' dir='ltr'><strong>et</strong></span> <span class='ocrx_word' id='word_1_764' title='bbox 2847 3841 3093 3896; x_wconf 85' lang='lat' dir='ltr'><strong>adultera</strong></span> <span class='ocrx_word' id='word_1_765' title='bbox 3123 3851 3244 3896; x_wconf 90' lang='lat' dir='ltr'><strong>erat</strong></span> <span class='ocrx_word' id='word_1_766' title='bbox 3275 3843 3366 3896; x_wconf 91' lang='lat' dir='ltr'><strong>illa</strong></span> <span class='ocrx_word' id='word_1_767' title='bbox 3395 3858 3497 3912; x_wconf 67' lang='lat' dir='ltr'><strong>ge-</strong></span> 
     </span>
    </p>
   </div>
   <div class='ocr_carea' id='block_1_103' title="bbox 1917 3932 3500 4005">
    <p class='ocr_par' dir='ltr' id='par_1_103' title="bbox 1917 3932 3500 4005">
     <span class='ocr_line' id='line_1_103' title="bbox 1917 3932 3500 4005; baseline -0.002 -20"><span class='ocrx_word' id='word_1_768' title='bbox 1917 3932 2129 3985; x_wconf 89' lang='lat' dir='ltr'><strong>neratio</strong></span> <span class='ocrx_word' id='word_1_769' title='bbox 2160 3949 2173 3986; x_wconf 89' lang='lat'><strong>:</strong></span> <span class='ocrx_word' id='word_1_770' title='bbox 2210 3947 2376 4000; x_wconf 85' lang='lat' dir='ltr'><strong>prava</strong></span> <span class='ocrx_word' id='word_1_771' title='bbox 2427 3932 2669 4001; x_wconf 90' lang='lat' dir='ltr'><strong>quidem,</strong></span> <span class='ocrx_word' id='word_1_772' title='bbox 2722 3934 2892 4002; x_wconf 84' lang='lat' dir='ltr'><strong>quod,</strong></span> <span class='ocrx_word' id='word_1_773' title='bbox 2933 3933 3078 3987; x_wconf 88' lang='lat' dir='ltr'><strong>sicut</strong></span> <span class='ocrx_word' id='word_1_774' title='bbox 3127 3934 3199 3987; x_wconf 87' lang='lat' dir='ltr'><strong>ait</strong></span> <span class='ocrx_word' id='word_1_775' title='bbox 3245 3933 3500 4005; x_wconf 86' lang='lat' dir='ltr'><strong>Evange-.</strong></span> 
     </span>
    </p>
   </div>
   <div class='ocr_carea' id='block_1_104' title="bbox 1919 4021 3492 4094">
    <p class='ocr_par' dir='ltr' id='par_1_104' title="bbox 1919 4021 3492 4094">
     <span class='ocr_line' id='line_1_104' title="bbox 1919 4021 3492 4094; baseline 0.003 -18"><span class='ocrx_word' id='word_1_776' title='bbox 1919 4021 2136 4088; x_wconf 69' lang='lat' dir='ltr'><strong>lium“,</strong></span> <span class='ocrx_word' id='word_1_777' title='bbox 2175 4030 2321 4078; x_wconf 90' lang='lat' dir='ltr'><strong>totus</strong></span> <span class='ocrx_word' id='word_1_778' title='bbox 2351 4022 2592 4078; x_wconf 86' lang='lat' dir='ltr'><strong>mundus</strong></span> <span class='ocrx_word' id='word_1_779' title='bbox 2624 4024 2678 4076; x_wconf 91' lang='lat' dir='ltr'><strong>in</strong></span> <span class='ocrx_word' id='word_1_780' title='bbox 2730 4025 2972 4094; x_wconf 86' lang='lat' dir='ltr'><strong>maligno</strong></span> <span class='ocrx_word' id='word_1_781' title='bbox 3009 4035 3122 4079; x_wconf 91' lang='lat' dir='ltr'><strong>tum</strong></span> <span class='ocrx_word' id='word_1_782' title='bbox 3160 4026 3371 4094; x_wconf 86' lang='lat' dir='ltr'><strong>positus</strong></span> <span class='ocrx_word' id='word_1_783' title='bbox 3403 4042 3492 4081; x_wconf 85' lang='lat' dir='ltr'><strong>es-</strong></span> 
     </span>
    </p>
   </div>
   <div class='ocr_carea' id='block_1_105' title="bbox 1917 4115 3492 4188">
    <p class='ocr_par' dir='ltr' id='par_1_105' title="bbox 1917 4115 3492 4188">
     <span class='ocr_line' id='line_1_105' title="bbox 1917 4115 3492 4188; baseline 0.002 -19"><span class='ocrx_word' id='word_1_784' title='bbox 1917 4125 2034 4184; x_wconf 85' lang='lat' dir='ltr'><strong>set;</strong></span> <span class='ocrx_word' id='word_1_785' title='bbox 2081 4115 2322 4170; x_wconf 89' lang='lat' dir='ltr'><strong>adultera</strong></span> <span class='ocrx_word' id='word_1_786' title='bbox 2350 4130 2481 4170; x_wconf 90' lang='lat' dir='ltr'><strong>vero</strong></span> <span class='ocrx_word' id='word_1_787' title='bbox 2519 4117 2665 4186; x_wconf 85' lang='lat' dir='ltr'><strong>quod</strong></span> <span class='ocrx_word' id='word_1_788' title='bbox 2701 4118 2966 4186; x_wconf 77' lang='lat' dir='ltr'><strong>Optimum</strong></span> <span class='ocrx_word' id='word_1_789' title='bbox 3017 4133 3178 4176; x_wconf 89' lang='lat' dir='ltr'><strong>suum</strong></span> <span class='ocrx_word' id='word_1_790' title='bbox 3225 4133 3492 4188; x_wconf 88' lang='lat' dir='ltr'><strong>sponsum</strong></span> 
     </span>
    </p>
   </div>
   <div class='ocr_carea' id='block_1_106' title="bbox 1918 4207 3495 4279">
    <p class='ocr_par' dir='ltr' id='par_1_106' title="bbox 1918 4207 3495 4279">
     <span class='ocr_line' id='line_1_106' title="bbox 1918 4207 3495 4279; baseline 0.003 -17"><span class='ocrx_word' id='word_1_791' title='bbox 1918 4209 2272 4271; x_wconf 81' lang='lat' dir='ltr'><strong>deseruisset,</strong></span> <span class='ocrx_word' id='word_1_792' title='bbox 2331 4207 2494 4279; x_wconf 90' lang='lat' dir='ltr'><strong>eique</strong></span> <span class='ocrx_word' id='word_1_793' title='bbox 2544 4209 2638 4278; x_wconf 91' lang='lat' dir='ltr'><strong>qui</strong></span> <span class='ocrx_word' id='word_1_794' title='bbox 2689 4225 2784 4278; x_wconf 87' lang='lat' dir='ltr'><strong>per</strong></span> <span class='ocrx_word' id='word_1_795' title='bbox 2814 4208 3220 4279; x_wconf 85' lang='lat' dir='ltr'><strong>improbitatem</strong></span> <span class='ocrx_word' id='word_1_796' title='bbox 3279 4211 3495 4266; x_wconf 86' lang='lat' dir='ltr'><strong>animas</strong></span> 
     </span>
    </p>
   </div>
   <div class='ocr_carea' id='block_1_107' title="bbox 1919 4299 3494 4371">
    <p class='ocr_par' dir='ltr' id='par_1_107' title="bbox 1919 4299 3494 4371">
     <span class='ocr_line' id='line_1_107' title="bbox 1919 4299 3494 4371; baseline 0.002 -18"><span class='ocrx_word' id='word_1_797' title='bbox 1919 4300 2188 4354; x_wconf 87' lang='lat' dir='ltr'><strong>adulterio</strong></span> <span class='ocrx_word' id='word_1_798' title='bbox 2221 4300 2434 4371; x_wconf 91' lang='lat' dir='ltr'><strong>polluit,</strong></span> <span class='ocrx_word' id='word_1_799' title='bbox 2491 4299 2684 4356; x_wconf 88' lang='lat' dir='ltr'><strong>fuisset</strong></span> <span class='ocrx_word' id='word_1_800' title='bbox 2717 4301 3042 4355; x_wconf 87' lang='lat' dir='ltr'><strong>commista:</strong></span> <span class='ocrx_word' id='word_1_801' title='bbox 3094 4316 3212 4355; x_wconf 89' lang='lat' dir='ltr'><strong>eam</strong></span> <span class='ocrx_word' id='word_1_802' title='bbox 3258 4301 3328 4356; x_wconf 84' lang='lat' dir='ltr'><strong>ob</strong></span> <span class='ocrx_word' id='word_1_803' title='bbox 3359 4316 3494 4356; x_wconf 50' lang='lat' dir='ltr'><strong>caua</strong></span> 
     </span>
    </p>
   </div>
   <div class='ocr_carea' id='block_1_108' title="bbox 1919 4392 3497 4463">
    <p class='ocr_par' dir='ltr' id='par_1_108' title="bbox 1919 4392 3497 4463">
     <span class='ocr_line' id='line_1_108' title="bbox 1919 4392 3497 4463; baseline 0.001 -17"><span class='ocrx_word' id='word_1_804' title='bbox 1919 4407 2035 4446; x_wconf 89' lang='lat' dir='ltr'><strong>sam</strong></span> <span class='ocrx_word' id='word_1_805' title='bbox 2068 4408 2229 4445; x_wconf 91' lang='lat' dir='ltr'><strong>verus</strong></span> <span class='ocrx_word' id='word_1_806' title='bbox 2266 4392 2513 4446; x_wconf 88' lang='lat' dir='ltr'><strong>medicus</strong></span> <span class='ocrx_word' id='word_1_807' title='bbox 2541 4395 2634 4462; x_wconf 92' lang='lat' dir='ltr'><strong>qui</strong></span> <span class='ocrx_word' id='word_1_808' title='bbox 2669 4393 2809 4448; x_wconf 87' lang='lat' dir='ltr'><strong>male</strong></span> <span class='ocrx_word' id='word_1_809' title='bbox 2833 4392 3094 4447; x_wconf 90' lang='lat' dir='ltr'><strong>habentes</strong></span> <span class='ocrx_word' id='word_1_810' title='bbox 3127 4400 3302 4458; x_wconf 87' lang='lat' dir='ltr'><strong>curat,</strong></span> <span class='ocrx_word' id='word_1_811' title='bbox 3330 4402 3497 4463; x_wconf 82' lang='lat' dir='ltr'><strong>prout</strong></span> 
     </span>
    </p>
   </div>
   <div class='ocr_carea' id='block_1_109' title="bbox 1919 4480 3496 4550">
    <p class='ocr_par' dir='ltr' id='par_1_109' title="bbox 1919 4480 3496 4550">
     <span class='ocr_line' id='line_1_109' title="bbox 1919 4480 3496 4550; baseline 0.001 -16"><span class='ocrx_word' id='word_1_812' title='bbox 1919 4480 2247 4534; x_wconf 89' lang='lat' dir='ltr'><strong>medicinam</strong></span> <span class='ocrx_word' id='word_1_813' title='bbox 2283 4482 2507 4536; x_wconf 89' lang='lat' dir='ltr'><strong>morbus</strong></span> <span class='ocrx_word' id='word_1_814' title='bbox 2536 4481 2810 4550; x_wconf 80' lang='lat' dir='ltr'><strong>exigebat,</strong></span> <span class='ocrx_word' id='word_1_815' title='bbox 2860 4481 2934 4535; x_wconf 90' lang='lat' dir='ltr'><strong>ita</strong></span> <span class='ocrx_word' id='word_1_816' title='bbox 2967 4481 3237 4537; x_wconf 90' lang='lat' dir='ltr'><strong>laboranti</strong></span> <span class='ocrx_word' id='word_1_817' title='bbox 3283 4483 3496 4541; x_wconf 54' lang='lat' dir='ltr'><strong>solliciq</strong></span> 
     </span>
    </p>
   </div>
   <div class='ocr_carea' id='block_1_110' title="bbox 1919 4571 3492 4644">
    <p class='ocr_par' dir='ltr' id='par_1_110' title="bbox 1919 4571 3492 4644">
     <span class='ocr_line' id='line_1_110' title="bbox 1919 4571 3492 4644; baseline -0.001 -20"><span class='ocrx_word' id='word_1_818' title='bbox 1919 4571 2164 4626; x_wconf 87' lang='lat' dir='ltr'><strong>tudinem</strong></span> <span class='ocrx_word' id='word_1_819' title='bbox 2192 4586 2347 4626; x_wconf 90' lang='lat' dir='ltr'><strong>suam</strong></span> <span class='ocrx_word' id='word_1_820' title='bbox 2374 4580 2428 4627; x_wconf 91' lang='lat' dir='ltr'><strong>et</strong></span> <span class='ocrx_word' id='word_1_821' title='bbox 2457 4573 2796 4627; x_wconf 88' lang='lat' dir='ltr'><strong>curationem</strong></span> <span class='ocrx_word' id='word_1_822' title='bbox 2829 4571 3098 4636; x_wconf 87' lang='lat' dir='ltr'><strong>adhibuit,</strong></span> <span class='ocrx_word' id='word_1_823' title='bbox 3138 4582 3196 4626; x_wconf 92' lang='lat' dir='ltr'><strong>ut</strong></span> <span class='ocrx_word' id='word_1_824' title='bbox 3228 4573 3492 4644; x_wconf 62' lang='lat' dir='ltr'><strong>quodam.</strong></span> 
     </span>
    </p>
   </div>
   <div class='ocr_carea' id='block_1_111' title="bbox 1920 4661 3490 4734">
    <p class='ocr_par' dir='ltr' id='par_1_111' title="bbox 1920 4661 3490 4734">
     <span class='ocr_line' id='line_1_111' title="bbox 1920 4661 3490 4734; baseline 0.001 -19"><span class='ocrx_word' id='word_1_825' title='bbox 1920 4662 2080 4715; x_wconf 83' lang='lat' dir='ltr'><strong>modo</strong></span> <span class='ocrx_word' id='word_1_826' title='bbox 2111 4661 2275 4716; x_wconf 89' lang='lat' dir='ltr'><strong>simul</strong></span> <span class='ocrx_word' id='word_1_827' title='bbox 2309 4677 2450 4732; x_wconf 75' lang='lat' dir='ltr'><strong>aeger</strong></span> <span class='ocrx_word' id='word_1_828' title='bbox 2484 4663 2600 4732; x_wconf 91' lang='lat' dir='ltr'><strong>ipse</strong></span> <span class='ocrx_word' id='word_1_829' title='bbox 2631 4663 2696 4715; x_wconf 90' lang='lat' dir='ltr'><strong>ad</strong></span> <span class='ocrx_word' id='word_1_830' title='bbox 2741 4670 2950 4716; x_wconf 68' lang='lat' dir='ltr'><strong>naturae</strong></span> <span class='ocrx_word' id='word_1_831' title='bbox 2981 4670 3180 4718; x_wconf 65' lang='lat' dir='ltr'><strong>nostrae</strong></span> <span class='ocrx_word' id='word_1_832' title='bbox 3213 4664 3490 4734; x_wconf 83' lang='lat' dir='ltr'><strong>aegritudi-</strong></span> 
     </span>
    </p>
   </div>
   <div class='ocr_carea' id='block_1_112' title="bbox 1919 4754 3497 4823">
    <p class='ocr_par' dir='ltr' id='par_1_112' title="bbox 1919 4754 3497 4823">
     <span class='ocr_line' id='line_1_112' title="bbox 1919 4754 3497 4823; baseline 0 -15"><span class='ocrx_word' id='word_1_833' title='bbox 1919 4769 2042 4808; x_wconf 87' lang='lat' dir='ltr'><strong>nem</strong></span> <span class='ocrx_word' id='word_1_834' title='bbox 2097 4770 2156 4810; x_wconf 85' lang='lat' dir='ltr'><strong>se</strong></span> <span class='ocrx_word' id='word_1_835' title='bbox 2197 4754 2586 4818; x_wconf 72' lang='lat' dir='ltr'><strong>conformaret,</strong></span> <span class='ocrx_word' id='word_1_836' title='bbox 2621 4765 2676 4809; x_wconf 90' lang='lat' dir='ltr'><strong>et</strong></span> <span class='ocrx_word' id='word_1_837' title='bbox 2730 4769 2862 4808; x_wconf 88' lang='lat' dir='ltr'><strong>caro</strong></span> <span class='ocrx_word' id='word_1_838' title='bbox 2911 4754 3061 4810; x_wconf 82' lang='lat' dir='ltr'><strong>ﬁeret</strong></span> <span class='ocrx_word' id='word_1_839' title='bbox 3117 4770 3238 4823; x_wconf 59' lang='lat' dir='ltr'><strong>quae</strong></span> <span class='ocrx_word' id='word_1_840' title='bbox 3284 4763 3497 4808; x_wconf 65' lang='lat' dir='ltr'><strong>natura)</strong></span> 
     </span>
    </p>
   </div>
   <div class='ocr_carea' id='block_1_113' title="bbox 1921 4844 3496 4910">
    <p class='ocr_par' dir='ltr' id='par_1_113' title="bbox 1921 4844 3496 4910">
     <span class='ocr_line' id='line_1_113' title="bbox 1921 4844 3496 4910; baseline -0.001 -10"><span class='ocrx_word' id='word_1_841' title='bbox 1921 4860 2036 4900; x_wconf 67' lang='lat' dir='ltr'><strong>sua:</strong></span> <span class='ocrx_word' id='word_1_842' title='bbox 2077 4861 2141 4900; x_wconf 87' lang='lat' dir='ltr'><strong>ac</strong></span> <span class='ocrx_word' id='word_1_843' title='bbox 2168 4845 2489 4904; x_wconf 69' lang='lat' dir='ltr'><strong>substantia:</strong></span> <span class='ocrx_word' id='word_1_844' title='bbox 2535 4847 2752 4902; x_wconf 85' lang='lat' dir='ltr'><strong>insitam</strong></span> <span class='ocrx_word' id='word_1_845' title='bbox 2799 4846 2961 4900; x_wconf 91' lang='lat' dir='ltr'><strong>habet</strong></span> <span class='ocrx_word' id='word_1_846' title='bbox 2999 4844 3391 4910; x_wconf 83' lang='lat' dir='ltr'><strong>infirmitatem,</strong></span> <span class='ocrx_word' id='word_1_847' title='bbox 3432 4858 3496 4900; x_wconf 74' lang='lat' dir='ltr'><strong>ut</strong></span> 
     </span>
    </p>
   </div>
   <div class='ocr_carea' id='block_1_114' title="bbox 1917 4933 3489 5009">
    <p class='ocr_par' dir='ltr' id='par_1_114' title="bbox 1917 4933 3489 5009">
     <span class='ocr_line' id='line_1_114' title="bbox 1917 4933 3489 5009; baseline -0.003 -19"><span class='ocrx_word' id='word_1_848' title='bbox 1917 4937 2074 4991; x_wconf 90' lang='lat' dir='ltr'><strong>nobis</strong></span> <span class='ocrx_word' id='word_1_849' title='bbox 2105 4936 2195 4992; x_wconf 89' lang='lat' dir='ltr'><strong>Dei</strong></span> <span class='ocrx_word' id='word_1_850' title='bbox 2222 4937 2394 5008; x_wconf 89' lang='lat' dir='ltr'><strong>ipsius</strong></span> <span class='ocrx_word' id='word_1_851' title='bbox 2414 4938 2576 4992; x_wconf 83' lang='lat' dir='ltr'><strong>verba</strong></span> <span class='ocrx_word' id='word_1_852' title='bbox 2610 4946 2922 5009; x_wconf 82' lang='lat' dir='ltr'><strong>testantur:</strong></span> <span class='ocrx_word' id='word_1_853' title='bbox 2962 4955 2977 4986; x_wconf 83' lang='grc' dir='ltr'><strong>ι</strong></span> <span class='ocrx_word' id='word_1_854' title='bbox 3003 4933 3241 5004; x_wconf 84' lang='lat' dir='ltr'><strong>Spiritus</strong></span> <span class='ocrx_word' id='word_1_855' title='bbox 3271 4935 3489 5004; x_wconf 85' lang='lat' dir='ltr'><strong>quidem</strong></span> 
     </span>
    </p>
   </div>
   <div class='ocr_carea' id='block_1_115' title="bbox 1917 5021 3494 5098">
    <p class='ocr_par' dir='ltr' id='par_1_115' title="bbox 1917 5021 3494 5098">
     <span class='ocr_line' id='line_1_115' title="bbox 1917 5021 3494 5098; baseline 0 -18"><span class='ocrx_word' id='word_1_856' title='bbox 1917 5037 2202 5098; x_wconf 82' lang='lat' dir='ltr'><strong>promptus</strong></span> <span class='ocrx_word' id='word_1_857' title='bbox 2232 5036 2339 5082; x_wconf 83' lang='lat' dir='ltr'><strong>est.</strong></span> <span class='ocrx_word' id='word_1_858' title='bbox 2372 5043 2501 5081; x_wconf 87' lang='lat' dir='ltr'><strong>caro</strong></span> <span class='ocrx_word' id='word_1_859' title='bbox 2529 5036 2709 5082; x_wconf 89' lang='lat' dir='ltr'><strong>autem</strong></span> <span class='ocrx_word' id='word_1_860' title='bbox 2738 5026 2952 5079; x_wconf 86' lang='lat' dir='ltr'><strong>infirma</strong></span> <span class='ocrx_word' id='word_1_861' title='bbox 2979 5025 3042 5077; x_wconf 83' lang='lat'><strong>“&#39;.</strong></span> <span class='ocrx_word' id='word_1_862' title='bbox 3071 5042 3088 5075; x_wconf 81' lang='grc' dir='ltr'><strong>ι</strong></span> <span class='ocrx_word' id='word_1_863' title='bbox 3120 5021 3410 5077; x_wconf 87' lang='lat' dir='ltr'><strong>Enimvero</strong></span> <span class='ocrx_word' id='word_1_864' title='bbox 3440 5023 3494 5080; x_wconf 75' lang='lat' dir='ltr'><strong>si</strong></span> 
     </span>
    </p>
   </div>
   <div class='ocr_carea' id='block_1_116' title="bbox 1918 5115 3489 5189">
    <p class='ocr_par' dir='ltr' id='par_1_116' title="bbox 1918 5115 3489 5189">
     <span class='ocr_line' id='line_1_116' title="bbox 1918 5115 3489 5189; baseline -0.003 -18"><span class='ocrx_word' id='word_1_865' title='bbox 1918 5119 2063 5189; x_wconf 88' lang='lat' dir='ltr'><strong>quod</strong></span> <span class='ocrx_word' id='word_1_866' title='bbox 2108 5119 2353 5173; x_wconf 87' lang='lat' dir='ltr'><strong>divinum</strong></span> <span class='ocrx_word' id='word_1_867' title='bbox 2411 5129 2530 5174; x_wconf 86' lang='lat' dir='ltr'><strong>erat</strong></span> <span class='ocrx_word' id='word_1_868' title='bbox 2576 5133 2699 5173; x_wconf 89' lang='lat' dir='ltr'><strong>cum</strong></span> <span class='ocrx_word' id='word_1_869' title='bbox 2750 5116 2804 5170; x_wconf 88' lang='lat' dir='ltr'><strong>in</strong></span> <span class='ocrx_word' id='word_1_870' title='bbox 2863 5115 3201 5169; x_wconf 89' lang='lat' dir='ltr'><strong>humanitate</strong></span> <span class='ocrx_word' id='word_1_871' title='bbox 3248 5115 3489 5184; x_wconf 88' lang='lat' dir='ltr'><strong>positum</strong></span> 
     </span>
    </p>
   </div>
   <div class='ocr_carea' id='block_1_117' title="bbox 1920 5205 3493 5280">
    <p class='ocr_par' dir='ltr' id='par_1_117' title="bbox 1920 5205 3493 5280">
     <span class='ocr_line' id='line_1_117' title="bbox 1920 5205 3493 5280; baseline -0.004 -16"><span class='ocrx_word' id='word_1_872' title='bbox 1920 5209 2136 5275; x_wconf 82' lang='lat' dir='ltr'><strong>fuisset,</strong></span> <span class='ocrx_word' id='word_1_873' title='bbox 2167 5218 2221 5265; x_wconf 91' lang='lat' dir='ltr'><strong>et</strong></span> <span class='ocrx_word' id='word_1_874' title='bbox 2250 5211 2393 5280; x_wconf 91' lang='lat' dir='ltr'><strong>quod</strong></span> <span class='ocrx_word' id='word_1_875' title='bbox 2426 5219 2540 5264; x_wconf 89' lang='lat' dir='ltr'><strong>erat</strong></span> <span class='ocrx_word' id='word_1_876' title='bbox 2569 5207 2880 5262; x_wconf 88' lang='lat' dir='ltr'><strong>immortale</strong></span> <span class='ocrx_word' id='word_1_877' title='bbox 2903 5207 2958 5259; x_wconf 92' lang='lat' dir='ltr'><strong>in</strong></span> <span class='ocrx_word' id='word_1_878' title='bbox 2991 5205 3233 5270; x_wconf 88' lang='lat' dir='ltr'><strong>mortali,</strong></span> <span class='ocrx_word' id='word_1_879' title='bbox 3266 5214 3317 5259; x_wconf 88' lang='lat' dir='ltr'><strong>et</strong></span> <span class='ocrx_word' id='word_1_880' title='bbox 3345 5205 3493 5274; x_wconf 82' lang='lat' dir='ltr'><strong>quod</strong></span> 
     </span>
    </p>
   </div>
   <div class='ocr_carea' id='block_1_118' title="bbox 1929 5296 3494 5372">
    <p class='ocr_par' dir='ltr' id='par_1_118' title="bbox 1929 5296 3494 5372">
     <span class='ocr_line' id='line_1_118' title="bbox 1929 5296 3494 5372; baseline -0.001 -22"><span class='ocrx_word' id='word_1_881' title='bbox 1929 5311 2124 5372; x_wconf 75' lang='lat' dir='ltr'><strong>puteus</strong></span> <span class='ocrx_word' id='word_1_882' title='bbox 2162 5303 2214 5354; x_wconf 93' lang='lat' dir='ltr'><strong>in</strong></span> <span class='ocrx_word' id='word_1_883' title='bbox 2251 5301 2486 5364; x_wconf 87' lang='lat' dir='ltr'><strong>inﬁrmo,</strong></span> <span class='ocrx_word' id='word_1_884' title='bbox 2523 5313 2575 5355; x_wconf 84' lang='lat' dir='ltr'><strong>et</strong></span> <span class='ocrx_word' id='word_1_885' title='bbox 2619 5299 2672 5353; x_wconf 91' lang='lat' dir='ltr'><strong>in</strong></span> <span class='ocrx_word' id='word_1_886' title='bbox 2718 5297 2966 5352; x_wconf 89' lang='lat' dir='ltr'><strong>mutabili</strong></span> <span class='ocrx_word' id='word_1_887' title='bbox 3016 5305 3182 5366; x_wconf 87' lang='lat' dir='ltr'><strong>atque</strong></span> <span class='ocrx_word' id='word_1_888' title='bbox 3223 5296 3494 5366; x_wconf 87' lang='lat' dir='ltr'><strong>corrupti-</strong></span> 
     </span>
    </p>
   </div>
   <div class='ocr_carea' id='block_1_119' title="bbox 1925 5388 3502 5463">
    <p class='ocr_par' dir='ltr' id='par_1_119' title="bbox 1925 5388 3502 5463">
     <span class='ocr_line' id='line_1_119' title="bbox 1925 5388 3502 5463; baseline -0.004 -15"><span class='ocrx_word' id='word_1_889' title='bbox 1925 5393 2018 5448; x_wconf 87' lang='lat' dir='ltr'><strong>bili</strong></span> <span class='ocrx_word' id='word_1_890' title='bbox 2069 5394 2213 5463; x_wconf 92' lang='lat' dir='ltr'><strong>quod</strong></span> <span class='ocrx_word' id='word_1_891' title='bbox 2258 5393 2592 5448; x_wconf 82' lang='lat' dir='ltr'><strong>immutabile</strong></span> <span class='ocrx_word' id='word_1_892' title='bbox 2635 5398 2753 5446; x_wconf 89' lang='lat' dir='ltr'><strong>erat</strong></span> <span class='ocrx_word' id='word_1_893' title='bbox 2803 5399 2856 5443; x_wconf 89' lang='lat' dir='ltr'><strong>et</strong></span> <span class='ocrx_word' id='word_1_894' title='bbox 2907 5388 3344 5459; x_wconf 87' lang='lat' dir='ltr'><strong>incorruptibile,</strong></span> <span class='ocrx_word' id='word_1_895' title='bbox 3378 5403 3502 5442; x_wconf 59' lang='lat' dir='ltr'><strong>man</strong></span> 
     </span>
    </p>
   </div>
   <div class='ocr_carea' id='block_1_120' title="bbox 1929 5483 3497 5554">
    <p class='ocr_par' dir='ltr' id='par_1_120' title="bbox 1929 5483 3497 5554">
     <span class='ocr_line' id='line_1_120' title="bbox 1929 5483 3497 5554; baseline -0.001 -16"><span class='ocrx_word' id='word_1_896' title='bbox 1929 5499 2059 5538; x_wconf 86' lang='lat' dir='ltr'><strong>nere</strong></span> <span class='ocrx_word' id='word_1_897' title='bbox 2102 5485 2350 5554; x_wconf 85' lang='lat' dir='ltr'><strong>permisit</strong></span> <span class='ocrx_word' id='word_1_898' title='bbox 2381 5488 2434 5538; x_wconf 89' lang='lat' dir='ltr'><strong>in</strong></span> <span class='ocrx_word' id='word_1_899' title='bbox 2476 5485 2806 5538; x_wconf 73' lang='lat' dir='ltr'><strong>mortalitate</strong></span> <span class='ocrx_word' id='word_1_900' title='bbox 2851 5483 3098 5546; x_wconf 88' lang='lat' dir='ltr'><strong>mortale,</strong></span> <span class='ocrx_word' id='word_1_901' title='bbox 3141 5484 3497 5552; x_wconf 78' lang='lat' dir='ltr'><strong>corruptibile</strong></span> 
     </span>
    </p>
   </div>
   <div class='ocr_carea' id='block_1_121' title="bbox 2286 5689 3496 5759">
    <p class='ocr_par' dir='ltr' id='par_1_121' title="bbox 2286 5689 3496 5759">
     <span class='ocr_line' id='line_1_121' title="bbox 2286 5689 3496 5759; baseline -0.002 -8"><span class='ocrx_word' id='word_1_902' title='bbox 2286 5700 2366 5752; x_wconf 82' lang='grc'><strong>15.</strong></span> <span class='ocrx_word' id='word_1_903' title='bbox 2443 5700 2462 5729; x_wconf 92' lang='grc'><strong>⁷</strong></span> <span class='ocrx_word' id='word_1_904' title='bbox 2495 5698 2679 5754; x_wconf 71' lang='lat' dir='ltr'><strong>Mulli].</strong></span> <span class='ocrx_word' id='word_1_905' title='bbox 2713 5714 2809 5759; x_wconf 74' lang='lat' dir='ltr'><strong>In.</strong></span> <span class='ocrx_word' id='word_1_906' title='bbox 2836 5698 2925 5752; x_wconf 68' lang='grc'><strong>42.</strong></span> <span class='ocrx_word' id='word_1_907' title='bbox 3002 5689 3022 5724; x_wconf 72' lang='grc'><strong><em>⁸</em></strong></span> <span class='ocrx_word' id='word_1_908' title='bbox 3053 5692 3225 5750; x_wconf 73' lang='lat' dir='ltr'><strong>Exod.</strong></span> <span class='ocrx_word' id='word_1_909' title='bbox 3268 5707 3361 5754; x_wconf 81' lang='lat' dir='ltr'><strong>xx,</strong></span> <span class='ocrx_word' id='word_1_910' title='bbox 3401 5693 3496 5755; x_wconf 65' lang='grc'><strong>22,</strong></span> 
     </span>
    </p>
   </div>
   <div class='ocr_carea' id='block_1_122' title="bbox 2189 5763 3496 5835">
    <p class='ocr_par' dir='ltr' id='par_1_122' title="bbox 2189 5763 3496 5835">
     <span class='ocr_line' id='line_1_122' title="bbox 2189 5763 3496 5835; baseline 0.002 -13"><span class='ocrx_word' id='word_1_911' title='bbox 2189 5771 2229 5801; x_wconf 75' lang='grc'><strong>’³</strong></span> <span class='ocrx_word' id='word_1_912' title='bbox 2262 5768 2361 5822; x_wconf 79' lang='lat' dir='ltr'><strong>lsa.</strong></span> <span class='ocrx_word' id='word_1_913' title='bbox 2395 5785 2466 5835; x_wconf 73' lang='grc' dir='ltr'>γι,</span> <span class='ocrx_word' id='word_1_914' title='bbox 2513 5771 2530 5826; x_wconf 88' lang='grc' dir='ltr'><strong>ι</strong></span> <span class='ocrx_word' id='word_1_915' title='bbox 2664 5770 2704 5800; x_wconf 85' lang='grc'><strong>¹³</strong></span> <span class='ocrx_word' id='word_1_916' title='bbox 2736 5768 2925 5824; x_wconf 80' lang='lat' dir='ltr'><strong>Matth.</strong></span> <span class='ocrx_word' id='word_1_917' title='bbox 2965 5783 3064 5830; x_wconf 75' lang='lat' dir='ltr'><strong>xtl,</strong></span> <span class='ocrx_word' id='word_1_918' title='bbox 3096 5765 3163 5822; x_wconf 80' lang='lat'><strong>59</strong></span> <span class='ocrx_word' id='word_1_919' title='bbox 3189 5780 3209 5831; x_wconf 76' lang='lat'><strong>&#39;,</strong></span> <span class='ocrx_word' id='word_1_920' title='bbox 3237 5778 3374 5835; x_wconf 73' lang='lat' dir='ltr'><strong>xvu,</strong></span> <span class='ocrx_word' id='word_1_921' title='bbox 3405 5763 3496 5827; x_wconf 70' lang='lat'><strong>16.</strong></span> 
     </span>
    </p>
   </div>
  </div>
