4020 6516
495 326 632 382 1275

1723 322 1780 376 S.
1821 318 2149 374 GllEGORll
2182 317 2472 373 NYSSENI

3610 322 3754 381 19.76

494 439 550 502 in
591 435 967 506 corruptione,
998 445 1052 490 et
1090 434 1196 487 alia
1239 433 1294 488 in
1329 432 1452 488 aliis
1484 431 1674 486 eodem
1731 432 1911 494 modo,
1949 446 2065 484 me-

2182 448 2277 492 mv,
2317 428 2584 482 ἀθανασία
2629 427 2864 494 ἐγένετο,
2898 429 3099 499 ὁμοίως
3146 430 3240 485 καὶ
3280 430 3343 485 τὸ
3385 432 3624 503 φθαρτὸν
3675 437 3757 496 εες

495 532 604 585 rito
641 529 766 600 quis
795 528 1068 582 binarium
1103 540 1391 580 numerum
1420 524 1472 577 in
1506 521 1642 578 Filio
1679 522 1771 577 Dei
1807 524 2071 578 observa-

495 624 588 686 rit,
627 633 752 675 cum
799 625 1092 686 utrumque
1136 630 1326 669 eorum
1379 628 1500 682 qum
1546 613 1824 666 contraria
1861 612 2072 664 ratione

2163 518 2472 599 ἀφθαρσίαν
2520 519 2805 588 μετέϐαλε,
2856 521 2950 574 καὶ
2993 522 3061 574 τὰ
3093 521 3229 576 ἄλλα
3278 523 3450 576 πάντα
3491 523 3758 586 ὡσαύτως

2166 611 2300 679 πρὸς
2341 609 2401 662 τὸ
2443 609 2651 672 ἀπαθές
2678 627 2736 662 τε
2773 611 2867 662 καὶ
2901 611 3042 664 θεῖον
3091 615 3446 684 μετεποιήθη·
3495 613 3578 678 τίς
3621 615 3758 668 ὑπο-

498 717 823 781 spectantur
877 706 1170 775 separatim
1223 705 1364 775 apud
1412 721 1471 759 se
1522 703 1916 758 numeraverit.
1975 703 2071 755 Sin

2182 701 2408 752 ιείπεται
2437 698 2592 767 λόγος
2625 702 2736 762 τοῖς
2759 703 2838 763 είς
2857 701 3046 773 δυῖκὴν
3070 703 3333 775 διαφορὰν
3361 705 3421 757 τὸ
3453 705 3512 757 ἓν
3541 705 3759 774 διασχί-

497 809 676 854 autem
721 797 950 850 mortale
990 796 1044 848 in
1081 794 1376 847 immortali
1409 793 1646 863 positum
1691 791 2073 844 immortalitas

2182 795 2348 856 ζουσιν
2371 808 2386 856 ;
2425 792 2481 843 Ὀ
2509 790 2616 861 γὰρ
2644 792 2814 859 Λόγος
2842 793 2936 846 καὶ
2959 793 3062 864 πρὸ
3084 795 3180 864 τῆς
3216 796 3415 862 σαρκὸς
3439 835 3453 858 ,
3488 799 3582 848 καὶ
3618 797 3758 865 μετά

498 892 705 946 factum
745 896 852 954 est,
885 887 1200 958 pariterque
1225 884 1581 954 corruptibile
1612 883 1666 934 in
1707 881 2077 948 incorruptio-

499 997 624 1036 nem
664 989 931 1034 mutatum
965 985 1072 1043 est,
1125 977 1341 1044 aliaque
1383 974 1566 1028 omnia
1620 973 1738 1041 pari
1777 972 1988 1024 ratione
2021 969 2077 1022 in

502 1072 962 1143 impatibilitatem
993 1068 1283 1138 quamdam
1322 1065 1772 1132 divinitatemque
1810 1075 2077 1115 conversa

503 1174 652 1232 sunt,
689 1166 815 1236 quis
846 1165 1000 1218 locus
1037 1159 1361 1230 relinquitur
1407 1171 1594 1211 eorum
1632 1155 1957 1209 commentis
1985 1153 2078 1222 qui

505 1261 560 1312 in
587 1255 950 1313 differentiam
974 1253 1208 1306 duorum
1231 1250 1280 1303 id
1317 1247 1460 1318 quod
1491 1263 1656 1300 unum
1680 1252 1765 1300 est
1791 1243 2078 1298 dividunt?

2173 881 2268 951 τὴν
2291 884 2348 933 ὲν
2382 882 2544 952 σαρκὶ
2569 883 2877 952 οἰκονομίαν
2900 883 3071 951 Λόγος
3104 887 3198 938 καὶ
3234 881 3321 956 ἦν,
3350 887 3443 938 καὶ
3477 886 3592 940 ἔστι
3614 904 3627 916 ο
3657 886 3759 940 καὶ

2171 973 2200 1024 ό
2246 972 2378 1035 Θεὸς
2423 973 2516 1025 καὶ
2548 974 2653 1044 πρὸ
2700 973 2800 1042 τῆς
2837 973 2931 1026 τοῦ
2978 975 3163 1029 δούλου
3217 979 3429 1048 μορφῆς
3474 982 3569 1032 καὶ
3619 981 3762 1052 μετά

2172 1063 2373 1133 ταύτην
2421 1066 2450 1116 6
2494 1063 2625 1127 Θεός
2666 1069 2803 1132 ἐστι,
2848 1067 2940 1120 καὶ
2982 1066 3043 1119 τὸ
3075 1067 3188 1136 φῶς
3229 1069 3290 1121 τὸ
3326 1070 3597 1140 ἀληθινὸν,
3628 1072 3760 1144 πρίν

2173 1170 2230 1205 τε
2276 1153 2522 1225 ὲλλάμψῃ
2567 1157 2633 1225 τῇ
2671 1156 2893 1226 σκοτίᾳ,
2937 1157 3030 1210 καὶ
3073 1159 3210 1228 μετά
3247 1159 3418 1214 ταῦτα
3456 1162 3570 1230 φῶς
3611 1166 3760 1217 ἐστιν

2175 1245 2444 1315 ἀληθινόν.

503 1349 739 1404 Verbum
791 1345 937 1402 enim
983 1351 1037 1398 et
1107 1352 1232 1396 ante
1288 1339 1719 1393 incarnationem
1792 1344 1845 1390 et
1895 1342 2019 1404 post
2097 1335 2562 1404 dispensationem
2619 1338 2672 1392 in
2741 1354 2906 1396 carne
2955 1339 3190 1397 Verbum
3247 1352 3302 1400 et
3351 1353 3472 1400 erat
3517 1354 3574 1401 et
3636 1356 3756 1408 est;

499 1446 741 1514 itemque
773 1441 916 1496 Deus
947 1445 1001 1494 et
1023 1446 1150 1492 ante
1181 1436 1414 1490 formam
1459 1432 1627 1497 servi,
1659 1438 1712 1486 et
1743 1437 1868 1500 post
1901 1430 2073 1498 ipsam
2114 1439 2199 1484 est
2231 1429 2373 1486 Deus
2404 1447 2702 1502 verumque
2735 1433 2918 1489 lumen
2967 1435 3046 1507 [et
3107 1446 3401 1508 antequam
3471 1440 3762 1498 illuceseat

507 1538 562 1592 in
597 1534 839 1590 tenebris
873 1540 927 1587 ct
955 1529 1188 1601 postea].

574 1631 631 1684 Si
663 1643 794 1698 ergo
818 1625 1113 1681 immobilis
1138 1632 1192 1679 et
1215 1620 1571 1676 immutabilis
1593 1619 1704 1674 Deo
1734 1618 2068 1673 conveniens

2241 1615 2304 1669 Εί
2354 1612 2446 1669 οὗν
2475 1617 2723 1681 ἀπτωτος
2766 1617 2861 1670 καὶ
2899 1618 3233 1689 ἀμετάθετος
3261 1623 3411 1677 πᾶσα
3449 1624 3758 1698 θεοπρεπὴς

501 1721 686 1777 omnis
734 1719 887 1774 notio
921 1718 987 1771 de
1026 1714 1320 1785 Unigenito
1361 1726 1576 1780 semper
1622 1718 1676 1764 et
1717 1712 1986 1773 cernitur,
2029 1715 2083 1762 ct

499 1819 583 1865 cst
626 1809 744 1878 ipse
791 1805 955 1869 idem,
993 1805 1183 1858 eodem
1227 1801 1389 1856 modo
1434 1816 1493 1855 se
1551 1799 1758 1853 habens
1806 1796 1949 1867 apud
2000 1811 2080 1861 se,

500 1899 594 1968 qui
624 1896 738 1951 ﬁeri
769 1901 948 1964 potest
979 1901 1037 1945 ut
1058 1892 1124 1945 ab
1147 1891 1239 1944 illo
1261 1903 1520 1958 COgautur
1541 1888 1660 1955 ejus
1688 1887 2082 1955 apparitiouem

501 2002 598 2058 per
627 1998 848 2038 carnem
883 1980 1154 2035 binarium
1189 1977 1425 2030 ﬁliorqu
1465 1989 1750 2028 numerum
1788 1972 2080 2041 appellare,

503 2077 730 2148 perinde
767 2073 926 2144 quasi
983 2072 1072 2124 hic
1110 2068 1332 2139 quidem
1377 2065 1549 2120 Filius
1579 2066 1651 2119 sit
1679 2064 1771 2134 qui
1811 2071 2084 2118 eratante

503 2169 727 2232 sam-uia,
784 2167 875 2220 ille
927 2169 1108 2219 autem
1162 2177 1257 2231 per
1305 2173 1525 2213 carnem
1571 2157 1715 2211 alius
1757 2155 1929 2209 Filius
1973 2151 2084 2207 Deo

510 2259 673 2314 luerit
717 2258 771 2311 in
805 2256 980 2310 lucem
1009 2249 1350 2308 editus?Nos
1383 2250 1527 2304 enim
1582 2259 1831 2301 naturam
1864 2245 2081 2315 quidem

509 2350 804 2402 humanam
838 2344 1016 2397 Verbo
1047 2342 1396 2410 eonjunctam
1421 2347 1692 2394 servatam
1714 2353 1837 2393 esse
1867 2353 1932 2390 cx
1968 2351 2084 2403 my-

508 2440 676 2496 sterio
719 2438 1012 2493 didicimus
1059 2442 1114 2488 et
1163 2432 1461 2489 credimus.
1512 2429 1709 2484 Filiqu
1761 2437 1942 2482 autem
1982 2426 2078 2482 Dei

506 2532 782 2587 carnalem
815 2545 938 2584 esse
971 2536 1025 2582 et
1057 2527 1310 2597 privatim
1343 2526 1485 2594 apud
1524 2539 1582 2579 se
1627 2522 1860 2592 spectari
1907 2535 2083 2588 neque

505 2624 824 2685 didicimus,
873 2634 1049 2690 neque
1082 2618 1225 2672 unde
1262 2615 1316 2671 id
1370 2615 1554 2685 colligi
1592 2613 1785 2684 possit,
1827 2611 2082 2682 intelligi-

506 2705 694 2778 nius;‘
723 2727 847 2766 nam
896 2724 1071 2778 neque
1113 2706 1258 2776 quod
1302 2713 1587 2775 peccaturo
1641 2716 1695 2758 et
1733 2701 2081 2757 maledictum

509 2813 729 2875 propter
775 2817 875 2856 nos
921 2801 1097 2854 fat-tus
1135 2800 1228 2860 sil,
1263 2804 1322 2850 ut
1377 2796 1554 2865 inquit
1595 2794 1890 2864 Apostolus
1920 2792 1983 2858 ¹⁶,
2027 2801 2080 2846 et

509 2897 862 2950 inﬁrmitates
893 2902 1109 2946 nostras
1137 2888 1428 2959 acceperit,
1473 2895 1530 2938 ut
1561 2887 1730 2940 Isaias
1761 2883 2078 2946 testatur",

507 2995 792 3058 petcatum
827 2986 966 3054 apud
1001 2998 1058 3038 se
1107 2997 1215 3035 non
1247 2985 1523 3041 sanatum,
1551 2985 1603 3031 et
1648 2975 1993 3030 maledictum
2031 2983 2083 3028 et

509 3079 882 3134 inﬁrmitatem
920 3075 1237 3144 dereliquit,
1266 3071 1359 3126 sed
1391 3070 1619 3124 mortale
1651 3067 1867 3137 quidem
1899 3067 2084 3121 absor-

509 3182 660 3239 ptum
693 3177 777 3224 est
809 3183 839 3222 a
871 3167 979 3220 vita
1005 3165 1068 3228 ¹⁸,
1103 3163 1402 3219 cruciﬁxus
1439 3169 1620 3213 autem
1665 3174 1730 3214 ex
1765 3157 2082 3211 inﬁrmitate

507 3262 640 3315 vivit
664 3276 728 3315 ex
769 3259 1058 3323 virtute",
1094 3263 1147 3309 et
1177 3253 1527 3309 maledictum
1562 3252 1614 3304 in
1647 3248 2081 3304 benedictionem

508 3361 776 3409 mutatum
827 3359 932 3416 est,
978 3358 1031 3404 et
1055 3347 1323 3420 quidquid
1370 3346 1425 3400 in
1474 3329 1681 3398 natura
1716 3353 1900 3398 nostra
1932 3340 2082 3394 inﬁr-

508 3459 656 3495 mum
696 3447 782 3496 est
826 3448 880 3494 et
911 3440 1200 3501 caducum,
1238 3435 1507 3491 divinitati
1549 3433 1898 3487 couunistum
1941 3431 1992 3483 in
2031 3429 2082 3484 id

507 3531 684 3585 evasit
730 3529 874 3599 quod
935 3530 1049 3598 ipsa
1101 3537 1184 3581 est
1242 3524 1524 3580 divinitas.
1570 3522 1724 3577 Unde
1773 3536 1902 3591 ergo
1963 3521 2081 3575 ﬁeri

510 3628 710 3691 potest,
748 3627 806 3674 ut
841 3620 1000 3673 alicui
1036 3618 1284 3674 biuarius
1326 3616 1432 3670 iste
1461 3615 1696 3669 ﬁliorqu
1732 3629 1994 3668 numerus
2027 3615 2078 3666 in

510 3724 746 3769 mentem
783 3714 984 3775 veniat,
1041 3721 1302 3781 tanquam
1347 3725 1416 3764 ex
1454 3708 1783 3764 necessitate
1835 3709 1903 3761 ab
1965 3708 2081 3777 ipsa

509 3805 927 3877 dispensatione
959 3804 1014 3858 in
1045 3818 1209 3858 carne
1237 3802 1302 3855 ad
1335 3800 1609 3871 ejusmodi
1638 3800 1950 3871 Opinionem
1981 3800 2083 3852 im-

513 3897 708 3966 pulso?
747 3895 851 3963 Qui
900 3897 1042 3951 enim
1079 3908 1291 3964 semper
1325 3901 1408 3948 est
1439 3895 1493 3946 in
1543 3891 1724 3955 Patre,
1759 3906 2081 3960 semperque

511 3988 723 4043 Patrem
775 3987 831 4042 iu
869 3987 1051 4056 seipso
1097 3985 1280 4049 habet,
1334 3985 1548 4054 ipsique
1594 3985 1803 4046 unitos,
1842 3984 1985 4036 sicut
2027 3992 2083 4037 et

510 4081 637 4131 olim
665 4086 804 4145 erat,
847 4078 922 4132 ita
949 4086 1001 4132 et
1031 4083 1114 4131 est
1153 4086 1208 4131 et
1242 4076 1380 4142 erit;
1410 4084 1463 4130 et
1490 4075 1636 4128 aliud
1682 4075 1750 4128 ab
1780 4074 1872 4126 illo
1901 4072 2076 4128 Filius

510 4185 687 4239 neque
734 4178 851 4223 erat
883 4183 1058 4237 neque
1108 4167 1229 4229 fuit,
1262 4181 1441 4235 neque
1485 4167 1620 4220 adeo
1654 4167 1776 4218 erit.
1813 4161 2075 4217 Primitiae

509 4276 639 4314 vero
681 4271 890 4314 naturae
925 4260 1196 4321 humanae,
1229 4272 1368 4327 quas
1411 4256 1522 4325 jam
1565 4256 1908 4323 omnipotens
1945 4253 2082 4307 divi-

512 4355 656 4406 nitas
687 4352 1008 4420 assumpsit,
1051 4358 1109 4404 ut
1135 4349 1336 4404 dixerit
1365 4347 1636 4418 quispiam
1666 4354 1789 4415 apta
1826 4345 2083 4398 similitu-

513 4444 639 4496 dine
663 4457 816 4505 usus,
854 4451 1112 4511 tanquam
1157 4440 1293 4494 aceti
1331 4448 1484 4509 gutta
1527 4437 1772 4508 quazdam
1819 4437 2085 4491 immenso

515 4535 649 4587 mari
676 4533 985 4592 commisla,
1015 4541 1143 4586 sunt
1173 4532 1280 4590 illae
1300 4532 1520 4600 quidem
1556 4531 1608 4583 in
1639 4528 1943 4590 divinitate,
1977 4543 2084 4586 non

513 4632 698 4676 tamen
729 4621 782 4675 in
813 4620 1180 4689 peculiaribus
1205 4621 1320 4675 suis
1349 4617 1797 4689 preprietatibus.
1824 4615 1913 4670 Sic
1941 4619 2084 4670 enim

513 4712 763 4767 binarius
799 4711 1035 4764 ﬁliorum
1070 4725 1329 4763 numerus
1353 4710 1533 4778 colligi
1578 4719 1781 4777 posset,
1817 4707 1862 4762 si
1898 4706 2085 4760 ineﬁ‘a-

451 4796 460 4815 '
514 4802 606 4856 bili
644 4802 698 4855 in
739 4800 1024 4855 divinitate
1063 4797 1184 4851 Filii
1226 4799 1429 4853 diversi
1459 4798 1676 4867 generis
1712 4805 1909 4851 natura
1933 4812 2082 4865 quaa-

512 4894 656 4963 piam
700 4890 1072 4961 peculiaribus
1126 4889 1242 4943 suis
1273 4889 1527 4959 insignita
1566 4884 1712 4943 notis
1760 4902 2084 4956 agnoscere-

509 4997 622 5049 tur,
651 4983 723 5036 ita
757 4989 816 5034 ut
844 4982 945 5035 hoc
976 4980 1192 5050 quidem
1221 4980 1496 5058 inﬁrmum
1520 4986 1684 5042 esset,
1749 4986 1842 5034 aut
1901 4993 2145 5048 parvum,

2183 1708 2360 1764 ἔννοια
2386 1710 2474 1763 διὰ
2502 1711 2699 1774 παντὸς
2739 1713 2866 1780 περὶ
2910 1713 2999 1765 τὸν
3045 1716 3317 1786 Μονογενῆ
3351 1718 3566 1786 ὁρᾶται,
3609 1720 3706 1772 καὶ
3730 1723 3760 1774 ό

2184 1802 2343 1866 αὑτός
2378 1802 2523 1853 ἐστιν
2551 1802 2637 1853 ἀεὶ
2672 1802 2806 1872 πρὸς
2835 1803 3024 1856 ἑαυτὸν
3053 1803 3312 1868 ὡσαύτως
3337 1805 3496 1877 ἔχων·
3530 1809 3652 1873 πῶς
3675 1827 3758 1873 τις

2184 1892 2216 1961 ὴ
2226 1892 2331 1962 μᾶς
2351 1889 2646 1959 ἀναγκάζει
2671 1891 2767 1963 τὴν
2789 1893 2877 1945 διὰ
2903 1895 3100 1963 σαρκὸς
3123 1896 3418 1968 γενομένην
3451 1900 3613 1954 αὐτοῦ
3639 1902 3763 1956 ἐπι.

2185 1981 2412 2050 φάνειαν
2476 1982 2607 2034 υῑῶν
2675 1983 2836 2036 δυάδα
2907 1986 3326 2056 κατονομάζειν,
3379 1991 3453 2055 ὡς
3506 1991 3601 2045 τοῦ
3661 1995 3760 2064 μὲν

2184 2073 2508 2143 προαιωνίου
2548 2074 2697 2138 ὄντος
2729 2075 2855 2128 Υἱοῦ
2880 2117 2893 2139 ,
2925 2076 3020 2130 τοῦ
3058 2078 3113 2130 δὲ
3157 2080 3244 2133 διὰ
3284 2083 3482 2152 σαρκὸς
3523 2085 3604 2155 τῷ
3641 2085 3763 2157 Θεῷ

2183 2163 2524 2234 γενηθέντος,
2557 2164 2717 2218 ἄλλου
2763 2165 2937 2233 Υἱοῦς
2980 2168 3170 2238 Ἡμεῖς
3215 2170 3322 2243 γὰρ
3371 2174 3608 2246 σωθῆναι
3661 2178 3761 2249 μὲν

2185 2256 2280 2324 τὴν
2308 2255 2651 2326 ἀνθρωπίνην
2682 2255 2841 2325 φύσιν
2871 2259 3158 2315 ὲνωθεῖσαν
3189 2261 3266 2333 τῷ
3283 2263 3459 2335 Λόγῳ,
3492 2267 3644 2338 παρά
3663 2267 3762 2322 τοῦ

2187 2346 2484 2416 μυστηρίου
2521 2347 2614 2398 καὶ
2647 2345 3045 2418 μεμαθήκαμεν
3087 2349 3181 2402 καὶ
3228 2353 3586 2422 πιστεύομεν·
3632 2357 3762 2411 Υἱὸν

2183 2437 2238 2488 δὲ
2277 2437 2410 2491 Θεοῦ
2453 2437 2702 2508 σάρκινον
2753 2439 3056 2506 ἰδιαζόντως
3097 2443 3180 2512 ἐφ’
3212 2444 3405 2497 ἑαυτοῦ
3457 2446 3762 2518 θιωρούμε-

2185 2542 2293 2588 νον,
2327 2524 2448 2579 οὔτε
2484 2526 2781 2598 ἐμάθομεν,
2825 2529 2947 2582 οὕτε
2989 2531 3046 2598 ἐξ
3081 2533 3394 2598 ἀκολουθίας
3435 2538 3579 2601 τινὸς
3618 2544 3761 2593 νοεῖν

2183 2617 2488 2688 ὲναγόμεθα
2509 2635 2522 2648 ⁸
2550 2617 2672 2672 οὔτε
2706 2620 2813 2690 γὰρ
2856 2621 3097 2693 ἁμαρτία
3127 2626 3218 2678 καὶ
3253 2628 3463 2699 κατάρα
3489 2629 3558 2682 δι’
3585 2633 3756 2701 ἡμᾶς,

2184 2707 2364 2772 καθὼς
2403 2711 2430 2762 6
2467 2709 2785 2774 Ἀπόστολος
2817 2713 2985 2782 λέγει,
3014 2716 3300 2785 γενόμενος
3319 2757 3333 2778 .
3382 2720 3473 2773 καὶ
3501 2723 3599 2786 τὰς
3623 2726 3761 2794 ἡμε-

2183 2800 2342 2870 τέρας
2372 2799 2550 2854 λαϐὼν
2601 2801 2901 2867 ἀσθενείας,
2940 2808 3079 2860 κατὰ
3130 2809 3228 2880 τὴν
3281 2812 3501 2866 Ἡσαΐου
3552 2815 3758 2887 φωνὴν,

2186 2891 2362 2961 ἀφῆκε
2414 2891 2541 2962 περὶ
2585 2891 2776 2946 ἑαυτὸν
2819 2894 3167 2966 ἀνιάτρευτον
3197 2898 3293 2969 τὴν
3323 2901 3616 2973 ἁμαρτίαν,
3665 2907 3763 2960 καὶ

2187 2983 2286 3051 τὴν
2311 2981 2575 3054 κατάραν,
2605 2981 2700 3036 καὶ
2730 2982 2829 3055 τὴν
2861 2985 3141 3041 ἀσθένειαν
3167 3004 3180 3017 ·
3212 2989 3344 3043 ἀλλὰ
3364 2990 3424 3044 τὸ
3449 2993 3546 3060 μὲν
3568 2992 3763 3064 θνητὸν

2185 3072 2408 3143 ὑπὸτῆς
2433 3070 2577 3142 ζωῆς
2619 3074 2925 3147 κατεπόθη·
2957 3077 2987 3129 6
3023 3077 3079 3130 δὲ
3121 3081 3453 3152 σταυρωθεὶς
3497 3083 3557 3148 ἐξ
3592 3084 3760 3138 ἀσθε-

2183 3163 2352 3228 νείας,
2375 3161 2440 3236 ζῇ
2467 3165 2530 3217 ὲκ
2549 3163 2856 3236 δυνάμεως’
2881 3166 2917 3237 ἥ
2951 3184 3010 3220 τε
3033 3170 3246 3242 κατάρα
3279 3173 3358 3236 είς
3380 3173 3630 3242 εὐλογίαν
3657 3192 3761 3247 με·

2181 3255 2464 3327 τεποιήθη,
2517 3256 2611 3311 καὶ
2658 3257 2781 3312 ὅσον
2829 3257 3048 3323 ἀσθενὲς
3079 3261 3176 3330 τῆς
3223 3261 3433 3330 φύσεως
3462 3264 3620 3336 ἡμῶν
3665 3269 3763 3322 καὶ

2184 3345 2442 3417 ἐπίκηρον
2475 3347 2783 3418 άνακραθὲν
2807 3351 2871 3419 τῇ
2895 3348 3126 3420 θεότητι,
3161 3354 3336 3406 ἐκεῖνο
3361 3355 3596 3421 ἐγένετο,
3622 3359 3761 3430 ὅπερ

2184 3437 2216 3506 ἡ
2244 3436 2432 3506 θεότης
2466 3438 2600 3490 ἐστί.
2651 3439 2820 3492 Πόθεν
2851 3436 2943 3493 οὖν
2969 3441 3033 3494 ἀν
3057 3460 3138 3506 τις
3167 3443 3263 3516 τὴν
3291 3444 3453 3500 δυάδα
3478 3447 3588 3502 τῶν
3627 3450 3758 3503 υἱῶν

2185 3527 2507 3593 ἐννοήσειεν,
2536 3527 2612 3590 ὡς
2649 3528 2860 3600 ἀνάγκη
2905 3532 3010 3583 τινὶ
3042 3531 3130 3585 διὰ
3156 3533 3252 3604 τῆς
3279 3537 3420 3591 κατά
3465 3539 3640 3611 σάρκα
3680 3543 3758 3594 οξ-

2187 3617 2445 3687 κονομίας
2484 3618 2621 3689 πρὸς
2652 3618 2750 3690 τὴν
2789 3620 3042 3692 τοιαύτην
3089 3623 3353 3695 ὑπόληψιν
3396 3627 3754 3700 ὲναγόμενος;

2194 3708 2253 3761 '0
2279 3708 2386 3779 γὰρ
2411 3709 2495 3762 ἀεὶ
2531 3712 2588 3762 ὲν
2626 3709 2701 3780 τῷ
2742 3713 2915 3782 Πατρὶ
2952 3713 3049 3777 ὢν,
3080 3715 3174 3768 καὶ
3205 3715 3292 3769 ἀεὶ
3323 3716 3458 3788 ἔχων
3492 3720 3549 3772 ὲν
3579 3720 3754 3792 ἑαυτῴ

2182 3800 2272 3854 τὸν
2305 3801 2544 3872 Πατέρα,
2578 3803 2671 3855 καὶ
2705 3803 2980 3874 ἡνωμένος
3014 3804 3182 3876 αὐτῷ,
3211 3806 3287 3871 ὡς
3321 3803 3388 3880 ἦν
3419 3810 3511 3864 καὶ
3537 3812 3748 3884 πρώην,

2182 3890 2325 3945 οὕτω
2375 3892 2466 3944 καὶ
2513 3893 2646 3956 ἔστι,
2698 3895 2789 3948 καὶ
2835 3894 3022 3961 ἔσται,
3062 3899 3154 3950 καὶ
3188 3899 3313 3953 ἄλλο
3362 3903 3492 3973 παρ’
3545 3905 3750 3959 ἐκεῖνον

2187 3984 2314 4047 Υίδς
2346 3982 2467 4037 οὔτε
2497 3979 2582 4054 ἦν,
2613 3983 2732 4038 οὔτε
2759 3986 2992 4053 ἐγένετο,
3024 3987 3145 4041 οὔτε
3173 3987 3343 4045 ἔσται.
3391 3993 3454 4045 Ἥ
3498 3994 3553 4048 δὲ
3597 4013 3754 4067 προσ-

2181 4074 2445 4145 ληφθεῖσα
2485 4076 2581 4146 τῆς
2625 4076 2970 4148 ἀνθρωπίνης
3015 4079 3227 4148 φύσεως
3255 4082 3471 4154 ἀπαρχὴ
3515 4084 3620 4138 ὑπὸ
3654 4085 3753 4158 τῆς

2185 4163 2589 4234 παντοδυνάμου
2629 4163 2897 4234 θεότητος,
2929 4165 3003 4229 ὡς
3047 4165 3112 4219 ἂν
3141 4166 3282 4220 εἴποι
3309 4185 3392 4232 τις
3418 4171 3586 4223 εἰκόνι
3613 4170 3750 4242 χρώ-

2193 4270 2371 4324 μενος,
2397 4248 2506 4307 οἶόν
2541 4271 2622 4316 τις
2661 4253 2873 4321 σταγὼν
2898 4254 3051 4319 δξους
3091 4255 3302 4328 ἀπείρῳ
3341 4259 3564 4326 πελάγει
3591 4276 3747 4313 κατα-

2188 4343 2484 4415 κραθείσα,
2539 4343 2656 4395 ἐστὶ
2710 4343 2808 4412 μὲν
2855 4345 2912 4396 ἐν
2968 4343 3212 4414 θεότητι,
3279 4347 3338 4398 οὐ
3383 4349 3493 4418 μὴν
3538 4352 3596 4401 ὲν
3641 4352 3744 4413 τοῖς

2187 4434 2338 4497 ἰδίοις
2367 4433 2536 4503 αὐτῆς
2584 4433 2879 4504 ἱδιώμασιν.
2933 4433 3086 4488 Οὕτω
3128 4437 3235 4507 γάρ
3284 4436 3349 4492 ἂν
3399 4439 3430 4509 ἡ
3472 4438 3579 4492 τῶν
3623 4439 3746 4494 υἱῶν

2185 4524 2314 4587 δυὰς
2345 4523 2650 4586 ἀκολούθως
2695 4524 2990 4588 ὑπενοεῖτο,
3033 4526 3080 4576 εἰ
3107 4529 3173 4596 τῇ
3209 4527 3469 4599 ἀφράστῳ
3494 4529 3586 4582 τοῦ
3624 4529 3745 4584 Υίοῦ

2189 4614 2401 4685 θεότητι
2435 4615 2752 4684 ἑτερογενής
2787 4631 2871 4678 τις
2918 4615 3076 4684 φύσις
3108 4617 3166 4668 ὲν
3214 4617 3468 4682 ίδιάζουσι
3509 4620 3745 4690 σημείοις

2187 4705 2604 4773 ἐπεγινώσκετο,
2635 4705 2710 4768 ὡς
2737 4702 2873 4760 εἶναι
2901 4709 2960 4760 τὸ
2992 4708 3090 4778 μὲν
3122 4709 3362 4774 ἀσθενὲς,
3391 4710 3421 4781 ἦ
3472 4713 3685 4784 μικρὸν,
3717 4712 3749 4781 ἢ

2189 4794 2444 4863 φθαρτὸν,
2479 4796 2511 4866 ἢ
2549 4796 2906 4867 ’πρόσκαιρον⁵
2939 4797 2997 4849 τὸ
3041 4798 3116 4864 δὲ,
3162 4799 3404 4863 δυνατὸν,
3450 4801 3543 4854 καὶ⁸
3589 4801 3744 4870 μέγα,

2189 4886 2482 4956 ἄφθαρτον,
2527 4887 2618 4938 καὶ
2657 4887 2842 4941 ἀΐδιον.

2187 4986 2280 5033 aut
2319 4979 2707 5046 corruptibile,
2759 4989 2853 5032 aut
2908 4989 3376 5049 momentaneum;
3429 4984 3561 5038 illud
3620 5001 3745 5041 vero

513 5091 703 5150 potens
738 5087 792 5134 et
839 5094 1113 5148 magnum,
1157 5084 1210 5130 et
1264 5076 1674 5146 ineorruptibile
1720 5083 1885 5147 atque
1928 5084 2212 5128 aeternum.

583 5176 812 5242 Quando
853 5183 1032 5229 autem
1073 5173 1327 5228 omnibus
1362 5171 1662 5226 immutatis
1694 5171 1748 5224 in
1778 5169 2080 5224 divinitatis

514 5267 944 5337 proprietatibus
985 5279 1324 5332 quacunque
1356 5262 1409 5315 in
1442 5261 1656 5315 mortali
1695 5275 1818 5315 cum
1865 5259 2078 5312 mortali

515 5367 659 5413 statu
691 5356 839 5410 cerni
885 5360 1138 5424 possunt,
1191 5354 1244 5406 in
1279 5353 1430 5407 nullo
1470 5351 1772 5406 diﬁ'erentia
1806 5348 2080 5417 comperi-

515 5459 605 5502 tur
634 5463 646 5500 :
672 5446 934 5517 quidquid
967 5445 1110 5498 enim
1144 5442 1266 5497 Filii
1297 5444 1439 5497 videt
1463 5443 1750 5512 quisquam
1771 5480 1785 5503 ,
1820 5439 2078 5493 divinitas

513 5549 617 5596 cst.
664 5539 952 5607 sapientia,
985 5537 1184 5600 virtus,
1221 5535 1600 5600 sanctiﬁcatio,
1631 5530 2068 5604 impassibilitas:

589 5721 695 5775 "ll
726 5723 850 5784 Cor.
893 5739 944 5782 v.
979 5722 1066 5774 εει.

2265 5166 2482 5237 Ἐπειδὴ
2523 5166 2578 5219 δὲ
2608 5167 2821 5220 πάντων
2859 5165 2967 5219 τῶν
2994 5166 3071 5238 τῷ
3113 5169 3289 5240 θνητῷ
3329 5173 3746 5236 συνεπιθεωοουο

2186 5258 2360 5327 μένων
2390 5258 2446 5310 ὲν
2491 5261 2601 5320 τοῖς
2648 5261 2748 5327 τῆς
2789 5257 3036 5328 θεότητος
3073 5258 3320 5330 ἰδιώμασι
3360 5265 3744 5334 μεταποιηθέν-

2178 5364 2306 5409 των,
2355 5348 2413 5398 ὲν
2457 5345 2632 5398 οὐδενὶ
2684 5345 3157 5416 καταλαμϐάνεται
3214 5351 3246 5419 ἡ
3293 5351 3559 5423 διαφοράο
3611 5356 3744 5426 ὅπερ

2179 5436 2285 5506 γάρ
2339 5436 2404 5490 ἄν
2433 5452 2516 5498 τις
2553 5436 2650 5488 ἴδοι
2687 5436 2781 5488 τοῦ
2810 5436 2960 5502 Υίοῦ,
2996 5437 3182 5509 θεότης
3211 5441 3346 5504 ἐστὶ,
3379 5442 3557 5510 σοφία,
3588 5444 3743 5501 δύνα-

2179 5545 2290 5598 μις,
2324 5527 2612 5597 ἁγιασμὸς,
2651 5527 2916 5582 ἀπάθεια⁶
2949 5529 3064 5594 πῶς
3085 5530 3150 5583 ἂν
3191 5531 3445 5604 διαιροίτο
3481 5534 3542 5588 τὸ
3562 5534 3618 5588 ἒν
3667 5535 3741 5596 είς

1148 5720 1188 5750 ιτ
1231 5719 1458 5782 lsa.t.ut,
1492 5717 1543 5772 4.
1623 5719 1665 5748 ¹⁸
1694 5715 1734 5770 ll
1769 5713 1891 5769 Cor.
1923 5727 1974 5768 ν,
2010 5711 2059 5764 4.
2140 5709 2181 5740 ¹⁹
2212 5705 2253 5759 ιι
2288 5707 2411 5763 ϐυτ.
2439 5721 2558 5772 χιιι,
2607 5705 2658 5764 4.
