4020 6530
294 376 436 431 1977

1415 372 1784 430 ADVERSUS
1825 374 2335 432 APOLLINABEM.

3406 376 3540 435 1278

290 498 481 569 δυῖκὴν
528 496 834 567 σημασίαν,
890 496 1159 566 μηδεμιᾶς
1202 494 1460 565 διαφορᾶς
1504 497 1593 548 τὸν
1640 496 1863 566 ἀριθμὸν

1973 500 2066 568 qui
2132 497 2247 552 ﬁeri
2289 505 2489 568 potest,
2544 508 2600 552 ut
2630 499 2775 570 quod
2825 514 2993 554 unum
3027 506 3127 564 est,
3162 498 3217 552 in
3255 499 3536 555 notionem

294 587 661 659 μεριζούσης;
700 587 766 638 Ἠ
800 586 907 655 γὰρ
935 586 1121 655 θεότης
1157 585 1218 638 τὸ
1247 585 1497 638 ταπεινὸν
1524 585 1867 656 ὑπερύψωσε,

291 683 387 729 καὶ
434 678 509 748 τῷ
559 676 1034 746 κατωνομασμὲνῳ
1073 674 1431 744 ἀνθρωπικῶς
1484 676 1542 728 τὸ
1583 677 1721 746 ὑπὲρ
1765 679 1870 729 πᾶν

292 764 431 821 εἶναι
482 768 649 839 ὄνομα
684 768 1009 837 ὲχαρίσατο’
1055 768 1113 819 τὸ
1162 767 1474 836 ὑποχείριον
1525 767 1617 819 καὶ
1663 766 1867 829 δοῦλον,

295 860 483 931 κύριον
512 860 604 913 καὶ
632 858 854 929 βασιλέα
879 858 1099 927 ἐποίησε
1119 874 1133 889 ο
1186 856 1366 919 καθὼς
1400 858 1428 908 ό
1460 857 1662 927 Πέτρος
1684 858 1864 928 φησιν,

295 954 378 1005 ὅτι
414 952 614 1021 Κύριον
636 952 795 1003 αὑτὸν
838 951 933 1003 καὶ
958 950 1188 1020 Χριστὸν
1215 949 1243 1000 ὁ
1274 949 1404 1012 Θεὸς
1434 949 1675 1017 ἐποίησε.
1712 946 1871 1000 Νοοῦ-

300 1060 399 1113 μεν
440 1045 547 1113 γὰρ
594 1042 682 1095 διὰ
727 1040 820 1095 τοῦ
867 1042 1100 1112 Χριστοῦ
1152 1040 1452 1109 βασιλείαν,
1499 1041 1593 1093 καὶ
1630 1039 1717 1093 διὰ
1768 1040 1869 1109 τὴν

296 1134 495 1205 ἀκριϐῆ
544 1134 767 1204 ἑνότητα
812 1134 908 1203 τῆς
951 1150 1011 1185 τε
1052 1131 1484 1203 προσληαθείσης
1514 1131 1733 1202 σαρκὸς,
1775 1131 1870 1184 καὶ

293 1224 393 1293 τῆς
445 1222 886 1295 προσλαϐομένης
940 1223 1211 1294 θεότητος,
1274 1223 1748 1293 ἀντιμεθίστανται
1801 1222 1868 1276 τὰ

290 1317 560 1383 ὀνόματα’
598 1313 738 1367 ὥστε
767 1315 860 1367 καὶ
902 1314 963 1367 τὸ
1006 1313 1344 1385 ἀνθρώπινον
1366 1314 1442 1384 τῷ
1493 1313 1644 1383 θείῳ,
1686 1315 1781 1368 καὶ
1805 1314 1867 1367 τὸ

300 1412 442 1461 θεῖον
468 1404 545 1476 τῷ
566 1404 892 1475 ἀνθρωπίνῳ
918 1405 1398 1474 κατονομάζεσθαι.
1416 1404 1506 1457 Διὸ
1525 1406 1618 1458 καὶ
1634 1407 1661 1457 ὀ
1686 1406 1867 1459 ἐσταυ-

292 1497 533 1567 ρωμένος
584 1495 783 1567 Κύριος
806 1496 905 1566 τῆς
929 1494 1087 1565 δόξης
1108 1498 1211 1549 ὑπὸ
1240 1497 1332 1551 τοῦ
1360 1497 1569 1551 Παύλου
1601 1499 1862 1565 καλεῖται,

290 1586 383 1639 xui.
431 1588 459 1637 ό
504 1585 976 1656 προσκυνούμενος
1030 1587 1133 1641 ὑπὸ
1169 1588 1347 1659 πάσης
1400 1588 1627 1653 κτίσεως
1664 1590 1769 1644 τῶν
1805 1608 1865 1645 τε

289 1677 647 1747 ἐπουρανίων,
684 1678 778 1729 καὶ
803 1676 1079 1744 ὲπιγείων,
1117 1679 1211 1731 καὶ
1236 1680 1619 1749 καταχθονίων,
1660 1681 1865 1752 Ἰησοῦς

287 1768 631 1838 ὀνομάζεται.
664 1771 762 1824 Διὰ
794 1770 999 1825 τούτων
1036 1772 1145 1843 γὰρ
1176 1774 1433 1845 ήάληθής
1468 1792 1527 1827 τε
1559 1776 1651 1829 καὶ
1688 1776 1865 1829 ἀδιαί-

1969 586 2241 655 duplicem
2271 586 2565 651 dividatur,
2600 605 2723 642 cum
2774 590 2921 642 nulla
2960 588 3031 644 sit
3066 586 3393 652 differentia,
3427 603 3537 658 qua

1968 677 2179 731 numeri
2234 676 2520 732 distinctio
2566 678 2811 732 nitatur?
2871 678 3139 733 Divinitas
3196 677 3342 731 enim
3389 677 3536 746 quod

1968 768 2174 821 humile
2221 767 2344 831 fuit,
2399 771 2849 840 superexaltavit,
2906 778 2959 823 ct
3000 771 3049 822 ei
3106 767 3250 838 quod
3297 767 3536 821 humano

1969 872 2120 910 more
2179 858 2586 921 nominabatur,
2627 860 2819 927 largita
2873 866 2978 921 est,
3022 866 3081 912 ut
3155 872 3321 927 super
3375 871 3536 911 omne

1967 970 2162 1011 nomen
2206 968 2384 1025 esset;
2423 962 2565 1028 quod
2600 960 2880 1014 subditum
2919 965 2973 1013 et
3004 972 3219 1013 servum
3262 962 3397 1019 erat,
3430 956 3535 1008 do-

1969 1046 2175 1100 minum
2227 1064 2520 1119 regemque
2564 1048 2712 1113 fecit,
2763 1049 2906 1104 sicut
2939 1055 2999 1101 et
3036 1046 3227 1100 Petrus
3264 1046 3441 1114 inquit
3461 1044 3531 1107 ὀ,

1968 1135 2258 1192 Dominum
2286 1155 2408 1194 eum
2444 1150 2499 1194 et.
2545 1140 2826 1194 Christum
2862 1140 2990 1194 fecit
3040 1137 3202 1191 Deus.
3248 1135 3350 1189 Per
3382 1135 3534 1189 Chri-

1968 1236 2112 1282 Stum
2154 1230 2298 1283 enim
2344 1246 2571 1301 regnum
2617 1231 2992 1301 intelligimus,
3049 1236 3103 1282 et
3164 1236 3386 1296 propter
3440 1240 3535 1278 cx-

1969 1328 2148 1373 actam
2177 1322 2432 1375 uniouem
2465 1332 2760 1391 assumpta:
2793 1321 2976 1374 carnis
3005 1330 3058 1374 et
3089 1318 3418 1373 assumentis
3449 1318 3534 1369 ili-

1966 1409 2213 1464 vinitatis
2237 1412 2716 1467 communicantur
2742 1419 2796 1465 et
2828 1417 3017 1463 mutuo
3046 1408 3249 1462 dantur
3286 1408 3535 1471 nomina,

1968 1499 2043 1552 ita
2089 1507 2149 1552 ut
2179 1508 2232 1554 et
2263 1502 2561 1555 humanum
2606 1518 2665 1555 ex
2695 1501 2902 1563 divino,
2946 1508 3000 1556 et
3034 1501 3279 1556 divinum
3329 1515 3396 1553 ex
3429 1500 3533 1553 hu-

1968 1604 2131 1643 mano
2175 1589 2579 1645 denominetnr.
2615 1590 2960 1661 Quapropter
3006 1597 3063 1645 et
3105 1591 3199 1658 qui
3231 1589 3531 1644 cruciﬁxus

1966 1690 2050 1733 est
2085 1679 2347 1736 Dominus
2389 1682 2575 1751 gloria:
2621 1697 2649 1735 a
2681 1680 2850 1735 Paulo
2882 1680 3184 1745 vocatur",
3220 1687 3274 1735 et
3322 1680 3414 1735 ille
3436 1680 3531 1748 qui

1969 1770 2038 1825 ab
2068 1771 2214 1824 omni
2244 1780 2497 1827 creatura
2531 1774 2860 1838 caelestium,
2893 1773 3236 1830 terrestrium
3278 1780 3331 1825 et
3360 1770 3531 1826 infer-

292 1879 444 1933 ρετος
490 1862 680 1924 ἓνωσις
714 1862 1073 1933 ἑρμηνεύεται
1108 1865 1171 1917 ὲκ
1208 1865 1299 1919 τοῦ
1331 1866 1424 1918 καὶ
1450 1866 1549 1937 τὴν
1587 1867 1863 1940 ἄφραστον

1966 1876 2160 1915 norum
2211 1860 2576 1928 adoratur",
2634 1862 2796 1919 Jesus
2844 1863 3180 1918 nominatur.
3241 1860 3338 1917 His
3382 1860 3527 1916 enim

286 1954 387 2023 τῆς
416 1953 664 2024 θεότητος
689 1955 844 2019 δόξαν
873 1960 937 2028 τῇ
983 1957 1077 2010 τοῦ
1116 1957 1246 2010 Υίοῦ
1283 1959 1623 2029 προσηγορίᾳ
1662 1960 1861 2030 σημαία

287 2045 491 2109 νεσθαι,
516 2046 645 2099 ὅταν
672 2049 823 2101 πᾶσα
855 2047 994 2119 σὰρξ
1013 2048 1472 2119 ἐξομολογήσηται
1502 2051 1596 2104 καὶ
1620 2051 1858 2119 γλῶσσα,

287 2138 371 2191 ὅτι
410 2136 610 2208 Κύριος
674 2138 877 2208 Ἰησοῦς
932 2139 1165 2210 Χριστὸς
1193 2140 1271 2203 είς
1312 2139 1469 2205 δόξαν
1514 2140 1671 2205 Θεοῦ,
1721 2142 1861 2196 ὥστε

284 2228 375 2280 τὸν
419 2229 487 2281 τὰ
528 2228 673 2298 πάθη
719 2229 813 2282 τοῦ
851 2229 1085 2301 σταυροῦ
1126 2229 1580 2300 καταδεξάμενον,
1627 2233 1721 2286 καὶ
1766 2250 1863 2285 πε-

289 2320 579 2391 ρονηθέντα
637 2321 821 2392 ἥλοις,
887 2323 980 2375 καὶ
1023 2322 1360 2394 διαπαρέντα
1413 2324 1601 2396 λόγχῃ.
1660 2325 1863 2397 Κύριον

286 2412 441 2481 δόξης
472 2412 574 2465 ὑπὸ
604 2412 696 2465 τοῦ
740 2412 954 2467 Παύλου
987 2414 1507 2486 προσαγορεύεσθαι.
1548 2417 1610 2469 Ei
1646 2413 1737 2470 οὖν
1770 2419 1863 2472 καὶ

282 2503 344 2555 τὸ
374 2502 709 2572 ἀνθρώπινον
737 2504 838 2558 οὐκ
872 2506 931 2557 ὲν
961 2507 1082 2569 τοῖς
1116 2504 1328 2574 φύσεως
1372 2506 1619 2576 ίδιὼμασι
1651 2508 1860 2561 δείκνυ-

283 2611 394 2657 ται,
431 2594 567 2646 ἀλλὰ
600 2594 800 2665 Κύριος
828 2595 927 2665 τῆς
958 2595 1114 2664 δόξης
1158 2597 1324 2660 ἐστὶν,
1357 2597 1456 2649 οῦκ
1486 2596 1551 2650 ἂν
1580 2598 1637 2651 δέ
1666 2616 1752 2659 τις
1793 2602 1865 2652 εί-

288 2686 410 2738 πείν
436 2684 529 2737 δύο
562 2685 787 2754 κυρίους
811 2684 968 2755 δόξης
988 2684 1296 2755 τολμήσειε,
1330 2684 1514 2754 μαθὼν
1540 2686 1620 2739 ὅτι
1650 2681 1728 2750 εἷς
1758 2685 1865 2739 K6-

287 2792 399 2847 ριος
444 2775 647 2846 Ἰησοῦς
692 2775 943 2846 Χριστὸς,
985 2774 1049 2828 δι’
1083 2768 1144 2827 οὗ
1187 2775 1253 2827 τὰ
1287 2778 1481 2829 πάντα’
1533 2777 1695 2829 πόθεν
1732 2779 1862 2848 ἡμῖν

285 2867 602 2920 ἐπικαλοῦσι
643 2867 751 2919 τῶν
796 2861 926 2920 tile
966 2866 1063 2934 τὴν
1104 2866 1271 2919 δυάδα
1322 2868 1373 2920 οἱ
1420 2867 1516 2939 τὴν
1553 2867 1674 2920 καθ’
1707 2868 1861 2939 ἡμῶν

286 2956 618 3029 κατηγορίαν
678 2958 1030 3029 εὐπρόσωπον
1079 2959 1335 3030 ἀφορμὴν
1395 2962 1472 3023 εἰς
1522 2958 1862 3031 κατασκευὴν

286 3050 391 3102 τῶν
439 3049 582 3103 ίδίων
624 3047 941 3120 ὑπολήψεων
984 3049 1448 3121 προὸαλλόμενοις
1506 3048 1586 3101 Τὰ
1630 3048 1727 3118 μὲν
1771 3044 1862 3103 οὖν

286 3143 417 3212 παρ’
440 3140 595 3211 ἡμῶν
618 3133 696 3205 εἰς
722 3140 1033 3209 ἀπολογίαν.
1060 3140 1283 3194 τοιαῦτα
1304 3160 1316 3173 ο
1340 3140 1610 3212 ζητοῦμεν
1632 3140 1686 3193 δὲ
1714 3141 1862 3213 παρὰ

284 3231 383 3299 τῆς
419 3232 515 3302 σῆς
542 3232 599 3286 ὲν
624 3230 841 3303 Χριστῷ
865 3231 1202 3303 τελειότητος
1232 3232 1451 3303 μείζονα
1484 3232 1577 3285 καὶ
1606 3232 1861 3286 τελειοτέ-

288 3339 388 3393 ραν
431 3322 529 3393 τῆς
573 3322 828 3393 ἀληθείας
859 3324 955 3394 τὴν
988 3324 1322 3395 συμμαχίαν,
1375 3325 1449 3388 ὡς
1488 3324 1554 3378 ἂν
1593 3324 1860 3396 μηδεμίαν

287 3412 459 3481 ἔχοιεν
496 3413 636 3467 κατὰ
680 3415 778 3484 τῆς
819 3414 1072 3487 ἀληθείας
1101 3418 1178 3481 εἰς
1209 3416 1537 3486 κατηγορίαν
1578 3415 1768 3486 λαϐὴν,
1815 3417 1864 3469 οἱ

287 3503 372 3559 διὰ
422 3503 522 3574 τῆς
562 3503 682 3558 καθ’
729 3504 883 3576 ἡμῶν
939 3506 1197 3577 μέμψεως
1233 3506 1330 3571 τὰς
1385 3504 1520 3571 ἰδίας
1569 3505 1863 3579 ὑπολήψεις

287 3594 665 3671 κρατύνοντες.

364 3936 409 3969 ³⁸
448 3937 563 3987 λιιι.
599 3951 656 4001 ιι,
684 3934 772 3989 56.
850 3936 890 3967 ’⁸
925 3934 1091 3989 lCur.
1132 3952 1190 3997 ll,
1224 3936 1275 3990 8.
1354 3937 1398 3968 η
1428 3936 1657 4006 Philipp.
1704 3953 1762 3998 It,
1800 3938 1878 3992 l0.

1963 1969 2091 2007 vera
2136 1954 2526 2025 iudividuaque
2560 1956 2688 2010 uuio
2731 1956 3063 2019 declaratur,
3096 1970 3159 2008 ex
3193 1969 3258 2008 eo
3287 1954 3431 2024 quod
3476 1960 3531 2006 et

1963 2040 2253 2096 ineﬁabilis
2284 2045 2456 2113 gloria
2483 2043 2789 2099 divinitatis
2822 2042 2944 2097 Filii
2987 2044 3349 2113 appellatione
3387 2044 3532 2098 desi-

1962 2142 2179 2201 gnetur,
2208 2148 2331 2188 cum
2356 2134 2537 2191 omnis
2566 2150 2697 2190 caro
2721 2136 3049 2190 conﬁteatur
3081 2144 3135 2188 et
3168 2135 3375 2204 lingua,
3399 2134 3529 2203 quia

1962 2223 2226 2281 Dominus
2262 2223 2421 2281 Jesus
2466 2226 2719 2282 Christus
2754 2228 2806 2281 in
2852 2227 3023 2297 gloria
3067 2234 3151 2281 est
3206 2225 3295 2281 Dei
3329 2226 3527 2289 Patris,

1963 2316 2037 2368 ita
2074 2324 2132 2369 ut
2172 2318 2265 2386 qui
2316 2320 2499 2373 crucis
2543 2326 2811 2373 tormenta
2864 2318 2936 2372 sit
2982 2333 3209 2389 passus,
3254 2325 3308 2372 et
3360 2317 3530 2372 clavis

1963 2406 2245 2473 conﬁxus,
2298 2424 2361 2463 ac
2404 2408 2591 2463 lancea
2631 2409 2985 2473 vulneratus,
3034 2424 3065 2463 a
3119 2407 3288 2462 Paulo
3345 2408 3531 2479 gloria.-

1965 2494 2227 2552 Dominus
2260 2497 2585 2566 appelletur.
2636 2495 2691 2551 Si
2727 2512 2857 2566 ergo
2892 2496 3035 2567 quod
3078 2497 3375 2551 humanum
3424 2509 3527 2559 est,

1961 2602 2070 2640 non
2102 2586 2157 2641 in
2189 2588 2617 2658 proprietatibus
2647 2596 2855 2643 naturae
2896 2604 3018 2644 esse
3067 2589 3403 2652 ostenditur,
3435 2590 3531 2645 sed

1963 2678 2149 2749 gloria:
2178 2677 2441 2735 Dominus
2480 2689 2585 2743 est,
2616 2696 2791 2750 neque
2833 2680 2955 2735 ideo
2987 2680 3112 2749 quis
3152 2680 3309 2736 binos
3343 2680 3531 2751 gloria:

1962 2769 2216 2825 dominos
2262 2772 2482 2827 auderet
2528 2771 2813 2836 aﬁirmare,
2846 2788 2967 2826 cum
3017 2788 3185 2826 unum
3232 2789 3352 2828 esse
3390 2774 3529 2828 didi-

1965 2863 2134 2919 cisset
2174 2861 2359 2919 Jesum
2410 2863 2721 2929 Christum,
2777 2879 2873 2933 per
2910 2878 3069 2933 quem
3117 2864 3303 2918 omnia
3345 2885 3355 2919 :
3390 2864 3531 2919 unde

1963 2970 2149 3025 quaeso
2177 2993 2192 3021 ,
2249 2954 2408 3011 nobis
2468 2955 2738 3009 binariuni
2783 2970 3066 3009 numerum
3112 2953 3346 3009 ﬁliorum
3392 2956 3531 3025 obji-

1964 3048 2138 3111 ciunt,
2188 3056 2283 3100 aut
2333 3045 2622 3101 conﬁctam
2671 3046 2725 3100 in
2779 3062 2881 3102 uos
2933 3048 3360 3109 accusationem,
3413 3060 3531 3101 tun-

1962 3154 2124 3209 quam
2171 3138 2476 3209 speciosam
2524 3138 2864 3193 occasionem
2902 3137 2967 3191 ad
3000 3154 3131 3194 suas
3173 3139 3528 3194 stabiliendas

1962 3229 2247 3300 opiniones
2278 3229 2623 3299 praetexunt?
2654 3227 2775 3283 Hazc
2811 3238 2937 3283 sunt
2984 3229 3149 3297 igitur
3174 3244 3293 3299 quae
3325 3230 3389 3282 ait
3439 3230 3531 3283 ilc-

1962 3320 2266 3376 l'ensionem
2301 3330 2547 3375 nostram
2598 3319 2791 3374 afferre
2841 3336 3175 3390 possumus:
3208 3336 3235 3373 a
3281 3328 3370 3375 tua
3404 3338 3529 3376 vero

1963 3415 2019 3469 in
2044 3414 2264 3470 Christo
2296 3413 2627 3484 perfectione
2661 3414 2838 3482 majus
2867 3430 2928 3467 ac
2969 3414 3265 3483 perfectius
3311 3414 3376 3467 ad
3409 3430 3532 3483 pro-

1968 3506 2314 3578 pugnandam
2381 3506 2541 3561 tidem
2588 3506 2892 3560 subsidium
2953 3506 3220 3576 exigimus
3257 3524 3269 3560 :
3306 3521 3372 3560 ne
3426 3523 3530 3575 qua

1969 3601 2075 3653 illis
2117 3614 2249 3654 ausa
2307 3598 2373 3653 ad
2415 3600 2696 3654 veritatem
2748 3598 3122 3655 insectandam
3172 3600 3532 3669 relinquatur,

1962 3691 2053 3757 qui
2092 3704 2155 3741 ex
2208 3696 2391 3742 nostra
2448 3689 2873 3758 reprehensione
2913 3704 3009 3742 sua
3061 3698 3368 3743 commenta
3414 3703 3537 3741 ror-

1963 3779 2244 3833 roborant.

296 4128 1833 4156 ΨΜα-Ἇ--σ-,ι

416 4143 509 4149 -οι-ι
522 4143 613 4152 -..ου-ο
640 4143 1689 4155 mw_——_——.——___
1702 4147 1833 4155 -..-

1205 4291 1476 4381 ANG.
1600 4290 1859 4382 MAI]
1973 4290 2605 4383 ΡΒᾹΞΓΑΤΙΟ

1339 4482 1403 4538 IN
1446 4481 1815 4539 OPUSCULA
1878 4481 2018 4539 DUO
2078 4483 2487 4551 SEQUENTIA.

2392 4135 2695 4159 ‘___—::
2701 4136 2735 4159 ...¹
2744 4133 2847 4159 ...ψῃ-⁸.

1836 4146 2196 4157 ——-——————.

2198 4147 2384 4157 -ι-Αιοοορ

1506 4641 1652 4693 (Bibl.
1676 4655 1781 4691 nov.
1810 4649 1841 4688 t.
1874 4640 1953 4697 ιγ,
2002 4640 2135 4687 Rom.
2163 4639 2317 4700 1817.)

360 4982 400 5038 l.
463 4981 586 5038 Fuit
648 4984 751 5039 hoc
814 4984 1171 5055 complurium
1236 4993 1518 5037 auctorum
1596 4993 1835 5039 veterum
1875 4987 2063 5051 fatum,
2127 4994 2186 5039 ut
2231 4985 2473 5057 ipsorum
2518 4988 2673 5054 libri,
2713 4989 2765 5041 in
2820 4988 3102 5045 codicibus
3150 4998 3307 5045 antea
3362 4990 3536 5046 laten-

292 5086 394 5137 tes,
445 5084 567 5144 post
622 5076 873 5132 inventos
924 5086 1081 5146 typos
1147 5074 1289 5127 haud
1350 5074 1533 5127 statim
1585 5074 1795 5145 integra
1856 5076 2094 5131 editione
2124 5076 2441 5147 prodirent,
2483 5078 2576 5133 sed
2627 5079 2913 5132 identidem
2972 5089 3025 5134 et
3077 5095 3173 5150 per
3230 5082 3534 5149 intervalla,

288 5179 452 5239 prout
510 5185 570 5225 se
621 5168 834 5239 singula
891 5184 1053 5239 opera
1116 5168 1486 5237 quaerentibus
1534 5169 1873 5224 obtulerunt.
1915 5170 2073 5225 Certe
2117 5180 2167 5225 et
2227 5187 2456 5243 magnus
2498 5171 2587 5226 ille
2653 5170 2946 5241 Gregorius
2991 5172 3177 5244 Nyssze
3226 5176 3538 5264 cpiscopus,

289 5272 413 5336 post
440 5262 763 5317 minutiores
790 5263 995 5333 aliquot
1027 5260 1313 5322 editiones,
1351 5260 1565 5313 duobus
1621 5260 1836 5314 demum
1887 5262 2047 5317 tomis
2080 5264 2341 5318 collectus
2362 5304 2374 5327 ,
2408 5261 2631 5320 Parisiis
2660 5279 2804 5319 anno
2858 5266 2992 5319 1615
3022 5268 3387 5337 splendidiore
3423 5260 3541 5326 luce

287 5370 550 5410 coruscus
600 5356 909 5423 apparebat.
975 5353 1080 5408 Sed
1112 5368 1237 5405 ecce
1268 5366 1413 5415 mox,
1449 5362 1707 5419 sequente
1750 5368 1893 5407 anno
1932 5352 2099 5420 1616,
2133 5353 2368 5408 Jacobus
2426 5353 2715 5411 Gretserus
2766 5358 2965 5411 lautam
3026 5358 3254 5429 Nysseni
3319 5365 3543 5418 mantis-

287 5463 405 5501 sam
435 5463 501 5501 ex
549 5444 945 5499 Germanorum
987 5444 1271 5498 codicibus
1322 5442 1641 5507 excitabat;
1676 5458 1836 5510 qttam
1895 5446 2261 5517 typographus
2312 5443 2637 5500 Parisiensis
2688 5445 2940 5501 Morellus
2969 5463 3113 5500 anno
3180 5449 3313 5501 1618
3346 5455 3540 5521 raptim

288 5553 563 5602 recusam,
592 5537 723 5592 ιοιηί
755 5536 841 5591 sui
873 5535 1189 5605 posterioris
1219 5532 1571 5602 appendicem
1610 5533 1756 5585 iecit.
1801 5531 2001 5587 Verum
2037 5540 2265 5587 eatenus
2291 5546 2379 5586 res
2407 5546 2513 5585 non
2546 5534 2718 5596 stetit,
2750 5538 2947 5589 etenim
3001 5533 3061 5588 L.
3118 5536 3181 5588 A.
3240 5536 3543 5609 Zacagnius

288 5629 633 5687 bibliotheca:
675 5628 951 5683 Vaticanae
995 5626 1301 5699 praefectus,
1340 5638 1476 5677 nova
1510 5633 1672 5693 atque
1701 5624 1921 5695 copiosa
1952 5623 2179 5695 Nysseni
2214 5625 2547 5678 incrementa
2580 5626 2827 5679 exhibuit
2857 5628 2908 5680 in
2943 5644 3041 5681 suo
3101 5629 3363 5697 przeclaro
3419 5611 3539 5685 σιλιῖ

292 5725 646 5777 lectaueorum
675 5721 969 5783 volumine,
1007 5732 1149 5771 anno
1182 5716 1315 5771 1698
1346 5716 1533 5770 Roma?
1564 5717 1803 5785 vulgato.
1844 5718 2082 5787 Denique
2108 5717 2146 5771 1.
2184 5717 2242 5770 Β.
2277 5716 2634 5773 Caracciolus
2683 5718 2914 5775 Pisanus
2970 5729 3289 5777 antecessor
3336 5732 3543 5794 septem

294 5814 529 5873 ineditas
557 5813 785 5886 Nysseni
827 5812 1110 5887 epistolas,
1148 5813 1204 5866 iu
1236 5810 1477 5866 Mcdieco
1531 5811 1721 5867 codice
1768 5810 2016 5867 iuventas
2052 5808 2338 5865 Florentiae
2372 5811 2514 5881 typis
2551 5811 2790 5866 tradidit.
2822 5810 2972 5866 Nunc
3007 5829 3105 5869 nos
3166 5816 3425 5885 postremi
3476 5816 3543 5871 ad
