4020 6504
488 356 625 415 ιετο
1717 352 1774 409 S.
1817 351 2141 408 GREGORII
2180 351 2473 408 NYSSENI
3610 346 3750 400 1250

486 471 844 527 cumulandas
882 468 1112 541 Nysseni
1145 470 1413 524 editiones
1442 466 1778 529 accedimus,
1811 467 2030 521 duobus
2053 468 2230 520 adhuc
2266 468 2466 522 additis
2501 467 2635 521 tanti
2667 465 2844 521 Patris
2874 465 3201 520 tractatibus
3240 462 3531 535 dogmatici
3583 476 3747 531 gene-

484 565 583 629 ris,
624 576 763 631 quos
798 560 1091 617 Vaticanus
1129 560 1300 615 codex
1338 560 1476 615 i906
1508 559 1890 629 bombycinus,
1919 568 2097 625 vetus,
2135 563 2348 628 amplus
2376 567 2431 615 et
2468 559 2701 631 Nysseni
2732 574 2957 629 operum
2993 559 3209 626 plenus,
3270 557 3428 611 nobis
3488 554 3748 623 suppedi-

485 660 640 716 tavit.
670 663 803 726 Quai
834 657 943 710 duo
970 656 1176 725 scripta
1206 668 1333 707 cum
1365 650 1554 706 Graece
1590 660 1803 705 tantum
1856 648 2310 719 festinanterque,
2343 652 2549 721 absque
2583 652 2691 705 ulla
2751 650 3140 712 declaratione,
3177 648 3280 703 sub
3340 647 3500 701 tinem
3573 642 3748 697 nostri

486 753 817 821 scriptorum
847 758 1092 803 veterum
1127 746 1425 800 voluminis
1458 742 1834 813 superioribus
1861 742 2022 796 annis
2057 743 2520 813 impresserimus,
2557 760 2723 808 nunc,
2760 742 2948 798 codice
2980 758 3175 797 rursus
3214 744 3483 811 inspecto,
3535 740 3749 794 mendis

486 844 738 906 sublatis,
766 840 1052 912 particulis
1082 838 1375 907 suppletis,
1414 833 1864 903 interpretatione
1915 840 2105 887 nostra
2137 832 2331 887 Latina
2366 849 2490 887 cum
2528 834 2753 889 scholiis
2787 835 2994 903 aliquot
3052 835 3257 898 addita,
3294 832 3395 887 SS.
3447 832 3748 887 Bibliorum

484 935 645 985 etiam
682 931 1012 985 testimoniis
1038 928 1245 989 citatis,
1276 942 1340 978 ex
1377 926 1526 977 calce
1554 923 1699 976 illius
1736 921 1937 975 veteris
1968 922 2036 974 ad
2073 920 2237 989 hujus
2266 922 2390 975 novi
2418 922 2712 976 voluminis
2743 931 2907 991 caput
2936 938 3275 977 revocamus.

560 1023 619 1078 ll.
661 1026 728 1078 Ut
754 1030 935 1076 autem
964 1032 1278 1074 sermonum
1312 1015 1502 1067 horum
1529 1013 1732 1081 justam
1768 1009 1970 1063 faciant
2032 1010 2262 1065 lectores
2294 1009 2734 1072 aestimationem,
2793 1020 3052 1075 mentem,
3084 1026 3289 1081 quaeso,
3325 1018 3647 1065 convertant
3682 1008 3747 1063 ad

486 1134 549 1173 ea
585 1126 833 1182 tempora
868 1112 1070 1181 quibus
1104 1109 1236 1160 vixit
1272 1105 1591 1172 Gregorius,
1626 1102 1956 1155 Arianorum
1988 1101 2329 1172 aliorumque
2364 1102 2747 1157 haereticorum
2794 1103 3131 1172 plenissima,
3191 1104 3293 1157 sub
3326 1104 3545 1156 Arianis
3579 1104 3746 1171 impe-

486 1210 762 1265 ratoribus
784 1203 1109 1261 Constantio
1159 1210 1322 1270 atque
1351 1197 1598 1261 Valente,
1627 1196 1720 1265 qui
1751 1196 1822 1249 ob
1854 1194 2235 1248 orthodoxiam
2276 1194 2669 1265 profligandam
2700 1193 3062 1264 hmresimque
3094 1196 3429 1249 teterrimam
3463 1194 3747 1248 stabilien-

486 1305 609 1357 dam
640 1303 785 1355 vires
802 1296 1191 1369 propemodum
1221 1293 1417 1347 summi
1454 1290 1667 1361 imperii
1698 1288 2111 1344 exhauriebant.
2142 1288 2299 1343 Tunc
2319 1289 2386 1343 ad
2419 1298 2649 1345 caeteras
2686 1290 2936 1345 miserias
2975 1292 3209 1345 accessit
3245 1292 3447 1359 impius
3486 1288 3745 1343 Macedo-

487 1396 637 1457 nius,
671 1393 761 1460 qui
795 1391 879 1444 bis
912 1396 1177 1455 occupata
1214 1384 1509 1455 Byzantina
1539 1384 1689 1449 sede,
1726 1383 1880 1438 virus
1908 1398 2066 1437 suum
2098 1384 2369 1452 prrecipue
2399 1381 2665 1437 adversus
2715 1384 2890 1437 sancti
2925 1383 3163 1454 Spiritus
3210 1385 3449 1437 divinam
3504 1383 3745 1452 dignita-

486 1493 594 1539 tem
627 1482 838 1537 elludit.
874 1480 979 1534 Sed
1007 1493 1157 1537 ecce.
1191 1491 1390 1547 magno
1420 1475 1733 1529 Theodosio
1773 1475 2038 1544 principe,
2077 1475 2747 1544 Constantinopolitanqu
2789 1477 3022 1543 primum
3059 1476 3396 1529 celebratum
3452 1475 3552 1527 fuit
3598 1489 3747 1527 anno

484 1579 585 1634 581
620 1578 876 1649 generale
906 1574 1229 1636 concilium,
1269 1570 1592 1626 sedentibus
1629 1570 1726 1635 ibi,
1788 1573 1931 1624 inter
1967 1571 2126 1634 alios,
2164 1570 2556 1626 illustrissimis
2589 1568 2847 1623 Ecclesia:
2876 1568 3129 1626 Patribus
3158 1583 3211 1625 et
3245 1572 3624 1624 hmreticorttttt
3658 1572 3747 1626 sui

484 1671 744 1740 temporis
767 1669 1006 1730 malleis,
1036 1664 1242 1735 Cyrillo
1280 1661 1796 1733 liierosolymitano,
1827 1660 2089 1730 Gregorio
2120 1660 2389 1731 Nysseno,
2447 1660 2713 1730 Gregorio
2765 1659 3146 1726 Nazianzeno,
3195 1663 3586 1733 Amphilochio
3627 1662 3747 1718 Ico-

482 1767 683 1821 triensi.
712 1764 867 1820 Circa
902 1765 991 1818 illa
1029 1760 1280 1816 videlicet
1316 1768 1586 1829 tempora,
1619 1772 1903 1813 sermones
1936 1756 1988 1809 hi
2032 1754 2289 1827 Nysseni,
2325 1765 2379 1811 et
2428 1762 2697 1828 posterior
2756 1763 3081 1833 praesertim,
3145 1766 3447 1834 conscripti
3498 1764 3744 1819 fuerunt.

482 1855 694 1911 Etenim
732 1856 881 1927 prior
912 1852 1357 1927 προσφωνητικός
1389 1848 1610 1921 quidam
1646 1848 1862 1901 videtur
1888 1846 1955 1900 ad
1984 1854 2196 1901 certum
2229 1848 2506 1905 hominem
2543 1852 2770 1920 missus,
2820 1856 2936 1909 sive
2975 1856 3021 1909 is
3056 1855 3401 1913 orthodoxus
3432 1857 3594 1910 fuerit
3629 1858 3749 1910 sive

483 1950 536 2004 in
568 1952 808 2007 hostium
845 1952 1045 2005 castris
1080 1950 1439 2013 constitutus,
1472 1946 1561 2001 cui
1595 1945 1717 1999 Filii
1746 1946 2089 2001 divinitatem
2122 1955 2314 2002 auctor
2341 1950 2555 2006 suadet.
2589 1950 2724 2008 Nam
2762 1954 3064 2025 propositis
3092 1955 3197 2011 sibi
3232 1956 3348 2008 Arii
3386 1969 3450 2008 ac
3488 1950 3744 2016 Sabellii,

483 2042 897 2112 praesertimque
958 2039 1177 2094 Achillii
1233 2040 1565 2092 Arianorum
1602 2037 1890 2107 praecipui,
1923 2036 2329 2105 objectionibus
2379 2055 2445 2095 ex
2500 2040 2799 2115 Evangelio
2858 2044 3137 2116 Pauloque
3192 2046 3439 2118 apostolo
3485 2045 3745 2115 sumptis.

482 2133 736 2188 dissolvit
771 2148 866 2187 eas
903 2139 1181 2201 peracute,
1214 2130 1451 2200 ﬁdeique
1484 2130 1770 2184 veritatem
1806 2144 2223 2198 quaqueversus
2278 2136 2599 2189 communit.
2635 2136 2813 2207 Atque
2841 2139 2947 2194 hoc
2973 2142 3155 2195 statim
3188 2140 3361 2210 prima
3428 2141 3485 2193 in
3544 2139 3746 2208 pagina

482 2226 726 2280 notabile
760 2224 1025 2287 occurrit,
1061 2223 1208 2293 quod
1239 2223 1519 2293 Nyssenus
1552 2222 1628 2276 ait
1654 2239 1681 2274 a
1713 2219 2042 2277 Sabellianis
2074 2222 2288 2280 Patrem
2320 2225 2528 2281 dictum
2570 2230 2891 2303 υἱοπάτορα,
2940 2235 3068 2304 quia
3096 2233 3496 2289 confundentes
3526 2231 3748 2285 Patrem

482 2335 605 2372 cum
639 2319 803 2384 Filio,
836 2319 923 2371 illa
962 2318 1355 2371 vocabulorum
1388 2316 1777 2385 conjunctione
1806 2333 1974 2372 unum
2006 2318 2368 2387 emndemque
2406 2318 2623 2375 Patrem
2659 2339 2781 2379 esse
2809 2341 2872 2381 ac
2904 2324 3100 2381 Filium
3155 2326 3512 2382 denotabant.
3551 2324 3752 2393 Neque

481 2430 510 2465 a
550 2427 608 2467 se
636 2412 887 2466 dissentit
920 2411 1203 2481 Nyssenus
1235 2410 1289 2463 in
1326 2408 1481 2463 Orat.
1536 2407 1597 2461 ll
1636 2420 1824 2464 contra
1855 2410 2175 2463 Eunomium
2210 2417 2250 2464 t.
2286 2410 2347 2476 ll,
2379 2426 2433 2480 p.
2474 2411 2599 2479 753,
2630 2416 2720 2468 ubi
2784 2417 2898 2471 ait:
2950 2416 3056 2483 Qui
3115 2418 3444 2472 vocabulum
3474 2416 3598 2471 Filii
3634 2431 3747 2468 non

480 2507 549 2561 ad
578 2520 885 2574 personam,
906 2505 1002 2560 sed
1032 2504 1100 2558 ad
1126 2516 1375 2559 naturam
1417 2504 1707 2570 referrent,
1736 2520 1833 2560 eos
1860 2504 1915 2557 in
1953 2503 2337 2559 ha-reticorum
2380 2520 2627 2562 errorem
2674 2510 2995 2567 incursuros
3023 2512 3119 2582 qui
3166 2511 3428 2566 dicuntur
3465 2510 3748 2581 llyopato-

488 2618 601 2657 res.
637 2601 909 2655 Nimirum
933 2601 1060 2670 quia
1091 2616 1214 2654 cum
1250 2601 1323 2656 sit
1355 2616 1463 2655 una
1489 2600 1670 2655 Patris
1697 2598 1933 2668 Filiique
1974 2607 2195 2665 natura,
2230 2600 2343 2669 jam
2384 2602 2667 2657 distinctio
2702 2620 3059 2674 personarum
3092 2606 3242 2660 nulla
3292 2604 3582 2674 supererit.
3619 2602 3747 2656 Cla-

482 2698 598 2750 rius
624 2695 804 2748 adhuc
838 2693 1077 2764 Cyrillus
1104 2694 1159 2746 in
1192 2688 1357 2747 Joan.
1402 2708 1523 2763 cap.
1560 2708 1681 2757 vm,
1719 2707 1773 2762 p.
1797 2693 1906 2747 245
1932 2710 1945 2746 :
1976 2691 2129 2746 Alius
2158 2701 2235 2747 est
2261 2692 2426 2746 Pater
2457 2712 2486 2747 a
2506 2690 2674 2760 Filio,
2708 2714 2799 2751 nec
2828 2710 2881 2751 ut
2914 2697 3233 2768 quibusdam
3268 2695 3544 2752 ineruditis
3570 2697 3748 2750 visum

476 2798 552 2840 est
590 2787 872 2853 hwreticis,
912 2784 1211 2856 ﬂyiopator
1261 2800 1350 2838 seu
1380 2782 1677 2853 Filiopater
1719 2784 2046 2837 inducendus
2086 2795 2186 2839 est.
2230 2784 2359 2839 ltem
2399 2800 2577 2841 canon
2600 2803 2675 2841 vn
2705 2787 3749 2860 Constantiuopolitanus:Sabellianos

477 2883 572 2953 qui
606 2881 1007 2954 hyiopatoriam
1035 2880 1257 2942 docent,
1293 2889 1400 2935 etc.
1431 2881 1670 2950 Denique
1700 2879 2026 2933 Ammonius
2058 2879 2113 2933 in
2150 2878 2352 2933 Catena
2384 2882 2452 2933 ad
2476 2881 2669 2935 Jobum
2698 2895 2735 2945 ι,
2760 2879 2783 2932 1
2811 2896 2826 2935 :
2856 2872 3101 2949 Sabellii,
3142 2884 3341 2955 inquit,
3374 2884 3615 2938 ha’resim
3651 2900 3749 2951 per

477 2980 573 3033 huc
591 2979 794 3043 euertit,
832 2977 1009 3032 Patris
1047 2993 1107 3028 ac
1138 2974 1269 3029 Filii
1310 2976 1637 3046 [typustasim
1686 2976 1969 3045 designans
2001 2991 2018 3037 ;
2048 2992 2150 3028 non
2203 2977 2343 3028 enim
2374 2975 2766 3046 hyiopatoriam
2820 2976 3061 3032 Ecclesia
3092 2979 3351 3032 admittit.
3406 2979 3595 3034 Refert
3628 2980 3745 3032 haec

477 3074 663 3128 omnia
693 3071 1025 3131 testimonia,
1061 3086 1200 3124 novo
1231 3079 1421 3123 nostro
1457 3077 1723 3137 excepto,
1764 3066 2052 3130 Suicerus,
2087 3066 2180 3134 qui
2220 3076 2400 3121 tamen
2433 3084 2461 3120 a
2500 3067 2748 3139 Nysseno
2772 3072 3048 3137 dissentit,
3083 3087 3149 3126 ac
3182 3071 3409 3135 fallitur,
3447 3073 3574 3126 dum
3603 3070 3746 3124 Filio

476 3162 660 3232 potius
695 3176 858 3232 quam
904 3158 1051 3214 Patri
1084 3159 1271 3214 datum
1314 3159 1661 3230 llyiopatoris
1706 3174 1906 3211 nomen
1949 3174 1977 3209 a
2012 3157 2337 3212 Sabellianis
2372 3166 2545 3227 putat.
2588 3158 2805 3217 Etenim
2864 3172 3056 3233 praeter
3114 3178 3274 3233 quam
3328 3163 3473 3233 quod
3509 3162 3742 3235 Nysseni

475 3255 775 3311 auctoritas
824 3257 1115 3326 perspicua
1160 3263 1281 3320 est,
1333 3251 1679 3307 Sabellianos
1735 3251 1931 3305 Filium
1991 3268 2097 3305 non
2150 3251 2465 3316 admisisse,
2532 3253 2626 3307 sed
2684 3253 2898 3309 Patrem
2945 3256 3345 3323 tantummodo,
3398 3258 3740 3325 exploratum

474 3349 698 3404 aliunde
730 3356 835 3403 est.
874 3347 1259 3402 Verumtamen
1310 3350 1483 3400 multo
1528 3348 1751 3416 gravius
1788 3362 1951 3414 quam
1985 3342 2247 3400 Suicerus
2290 3346 2404 3399 falli
2441 3348 2573 3401 mihi
2601 3347 2838 3402 Allatius
2892 3350 3107 3403 videtur
3165 3349 3359 3419 (cujus
3410 3352 3737 3404 emendandi

474 3456 663 3505 causa,
700 3442 745 3495 si
777 3442 879 3494 hoc
914 3442 966 3494 in
1008 3448 1219 3493 tantum
1271 3439 1449 3493 virum
1485 3438 1605 3492 licet
1638 3437 1873 3501 audere,
1912 3437 2198 3505 superiora
2257 3437 2572 3492 testimonia
2630 3439 2942 3506 invocavi.)
2978 3439 3027 3493 ls
3059 3440 3204 3493 enim
3253 3452 3438 3493 contra
3480 3437 3733 3509 Creyglzl.

473 3537 709 3595 exercit.
750 3536 839 3597 lO,
875 3537 928 3588 in
962 3542 1288 3606 argumento
1316 3549 1366 3603 p.
1411 3532 1536 3591 165,
1572 3530 1942 3585 definiendum
1984 3531 2060 3584 sih

2150 3532 2380 3600 troponil
2406 3548 2527 3601 quae
2556 3532 2997 3602 εἱιυὶοπατορίας
3053 3533 3297 3588 haeresis.
3355 3531 3491 3585 Tum
3548 3548 3601 3603 p.
3638 3534 3737 3587 i9?

476 3634 550 3686 ita
592 3630 786 3686 scribit
814 3650 825 3683 τ
862 3628 971 3683 Sub
1015 3629 1235 3681 Damasi
1264 3637 1464 3697 papatu
1494 3635 1679 3679 exorta
1715 3626 1931 3678 Itwresis
1960 3636 2061 3688 est,
2093 3626 2199 3678 sive
2227 3624 2293 3677 ab
2321 3625 2536 3679 Arianis
2568 3626 2935 3687 disseminata,
2968 3624 3073 3678 sive
3118 3624 3184 3677 ab
3232 3624 3352 3677 aliis
3404 3634 3585 3685 enata,
3620 3640 3735 3692 qua:

474 3730 553 3780 uti
584 3725 798 3779 Patrem
830 3722 984 3788 Filii,
1021 3726 1095 3777 ita
1129 3721 1332 3775 Filium
1369 3720 1602 3789 Spiritus
1632 3720 1805 3773 sancti
1835 3724 2123 3789 genitorem
2154 3721 2484 3773 asseverabat
2512 3735 2531 3774 :
2568 3722 2743 3791 sicque
2782 3721 2912 3775 duos
2953 3721 3093 3786 ﬁlios
3126 3721 3179 3774 in
3224 3719 3485 3773 Trinitate
3533 3723 3732 3773 substi-

476 3822 675 3885 tuebat,
711 3819 913 3874 Filium
950 3828 999 3874 et
1034 3818 1294 3888 Spiritum
1326 3826 1569 3872 sanctum
1596 3834 1616 3882 ;
1642 3826 1692 3870 et
1722 3816 1854 3870 duos
1901 3825 2100 3885 patres,
2136 3819 2353 3869 Patrem
2383 3834 2445 3873 ac
2476 3816 2699 3873 Filium.
2734 3816 2799 3871 Et
2831 3833 3025 3872 rursus
3055 3832 3109 3887 p.
3142 3816 3278 3871 187:
3328 3817 3585 3871 Auctores
3610 3834 3733 3888 ergo

474 3915 825 3986 υῐοπατορίας
852 3917 1091 3986 generari
1118 3914 1378 3983 Spiritum
1407 3932 1439 3967 a
1469 3911 1655 3978 Filio;
1684 3915 1905 3984 ideoque
1941 3910 2176 3976 Filium,
2211 3912 2444 3980 Spiritus
2492 3913 2709 3967 Patrem
2747 3915 3089 3979 asserebant;
3148 3923 3198 3969 et
3257 3913 3355 3967 hac
3405 3930 3463 3969 re
3513 3914 3647 3969 duos
3676 3917 3729 3969 in

476 4012 739 4069 Trinitate
765 4022 963 4081 patres,
1002 4010 1219 4065 Patrem
1246 4012 1569 4081 ingenitum,
1603 4018 1652 4062 et
1694 4007 1898 4061 Filium
1933 4008 2167 4078 genitum
2209 4008 2653 4072 introducebant;
2707 4017 2757 4061 et
2805 4009 2935 4063 duos
2969 4010 3130 4078 ﬁlios,
3190 4008 3394 4062 Filium
3456 4009 3651 4063 scilicet
3680 4022 3728 4063 et

474 4111 737 4179 Spiritum
770 4118 1032 4163 sanctum.
1064 4106 1220 4171 Falli,
1260 4109 1508 4177 inquam,
1544 4106 1677 4160 mihi
1712 4104 1928 4158 videtur
1950 4103 2222 4171 Allatius;
2264 4120 2391 4158 nam
2424 4105 2699 4174 praediCtis
2735 4104 2790 4159 in
2829 4106 3163 4161 testimoniis
3192 4110 3468 4175 nunquam
3499 4105 3567 4161 de
3604 4106 3729 4176 Spi-

474 4206 583 4260 ritu
618 4210 810 4258 sancto
839 4203 1049 4272 agitur,
1092 4217 1369 4272 nunquam
1406 4201 1671 4271 quaeritur
1714 4206 1895 4252 utrum
1944 4197 2182 4267 Spiritus
2234 4206 2458 4253 sanctus
2508 4197 2629 4251 Filii
2685 4200 2755 4253 sit
2795 4196 2987 4252 Filius.
3040 4198 3207 4268 Igitur
3242 4197 3583 4269 hyiopatoria
3615 4212 3723 4251 non

477 4296 679 4350 dicitur
702 4311 731 4349 a
754 4294 1028 4364 praedictis
1056 4295 1229 4347 sacris
1256 4293 1575 4347 auctoribus
1616 4291 1683 4345 de
1726 4288 1866 4344 Filio
1904 4298 2167 4359 tanquam
2211 4289 2475 4359 Spiritum
2537 4299 2789 4344 sanctum
2822 4290 3096 4360 gignente,
3138 4289 3232 4344 sed
3288 4297 3501 4344 tantum
3538 4290 3604 4344 de
3641 4305 3724 4345 er-

474 4402 602 4444 rore
636 4388 861 4443 Sabellii
893 4390 989 4459 qui
1025 4399 1083 4442 ut
1113 4388 1309 4442 Filium
1348 4404 1472 4442 cum
1516 4387 1677 4441 Patre
1707 4385 2089 4450 confunderet,
2122 4384 2334 4439 Patrem
2369 4388 2641 4456 copulatis
2682 4386 2962 4440 vocabulis
2994 4386 3291 4457 υἱοπάτορα
3354 4386 3723 4455 nuncupabat.

475 4481 632 4548 Quod
663 4483 709 4537 si
744 4482 939 4538 haeresi
973 4498 1002 4535 a
1031 4481 1266 4537 Damaso
1291 4481 1563 4535 damnatae
1601 4481 1803 4550 (Labh.
1832 4478 2038 4533 Concil.
2081 4486 2122 4531 t.
2146 4476 2212 4541 ll,
2250 4496 2301 4549 p.
2326 4478 2431 4533 895
2453 4488 2506 4535 et
2536 4480 2659 4548 90l)
2685 4479 3038 4548 hyiopatoriaz
3066 4493 3268 4533 nomen
3306 4479 3586 4548 imponere
3606 4480 3723 4531 vult

473 4576 736 4643 Allatius,
771 4575 817 4630 is
847 4584 997 4630 certe
1035 4578 1341 4630 secundum
1374 4574 1632 4647 Nysseni,
1668 4574 1882 4646 Cyrilli,
1903 4575 2245 4643 aliorumque
2272 4586 2505 4629 mentem
2538 4591 2645 4628 non
2683 4575 2924 4643 loquitur
2955 4589 2969 4639 ;
3000 4573 3143 4644 apud
3171 4589 3309 4642 quos
3332 4572 3615 4643 hyiopator
3644 4584 3726 4627 est

472 4668 637 4723 Pater
670 4682 795 4722 cum
832 4666 974 4723 Filio
1009 4666 1294 4733 confusus,
1330 4684 1438 4722 non
1478 4668 1649 4722 Filius
1684 4667 1922 4737 Spiritus
1953 4667 2129 4723 sancti
2164 4676 2337 4737 pater.
2373 4663 2761 4719 Verumtamen
2797 4666 2863 4718 de
2891 4664 2993 4717 hac
3040 4664 3289 4718 vocabuli
3330 4665 3722 4727 controversia,

473 4764 784 4819 doctiorum
818 4772 937 4819 esto
959 4762 1254 4832 judicium.

544 4855 636 4910 lll.
672 4854 953 4910 Posterior
980 4853 1353 4923 prolixiorque
1382 4849 1616 4921 Nysseni
1649 4866 1829 4905 sermo
1879 4850 2117 4921 Spiritus
2152 4852 2331 4905 sancti
2366 4852 2731 4921 majestatem,
2758 4860 2811 4907 et
2846 4868 2970 4905 cum
3017 4849 3179 4905 Patre
3238 4849 3484 4921 Filioque
3538 4866 3691 4920 aequa

472 4949 702 5013 litatem,
735 4949 1000 5003 adversus
1036 4944 1456 4999 Macedonianos
1492 4951 1675 4997 tuetur
1704 4961 1719 5010 ;
1752 4945 1986 5011 objectis
2019 4944 2124 4997 sibi
2164 4942 2536 5013 refutatisque
2582 4942 3207 4999 Pneumatomacborum
3258 4943 3623 5013 argumentis,
3671 4956 3721 4997 et

472 5044 696 5110 insuper
729 5040 795 5095 de
826 5056 928 5095 suo
959 5040 1159 5095 additis
1195 5037 1377 5108 gravis
1408 5036 1667 5105 ponderis
1701 5036 2235 5091 conlirmationibus.
2269 5036 2389 5091 Jam
2426 5050 2556 5090 vero
2585 5035 2812 5090 secundi
2838 5036 3007 5103 hujus
3041 5035 3311 5092 sermonis
3342 5035 3566 5107 contigit
3591 5036 3723 5091 mihi

460 5140 521 5185 ut
553 5133 863 5188 testimonia
886 5147 1106 5203 quoque
1129 5132 1479 5201 antiquorum
1524 5128 1903 5189 nanciscerer,
1944 5141 2065 5194 quae
2094 5140 2147 5195 p.
2184 5124 2254 5178 20
2283 5125 2405 5193 (col.
2444 5124 2604 5193 1507)
2629 5125 2685 5179 in
2711 5124 2934 5179 Scholio
2963 5127 3213 5195 exposui.
3236 5126 3303 5181 Et
3347 5128 3493 5198 quod
3524 5129 3587 5182 ad
3602 5130 3742 5182 Alla-

458 5224 598 5279 tium
631 5224 826 5279 attinet
853 5222 925 5278 ibi
951 5224 1201 5294 paritera
1236 5238 1321 5277 me
1340 5220 1895 5284 laudatum,lectores
1916 5232 2132 5277 moneo,
2158 5216 2532 5270 testimonium
2561 5216 2702 5269 idem
2736 5216 2804 5270 ab
2844 5230 2909 5269 eo
2941 5217 3111 5286 repeti
3150 5218 3202 5273 in
3226 5218 3420 5287 synodi
3446 5218 3732 5287 Ephesium}

487 5313 748 5368 Vindiciis
780 5329 901 5384 cap.
931 5313 1018 5369 70.
1063 5317 1243 5385 Atque
1280 5324 1337 5368 ut
1366 5315 1537 5383 septis
1571 5314 1781 5368 nostris
1812 5314 1974 5383 paulo
2003 5313 2363 5375 excedamus,
2401 5318 2591 5364 narrat
2639 5308 2805 5363 etiam
2844 5304 3146 5358 Bandinius
3204 5301 3259 5355 in
3300 5299 3557 5369 Catalogo
3614 5301 3728 5354 Bib.

480 5408 646 5461 Laur.
677 5405 771 5460 Gr.
804 5414 846 5460 t.
880 5403 965 5469 ΙΙΙ,
1003 5424 1054 5477 p.
1080 5407 1206 5467 524,
1238 5414 1444 5471 narrat,
1498 5408 1745 5476 inquam,
1784 5406 1839 5459 in
1876 5404 2120 5459 Mediceo
2151 5403 2339 5458 codice
2362 5413 2577 5466 octavo,
2612 5399 2759 5453 Plut.
2794 5396 2884 5461 86,
2912 5396 3053 5450 inter
3085 5394 3233 5448 varia
3268 5392 3491 5447 Patrum
3542 5408 3732 5446 excer-

482 5505 571 5566 pta
619 5494 727 5567 legi
762 5497 927 5550 etiam
952 5496 1192 5567 Gregorii
1224 5496 1454 5566 Nysseni
1487 5496 1850 5566 fragmentum
1876 5510 1939 5549 ea:
1969 5496 2209 5551 oratione
2240 5496 2303 5549 de
2334 5494 2539 5562 Spiritu
2564 5500 2749 5545 sancto
2795 5496 2981 5541 contra
3038 5484 3471 5539 Macedonianos.
3505 5481 3644 5535 Num
3679 5482 3731 5535 id

480 5603 610 5640 vero
636 5587 690 5640 in
714 5588 938 5641 citatum
977 5590 1046 5642 ab
1084 5588 1206 5641 aliis
1237 5588 1443 5642 Graecis
1469 5594 1564 5655 (ut
1592 5586 1646 5639 in
1681 5586 1811 5642 adn.
1846 5594 2079 5656 nostra)
2118 5586 2345 5650 incidat,
2378 5602 2445 5639 an
2479 5586 2756 5640 diversum
2790 5579 2884 5641 sit,
2921 5576 3171 5646 equidem
3207 5577 3325 5631 sine
3366 5575 3575 5630 codicis
3606 5572 3721 5627 Flo-

480 5679 685 5734 rentini
713 5679 1053 5750 inspectione
1110 5683 1335 5736 delinire
1382 5696 1617 5750 nequeo.
1663 5680 1767 5737 Sed
1799 5680 2014 5736 etiamsi
2047 5680 2098 5733 id
2130 5680 2271 5733 forte
2298 5678 2503 5733 nostris
2539 5678 2592 5731 iu
2623 5675 2838 5748 paginis
2862 5690 2969 5730 non
3000 5675 3290 5746 legeretur,
3344 5672 3502 5726 locus
3554 5672 3604 5726 ei
3643 5687 3726 5726 su-

482 5779 663 5833 perest
696 5771 751 5828 in
780 5773 978 5829 lacuna
1018 5775 1072 5830 in
1114 5790 1277 5845 quam
1317 5772 1563 5828 Vaticani
1598 5776 1869 5830 sermonis
1903 5772 2026 5828 fmis
2064 5772 2412 5843 demergitur.
