4020 6492
1281 318 1650 376 ADVERSUS
1679 320 1902 377 ARIUM
1937 320 2021 374 ET
2065 323 2451 379 SABELLIUM

3363 331 3500 388 l282

1078 636 1305 722 ΤΟΥ
1403 639 1546 722 ΕΝ
1609 633 1970 722 ΑΓΙΟΙΣ
2069 633 2685 720 ΓΡΙ-ΙΓΟΡΙΟΥ

1833 820 2048 872 ΛΟΓΟΣ

682 987 1097 1100 ΚΑΤΑ
1170 987 1720 1102 ΑΡΕΙΟΥ
1808 989 2083 1099 ΚΑΙ
2181 981 3074 1100 ΣΑΒΕΛΑΙΟΥ.

1312 1392 1403 1478 S.
1484 1392 1588 1478 P.
1670 1392 1787 1479 N.
1867 1389 2430 1481 GREGORII

1767 1581 1998 1637 SERMO

577 1783 1318 1900 ADVERSUS
1485 1783 1934 1898 ARIUM
2070 1781 2248 1892 ET
2349 1778 3181 1896 SABELLIUM.

328 2163 396 2209 α’.
433 2173 451 2205 ι
499 2151 852 2224 Ἐξηρεύξατο
877 2153 910 2223 ἠ
937 2151 1130 2222 καρδία
1160 2169 1260 2222 μου
1287 2152 1443 2220 λόγον
1463 2153 1664 2220 ἀγαθὸν
1694 2153 1825 2223 (1),ι

2008 2154 2058 2207 1.
2093 2173 2111 2206 ι
2145 2153 2421 2208 Eruetavit
2453 2167 2547 2207 cor
2576 2169 2751 2207 meum
2777 2154 2996 2207 verbum
3029 2153 3249 2216 bonum,
3289 2173 3306 2204 ι
3341 2169 3510 2224 nuper

261 2246 465 2317 ἀρτίως
497 2246 525 2298 ὁ
558 2243 861 2314 Ψαλμῳδὸς
905 2244 1077 2311 ἔλεγε.
1111 2243 1312 2297 Τοῦτον
1343 2244 1433 2297 τὸν
1454 2244 1653 2312 ἀγαθὸν
1684 2244 1839 2312 λόγον

258 2336 354 2388 τοῦ
409 2335 542 2388 Θεοῦ
562 2336 608 2388 oi
649 2334 747 2405 μὲν
777 2333 927 2387 κατά
955 2335 1172 2404 Ἀρειον
1199 2335 1295 2387 καὶ
1336 2334 1600 2404 Ἀχίλλιον
1629 2334 1706 2404 (2)
1738 2337 1838 2407 τὴν

258 2425 629 2496 άσεϐεστάτην
689 2425 872 2496 φωνὴν
924 2425 1263 2495 προῖέμενοι,
1297 2425 1607 2495 ἐτόλμησαν
1636 2427 1841 2497 κτίσμα

260 2518 355 2571 καὶ
377 2516 588 2587 ποίημα
610 2515 952 2587 διακηρύξαι,
974 2517 1069 2570 καὶ
1091 2516 1318 2580 πολλοὺς
1333 2519 1396 2587 τῇ
1429 2517 1635 2570 ἑαυτῶν
1658 2518 1839 2586 ἐφείλ-

261 2625 431 2664 κυσαν
459 2608 655 2680 πλάνῃ.
684 2609 746 2662 Οῑ
780 2607 838 2661 δὲ
860 2607 998 2661 κατά
1025 2607 1332 2673 Σαϐέλλιον,
1355 2609 1614 2662 τάναντία
1637 2609 1840 2663 τούτων

261 2697 603 2770 φρονοῦντες,
662 2700 904 2768 ἀναιρεῖν
952 2697 1052 2768 μὲν
1081 2697 1376 2769 πειρῶνται
1413 2695 1511 2768 τὴν
1548 2697 1842 2753 ὑπόστασιν

261 2787 354 2842 τοῦ
384 2786 515 2841 Υίοῦ
541 2804 554 2817 ’
607 2787 770 2841 αὐτὸν
797 2785 854 2839 δὲ
890 2786 981 2840 τὸν
1007 2786 1228 2857 Πατέρα
1263 2786 1358 2839 ἕνα
1395 2787 1522 2842 ὄντα
1551 2787 1698 2840 δυσὶν
1723 2788 1841 2841 ὀνό-

265 2897 396 2951 μασι
421 2879 746 2949 γεραίροντα
787 2877 1041 2947 οἰόμενοι,
1083 2877 1387 2950 υίοπάτορα
1430 2879 1506 2949 (3)
1561 2896 1840 2950 προσαγοο

265 2969 531 3043 ρεύουσιν.
556 2971 620 3022 Ai
646 2970 700 3022 δὲ
727 2969 982 3040 ἑκάτεραι
1025 2967 1174 3032 δόξαι
1213 2963 1372 3023 αὗται
1401 2969 1586 3042 ὥσπερ
1619 2971 1842 3040 παγίδες

261 3063 356 3116 δύο
414 3061 680 3115 τέθεινται
732 3059 836 3113 ὑπὸ
868 3058 976 3113 τῶν
1015 3059 1538 3130 προηγορευμένωνο
1584 3061 1741 3115 δίεισι
1784 3061 1843 3114 δὲ

267 3154 406 3225 μέση
437 3170 522 3216 τις
547 3152 664 3215 ὁδὸς
692 3152 851 3222 στενὴ
894 3151 990 3205 καὶ
1021 3150 1357 3220 τεθλιμμένη
1386 3153 1419 3222 ἡ
1449 3151 1735 3220 ἀπάγουσα
1763 3155 1844 3217 εἰς

262 3245 360 3317 τὴν
376 3245 541 3314 ζωὴν,
570 3242 711 3298 κατά
736 3243 796 3295 τὸ
831 3242 1160 3311 Εὑαγγέλιον
1179 3259 1192 3273 ο
1221 3243 1423 3313 ταύτης
1448 3245 1498 3296 οι
1528 3244 1712 3298 πολλοὶ
1734 3246 1842 3299 τῶν

263 3335 565 3408 ἀνθρώπων
591 3335 947 3398 ἐκκλίνοντες,
980 3335 1080 3405 τῆς
1109 3334 1299 3406 ἐτέρας
1323 3335 1547 3407 θήραμα
1577 3338 1838 3405 γίνονται.

263 3427 336 3479 Σὺ
358 3425 416 3479 δέ
445 3443 534 3496 μοι
561 3425 738 3488 δοκεῖς
769 3425 844 3495 (4)
865 3423 1157 3478 δεδοικέναι
1198 3425 1298 3489 τὰς
1320 3427 1595 3498 ἑκατέρων
1623 3428 1842 3498 ἐμπτώ-

1944 2245 2230 2302 Psalmista
2284 2245 2492 2301 dixit‘.
2549 2245 2659 2299 Iloc
2720 2245 2923 2298 bonum
2987 2246 3211 2298 verbum
3273 2246 3386 2298 Arii
3457 2257 3510 2299 et

1941 2338 2158 2392 Achillii
2213 2337 2437 2393 asseclaa
2487 2336 2955 2406 irreligiosissimo
2993 2335 3156 2390 eﬂ‘ato
3211 2338 3332 2390 ausi
3385 2347 3512 2392 sunt

1941 2437 2249 2485 creaturam
2298 2429 2677 2498 facturamque
2726 2427 3042 2498 praedicare,
3101 2428 3408 2498 multosque
3458 2428 3511 2482 in

1941 2535 2183 2576 errorem
2247 2535 2405 2576 suum
2466 2527 2871 2590 pertraxerunt.
2939 2519 3235 2574 Sabelliani
3294 2526 3510 2582 autem,

1942 2611 2220 2666 contraria
2258 2611 2345 2666 his
2373 2611 2693 2671 sentientes,
2723 2607 2844 2662 Filii
2878 2608 3096 2678 quidem
3133 2625 3418 2678 personam
3446 2611 3514 2665 dc

1943 2703 2120 2758 medio
2146 2702 2334 2758 tollere
2366 2713 2668 2766 conantur;
2701 2702 2880 2770 ipsum
2909 2715 3037 2754 vero
3072 2699 3306 2765 Patrem,
3343 2717 3512 2756 unum

1943 2793 2158 2848 duobus
2184 2793 2498 2847 nominibus
2521 2793 2806 2862 praeditum
2827 2801 3094 2860 putantes,
3112 2791 3510 2861 hyiopatorem,

1944 2885 1999 2939 id
2029 2893 2114 2940 est
2143 2882 2343 2938 Filium
2372 2883 2533 2937 simul
2563 2881 2899 2952 Patremque,
2943 2881 3237 2952 appellant.
3276 2881 3512 2951 Utraque

1944 2974 2164 3043 quidem
2197 2973 2492 3037 sententia,
2524 2988 2624 3027 ceu
2657 2973 2856 3042 duplex
2889 2973 3136 3043 laqueus,
3174 2988 3203 3026 a
3239 2975 3513 3044 praedictis

1944 3065 2284 3131 intenditur;
2315 3066 2490 3119 media
2526 3081 2653 3119 vero
2685 3064 2888 3118 incedit
2918 3071 3147 3134 angusta
3181 3065 3426 3134 quaedam
3460 3076 3514 3120 et

1944 3163 2095 3209 arcta
2136 3156 2243 3217 via,
2275 3171 2396 3224 quae
2427 3156 2492 3209 ad
2517 3157 2702 3219 vitam,
2738 3162 2796 3208 ut
2825 3155 2897 3208 ait
2923 3154 3292 3224 Evangelium,
3318 3157 3469 3209 ducit
3497 3173 3511 3221 ;

1944 3260 1974 3298 a
2009 3261 2114 3314 qua
2145 3246 2297 3298 multi
2342 3245 2593 3300 homines
2631 3244 2998 3306 declinantes,
3047 3246 3101 3298 in
3156 3245 3325 3299 altera
3361 3262 3516 3314 gras-

1945 3336 2209 3390 sationem
2275 3335 2578 3405 patiuntur.
2627 3333 2705 3388 Tu
2761 3344 2945 3389 autem
3011 3335 3143 3386 mihi
3203 3334 3406 3391 videris
3461 3338 3512 3388 iu

1945 3435 2232 3494 utramque
2263 3435 2471 3495 partem
2509 3426 2716 3494 lapsum
2750 3427 2964 3490 timere,
2997 3425 3227 3496 ideoque
3256 3435 3310 3479 et
3343 3427 3512 3493 ipsam

265 3533 401 3580 σεις,
437 3517 532 3569 καὶ
564 3515 731 3586 αὐτὴν
758 3514 1088 3583 ἀποφεύγειν
1125 3515 1223 3585 τὴν
1252 3515 1509 3588 ἀληθείας
1563 3517 1700 3585 ὁδὸν,
1729 3520 1838 3574 οἰό-

1945 3516 2196 3588 defugere
2226 3519 2470 3572 veritatis
2501 3519 2666 3582 viam,
2713 3518 2841 3571 dum
2875 3533 3066 3573 censes
3115 3534 3226 3571 non
3258 3531 3517 3588 oportere

267 3625 426 3678 μενος
465 3608 540 3679 μὴ
588 3606 697 3659 δεῖν
724 3606 854 3676 περὶ
879 3607 1014 3660 Θεοῦ
1047 3607 1202 3674 λόγον
1230 3608 1842 3682 προχειρίζεσθαι.“ορα

261 3700 440 3753 τοίνυν
481 3697 579 3769 μὴ,
629 3699 695 3767 τῇ
735 3695 842 3750 τῶν
873 3696 1017 3752 δυοῖν
1049 3698 1227 3770 πλάνῃ
1267 3698 1679 3768 εὐλαϐούμενος,
1708 3702 1837 3754 ἀσε-

263 3791 418 3854 ϐείας
460 3789 727 3860 τιμωρίαν
765 3788 1018 3860 ὁρλήσεις
1044 3805 1059 3820 ·
1100 3790 1260 3853 αὐτὸς
1300 3791 1329 3843 ὁ
1382 3789 1571 3862 Σωτὴρ
1602 3791 1708 3863 πρὸ
1740 3793 1841 3860 τῆς

263 3880 498 3950 ἀληθοῦς
517 3879 636 3934 ὁδοῦ
665 3877 909 3950 έστηκὼς
935 3878 1172 3949 κέκραγε
1192 3878 1365 3947 λέγων
1389 3896 1434 3931 ἰ
1486 3879 1623 3948 Ἐγώ
1658 3883 1772 3951 εἰμι
1805 3884 1838 3952 ὴ

263 3972 380 4044 dab;
400 3973 495 4026 καὶ
523 3974 554 4042 ἡ
590 3971 839 4040 ἀλήθεια.
879 3989 896 4023 t
929 3969 1018 4042 Μὴ
1046 3970 1300 4042 ἐκκλίνῃς
1333 3973 1414 4036 εἰς
1436 3972 1505 4026 τά
1533 3972 1734 4044 δεξιὰῆ
1762 3977 1838 4038 εἱς

263 4041 332 4117 ’ἷά
353 4041 637 4136 ἀριστερά,
666 4063 811 4126 ὅπως
859 4041 1127 4133 μηδετέρᾳ,
1157 4041 1334 4114 αὐτῶν
1367 4063 1696 4136 προστύχῃς.
1722 4041 1840 4120 *Καὶ

266 4153 462 4206 πάλιν⁶
505 4171 523 4202 ι
571 4151 711 4220 Ἐγὼ
753 4154 866 4223 εἰμι
907 4154 938 4222 ἡ
990 4151 1128 4222 θύρα
1178 4151 1284 4205 τῶν
1324 4153 1632 4223 προϐάτων·
1681 4159 1709 4210 ὁ
1765 4158 1838 4229 μὴ

266 4243 450 4298 εἰσιὼν
478 4244 543 4297 δι’
570 4243 726 4313 ἐμοῦ,
753 4243 887 4296 ἀλλὰ
927 4243 1215 4315 ἀλλαχόθεν
1252 4243 1576 4310 ἀναϐαίνων,
1605 4246 1840 4319 κλέπτης

265 4337 383 4389 ἐστὶ
412 4336 504 4389 καὶ
576 4335 798 4408 λῃστὴς,
834 4354 853 4386 ι
905 4335 964 4398 ὃς
993 4335 1085 4388 καὶ
1129 4334 1234 4388 ὑπὸ
1275 4334 1500 4404 παγίδος
1532 4336 1692 4401 ἁλοὺς
1740 4339 1843 4391 ἀπ-

264 4427 487 4481 ολεῖται.
515 4427 567 4479 Ἀ
577 4425 884 4479 κουέτωσαν
903 4426 1080 4478 τοίνυν
1097 4426 1146 4478 oi
1164 4425 1300 4496 πρὸς
1320 4425 1418 4498 τὴν
1437 4425 1544 4478 τῶν
1564 4427 1840 4498 ἑκατέρων

266 4519 473 4590 πλάνην
501 4517 888 4588 ἐπιτρέψαντες
915 4518 1005 4572 τὸν
1027 4517 1171 4582 νοῦν,
1206 4518 1282 4582 ὡς
1314 4517 1455 4572 κατὰ
1483 4518 1643 4587 φύσιν
1668 4522 1696 4573 ὁ
1728 4521 1840 4573 Σω-

266 4611 370 4682 τὴρ
425 4610 582 4681 ἡμῶν
620 4609 824 4680 Ἰησοῦς
869 4609 1102 4681 Χριστὸς
1161 4610 1283 4674 Υἱὸς
1332 4610 1464 4663 Θεοῦ
1495 4611 1609 4664 ἐστι
1646 4628 1704 4664 τε
1745 4614 1839 4666 καὶ

267 4703 754 4773 προσαγορεύεται,
779 4701 870 4754 καὶ
914 4700 974 4752 οὐ
999 4700 1206 4770 ποίημα
1230 4700 1306 4753 ὣν
1331 4702 1471 4755 κατά
1501 4703 1693 4774 χρῆσιν
1721 4705 1838 4756 ὀνο-

341 4844 356 4873 ¹
380 4843 523 4898 l’sal.
555 4858 699 4906 xuv,
724 4841 778 4894 2.
855 4843 874 4872 ²
913 4839 1071 4894 Joan.
1109 4855 1217 4902 xw,
1246 4839 1299 4894 6.
1378 4841 1397 4871 ³
1429 4839 1587 4895 Joau.
1615 4859 1669 4905 x,
1715 4843 1765 4899 7.

339 4977 415 5046 (l)
479 4974 876 5046 liancpsalmi
935 4974 1262 5046 locutionem
1321 4976 1709 5032 intellexerunt
1771 4980 1834 5032 de

268 5046 433 5101 Verbi
482 5045 670 5098 :eterni
708 5046 1057 5114 generatione
1089 5045 1423 5100 Athanasius
1461 5047 1513 5099 in
1560 5064 1839 5103 commen-

267 5119 430 5178 tario,
468 5130 569 5168 nec
611 5131 714 5186 non
766 5115 1004 5186 Cyrillus
1045 5115 1172 5186 item
1218 5116 1294 5186 in,
1319 5118 1839 5186 sua_explanatione

266 5187 410 5257 apud
473 5201 612 5250 nos;
655 5184 892 5257 denique
946 5193 1000 5239 et
1049 5185 1372 5257 Ambrosius
1424 5184 1500 5239 De
1531 5184 1836 5256 uirginibus

267 5253 360 5311 lib.
394 5273 475 5323 Ill,
516 5272 638 5324 cap.
683 5255 884 5320 LQuia
909 5271 1039 5308 vero
1078 5255 1166 5307 alii
1199 5253 1388 5309 Patres
1419 5271 1525 5309 non
1549 5253 1839 5313 dea-terno

263 5327 467 5388 Verbo,
508 5327 600 5378 sed
644 5324 708 5378 de
759 5325 1100 5392 pr0plietico,
1135 5325 1221 5378 hic
1264 5326 1596 5394 cogitarunt.
1632 5328 1838 5382 ideirco

262 5395 690 5468 Augustinusiu
743 5410 839 5468 su_a
884 5395 1077 5462 psalmi
1106 5395 1282 5468 liuius
1334 5398 1838 5468 xctv_ena_rratione

263 5462 380 5521 ait':
413 5467 545 5530 Quis
566 5465 744 5520 dicit?
783 5465 963 5524 Pater,
990 5481 1056 5517 an
1098 5462 1410 5532 Prop/tetu?
1455 5465 1833 5519 lntellexerunt

261 5538 402 5590 enim
427 5537 644 5605 quidam
663 5534 838 5589 Patris
864 5549 1138 5602 personam
1169 5535 1391 5591 dicentis
1419 5552 1437 5589 :
1459 5555 1476 5586 ι
1505 5535 1795 5598 Eructavit,
1813 5558 1829 5588 ι

261 5614 400 5676 etc.,
425 5604 842 5676 eomntendanlis
873 5604 1366 5660 uobisnativt'tatem
1397 5606 1680 5675 quamdam
1713 5607 1838 5676 inef-

265 5675 504 5743 fabilem.
560 5675 716 5730 hunc
778 5676 842 5729 ad
902 5677 1148 5746 priorem
1190 5676 1336 5745 illam
1402 5675 1835 5746 nobilioremqu’e

1945 3609 2012 3663 de
2045 3608 2152 3664 Deo
2185 3611 2347 3663 verba
2381 3608 2518 3663 ﬁeri.
2550 3611 2695 3664 Cave
2727 3610 2892 3679 igitur
2919 3625 3006 3674 ne,
3035 3609 3163 3663 dum
3198 3610 3251 3663 in
3288 3621 3517 3679 utraque

1946 3701 2027 3753 via
2062 3716 2302 3755 errorem
2342 3703 2562 3764 metuis,
2620 3703 3044 3772 irreligiositatis
3081 3718 3297 3772 pinnam
3333 3704 3517 3756 incure

1944 3809 2032 3847 ras
2058 3811 2072 3848 :
2101 3809 2335 3861 namque
2366 3795 2481 3862 ipse
2512 3795 2769 3850 Servator
2801 3796 2857 3849 in
2885 3811 3025 3850 verae
3055 3796 3155 3850 viae
3179 3797 3354 3864 capite
3385 3811 3519 3850 con-

1945 3886 2174 3939 stitutus
2208 3885 2467 3938 clamavit
2503 3886 2732 3941 dicens:
2783 3903 2801 3937 ¢
2842 3885 2955 3956 Ego
3002 3901 3120 3940 sum
3150 3889 3236 3940 via
3292 3894 3346 3941 et
3375 3889 3519 3941 veti-

1947 3987 2032 4031 tas
2057 3977 2098 4030 ¹.
2132 3997 2151 4027 ι
2184 3975 2328 4030 Cave
2363 3977 2418 4031 in
2465 3977 2742 4032 dexteram
2779 3979 3128 4032 sinistramve
3162 3989 3367 4047 partem
3409 3980 3517 4034 de-

1949 4069 2094 4131 vies,
2129 4083 2198 4123 ne
2239 4068 2378 4123 forte
2435 4069 2490 4122 in
2544 4076 2738 4122 neutra
2801 4070 3096 4124 consistas.
3163 4069 3226 4122 Et
3281 4085 3514 4125 rursus:

1953 4179 1970 4210 ι
2006 4159 2117 4230 Ego
2161 4177 2280 4216 sum
2313 4161 2514 4214 ostium
2548 4162 2752 4215 ovium.
2805 4160 2908 4226 Qui
2966 4176 3062 4230 per
3096 4176 3181 4215 me
3205 4175 3314 4215 non
3347 4162 3520 4217 intro-

1951 4252 2095 4317 ierit,
2128 4252 2224 4306 sed
2250 4252 2471 4307 aliunde
2495 4253 2752 4315 subierit,
2784 4251 2869 4306 fur
2896 4259 2980 4306 est
3023 4259 3076 4306 et
3118 4251 3258 4305 latro
3281 4253 3323 4315 ³,
3363 4271 3380 4303 ι
3424 4255 3518 4322 qui

1949 4345 2114 4396 etiam
2167 4343 2364 4414 laqueo
2403 4353 2596 4412 captus
2632 4345 2849 4413 peribit.
2887 4343 3126 4396 Audiant
3164 4358 3296 4413 ergo
3322 4347 3416 4413 qui
3450 4344 3517 4399 ad

1948 4434 2275 4489 alterutrum
2311 4436 2425 4488 Arii
2465 4437 2544 4490 vel
2576 4435 2797 4490 Sabellii
2829 4449 3070 4489 errorem
3095 4443 3332 4489 mentem
3363 4451 3517 4491 suam

1948 4534 2374 4592 converterunt,
2418 4529 2666 4593 audiant,
2708 4530 2952 4597 inquam.
3026 4529 3374 4584 Servatorem
3422 4544 3522 4583 no-

1948 4629 2120 4670 strum
2157 4617 2348 4674 Jesum
2387 4620 2671 4674 Christum
2709 4622 3012 4676 naturalem
3056 4620 3150 4676 Dei
3179 4637 3299 4676 esse
3323 4619 3517 4674 Filium

1946 4719 1998 4762 et
2035 4711 2316 4779 appellari,
2361 4727 2467 4766 non
2511 4720 2688 4768 autem
2738 4730 2836 4769 ceu
2873 4724 3206 4776 creaturam,
3251 4714 3517 4769 abusione

1942 4978 2162 5060 ἀρτίως,
2201 4980 2251 5060 id
2277 4989 2362 5060 est
2405 4998 2586 5045 nuper,
2609 4983 2909 5060 Psalmista
2933 4985 3120 5041 dixit?
3158 4994 3358 5057 Nempe
3389 4993 3516 5060 quia

1945 5050 2129 5121 thema
2161 5051 2328 5105 veluti
2383 5054 2654 5108 sermonis
2691 5055 2772 5108 sui
2809 5065 2999 5108 contra
3062 5050 3315 5121 Arianos,
3372 5050 3516 5117 hunc

1943 5120 2146 5196 psalmi
2169 5123 2513 5196 versiculum;
2539 5125 2840 5196 sumpsisse
2869 5123 3148 5196 Nyssenus
3178 5120 3411 5186 videtur.

2013 5188 2088 5256 (2)
2123 5191 2408 5258 Achillius,
2472 5194 2587 5246 sive
2651 5188 2933 5258 Achillas;
2980 5197 3245 5255 diaconus
3279 5200 3516 5256 Alexan—

1942 5257 2156 5332 drinus,
2204 5262 2347 5317 inter
2374 5263 2681 5332 pra'cipu05
2736 5272 2790 5320 et
2842 5257 3205 5324 ferventiores
3246 5272 3357 5324 Arii
3422 5291 3516 5326 so-

1943 5330 2295 5405 dales_atque
2325 5330 2917 5405 consect'aneos._apiid
2970 5337 3246 5394 Socratem
3296 5340 3440 5396 Ilist.
3477 5358 3515 5405 t,

1942 5399 1997 5461 3,
2027 5410 2081 5454 et
2107 5399 2512 5458 Theodoretum
2550 5404 2674 5457 item
2715 5399 2862 5458 um.
2901 5422 2938 5468 ι,
2973 5407 3026 5461 4.

2122 5469 2799 5549 _Adrio_temu_s_voeabulum
2825 5476 3193 5532 Sabellianum
3217 5479 3516 5549 hyioputor.

2015 5539 2091 5607 (ι)
2119 5541 2386 5611 Loquitur
2426 5544 2701 5620 Nyssenus
2738 5559 2861 5620 eum
2911 5548 3121 5620 aliquo,
3171 5539 3275 5602 cui"
3316 5539 3517 5620 petenti

1945 5611 2047 5690 hoc
2082 5620 2314 5690 tractatu
2353 5611 2644 5690 respondet.
2675 5632 2690 5680 ;
2725 5617 2805 5670 vel
2854 5611 3061 5690 potius
3091 5611 3429 5675 dubitantem
3467 5626 3519 5676 in

1945 5681 2205 5746 religione
2263 5681 2555 5750 hominem,
2612 5695 2702 5738 aut
2758 5681 2982 5743 omnino
3051 5689 3371 5745 luereticum
3419 5691 3520 5743 ob-

267 5739 597 5800 Sentcntiam
645 5748 855 5801 accedit
893 5739 1078 5801 noster
1107 5739 1404 5818 Nyssenus.
1458 5746 1562 5802 Sed
1597 5762 1694 5801 cur
1737 5739 1833 5811 ait,
1935 5739 2142 5823 λιιι-ξιιμ
