4020 6498
516 284 654 369 ιεὲδ

1787 313 1844 369 S.
1886 312 2210 369 GREGORII
2251 312 2545 367 NYSSENI

3650 304 3787 360 £9.81

516 436 772 503 quadam,
823 431 1065 485 humano
1111 444 1261 485 more
1314 427 1509 484 Filium
1565 433 1870 495 nominari;
1921 446 2082 500 neque

2201 432 2451 502 μάζεται,
2480 435 2667 504 ὥσπερ
2692 435 2870 503 ἡμεῖς,
2897 434 3043 499 Υἱός⁸
3075 436 3167 488 καὶ
3190 436 3272 489 ὅτι
3294 434 3394 490 οὑκ
3419 435 3556 505 ἔχων
3581 435 3780 505 ἀρχὴν.

517 539 640 577 eum
681 523 939 576 habuisse
975 521 1215 585 initium,
1251 521 1345 576 sed
1369 530 1633 575 azteruum
1674 536 1835 587 esse;
1862 522 2093 590 ideoque

520 630 615 682 per
641 612 853 667 infinita
888 612 1087 667 saecula
1125 612 1179 667 in
1214 613 1434 682 propria
1467 613 1752 683 hypostasi
1787 628 1907 665 cum
1933 611 2095 667 Patre

518 714 895 773 regnaturum.

588 796 643 851 2.
682 797 845 866 Atqui
880 795 1026 850 dicet
1058 794 1295 850 fortasse
1340 796 1539 865 aliquis
1566 814 1577 849 :
1604 796 1775 850 Omne
1813 798 1957 867 quod
1991 798 2094 851 ini-

520 887 598 941 tio
630 895 799 952 caret,
836 888 940 942 erit
972 887 1101 941 item
1139 886 1461 955 ingenitum.
1504 885 1788 951 Quomodo
1830 902 1958 956 ergo
2002 885 2091 939 Fi-

520 981 628 1034 lius
668 986 817 1033 recte
862 977 1078 1032 dicetur
1129 992 1251 1031 esse
1290 977 1497 1048 absque
1554 975 1746 1039 initio,
1799 977 1957 1043 cujus
2010 978 2091 1031 vel

518 1072 696 1140 ipsum
732 1084 929 1123 nomen
968 1069 1185 1122 initium
1229 1068 1617 1122 demonstrat?
1650 1066 1785 1121 Nam
1826 1068 1998 1121 Filius
2027 1084 2093 1121 ex

515 1178 581 1217 eo
610 1160 756 1231 quod
788 1161 860 1215 sit
896 1161 1113 1230 genitus
1136 1160 1471 1213 nominatur.
1521 1158 1677 1224 Quod
1716 1167 1893 1213 autem
1931 1175 2093 1229 gene-

517 1254 658 1307 ratio
687 1254 969 1308 notionem
1014 1253 1153 1306 initii
1195 1252 1498 1315 contineat,
1537 1266 1699 1304 nemo
1749 1250 1988 1321 negabit.
2034 1248 2091 1303 Si

515 1361 647 1413 ergo
681 1343 850 1398 Filius
885 1350 989 1407 est,
1014 1343 1123 1412 jam
1150 1344 1309 1397 nobis
1341 1349 1558 1396 constat
1597 1358 1720 1397 eum
1753 1358 1818 1396 ex
1867 1357 2093 1411 genera-

528 1439 677 1490 tione
714 1436 929 1489 initium
964 1449 1086 1488 esse
1121 1434 1375 1488 sortitmn
1404 1452 1415 1486 :
1456 1445 1508 1487 et
1551 1433 1785 1486 fortasse
1817 1434 1979 1486 etiam
2032 1434 2092 1487 fi-

518 1540 639 1578 nem
678 1538 799 1577 esse
838 1522 1150 1575 habiturum
1176 1561 1189 1584 ,
1232 1521 1372 1575 dicet
1405 1522 1603 1589 aliquis
1660 1520 2090 1590 philosophicam

517 1614 783 1668 rationem
813 1622 1052 1666 secutus.
1080 1610 1223 1675 Quin
1265 1610 1401 1664 adeo
1438 1610 1730 1679 Apostolus
1765 1609 1879 1661 ait‘
1916 1610 2089 1678 ipsum

519 1707 632 1759 fore
684 1706 992 1774 subjectum
1044 1704 1119 1757 illi
1179 1703 1272 1771 qui
1328 1702 1502 1756 eidem
1571 1710 1770 1755 cuncta
1834 1702 2088 1770 subjecit,

2201 523 2335 576 ἀλλά
2374 523 2577 585 ἀΐδιος·
2639 523 2728 575 διά
2776 524 2933 577 τοῦτο
2982 525 3076 578 καὶ
3108 528 3165 577 ὲν
3213 526 3589 597 ἀτελευτήτοις
3620 528 3787 579 αίῶσι

2198 614 2317 666 κατ’
2348 616 2480 667 ίδίαν
2505 614 2799 667 ὑπόστασιν
2829 616 3247 684 συμϐασιλεὺσει
3269 617 3347 687 τῷ
3369 616 3564 687 Πατρί.

2269 788 2333 856 β’.
2382 789 2520 841 Ἀλλ’
2556 789 2683 852 ἴσως
2722 791 2862 843 εῐποι
2891 808 2975 854 τις
3009 791 3072 844 ἄν
3099 809 3114 825 ⁸
3158 794 3272 845 Πᾶν
3302 793 3361 845 τὸ
3399 792 3653 865 ἄναρχον,
3686 793 3783 845 καὶ

2197 881 2489 949 ἀγέννητον
2512 882 2576 934 ἂν
2610 882 2726 953 εἴη’
2762 881 2879 943 πῶς
2926 883 2953 934 6
2990 880 3115 945 Υἱὸς
3160 884 3383 943 εἰκότως
3414 886 3479 939 ἂν
3507 902 3780 954 προσαγο-

2198 972 2406 1043 ρεύοιτο
2458 974 2722 1044 ἄναρχος,
2776 966 2839 1027 οὑ
2886 974 2979 1028 καὶ
3036 972 3272 1045 τοῦνομα
3332 976 3569 1046 ἔμφασιν
3605 976 3782 1047 ἀρχῆς

2196 1063 2306 1133 ἔχει
2333 1082 2347 1129 ;
2386 1064 2513 1127 Υἱὸς
2541 1064 2648 1135 γὰρ
2671 1066 2734 1116 ὲκ
2762 1063 2854 1116 τοῦ
2893 1065 3222 1134 γεγενῆσθαι
3258 1061 3591 1136 ὠνόμασται.
3622 1067 3780 1119 Γένε-

2197 1172 2279 1219 σις
2305 1156 2361 1209 δὲ
2404 1158 2485 1209 ὅτι
2542 1157 2631 1209 ὑπ’
2684 1158 2823 1226 ἀρχῇ
2882 1157 3294 1222 ὑποπέπτωκεν,
3337 1159 3433 1210 οὑκ
3469 1158 3531 1211 ἄν
3563 1177 3644 1221 τις
3683 1160 3778 1211 ἀν-

2198 1248 2403 1318 ῄναιτο.
2439 1249 2501 1299 Et
2544 1244 2635 1300 οὖν
2681 1248 2809 1311 Υἱὸς
2840 1249 3114 1317 τυγχάνει,
3142 1248 3392 1319 δηλοῦται
3422 1252 3553 1319 ἡμῖν
3590 1252 3651 1302 ὲκ
3676 1250 3779 1319 τῆς

2194 1339 2496 1405 γεννήσεως
2546 1338 2718 1407 ἀρχὴν
2772 1336 3005 1408 εἰληφώς
3026 1355 3038 1368 ·
3073 1340 3203 1400 ἴσως
3238 1338 3295 1390 δὲ
3324 1339 3416 1391 καὶ
3453 1340 3605 1402 τέλος
3639 1340 3775 1404 ἕξει,

2195 1430 2336 1481 εἴποι
2361 1446 2444 1490 τις
2482 1427 2545 1480 ἂν
2580 1427 2719 1479 κατά
2760 1427 2849 1479 τὸν
2893 1429 3178 1497 φιλόσοφον
3206 1428 3393 1497 λόγον’
3424 1429 3515 1481 καὶ
3542 1431 3571 1481 6
3613 1430 3779 1481 Ἀπό-

2196 1521 2377 1583 στολος
2402 1521 2456 1572 δέ
2492 1538 2621 1591 φησι
2664 1520 3101 1590 ὑποταγήσεσθαι
3146 1522 3305 1574 αὑτὸν
3338 1519 3414 1591 τῷ
3448 1519 3777 1586 ὑποτάξαντι

2194 1612 2341 1683 αὑτῷ
2370 1613 2435 1665 τά
2470 1614 2665 1675 πάντα,
2693 1614 2785 1665 καὶ
2808 1612 3148 1682 παραδώσειν
3178 1612 3338 1666 αὑτὸν
3370 1611 3469 1681 τὴν
3498 1611 3779 1681 βασιλείαν

2193 1706 2269 1776 τῷ
2303 1706 2474 1776 Πατρὶ
2510 1706 2601 1757 καὶ
2641 1704 2785 1775 Θεῷ·
2841 1704 2916 1768 ὡς
2952 1704 3282 1774 ὑπειλῆφθαι
3319 1703 3479 1757 αὑτὸν
3517 1705 3615 1757 οὐκ
3645 1704 3780 1758 ὄντα

515 1796 770 1866 Patrique
798 1794 906 1848 Deo
946 1810 1171 1863 regnum
1216 1794 1584 1848 traditurum:
1626 1793 1980 1863 quamobrem
2006 1809 2082 1844 ar-

2196 1796 2299 1869 πρὸ
2331 1795 2423 1848 τοῦ
2479 1797 2788 1864 γεννᾶσθαι,
2829 1797 2991 1849 πάλιν
3017 1798 3097 1859 είς
3127 1797 3187 1849 τὸ
3214 1798 3288 1868 μὴ
3315 1794 3451 1851 εἶναι
3477 1800 3774 1868 χωρήσειν.

516 1889 704 1943 bitrari
741 1889 865 1941 licet
906 1888 1081 1956 ipsum
1132 1886 1276 1939 haud
1345 1888 1623 1939 exstitisse
1670 1894 1965 1953 antequam
2011 1884 2090 1953 gi-

514 1988 807 2052 gneretur,
835 1994 1139 2047 rursusque
1168 1978 1220 2030 in
1256 1978 1483 2031 nihilum
1521 1978 1633 2030 fore
1656 1977 2085 2031 dissolvendum.

513 2073 730 2142 Agesis,
780 2086 992 2124 mecum
1034 2071 1339 2124 conscende
1382 2070 1434 2121 in
1486 2076 1657 2121 tutam
1708 2069 1829 2122 fidei
1884 2084 2085 2129 arcem,

516 2181 606 2225 ne.
650 2166 808 2233 quasi
847 2163 1087 2216 violento
1128 2164 1252 2215 ﬂatu
1286 2162 1354 2215 ab
1411 2161 1603 2214 horum
1640 2171 2087 2229 argumentorum

514 2256 705 2307 fraude
728 2254 1006 2322 abreptus,
1038 2252 1277 2320 pulveris
1304 2252 1477 2304 instar
1508 2268 1668 2320 quem
1697 2263 1890 2307 ventus
1923 2254 2085 2322 rapit,

511 2354 669 2401 extra
726 2352 1015 2415 angustam
1076 2352 1390 2411 rectamque
1456 2344 1599 2395 viam
1659 2344 1713 2396 in
1767 2344 2087 2412 perditionis

514 2435 776 2492 barathra
810 2434 1139 2504 projiciaris.
1169 2430 1302 2485 Nam
1352 2433 1398 2486 si
1444 2433 1771 2487 universalis
1808 2433 1968 2486 Pater
2002 2434 2087 2487 in-

512 2527 729 2597 genitus
788 2532 873 2580 est
916 2531 970 2579 et
998 2535 1280 2585 paaternus,
1322 2524 1545 2592 sapiens
1584 2534 1907 2593 potensque,
1936 2528 2084 2593 Apo-

511 2618 687 2672 stolus
750 2625 969 2681 autem,
1010 2615 1139 2669 dum
1204 2614 1361 2669 tidem
1413 2630 1539 2684 erga
1598 2614 1781 2669 Jesum
1847 2618 2084 2678 nuntiat,

510 2709 691 2779 ipsum
731 2708 987 2762 omnibus
1021 2707 1280 2777 praedicat
1311 2721 1409 2759 ceu
1448 2706 1728 2761 Christum
1781 2706 1874 2761 Dei
1917 2708 2087 2761 virtu-

510 2807 617 2854 tem
656 2807 708 2854 et
751 2799 841 2854 Dei
904 2799 1232 2866 sapientiam
1260 2799 1303 2862 ⁸,
1351 2798 1628 2866 quomodo
1686 2799 1889 2852 audent
1944 2809 2083 2851 tem-

509 2892 660 2961 poris
694 2890 961 2945 limitibus
995 2890 1324 2944 concludere
1367 2889 1611 2957 ejusdem
1651 2891 2083 2956 generationem,

510 2998 688 3051 neque
720 2992 979 3035 maternam
1020 2988 1072 3033 et
1098 2980 1305 3048 absque
1331 2980 1487 3031 initio
1531 2978 1824 3047 reputare?
1862 2976 1994 3030 Nam
2038 2978 2084 3032 si

510 3072 810 3127 secundum
849 3070 1241 3123 nonnullorqu
1278 3068 1591 3137 opinionem
1616 3068 1794 3135 spatio
1823 3067 2085 3135 temporis

2203 1884 2461 1955 Ἀνάϐηθί
2507 1902 2594 1954 μοι
2646 1886 2736 1937 ἐπὶ
2778 1886 2876 1954 τῆς
2926 1886 3202 1955 ἀσφαλοῦς
3241 1888 3495 1952 πίστεως,
3648 1906 3780 1942 συνο

2194 1976 2480 2047 αρπασθῇς
2524 1975 2712 2045 ὥσπερ
2765 1974 2915 2045 βιαία
2951 1979 3085 2047 πνοῇ
3115 1980 3179 2046 τῇ
3204 1977 3312 2030 τῶν
3344 1978 3596 2031 τοιούτων
3636 1980 3782 2045 λογι-

2194 2069 2344 2138 σμῶν
2386 2067 2586 2137 ἀπάτῃ.
2615 2067 2688 2128 ὡς
2714 2066 2872 2136 χνοῦς
2904 2067 2961 2119 ὃν
2992 2068 3239 2137 ἐκρίπτει
3265 2069 3292 2119 6
3321 2070 3539 2137 ἄνεμος,
3581 2070 3647 2120 ἐκ
3677 2070 3781 2137 τῆς

2194 2161 2385 2228 στενῆς
2413 2159 2508 2211 καὶ
2546 2156 2761 2219 εὑθείας
2785 2158 2904 2211 ὁδοῦ
2931 2161 3021 2211 ἐπὶ
3053 2158 3301 2229 βάραθρα
3341 2160 3436 2229 τῆς
3475 2160 3777 2221 ἀπωλείας.

2192 2248 2252 2299 Et
2281 2246 2385 2317 γάρ
2409 2248 2436 2298 ὁ
2470 2245 2655 2316 Πατὴρ
2699 2244 2806 2298 τῶν
2851 2246 2988 2299 ὅλων
3013 2248 3304 2317 ἀγέννητος
3337 2250 3428 2301 καὶ
3460 2250 3651 2311 ἀΐδιος,
3684 2267 3777 2300 σοι

2190 2338 2286 2403 φός
2320 2353 2378 2388 τε
2411 2338 2503 2389 καὶ
2554 2337 2795 2401 δυνατὸς,
2838 2339 2866 2389 6
2907 2338 2952 2389 δ’
2987 2339 3324 2405 Ἀπόστολος,
3354 2340 3451 2410 τὴν
3492 2343 3571 2404 εἰς
3611 2342 3780 2393 αὑτὸν

2190 2427 2370 2478 πίστιν
2423 2427 2928 2496 εὐαγγελιζόμενος,
2984 2430 3330 2503 διακηρύττει
3370 2435 3501 2485 πᾶσι
3537 2434 3780 2503 Χριστὸν

2189 2516 2322 2567 Θεοῦ
2373 2517 2603 2586 δύναμιν
2660 2520 2752 2571 καὶ
2808 2518 2943 2571 Θεοῦ
2995 2522 3206 2589 σοφίαν,
3245 2524 3361 2586 πῶς
3401 2524 3467 2577 ἂν
3500 2525 3779 2593 τολμῶσιν

2190 2609 2294 2661 ὑπὸ
2323 2610 2511 2678 χρόνον
2533 2609 2688 2676 ἄγειν
2716 2609 2881 2662 αὑτοῦ
2904 2610 3001 2681 τὴν
3037 2616 3307 2683 γέννησιν,
3345 2617 3439 2668 καὶ
3472 2616 3571 2668 οὑκ
3601 2617 3777 2669 ἀΐδιον

2187 2701 2308 2752 οὑδὲ
2355 2699 2591 2771 ἄναρχον
2618 2702 3023 2774 ὑπολαμϐάνειν
3056 2722 3071 2770 ;
3130 2707 3191 2759 Εί
3238 2706 3346 2777 γὰρ
3381 2708 3523 2762 κατά
3556 2711 3656 2780 τήν
3689 2727 3777 2761 τιο

2187 2806 2291 2844 νων
2339 2791 2604 2862 ὑπόληψιν
2627 2792 2733 2845 ὑπὸ
2784 2796 2975 2865 χρόνου
3032 2799 3223 2867 μοῖραν
3265 2798 3549 2851 πέπτωκεν
3592 2803 3627 2869 ἡ
3673 2796 3774 2853 τοῦ

2188 2883 2437 2952 Σωτῆρος
2483 2884 2642 2953 ἡμῶν
2691 2886 2926 2953 γένεσις,
2998 2888 3294 2957 ὴτίμασται
3336 2890 3415 2942 ἔτι
3451 2892 3511 2943 οὑ
3552 2892 3715 2961 μόνον
3746 2895 3775 2945 6

2188 2971 2337 3033 Υίὸς,
2370 2971 2502 3024 ἀλλά
2537 2974 2629 3026 καὶ
2672 2975 2701 3026 6
2750 2976 2942 3047 Πατὴρ
2978 2977 3119 3029 κατὰ
3146 2978 3242 3047 τὴν
3273 2978 3363 3031 τοῦ
3390 2981 3518 3033 Υίοῦ
3545 2984 3731 3052 φωνήν
3753 2999 3769 3013 ·

2192 3081 2211 3113 ι
2236 3062 2372 3115 Uti-rs
2424 3065 2523 3133 ἐμὲ
2576 3065 2756 3118 οἴδατε
2812 3068 2935 3119 οὔτε
2970 3069 3059 3121 τὸν
3097 3069 3334 3140 Πατέρα.
3374 3071 3430 3123 '0
3466 3073 3539 3142 μὴ
3596 3073 3771 3143 τιμῶν

511 3164 819 3218 Servatoris
888 3162 1061 3217 nostri
1126 3161 1407 3230 generatio
1470 3158 1797 3222 eoliibetnr,
1848 3160 2082 3209 violatur

2190 3155 2278 3208 τὸν
2322 3156 2461 3215 Υἰὸν,
2502 3157 2560 3207 οὑ
2596 3160 2731 3226 τιμᾷ
2759 3159 2849 3209 τὸν
2889 3158 3134 3228 Πατέρα*
3175 3178 3192 3209 ι
3231 3160 3286 3222 ὃς
3318 3161 3435 3229 μὲν,
3476 3161 3549 3224 ὡς
3578 3164 3677 3214 οὑκ
3694 3162 3773 3213 ὢν

510 3260 685 3314 honor
710 3273 818 3311 non
852 3256 975 3309 Filii
1016 3252 1415 3315 tantummodo,
1456 3266 1645 3305 verum
1680 3250 1841 3305 etiam
1884 3248 2082 3310 Patris,

503 3354 659 3421 juxta
697 3353 869 3420 ipsius
905 3348 1023 3402 Filii
1051 3349 1257 3402 dictum
1288 3365 1301 3400 :
1344 3364 1364 3397 ι
1395 3344 1580 3416 Neque
1608 3359 1694 3398 me
1724 3344 1877 3399 scitis
1911 3358 2084 3411 neque

509 3443 721 3496 Patrem
762 3442 802 3494 ⁸.
856 3439 959 3504 Qui
997 3453 1103 3491 non
1161 3436 1484 3490 honorificat
1545 3434 1763 3495 Filium,
1828 3449 1929 3487 nec
1982 3433 2085 3487 Pa-

509 3548 647 3590 trem
701 3534 919 3601 quidem
963 3530 1365 3590 lionorificat";
1416 3548 1433 3579 ι
1490 3528 1739 3581 videlicet
1779 3528 1937 3591 quasi
1994 3527 2084 3581 ille

510 3642 619 3680 non
663 3625 937 3679 exstiterit
988 3630 1277 3691 antequam
1310 3622 1644 3691 gigneretur,
1682 3621 1765 3675 vel
1806 3621 1963 3689 quasi
1996 3621 2083 3674 hic

509 3716 763 3767 virtutem
814 3712 1249 3780 sapientiamque
1286 3724 1395 3762 non
1451 3708 1705 3763 habuerit
1758 3710 2079 3778 priusquam

510 3803 681 3857 Filius
718 3804 819 3873 ipsi
861 3810 1027 3857 esset.
1060 3802 1229 3855 Porro
1273 3808 1705 3854 consentaneum
1764 3801 1867 3854 erit
1918 3808 1975 3852 ut
2027 3798 2082 3853 hi

505 3896 818 3949 existiment
869 3909 936 3947 ne
975 3893 1139 3946 Deum
1188 3891 1408 3962 quidem
1437 3890 1738 3952 ex5titisse,
1787 3899 2080 3959 antequam

2190 3248 2297 3318 πρὸ
2322 3247 2414 3301 τοῦ
2444 3248 2714 3316 γενέσθαι,
2740 3250 2798 3313 ὃς
2832 3250 2908 3312 δὲ,
2937 3250 3013 3313 ὼς
3045 3251 3117 3321 μὴ
3139 3251 3275 3320 ἔχων
3310 3252 3535 3322 δύναμιν
3557 3254 3652 3306 καὶ
3680 3271 3772 3306 σο-

2190 3338 2316 3404 φίαν
2346 3338 2450 3409 πρὸ
2477 3338 2571 3391 τοῦ
2611 3335 2750 3393 εἶναι
2779 3340 2868 3392 τὸν
2894 3340 3039 3394 Υίόν.
3093 3341 3421 3406 Ἀκολοὺθως
3448 3344 3492 3397 δ’
3533 3344 3601 3397 ἂν
3633 3345 3766 3396 ὑπο-

2190 3429 2516 3499 λαμϐάνοιεν
2561 3432 2612 3482 οί
2648 3430 2878 3483 τοιοῦτοι
2920 3431 3052 3500 μηδὲ
3099 3431 3229 3485 Θεὸν
3262 3431 3397 3485 εἶναι
3427 3433 3517 3485 τὸν
3548 3433 3767 3503 Πατέρα

2192 3523 2342 3584 ποτὲ,
2378 3522 2506 3593 πρὶν
2538 3521 2789 3590 γενέσθαι
2820 3520 2913 3574 τοῦ
2954 3521 3084 3575 Υἱοῦ
3106 3538 3119 3553 ·
3155 3522 3270 3586 πῶς
3299 3523 3407 3594 γὰρ
3434 3524 3499 3577 ἂν
3528 3524 3681 3587 Θεὸς,
3716 3526 3764 3576 εί

2194 3612 2267 3683 μὴ
2289 3612 2517 3681 δύναμιν
2537 3613 2627 3665 καὶ
2650 3612 2841 3681 σοφίαν
2894 3612 3187 3683 ἐκέκτητος
3242 3615 3303 3666 Et
3336 3614 3393 3666 δὲ
3432 3616 3517 3669 ἀεὶ
3544 3615 3622 3667 ῶν
3634 3616 3764 3678 Θεὸς

2191 3704 2294 3757 ὑπὸ
2308 3704 2417 3757 τῶν
2441 3705 2599 3757 θείων
2619 3706 2749 3775 ἡμῖν
2768 3704 2999 3775 Γραφῶν
3036 3704 3401 3771 τεθέσπισται,
3429 3708 3515 3760 ἀεὶ
3542 3710 3650 3779 ἄρα
3680 3726 3763 3761 σο-

2188 3794 2316 3864 φίαν
2366 3796 2459 3848 καὶ
2510 3793 2759 3865 δύναμιν,
2804 3796 3049 3849 τοὺτέστι
3081 3797 3172 3849 τὸν
3201 3797 3454 3869 Χριστὸν,
3482 3798 3619 3868 ἔχων
3644 3799 3761 3869 μεθ’

2189 3888 2381 3941 ἑαυτοῦ
2411 3887 2743 3951 πιστευτέος.

506 3985 631 4042 Filii
687 3986 846 4040 Pater
895 3986 1185 4040 evaderet:
1229 4001 1354 4038 nam
1392 4000 1502 4053 quo
1533 3992 1694 4052 pacto
1746 3982 1887 4037 Deus
1922 3983 2103 4047 fuerit,
2136 3983 2241 4036 nisi
2275 3983 2533 4036 virtutem
2574 3998 2637 4036 ac
2671 3983 2995 4052 sapientiam
3030 3982 3381 4052 possederit?
3417 3982 3536 4037 Iam
3562 4002 3688 4040 vero
3713 3987 3758 4057 si

507 4082 674 4137 Deum
708 4082 774 4134 ab
800 4089 1003 4134 aeterno
1029 4082 1381 4135 exsistentem
1414 4079 1609 4133 divinat:
1632 4079 1789 4132 nobis
1828 4077 2125 4148 Scriptura:
2165 4084 2455 4142 testantur,
2502 4078 2548 4132 is
2594 4078 2916 4147 sapientiam
2943 4095 3159 4152 semper
3236 4089 3400 4153 atque
3475 4084 3751 4145 virtutem,

505 4176 560 4231 id
592 4185 677 4230 est
716 4174 995 4228 Christum
1019 4212 1032 4233 ,
1070 4188 1256 4227 secum
1292 4173 1554 4228 habuisse
1603 4172 1913 4226 credendus
1934 4179 2039 4226 est.

574 4265 628 4320 ὅ.
670 4264 884 4318 Memini
922 4273 1103 4316 autent
1142 4279 1228 4317 me
1288 4272 1448 4318 antea
1478 4266 1831 4334 promittere,
1872 4263 1987 4317 fore
2020 4270 2083 4316 ut

504 4356 683 4410 Patris
719 4355 1006 4424 imaginem
1065 4363 1227 4424 atque
1279 4354 1397 4409 Filii
1453 4364 1713 4425 tanquam
1756 4357 1809 4409 in
1854 4355 2078 4424 speculo

504 4450 661 4503 vobis
702 4447 1138 4502 demonstrarem
1164 4486 1178 4509 ,
1210 4448 1653 4517 quandoquidem
1695 4448 1936 4501 humano
1965 4463 2083 4501 ser-

503 4542 649 4595 moni
679 4554 764 4593 res
792 4537 991 4591 divinat
1020 4547 1228 4592 naturae
1263 4556 1368 4593 non
1390 4540 1694 4610 suhjacent.
1728 4541 1860 4593 Nam
1888 4550 1939 4594 et
1966 4540 2081 4608 ips’e

505 4633 646 4688 Deus
678 4630 823 4685 haud
877 4630 1177 4684 secundum
1225 4634 1497 4701 propriam
1540 4633 1936 4701 magnitudinis
1968 4630 2077 4684 vir-

502 4734 673 4779 tutem
711 4724 993 4777 nobiscum
1021 4724 1278 4792 loquitur,
1305 4724 1396 4777 sed
1430 4740 1584 4778 suam
1636 4724 1889 4778 humanis
1920 4722 2076 4776 audi-

501 4814 649 4869 tibus
676 4828 863 4868 vocem
900 4819 1244 4882 attemperat,
1273 4832 1382 4883 quo
1416 4815 1531 4868 fieri
1558 4816 1729 4883 possit
1760 4828 1816 4869 ut
1836 4815 2074 4867 divinam

500 4922 691 4963 vocem
723 4908 948 4960 auribus
985 4906 1377 4975 percipiamus.
1412 4907 1879 4971 Quemadmodum
1912 4905 2073 4959 etiam

502 5001 822 5052 immensam
878 5008 931 5052 et
982 4997 1592 5067 iucomprchensibilem
1645 4997 2074 5067 magnitudinem

498 5105 652 5143 suam
706 5089 959 5144 humanis
1008 5089 1393 5143 accommodat
1450 5088 1684 5153 visibus,
1719 5096 1771 5141 et
1831 5103 1954 5142 cum
2006 5087 2078 5141 sit

501 5183 664 5245 Deus,
697 5180 859 5234 homo
916 5184 1201 5250 apparuit;
1272 5180 1574 5235 exinanivit
1619 5180 1763 5233 enim
1824 5180 2080 5248 semetip-

496 5289 639 5335 sum,
670 5272 893 5325 formam
930 5274 1070 5326 scrvi
1109 5273 1385 5343 accipiens
1407 5273 1449 5339 ⁸,
1484 5279 1544 5326 ιιι
1572 5286 1860 5342 possemus
1902 5270 2078 5323 homi-

498 5380 595 5418 nes
628 5362 793 5415 Deum
827 5364 1029 5416 videre.
1061 5362 1233 5417 Sicuti
1272 5373 1402 5435 ergo
1431 5363 1708 5416 credimus
1745 5359 1937 5423 Deum,
1972 5359 2075 5414 etsi

499 5455 666 5508 homo
726 5470 833 5508 non
889 5455 978 5515 sit,
1017 5455 1294 5509 hominem
1355 5454 1702 5524 apparuisse,
1758 5466 2075 5523 quanquam

498 5556 692 5616 suapte
732 5556 931 5603 natura
975 5547 1118 5603 Deus
1150 5548 1314 5602 fuerit
1354 5557 1408 5601 et
1439 5547 1528 5610 sit,
1556 5548 1683 5615 quia
1712 5547 2075 5601 immensura-

500 5637 662 5692 bilem
691 5654 843 5691 suam
874 5640 1301 5710 magnitudinem
1352 5654 1581 5708 corpore
1610 5638 2071 5708 circumscripsit,

569 5749 638 5803 ιι
674 5750 799 5803 (ἑοῖ.
837 5768 923 5812 xv.
961 5753 1156 5811 9.1.28.
1236 5754 1254 5785 ⁵
1288 5752 1304 5805 l
1341 5753 1465 5808 Cor.
1503 5754 1652 5819 1,21.

1731 5754 1749 5783 ‘
1779 5752 1940 5808 Joan.
1980 5769 2096 5821 vtit,
2134 5754 2216 5811 19.

2254 4268 2323 4331 γ’.
2370 4264 2669 4333 Μέμνημαι
2721 4262 2776 4315 δὲ
2831 4263 3196 4334 ὑποσχόμενος
3236 4264 3540 4336 ἔμπροσθεν
3573 4267 3759 4337 ῶσπερ

2182 4354 2247 4407 δι’
2303 4356 2567 4425 ἐσόπτρου
2608 4354 2802 4418 δείξειν
2851 4356 2978 4426 ὑμῖν
3019 4355 3118 4426 τὴν
3152 4356 3335 4410 εἰκόνα
3381 4358 3487 4409 τῶν
3512 4359 3640 4428 περὶ
3672 4359 3759 4411 τὸν

2184 4446 2398 4517 Πατέρα
2428 4448 2521 4499 καὶ
2552 4446 2641 4499 τὸν
2683 4445 2809 4499 Υἱόν
2830 4464 2842 4477 ·
2887 4447 3115 4519 ἐπείπερ
3168 4448 3490 4519 ἀνθρωπίνῳ
3522 4449 3664 4519 λόγῳ
3694 4450 3760 4501 τὰ

2182 4538 2323 4590 κατὰ
2349 4538 2446 4609 τὴν
2477 4538 2625 4590 θείαν
2662 4539 2821 4605 φύσιν
2863 4539 2959 4609 οὑχ
3010 4540 3389 4594 ὑποτέτακται.
3442 4542 3629 4593 Ὁπότε
3654 4542 3757 4610 γὰρ

2183 4635 2345 4697 αὑτὸς
2366 4637 2394 4687 6
2417 4634 2546 4697 Θεὸς
2574 4636 2634 4687 οὑ
2660 4635 2797 4688 κατά
2830 4636 2927 4704 τὴν
2951 4635 3082 4688 ἰδίαν
3110 4635 3200 4688 τοῦ
3232 4635 3492 4705 μεγέθους
3533 4636 3757 4706 δύναμιν

2183 4728 2473 4780 διείλεκται
2504 4730 2661 4798 ἡμῖν,
2710 4727 2845 4780 ἀλλά
2886 4730 3192 4797 συμμετρεῖ
3233 4730 3350 4789 ταῖς
3393 4727 3756 4797 ἀνθρωπίναις

2182 4820 2371 4881 ἀκοαῖς
2424 4819 2520 4888 τὴν
2577 4817 2770 4871 ἑαυτοῦ
2829 4820 3031 4888 φωνὴν,
3061 4819 3208 4881 ὅπως
3234 4814 3333 4872 οἷοί
3368 4836 3423 4870 τε
3449 4812 3597 4887 ὦμεν
3640 4822 3758 4880 ταῖς

2182 4913 2371 4973 ἀκοαῖς
2396 4910 2492 4979 τὴν
2523 4910 2671 4963 θείαν
2694 4910 2873 4980 φωνὴν
2892 4910 3266 4975 ὑποδέξασθαι.
3294 4910 3399 4964 Καὶ
3425 4908 3533 4980 γάρ
3558 4927 3638 4962 τοι
3666 4911 3757 4961 καὶ

2180 5000 2241 5052 τὸ
2271 4999 2593 5053 ἀνύποιστον
2642 5001 2733 5052 καὶ
2775 5000 3143 5070 ἀπερίληπτον
3170 5000 3395 5070 μέγεθος
3425 5000 3589 5053 αὑτοῦ
3622 5017 3754 5069 συμο

2184 5094 2372 5163 μετρεῖ
2405 5095 2523 5155 ταῖς
2554 5090 2664 5145 τῶν
2710 5091 3013 5159 ἀνθρώπων
3043 5092 3217 5160 ὄψεσι,
3258 5093 3347 5144 καὶ
3376 5091 3507 5154 Θεὸς
3536 5091 3632 5151 ῶν,
3662 5094 3755 5145 ἄν·

2178 5184 2393 5255 θρωπος
2421 5184 2627 5252 πέφηνε
2647 5197 2661 5211 ⁶
2708 5183 2941 5235 ὲκένωσε
2976 5186 3083 5254 γὰρ
3112 5185 3299 5236 ἑαυτὸν
3330 5187 3542 5255 μορςρὴν
3571 5186 3756 5237 δούλου

2176 5272 2376 5336 λαϐὼν,
2408 5275 2494 5327 ἵνα
2538 5274 2854 5345 δυνηθῶμεν
2889 5276 2936 5327 oi
2979 5275 3250 5347 ἄνθρωποι
3278 5276 3572 5328 θεάσασθαι
3606 5276 3756 5329 Θεόν.

2177 5367 2388 5437 Ὥσπερ
2408 5362 2499 5419 οὖν
2520 5366 2862 5436 πεπείσμεθα
2895 5368 2974 5419 ὃτι
2998 5370 3095 5420 οὑκ
3120 5368 3193 5422 ὣν
3216 5368 3397 5439 ἀνθρω
3410 5386 3519 5430 πος,
3550 5370 3757 5438 πέφηνε

2179 5462 2277 5531 μὲν
2306 5459 2612 5530 ἄνθρωπος,
2655 5459 2795 5511 κατὰ
2838 5458 2998 5527 φύσιν
3032 5461 3087 5512 δὲ
3125 5460 3254 5523 Θεὸς
3294 5456 3360 5530 ἦν
3401 5478 3457 5512 τε
3487 5463 3583 5513 καὶ
3617 5461 3751 5519 ἔστι,

2180 5550 2241 5603 τὸ
2278 5549 2647 5620 ἀπερίληπτον
2686 5548 2911 5618 μέγεθος
2940 5549 3103 5601 αὑτοῦ
3146 5550 3353 5620 σώματι
3386 5549 3749 5620 περιγράψας,

2183 5642 2273 5695 καὶ
2304 5641 2367 5694 δι’
2397 5638 2612 5706 ἑαυτοῦ,
2643 5640 2828 5709 ὥσπερ
2850 5640 2916 5693 δι’
2954 5640 3239 5711 ἐσόπτρου,
3274 5640 3330 5693 τὸ
3350 5640 3466 5695 ὅλον
3498 5642 3630 5711 ἡμῖν
3660 5638 3754 5710 μέ-

2294 5755 2310 5784 '
2339 5752 2499 5807 Joan.
2530 5771 2579 5817 v,
2612 5754 2682 5807 23
2771 5754 2790 5784 ⁸
2820 5752 3051 5827 Philipp.
3089 5770 3147 5823 ιι,
3177 5755 3223 5809 7.
