4020 6498
248 331 376 389 1285

1256 338 1626 397 ADVERSUS
1661 336 1882 393 ARIUM
1923 336 2009 390 ΕΤ
2040 338 2452 399 SABELLIUM.

3348 350 3484 409 1286

242 452 389 521 γεθος
441 449 535 504 τοῦ
566 451 698 505 Θεοῦ
733 455 1009 523 πειρήνας,
1051 457 1116 509 ἵν’
1145 457 1332 528 ὥσπερ
1378 458 1606 529 διόπτρα
1636 456 1797 526 τούτιι

1914 463 2078 525 atque
2104 459 2156 512 in
2190 475 2249 515 se
2284 461 2423 530 ipso,
2462 472 2718 535 tanquam
2756 466 2807 521 in
2841 472 3084 539 speculo,
3124 481 3291 529 totam
3322 481 3481 533 nobis

242 544 584 615 χρησάμενοι,
616 545 709 597 καὶ
736 545 829 598 τοῦ
859 548 1069 617 Πατρὸς
1090 548 1276 601 θεαταὶ
1299 550 1581 619 γενώμεθα
1604 570 1617 582 ·
1646 551 1807 605 είκὼν

241 634 340 704 γὰρ
364 633 456 687 τοῦ
484 635 716 705 ἀοράτου
745 636 879 690 Θεοῦ
911 640 1050 693 κατὰ
1074 640 1164 691 τὸν
1180 642 1496 694 Ἀπόστολον
1525 643 1807 711 τυγχάνων

242 723 471 795 εἴρηκεν·
502 744 521 776 ι
545 726 600 778 '0
620 728 877 797 ἑωρακὼς
897 730 1017 798 ἐμὲ,
1047 731 1256 801 ἑώρακε
1282 733 1369 784 τὸν
1392 733 1629 803 Πατέρα·
1657 752 1674 784 ι
1715 733 1808 785 οὖ-

241 831 339 879 τως
364 819 458 869 καὶ
479 818 566 871 διὰ
601 819 709 873 τῶν
731 822 788 871 ἐν
808 823 927 883 ταῖς
948 822 1187 891 Γραφαϊς
1218 824 1359 877 κατά
1379 825 1438 877 τὸ
1475 826 1669 895 μέτρον
1698 826 1806 878 τῶν

241 906 410 960 ἀκοῶν
431 908 587 977 ἡμῶν
604 911 927 980 εἰρημένων,
972 912 1045 982 μὴ
1074 915 1418 983 ἁρμοζόντων
1446 916 1501 967 δὲ
1526 916 1807 987 πολλαχῶς

236 1000 299 1067 τῇ
335 997 547 1063 θεότητι
584 1000 653 1052 δι’
674 1002 955 1055 ἀσθένειαν
988 1004 1168 1072 λόγου,
1210 1007 1485 1073 ἀναλόγως
1512 1007 1806 1078 θεωρῶμεν

241 1090 393 1143 αὑτὸν
422 1092 487 1161 τῇ
510 1092 719 1163 διανοίᾳ
743 1110 759 1125 ·
792 1093 980 1166 ὥσπερ
1006 1097 1113 1167 γὰρ
1146 1098 1277 1160 Θεὸς
1303 1098 1513 1169 σώματι
1541 1102 1807 1171 περίγρα-

243 1199 364 1245 πτος
398 1184 532 1254 ἡμῖν
559 1179 736 1238 ὦπται
760 1186 846 1240 διὰ
872 1186 970 1250 τὰς
996 1188 1167 1257 ὄψεις,
1198 1190 1370 1254 οὕτως
1423 1192 1516 1245 καὶ
1552 1194 1580 1245 ό
1616 1192 1800 1260 λόγος,

236 1276 553 1348 »μικρότερος
591 1277 623 1348 ἢ
651 1278 792 1332 κατά
831 1280 982 1345 Θεὸν,
1018 1283 1353 1352 κεκήρυκται
1382 1284 1468 1338 διὰ
1492 1285 1587 1349 τὰς
1614 1287 1801 1351 ἀκοάς.

302 1552 360 1605 δ’.
417 1550 689 1605 Δέδεικται
739 1551 816 1615 δὲ,
872 1552 1061 1624 ὥσπερ
1096 1553 1432 1623 προέφημεν,
1480 1552 1566 1605 διὰ
1600 1552 1803 1623 ταύτης

235 1643 327 1712 τῆς
384 1642 606 1711 Γραφῆς
648 1642 723 1707 ὡς
779 1643 1117 1714 ἀνθρώπινος
1165 1644 1319 1708 λόγος
1362 1644 1494 1697 Θεόν
1528 1661 1586 1696 τε
1616 1645 1709 1696 καὶ
1734 1645 1803 1697 τὰ

236 1734 347 1786 κατ’
381 1735 541 1787 αὐτὸν
567 1735 666 1787 οὐκ
690 1734 755 1788 ἂν
786 1735 1076 1801 ὲνδέξαιτο.
1109 1736 1325 1807 Ἐπειδὴ
1354 1738 1460 1806 γὰρ
1489 1736 1585 1806 οὐχ
1609 1734 1800 1788 ὑπολέ-

235 1826 411 1879 λειπτο
466 1826 630 1897 μέρος
684 1826 839 1895 λόγου
895 1828 956 1880 τὸ
1008 1828 1208 1897 μηνύον
1262 1828 1356 1898 τὴν
1391 1828 1665 1897 ἀῖδιότητα
1704 1826 1797 1879 τοῦ

236 1918 379 1982 Υῑοῦ,
400 1920 463 1988 τῇ
504 1916 757 1989 προθέσει
782 1917 965 1990 ὥσπερ
995 1919 1275 1989 αἰνίγματι
1298 1920 1548 1989 σημαίνει
1579 1919 1801 1991 σύγχροο

234 2024 319 2059 νον
343 2002 481 2061 εἶναι
508 2007 586 2077 τῷ
617 2008 789 2079 Πατρὶ
818 2012 851 2079 ἡ
890 2010 1079 2080 ι’ραφὴ
1096 2010 1327 2078 λέγουσα
1347 2027 1360 2042 ο
1400 2031 1417 2063 ι
1454 2013 1565 2083 Πρὸ
1595 2014 1801 2081 ἑωσφό-

234 2115 325 2168 ρου
356 2099 618 2169 ἐγέννησά
674 2115 763 2151 σε·
808 2119 826 2151 ι
865 2101 977 2166 καὶ,
1006 2121 1024 2151 ι
1066 2102 1180 2173 Πρὸ
1210 2103 1425 2157 πάντων
1452 2103 1561 2157 τῶν
1598 2104 1799 2183 βουνῶν

230 2193 390 2261 γεννᾷ
434 2208 499 2259 με
538 2212 554 2241 ι
600 2192 690 2244 καὶ
724 2192 952 2247 ἑκάστου
998 2194 1497 2266 δημιουργήματος.
1544 2197 1713 2250 Τοῦτο
1741 2196 1801 2249 τὸ

234 2282 393 2351 μέρος
428 2282 522 2336 τοῦ
546 2282 702 2351 λόγου
734 2284 1046 2355 προτιθεῖσα
1075 2286 1107 2355 ἡ
1139 2285 1349 2357 Γραφὴ,
1386 2288 1618 2358 ἄναρχον
1639 2290 1799 2342 αὑτὸν

230 2373 514 2441 ἀποφαίνει
539 2390 553 2404 ’
599 2374 658 2427 τὸ
701 2376 809 2446 γὰρ
854 2378 1323 2450 προῡπερϐατικὸν
1359 2380 1573 2433 πάντων
1594 2379 1673 2443 δν,
1706 2383 1799 2434 καὶ

232 2464 460 2530 μάλιστα
477 2466 587 2528 ὅτε,
613 2464 720 2535 πρὸ
732 2466 838 2518 τῶν
856 2467 1089 2533 αίώνων,
1117 2467 1285 2537 λέγει,
1320 2472 1398 2532 είς
1421 2470 1482 2523 τὸ
1509 2470 1676 2525 ἀΐδιον
1706 2472 1799 2523 καὶ

228 2554 460 2625 ἄναρχον
506 2556 697 2625 τρέπει
728 2556 884 2627 ἡμῶν
920 2558 1011 2611 τὸν
1038 2557 1183 2612 νοῦν.
1229 2559 1352 2622 Πῶς
1372 2555 1467 2613 οὖν
1498 2559 1579 2630 τῷ
1625 2560 1800 2631 Πατρὶ

229 2648 411 2699 συναεὶ
446 2646 851 2719 [καθε]ζόμενος
886 2650 963 2719 (5)
1002 2651 1064 2702 τὸ
1093 2651 1215 2714 Υἱὸς
1244 2645 1381 2704 εἶναι
1432 2652 1521 2705 καὶ
1545 2653 1797 2721 γεγεννῆ-

230 2736 350 2789 σθαι
405 2738 828 2808 ἐπιγέγραπται,
885 2741 1065 2792 είκόνα
1113 2756 1195 2794 σοι
1253 2740 1456 2795 τούτων
1512 2743 1795 2813 προτείνω,

225 2828 455 2901 ἐπείπερ
482 2829 591 2884 τῶν
614 2831 751 2883 κατὰ
784 2831 941 2898 φύσιν
974 2833 1032 2883 οὐ
1064 2831 1396 2886 καθικνεῖται
1428 2834 1457 2887 ὀ
1500 2832 1676 2901 λόγος,
1702 2836 1799 2902 τὴν

225 2924 419 2976 ἀκτῖνα
444 2921 550 2975 ὑπὸ
594 2922 690 2974 τοῦ
725 2922 896 2993 ἡλίου.
938 2923 1059 2987 Πῶς
1086 2925 1186 2977 οὐκ
1210 2925 1273 2979 ἂν
1296 2927 1524 2994 φήσειας
1552 2925 1798 2994 τετέχθαι

227 3014 321 3067 καὶ
347 3013 407 3067 τὸ
432 3012 547 3083 φῶς
576 3014 678 3067 ὑπὸ
703 3014 794 3067 τοῦ
820 3014 1010 3085 λύχνου
1036 3033 1049 3079 ;
1086 3017 1220 3068 Ἀλλ’
1250 3016 1437 3087 ὥσπερ
1460 3018 1521 3070 οὐ
1540 3018 1799 3087 πρότερον

1910 544 2004 600 Dei
2037 549 2461 618 magnitudinem
2489 555 2747 621 ostendit,
2786 566 2843 610 ut
2864 574 2928 613 eo
2960 561 3122 616 veluti
3158 566 3481 635 conspicillo

1911 642 2146 698 utentes,
2180 634 2358 694 Patris
2393 655 2609 709 quoque
2638 652 2971 711 spectatores
3014 634 3311 717 fieremus;
3350 670 3477 709 nam

1907 740 2032 778 cum
2090 726 2270 796 imago
2339 730 2430 784 Dei
2488 732 2781 789 invisibilis
2812 738 2900 801 sit,
2959 747 3099 796 teste
3146 743 3408 812 Apostolo
3433 749 3475 812 ',

1906 816 2043 871 dixit
2066 818 2110 849 ¹⁰
2143 837 2157 873 :
2188 839 2205 870 ι
2246 820 2347 887 Qui
2377 823 2509 877 vidit
2540 840 2643 889 me,
2683 826 2819 881 vidit
2848 828 3061 885 Patrem
3096 851 3107 887 :
3148 853 3166 885 ι
3205 836 3277 890 ita
3309 839 3474 892 etiam

1908 924 2002 978 per
2041 926 2107 964 ea
2139 927 2258 981 qua:
2294 914 2346 968 in
2390 914 2689 987 Scripturis
2732 919 2926 975 idonea
2986 925 3203 992 quidem
3261 928 3469 983 auditui

1907 1009 2099 1056 nostro
2151 1004 2430 1071 dicuntur,
2463 1009 2595 1076 quin
2639 1016 2818 1064 tamen
2842 1012 3112 1067 divinitati
3158 1018 3473 1089 plerumque

1907 1092 2018 1146 sint
2073 1107 2335 1164 congrua,
2396 1098 2467 1151 ob
2524 1101 2796 1155 sermonis
2852 1105 3030 1158 nostri
3102 1106 3473 1165 infirmitatem

1904 1186 2299 1253 proportionali
2327 1187 2490 1242 modo
2529 1188 2708 1257 ipsum
2759 1200 2942 1246 mente
2989 1194 3292 1263 intuemur;
3348 1215 3474 1254 nam

1905 1275 2047 1329 sicut
2078 1274 2216 1331 Deus
2252 1292 2482 1346 corpore
2540 1280 2997 1353 circumscriptus
3042 1286 3245 1342 nostris
3295 1304 3353 1343 se
3379 1291 3477 1344 ob-

1904 1366 2029 1419 tulit
2062 1369 2363 1435 obtutibus,
2399 1371 2473 1423 ita
2497 1372 2658 1425 etiam
2692 1389 2894 1436 sermo,
2929 1377 3020 1444 qui
3048 1392 3177 1432 sane
3210 1379 3351 1433 infra
3382 1381 3475 1436 Dei

1902 1458 2221 1529 dignitatem
2256 1470 2360 1523 est,
2394 1463 2617 1519 auribus
2646 1466 2851 1520 nostris
2882 1468 3227 1535 praedicatur.

1972 1551 2033 1604 4.
2082 1550 2522 1607 Demonstratum
2561 1555 2743 1625 itaque
2794 1567 2897 1625 est,
2943 1567 2999 1611 ut
3048 1559 3159 1628 jam
3211 1562 3473 1627 diximus,

1904 1639 2204 1709 Scriptura:
2238 1642 2401 1713 hujus
2454 1646 2767 1701 testimonio
2810 1648 3109 1703 humanum
3162 1666 3474 1709 sermonem

1902 1728 2044 1783 haud
2097 1747 2258 1801 posse
2302 1733 2468 1789 Deum
2532 1752 2726 1806 resque
2777 1738 2895 1807 ejus
2935 1742 3294 1811 aequiparare.
3335 1743 3471 1799 Nam

1906 1822 2033 1888 quia
2057 1824 2203 1876 nulla
2243 1825 2402 1881 nobis
2443 1831 2684 1898 suppetit
2707 1845 2833 1899 pars
2875 1835 3167 1899 sermonis,
3200 1852 3319 1903 qua:
3350 1834 3472 1891 Filii

1906 1914 2264 1969 atternitatem
2311 1917 2566 1986 denotet,
2618 1920 2907 1975 verborum
2961 1925 3468 1991 circumlocutione,

1906 2014 2067 2075 prout
2110 2009 2375 2077 sequitur,
2413 2018 2670 2081 tanquam
2709 2015 2993 2083 aenigmate
3047 2018 3316 2086 significat
3343 2034 3475 2075 con-

1908 2099 2258 2167 temporalem
2309 2116 2431 2155 esse
2478 2100 2624 2155 Patri
2669 2103 2866 2157 Filium
2921 2104 3227 2176 Scriptura,
3281 2110 3475 2166 dicens

1908 2189 2159 2246 videlicet
2198 2209 2209 2244 :
2242 2209 2260 2242 ι
2298 2192 2436 2246 Ante
2466 2193 2749 2247 luciferum
2787 2198 2946 2265 genui
2977 2206 3026 2251 te
3063 2198 3124 2263 “,
3166 2218 3185 2251 ι
3214 2215 3309 2253 nec
3342 2216 3472 2262 non,

1915 2300 1932 2331 ι
1972 2282 2111 2337 Ante
2195 2298 2385 2339 omnes
2440 2287 2607 2341 colles
2641 2305 2658 2337 ›
2719 2295 2773 2341 et
2829 2292 3128 2359 quamlibet
3169 2301 3475 2347 creaturam

1915 2391 1935 2425 ι
1973 2375 2144 2445 gignit
2173 2390 2257 2429 tne
2281 2376 2343 2429 ".
2378 2395 2396 2427 ›
2438 2375 2549 2431 llac
2580 2378 2792 2446 adjecta
2825 2382 3092 2436 sermonis
3123 2392 3295 2451 parte,
3329 2383 3480 2439 Scri-

1908 2475 2063 2535 ptura
2104 2464 2298 2519 Filium
2321 2467 2526 2537 absque
2560 2468 2713 2523 initio
2732 2486 2851 2525 esse
2881 2471 3145 2539 declarat;
3179 2490 3303 2529 nam
3332 2478 3476 2548 quod

1912 2557 2097 2611 omnia
2130 2558 2361 2622 excedit,
2397 2561 2697 2628 praesertim
2730 2575 2852 2613 cum
2883 2568 2933 2615 et
2969 2574 3093 2617 ante
3133 2567 3327 2619 saecula
3358 2584 3478 2621 esse

1907 2652 2145 2713 dicatur,
2188 2650 2240 2703 id
2300 2650 2518 2720 inquam
2568 2652 2633 2705 ad
2682 2656 3171 2723 scmpiternitatem
3231 2657 3477 2728 iuitiique

1905 2742 2247 2812 negationem
2282 2748 2519 2795 mentem
2573 2750 2815 2796 nostram
2844 2746 3134 2798 convertit.
3190 2746 3479 2813 Quomodo

1906 2834 2071 2904 igitur
2095 2832 2187 2903 qui
2223 2847 2346 2886 cum
2389 2831 2549 2887 Patre
2605 2834 2935 2887 teternaliter
2985 2837 3257 2901 considet,
3300 2838 3470 2895 Filius

1906 2932 1959 2979 et
1978 2924 2195 2994 genitus
2233 2922 2504 2985 titulelur,
2530 2922 2843 2992 exemplum
2878 2925 2997 2987 tibi,
3032 2927 3476 2997 quandoquidem

1907 3018 1982 3071 rei
2014 3023 2262 3069 naturam
2296 3029 2475 3069 sermo
2518 3030 2624 3068 non
2660 3018 2994 3084 assequitur,
3026 3018 3077 3070 in
3137 3020 3271 3075 solis
3321 3020 3477 3074 radio

226 3106 435 3175 ὀῆλιονς,
463 3104 654 3159 ἔπειτα
679 3107 710 3176 ὴ
734 3107 907 3169 ἀκτὶς,
939 3107 1051 3159 ἀλλ’
1073 3108 1186 3177 ἅμα
1202 3108 1277 3178 τῷ
1300 3104 1436 3161 εἶναι
1466 3109 1498 3180 ἢ
1522 3111 1797 3177 γεγονέναι

1911 3121 2175 3176 propono.
2208 3104 2409 3171 Quidni
2438 3107 2600 3159 etiam
2634 3106 2787 3160 dicas
2817 3115 3025 3175 partam
3049 3125 3169 3164 esse
3199 3127 3226 3164 a
3254 3112 3475 3166 lucerna

226 3198 316 3250 τὸν
348 3197 519 3265 ἥλιον,
555 3197 669 3251 ἔστι
690 3215 749 3250 τε
776 3198 870 3251 καί
899 3199 1117 3267 γέγονεν
1147 3199 1358 3269 ήάκτίς
1382 3215 1395 3228 ’
1434 3200 1527 3252 καὶ
1558 3200 1673 3266 ἅμα
1720 3200 1797 3271 τῷ

226 3289 463 3361 ὑπάρξαι
500 3289 590 3342 τὸν
613 3289 820 3360 λύχνον,
854 3290 1062 3360 ὑπῆρξε
1092 3292 1183 3343 καὶ
1199 3291 1259 3343 τὸ
1290 3291 1434 3360 φῶς·
1467 3294 1558 3345 καὶ
1586 3293 1643 3345 τὸ
1676 3311 1797 3361 γεν-

224 3382 464 3452 νώμενον
494 3381 600 3434 ὑπὸ
629 3382 723 3434 τοῦ
757 3381 968 3451 λύχνου,
1004 3383 1063 3435 οὐ
1100 3384 1236 3453 μετά
1272 3400 1391 3435 τινα
1419 3383 1627 3453 χρόνον,
1662 3384 1795 3437 ἀλλὰ

226 3477 323 3529 σὺν
375 3472 525 3544 αὑτῷ
566 3472 901 3542 γεννώμενον
953 3473 1199 3541 φαίνεται
1225 3491 1239 3505 ο
1293 3473 1464 3537 οὕτως
1488 3474 1547 3527 οὐ
1583 3475 1797 3545 πρῶτος

222 3567 376 3628 Θεὸς,
412 3566 707 3635 μετέπειτα
732 3565 786 3617 δὲ
818 3567 850 3633 ἠ
878 3565 1037 3633 σοφία
1066 3565 1251 3630 αὑτοῦ,
1277 3566 1389 3617 ἀλλ’
1410 3566 1525 3635 ἀμα
1550 3566 1627 3637 τῷ
1657 3563 1793 3620 εἶναι

219 3659 313 3711 τὸν
341 3658 474 3711 Θεὸν
500 3657 609 3709 τῶν
643 3656 799 3718 ὅλων,
828 3652 895 3726 ἦν
923 3657 978 3709 δὲ
1002 3656 1250 3716 πάντοτε,
1278 3652 1344 3726 ἦν
1379 3658 1483 3727 ἄρα
1522 3660 1614 3711 καὶ
1642 3661 1673 3727 ὴ
1710 3675 1797 3712 σο-

220 3752 340 3819 φία,
368 3748 639 3801 τοῦτέστιν
662 3750 689 3800 ὁ
717 3747 968 3817 Χριστός·
1004 3747 1178 3799 καίτοι
1226 3748 1537 3818 γεννωμένη
1568 3750 1671 3803 ὑπὸ
1702 3752 1792 3805 τοῦ

218 3838 378 3902 Θεοῦ,
407 3840 502 3891 καί⁵
529 3838 774 3908 γέννημα
831 3837 1051 3899 εἰκότως
1087 3838 1545 3908 προσαγορεύεται
1573 3843 1605 3907 ἡ
1635 3842 1795 3909 σοφία

215 3931 311 3984 τοῦ
334 3929 601 3983 διαδεικνυ
609 3929 767 3999 μένου
785 3929 972 3998 αὑτήν.
989 3929 1060 3980 Τὸ
1087 3930 1165 3988 δε,
1186 3949 1201 3976 ι
1230 3930 1341 3998 Πρὸ
1359 3930 1572 3983 πάντων
1591 3931 1794 3999 βουνῶν

214 4023 383 4091 γεννᾷ
448 4038 535 4091 με,
576 4040 593 4070 ι
627 4019 879 4090 ἐμφαίνει
936 4021 1164 4073 πάντοτε
1207 4019 1540 4090 γεννώμενον
1568 4027 1675 4085 τοῖς
1712 4025 1795 4075 ἁν-

216 4112 459 4184 θρώποις
487 4112 591 4165 ὑπὸ
617 4111 710 4164 τοῦ
739 4112 947 4183 Πατρὸς
976 4112 1067 4164 τὸν
1092 4111 1337 4181 Σωτῆρα.
1382 4115 1489 4166 Καὶ
1518 4114 1597 4176 τὸ,
1640 4135 1655 4166 ι
1694 4116 1795 4187 Σή-

218 4221 389 4275 μερον
422 4202 725 4273 γεγέννηκά
762 4222 842 4266 σε,
886 4225 902 4255 ι
930 4205 1106 4258 καίτοι
1146 4208 1644 4276 προγεγεννημένον
1702 4211 1793 4262 καὶ

212 4297 303 4350 ἀεὶ
341 4295 584 4356 συνόντα,
616 4295 716 4347 ὑπὸ
747 4296 936 4364 χρόνου
973 4297 1125 4366 μέρει
1150 4297 1208 4349 τὸ
1230 4297 1491 4366 σήμερον
1522 4300 1727 4366 ἄγουσα
1757 4304 1788 4371 ἡ

212 4386 408 4457 Γραφὴ
463 4387 735 4456 σημαίνει,
798 4389 884 4439 ἀεὶ
926 4390 1037 4450 τοῖς
1065 4387 1297 4458 καθεξῆς
1333 4390 1608 4459 προϊοῦσιν
1647 4393 1792 4462 αὑτῴ

1901 3198 2128 3253 lucem?
2184 3198 2291 3254 Sed
2353 3198 2514 3252 sicuti
2588 3214 2695 3251 non
2762 3208 2844 3254 est
2907 3212 3060 3253 antea
3113 3202 3235 3267 Sol,
3291 3211 3475 3272 postea

1905 3292 2149 3358 radius;
2219 3291 2315 3346 sed
2375 3291 2537 3346 simul
2600 3307 2723 3345 cum
2804 3292 3107 3347 substantia
3172 3304 3477 3365 naturaque

1899 3384 2054 3446 solis,
2101 3391 2153 3436 et
2183 3391 2266 3438 est
2294 3390 2347 3436 et
2375 3382 2615 3452 gignitur
2649 3382 2869 3448 radius;
2928 3393 2982 3438 et
3035 3386 3194 3438 simul
3235 3401 3355 3439 cum
3392 3388 3476 3439 lu-

1898 3490 2084 3539 cerna,
2124 3476 2215 3528 lux
2241 3490 2455 3544 quoque
2481 3474 2735 3541 exsistit;
2765 3484 2817 3528 et
2847 3476 2987 3543 quod
3050 3491 3078 3529 a
3118 3477 3341 3531 lucerna
3389 3480 3474 3547 gi-

1899 3570 2102 3638 gnitur,
2133 3582 2239 3620 non
2265 3576 2388 3636 post
2417 3566 2636 3635 aliquod
2663 3574 2897 3635 tempus,
2923 3567 3015 3620 sed
3048 3583 3173 3620 cum
3214 3568 3330 3637 ipsa
3372 3585 3471 3635 pa-

1900 3662 2031 3715 riter
2061 3660 2301 3729 genitum
2327 3666 2547 3727 apparet
2574 3674 2587 3709 :
2623 3658 2701 3711 sic
2725 3672 2831 3711 nou
2860 3667 3015 3711 antea
3052 3657 3192 3714 Deus
3218 3669 3320 3721 est,
3349 3675 3475 3729 pos.

1899 3760 1983 3803 tea
2022 3766 2148 3803 vero
2198 3750 2466 3818 sapientia
2522 3750 2662 3817 ejus,
2710 3750 2806 3803 sed
2854 3764 2957 3801 una
2994 3765 3117 3802 cum
3179 3752 3475 3805 exsistente

1897 3838 2135 3891 omnium
2200 3836 2343 3900 Deo,
2406 3838 2497 3905 qui
2554 3852 2767 3907 semper
2822 3838 3060 3899 exstitit,
3116 3851 3232 3891 erat
3288 3842 3474 3907 utique

1896 3930 2056 3983 etiam
2100 3928 2387 3996 sapientia,
2437 3928 2487 3980 id
2528 3937 2612 3981 est
2642 3928 2916 3994 Christus,
2944 3945 3253 3998 quanquam
3284 3945 3475 4000 reapse

1899 4020 2080 4087 geuita
2111 4033 2139 4071 a
2168 4017 2279 4071 Deo
2314 4018 2436 4079 fuit,
2470 4025 2725 4086 recteque
2770 4020 3015 4087 genitura
3048 4020 3356 4087 appellatur
3382 4035 3474 4073 sa-

1897 4111 2096 4180 pientia
2126 4110 2271 4163 illius
2296 4109 2388 4177 qui
2416 4109 2588 4177 ipsam
2622 4108 2879 4162 ostendit.
2910 4106 3086 4161 Verba
3115 4116 3321 4169 autem,
3353 4127 3372 4159 ι
3406 4108 3469 4161 Ia't

1897 4213 2019 4255 ante
2047 4216 2237 4255 omnes
2264 4200 2431 4254 colles
2462 4198 2631 4267 gignit
2667 4214 2772 4261 me,
2807 4217 2825 4247 ι
2866 4197 3252 4252 demonstrant
3313 4213 3471 4267 pror-

1897 4309 1991 4347 sus
2021 4293 2258 4361 genitum
2293 4292 2605 4346 hominibus
2644 4306 2672 4343 a
2717 4288 2879 4344 Patre
2922 4288 3291 4344 Servatorem.
3332 4290 3470 4344 Tom

1895 4395 1946 4439 et
1981 4386 2162 4447 verba,
2200 4402 2219 4435 ι
2256 4382 2425 4437 Hodie
2450 4382 2610 4452 genui
2642 4393 2691 4435 te
2728 4382 2789 4443 ¹³,
2843 4400 2860 4431 ι
2901 4380 2969 4435 de
3022 4380 3135 4449 jam
3195 4382 3380 4451 genito
3419 4391 3473 4435 et

210 4478 529 4549 γεννᾶσθαι,
558 4480 710 4548 ἄχρις
745 4471 804 4530 οὗ
834 4480 893 4531 τὸ
919 4479 1182 4548 σήμερον
1203 4483 1464 4537 καλεῖται.
1496 4485 1564 4536 Et
1587 4502 1713 4537 ποτε
1735 4485 1789 4537 δὲ

1903 4493 2083 4532 secum
2104 4477 2407 4531 exsistente
2438 4474 2727 4536 dicuntur;
2760 4473 2887 4526 dum
2925 4482 3107 4527 tamen
3140 4472 3469 4527 vocabulum

204 4571 271 4626 τὸ
297 4570 563 4639 σήμερον
587 4568 662 4637 τῷ
695 4568 881 4637 κόσμῳ
905 4567 1076 4637 τούτῳ
1104 4570 1531 4641 συμπεριορισθῇ
1554 4573 1663 4633 τοῖς
1696 4571 1787 4622 τέ-

206 4664 383 4722 λεσιν,
416 4662 597 4715 οὐκέτι
628 4662 901 4727 γεννᾶται,
952 4661 1063 4713 ἀλλ’
1094 4661 1239 4724 ἅπαξ
1263 4666 1373 4725 τοῖς
1404 4664 1572 4716 ἅπασι
1602 4680 1790 4731 γεγεν-

205 4756 467 4827 νημένος,
502 4755 593 4807 καὶ
623 4754 835 4806 πάντων
868 4753 1061 4821 κριτὴς
1091 4752 1183 4803 καὶ
1208 4753 1463 4821 δικαστὴς
1504 4754 1787 4819 καθεσθεὶς

206 4846 433 4910 ζώντων
464 4846 556 4897 καὶ
605 4842 814 4913 νεκρῶν
864 4843 943 4904 εἰς
994 4842 1161 4893 αἰῶνα
1224 4841 1526 4910 βασιλεύσει
1561 4846 1657 4897 σὺν
1710 4847 1787 4916 τῷ

205 4937 412 5008 Πατρί.

1898 4570 2049 4624 hodie
2079 4571 2180 4625 sub
2231 4570 2491 4638 temporis
2543 4566 2906 4621 conditionem
2955 4566 3122 4618 trahit
3165 4564 3470 4635 Scriptura,

1897 4665 2134 4717 declarat
2190 4678 2405 4731 semper
2446 4660 2620 4721 illum,
2681 4658 3107 4728 procedentibus
3163 4674 3227 4711 ex
3279 4657 3470 4711 ordine

1896 4759 2037 4820 aliis,
2077 4757 2247 4825 gigni,
2286 4755 2456 4809 donec
2492 4753 2807 4822 praedictum
2833 4751 2985 4805 hodie
3008 4749 3467 4820 pronuntiabitur.

1898 4848 1951 4902 Si
1998 4850 2218 4919 quando
2264 4855 2444 4900 autem
2500 4845 2651 4899 hodie
2699 4843 2885 4898 mundi
2942 4844 3046 4897 ﬁne
3092 4841 3468 4899 concludetur.

1903 4954 2032 4996 tunc
2098 4941 2237 4995 haud
2282 4939 2487 4993 diutius
2518 4938 2775 5006 gignitur,
2808 4936 2899 4990 sed
2934 4933 3097 4988 semel
3128 4932 3468 5000 cunctisjam

201 5033 450 5100 genitus.
485 5036 538 5083 et
569 5026 809 5083 omnium
845 5026 1013 5096 juch
1054 5025 1366 5095 arbitcrque
1401 5028 1597 5085 sedens
1634 5034 1881 5091 vivorum
1954 5053 2017 5091 ac
2074 5042 2435 5096 mortuorum,
2495 5031 2823 5085 acternaliter
2872 5043 2993 5081 cum
3056 5026 3215 5081 Patre
3278 5038 3473 5095 regna-

202 5125 314 5178 bit.

278 5219 344 5264 εν,
373 5212 489 5263 ὀινα
514 5209 568 5261 δὲ
600 5208 672 5279 μὴ
696 5209 787 5261 καὶ
812 5207 890 5270 τὸ,
919 5227 934 5257 ι
963 5208 1163 5277 Κύριος
1186 5207 1364 5260 ἔκτισέ
1384 5227 1447 5279 με
1472 5212 1643 5282 ἀρχὴν
1659 5215 1793 5269 όδῶν

194 5307 376 5359 αὐτοῦ
410 5306 487 5365 εἰς
518 5304 649 5373 ἔργα
702 5301 886 5363 αὑτοῦ,
929 5320 946 5351 ι
983 5304 1179 5369 ἐμποιῇ
1242 5302 1531 5370 λογισμοὺς
1559 5309 1670 5363 τοῖς
1717 5307 1793 5359 δι-

194 5396 471 5466 εφθορόσι
515 5394 613 5463 τὴν
665 5392 922 5453 διάνοιαν,
947 5391 1066 5443 οὐδὲ
1105 5390 1261 5442 τοῦτο
1294 5393 1567 5461 παριτέον.
1593 5397 1652 5447 υἱ
1682 5397 1793 5467 γὰρ

190 5490 469 5560 ἑρμηνεῖς
500 5483 671 5556 βραχύ
695 5501 747 5536 τι
778 5484 875 5553 τῆς
909 5482 1183 5553 Ἐϐραῖδος
1210 5482 1492 5549 ἀκριϐείας
1527 5485 1633 5539 τῶν
1662 5488 1797 5558 Γρα-

275 5643 298 5673 ⁹
328 5640 450 5697 Col.
479 5658 518 5705 ι,
556 5642 640 5695 Ηὶ.
720 5642 761 5671 ¹⁰
790 5640 946 5694 Ιοιειιι.
991 5656 1098 5701 λιν,
1133 5638 1185 5694 9.
1268 5640 1307 5668 ¹¹
1345 5636 1489 5695 Psal.
1521 5657 1631 5707 Cix,
1664 5642 1715 5695 ὖ.

273 5785 368 5856 (5)
401 5784 477 5838 lta
520 5782 641 5838 cod.

1828 5644 1871 5674 ¹¹
1904 5641 2065 5697 Prov.
2104 5659 2216 5708 \‘lll,
2249 5643 2337 5695 23.

1973 5214 2023 5267 5.
2052 5209 2356 5277 Quomiuus
2385 5218 2561 5259 autem
2591 5220 2652 5259 ea
2683 5204 2845 5257 verba
2882 5222 2895 5257 :
2925 5220 2942 5253 ι
2975 5203 3247 5259 Dominus
3266 5204 3472 5258 creavit

1902 5322 1986 5360 me
2012 5304 2227 5358 initium
2258 5303 2465 5355 viarum
2491 5312 2712 5353 suarum
2745 5296 2810 5350 ad
2842 5311 3007 5365 opera
3040 5311 3138 5350 sua
3165 5296 3229 5357 ¹⁵,
3259 5316 3276 5347 ι
3306 5298 3472 5351 ratio-

1901 5398 2043 5451 cinia
2071 5397 2285 5450 illorum
2308 5390 2634 5447 conturbent
2656 5390 2747 5459 qui
2775 5398 3007 5443 mentem
3032 5396 3346 5457 corruptam
3379 5404 3473 5458 ge-

1903 5497 2049 5553 ruut,
2072 5505 2140 5543 ne
2172 5488 2222 5542 id
2240 5484 2458 5557 quidem
2482 5481 2919 5552 pmtereundum
2945 5487 3049 5535 est.
3074 5478 3283 5534 Etenim
3312 5480 3476 5533 inter-

2443 5641 2485 5673 "
2521 5640 2663 5694 Psal.
2700 5654 2757 5701 ιι,
2806 5638 2855 5690 7.
2936 5637 2979 5667 “
3020 5635 3179 5690 Prov.
3226 5651 3342 5699 vui,
3376 5632 3467 5687 22.
