4020 6506
522 321 659 375 1237

1720 311 1779 365 S.
1836 308 2161 364 (EREGORII
2197 308 2490 363 NYSSENI

3643 311 3779 365 {288

522 445 701 508 pretcs
732 448 921 503 parum
952 433 1080 503 quid
1108 433 1176 486 ab
1208 430 1486 486 llebraicae
1518 430 1804 498 scriptura:
1837 434 2097 481 accurato

2204 426 2318 493 φῶν
2383 429 2457 489 εἰς
2490 427 2584 497 τὴν
2624 425 2904 499 Ἑλληνίδα
2948 427 3394 499 περιτραπέντες,
3450 421 3604 479 εἷπον
3654 428 3779 495 μὲν,

520 543 707 590 sensu,
751 525 879 578 dum
916 525 969 577 in
1005 522 1279 577 Graecum.
1312 528 1714 581 converterent,
1754 520 2096 573 declinantes

518 618 776 673 dixerunt
797 617 987 669 creavit
1013 631 1031 669 :
1064 614 1155 669 sed
1185 627 1377 682 reapse
1404 614 1655 666 instituto
1676 610 1929 665 examine
1973 609 2097 676 fecit

520 711 704 778 potius
738 707 1064 777 comperies.
1104 704 1426 774 Quanquam
1458 704 1627 756 dictio
1658 717 1877 770 quoque
1899 700 2095 752 creavit

522 801 683 862 me,si
722 799 910 855 sedulo
938 796 1500 861 consideretur,haml
1528 792 1751 847 differre
1773 808 1801 844 a
1821 790 2097 845 locutione

522 895 644 961 fecit
666 908 747 945 me
769 892 1061 945 videbitur.
1086 887 1219 942 Nam
1247 888 1291 943 si
1318 888 1545 941 dixisset
1567 883 1966 944 tantummodo,
1987 880 2097 934 Do-

522 987 696 1038 minus
717 984 909 1038 creavit
931 998 1030 1045 me,
1058 980 1416 1048 quaastionem
1448 977 1727 1030 nonnullis
1776 974 2093 1043 injecisset;

521 1076 617 1130 sed
642 1076 771 1145 quia
800 1072 1006 1126 addidit
1043 1072 1253 1124 initium
1302 1070 1504 1122 ciarum
1553 1082 1773 1120 suarum
1820 1064 1887 1118 ad
1937 1080 2095 1131 opera

522 1184 640 1233 sua,
661 1165 948 1235 perspicue
967 1162 1284 1231 intelligitur
1301 1160 1481 1213 dicere
1510 1177 1523 1212 :
1552 1158 1814 1211 Dominus
1844 1156 1968 1210 fecit
1989 1171 2094 1221 me,

523 1266 584 1312 ut
618 1258 833 1329 praesim
863 1255 1122 1326 operibus
1150 1255 1291 1321 ejus,
1312 1262 1365 1305 et
1393 1251 1608 1304 initium
1635 1249 1839 1300 viarum
1872 1262 2095 1300 suarum

506 1349 655 1402 .mihi
689 1346 981 1401 commisit.
1020 1342 1377 1409 Quandonant
1434 1341 1577 1395 enim
1635 1340 1824 1392 habuit
1881 1338 2096 1391 initium

522 1441 732 1496 viarum
780 1452 1007 1493 suarum
1066 1434 1273 1487 Pater?
1302 1433 1384 1487 vel
1424 1431 1640 1502 quando
1691 1439 1945 1500 operator
1985 1444 2094 1483 non

522 1527 661 1587 fuit?
691 1532 776 1586 vel
805 1545 836 1584 a
861 1542 1099 1600 quonam
1132 1526 1429 1597 potentiam
1456 1533 1508 1579 et
1527 1523 1820 1578 ellicaciam
1848 1521 2098 1590 accepit?

518 1624 655 1678 Nam
679 1625 723 1678 si
756 1624 883 1693 quis
904 1622 1104 1675 dicitur
1125 1636 1233 1675 non
1268 1618 1450 1672 omnia
1482 1630 1700 1684 semper
1746 1613 1886 1683 apud
1914 1629 1974 1669 se
2008 1613 2097 1665 ha-

522 1717 728 1777 buisse,
756 1716 826 1768 ab
853 1714 1039 1782 aliquo
1072 1712 1178 1766 alio
1228 1710 1507 1780 accepisse
1530 1706 1900 1777 cognoscitur,
1930 1705 2003 1757 ita
2035 1714 2094 1757 ut

518 1808 721 1878 aliquis
745 1808 880 1860 alter
899 1806 1176 1874 antiquior
1204 1804 1323 1874 ipso
1348 1803 1490 1856 Deus
1524 1799 1875 1870 intelligatur.
1909 1817 1926 1850 ι
1958 1796 2093 1862 Quis

518 1907 701 1952 autem
737 1898 889 1966 prior
919 1896 1087 1959 dedit,
1121 1902 1177 1949 et
1201 1894 1533 1949 retribuetur
1564 1891 1649 1944 ei?
1682 1910 1699 1941 ι
1737 1888 1914 1958 inquit
1939 1887 2093 1941 Scri-

520 1996 680 2057 ptura
707 1988 773 2039 ιθ.
807 1985 925 2040 Jam
962 1988 1007 2039 si
1034 1986 1103 2040 ab
1122 1999 1187 2040 eo
1218 1992 1347 2038 sunt
1374 1983 1577 2040 omnia.
1605 1980 1849 2050 profecto
1878 1979 2092 2032 inititun

518 2078 731 2132 viarum
781 2077 903 2145 ejus
952 2083 1117 2145 atque
1168 2090 1395 2143 operum
1433 2088 1713 2142 nunquam
1765 2070 2092 2134 invenietur,

515 2169 612 2224 sed
645 2178 989 2239 operatorem
1016 2182 1230 2237 semper
1264 2181 1387 2221 eum
1412 2165 1583 2219 fuisse
1611 2162 1907 2217 constabit.
1938 2162 2094 2228 Quod

518 2269 565 2316 si
595 2263 777 2316 omnia
806 2276 903 2331 per
924 2259 1121 2314 Filium
1152 2259 1294 2312 facta
1320 2264 1469 2319 sunt,
1503 2264 1555 2311 et
1584 2257 1703 2309 sine
1733 2255 1851 2324 ipso
1886 2256 2092 2307 factum

517 2363 598 2408 cst
631 2353 765 2407 nihil
792 2352 859 2414 ¹⁶,
890 2367 1106 2420 semper
1138 2350 1326 2420 utique
1358 2349 1719 2419 operatricem
1770 2348 2093 2417 sapientiam

519 2442 661 2514 apud
691 2460 747 2498 se
779 2441 1037 2495 habuisse
1066 2454 1291 2509 prorsus
1319 2447 1564 2509 apparet.
1587 2435 1706 2489 Jam
1740 2437 1845 2491 etsi
1879 2451 2096 2504 semper

517 2543 778 2604 operatur
824 2531 1004 2593 Pater,
1047 2531 1167 2583 sine
1199 2526 1337 2581 Filio
1382 2535 1565 2581 autem
1600 2526 1800 2579 factum
1833 2525 2095 2586 estnihil,

518 2638 862 2693 nequaquam
895 2622 963 2676 ob
993 2620 1288 2674 dictionem
1322 2627 1556 2670 creatum
1573 2616 1736 2685 fuisse
1760 2616 2094 2681 existiment,

519 2715 639 2769 ideo
668 2722 855 2783 postea
887 2712 1089 2764 factum
1137 2724 1278 2772 esse,
1310 2716 1373 2761 ut
1426 2708 1555 2760 exin
1618 2717 1954 2774 operaretur.
1990 2704 2097 2759 Sed

518 2804 721 2859 locutio
754 2802 959 2857 Crearit
995 2818 1073 2853 me
1093 2800 1298 2853 initium
1329 2799 1534 2852 viarum
1564 2813 1783 2850 suarum
1804 2796 2095 2865 signiﬁcat,

520 2898 651 2952 mihi
681 2898 795 2950 vias
831 2912 959 2951 suas
995 2895 1361 2956 commisisse,
1404 2901 1464 2945 ut
1491 2892 1595 2945 sub
1628 2891 1940 2960 principatu
1977 2905 2098 2944 meo

520 2993 662 3056 sint;
714 2990 1080 3059 principatum
1130 3002 1258 3040 vero
1294 2985 1437 3040 haud
1481 2985 1743 3053 temporis
1805 2983 1959 3043 dicit,
2003 2982 2096 3037 sed

2203 517 2436 568 'Enrwé
2454 518 2528 584 (fi)
2549 518 2837 588 με,εὖροις
2863 520 2990 572 δ’ἂν
3017 520 3336 589 ἐρευνήσας,
3370 516 3655 585 Ἐποιησέ
3680 535 3776 586 με.

2200 606 2388 674 Ὅμως
2404 607 2458 659 δὲ
2478 609 2568 660 καὶ
2590 609 2915 668 τὸ,Ἔ)ιτισέ
2938 628 3030 678 με,
3053 610 3294 681 ἀκριϐῶς
3308 609 3616 679 νοούμενον,
3634 608 3781 664 οὐδὲν

2198 698 2399 767 ἀπᾷδον
2414 700 2530 760 τοῦ,
2559 701 2835 767 Ἐποίησέ
2864 719 2961 769 με,
2986 704 3279 756 δείκνυται.
3304 702 3369 755 Ei
3406 702 3534 771 γὰρ,
3569 703 3780 769 Κύριος

2198 790 2400 844 ἕκτισέ
2425 808 2523 857 με,
2556 794 2767 861 εἰρήκει
2801 793 2980 862 μόνον,
3007 793 3229 864 ζήτημά
3243 811 3352 847 τισι
3369 794 3777 848 καταλέλοιπεν

2197 884 2318 936 ιὶξπε.)⁸
2337 884 2392 937 δὲ
2408 885 2765 955 προσέθηκεν.
2801 886 2915 955 ἀρχ
2926 887 3000 952 ἡν
3016 887 3171 941 ὁδῶν
3189 887 3376 941 αὑτοῦ
3400 890 3486 951 εἰς
3509 888 3653 954 ἔργα
3677 889 3782 940 αὑ-

2196 976 2324 1040 τοῦ,
2358 977 2543 1045 σαφῶς
2586 976 2651 1029 ἂν
2708 981 2879 1045 νοοῖτο
2912 981 3187 1049 εἰρηκυῖα,
3219 977 3419 1049 Κύριος
3454 978 3681 1045 ἐποίησέ
3714 994 3782 1046 με

2199 1068 2507 1121 ἐπιτάττειν
2552 1069 2660 1121 τῶν
2726 1069 2904 1139 ἔργων
2937 1069 3125 1137 αὐτοῦ,
3169 1071 3263 1123 καὶ
3309 1070 3480 1140 ἀρχὴν
3510 1069 3617 1121 τῶν
3646 1067 3783 1121 ὁδῶν

2198 1159 2363 1212 αὑτοῦ
2395 1160 2689 1229 ὲνεχείρισέ
2709 1179 2818 1228 μοι.
2844 1162 2980 1213 Πότε
3011 1162 3121 1232 γὰρ
3143 1162 3300 1230 ἔσχεν
3325 1162 3497 1232 ἀρχὴν
3522 1161 3663 1213 ὁδῶν
3688 1160 3784 1213 αὺ-

2196 1251 2290 1303 τοῦ
2314 1253 2342 1303 ὁ
2367 1252 2589 1323 Πατήρ;
2620 1252 2653 1323 ἢ
2686 1254 2817 1305 πότε
2870 1253 2970 1305 οὐκ
2996 1249 3064 1323 ἧν
3094 1255 3351 1322 ἐνεργής;
3386 1254 3417 1323 ἢ
3458 1254 3608 1324 παρὰ
3634 1253 3784 1315 τίνος

2196 1341 2256 1394 τὺ
2287 1342 2546 1397 δύνασθαι
2579 1344 2674 1397 καὶ
2714 1344 2774 1397 τὸ
2806 1345 3048 1413 ἐνεργεῖν
3083 1344 3271 1414 εἴληφε
3299 1364 3312 1409 ;
3347 1346 3419 1397 Τὸ
3446 1345 3554 1413 γὰρ
3589 1345 3664 1415 μὴ
3694 1346 3783 1397 ἀεὶ

2196 1434 2264 1488 τὰ
2331 1436 2505 1488 πάντα
2556 1437 2698 1507 ἔχειν
2726 1440 2855 1507 παρ’
2895 1439 3093 1509 ἐαυτῷ,
3127 1438 3458 1507 ἐμφαντικὸν
3515 1439 3631 1489 ἐστι
3680 1434 3780 1489 τοῦ

2198 1526 2327 1596 παρ’
2382 1526 2543 1579 ἄλλου
2605 1527 2749 1591 τινὸς
2795 1528 3097 1597 εἰληφέναι,
3160 1527 3239 1589 ὡς
3263 1528 3450 1599 ἕτερόν
3488 1544 3610 1579 τινα
3646 1526 3781 1579 Θεὸν

2198 1616 2565 1689 πρεσϐύτερον
2590 1619 2754 1671 αὐτοῦ
2797 1619 3051 1673 νοεῖσθαι.
3098 1638 3118 1671 ι
3154 1620 3249 1683 Τίς
3285 1620 3341 1674 δέ
3372 1621 3651 1691 προέδωκε
3684 1620 3781 1671 καὶ

2198 1710 2693 1781 ἀνταποδοθήσεται
2759 1713 2943 1783 αύτῷς
2987 1733 3005 1765 ι
3046 1713 3214 1783 φησὶν
3273 1716 3305 1782 ὴ
3342 1713 3555 1782 Γραφή.
3608 1713 3672 1764 Εἰ
3719 1712 3783 1764 δὲ

2198 1803 2328 1871 παρ’
2358 1802 2521 1855 αὑτοῦ
2547 1804 2617 1856 τὰ
2646 1806 2844 1866 πάντα,
2877 1805 2999 1859 οὐδέ
3027 1822 3159 1859 ποτε
3204 1806 3313 1877 ἄρα
3348 1806 3488 1876 ἀρχὴ
3518 1805 3657 1857 ὁδῶν
3684 1804 3785 1856 αὺ-

2195 1892 2289 1944 τοῦ
2322 1893 2415 1945 καὶ
2440 1893 2617 1963 ἔργων
2652 1895 2817 1949 αὐτοῦ
2854 1898 3229 1968 εὑρεθήσεται,
3262 1898 3376 1951 ἀλλ’
3398 1899 3485 1949 ἀεὶ
3522 1898 3779 1967 ἐνεργής.

2196 1988 2270 2049 Εἰ,
2293 1987 2348 2040 δὲ
2366 1988 2542 2041 πάντα
2569 1990 2655 2043 διὰ
2684 1989 2776 2043 τοῦ
2830 1990 2959 2043 Υἱοῦ
2991 1990 3202 2059 γέγονε,
3251 1991 3347 2044 καὶ
3387 1994 3557 2060 χωρίς
3611 1989 3783 2042 αὐτοῦ

2197 2079 2412 2146 ἐγένετο
2425 2080 2543 2133 οὐδὲ
2572 2082 2652 2144 ἓν,
2679 2082 2766 2134 ἀεὶ
2791 2081 2899 2152 ἄρα
2917 2082 3016 2151 τὴν
3040 2080 3411 2153 ἐργαζομένην
3442 2082 3784 2152 σοφίανπαρ*

2198 2168 2376 2241 ἑαυτῷ
2422 2172 2564 2242 ἔχειν
2610 2173 2911 2240 ἀναφανδὸν
2956 2172 3250 2225 δείκνυται.
3313 2172 3374 2225 Εἰ
3416 2172 3470 2224 δὲ
3499 2172 3585 2224 ἀεὶ
3616 2171 3786 2240 ἐργά-

2198 2263 2348 2327 ζεται
2378 2266 2406 2315 ὁ
2432 2264 2640 2333 Πατὴρ,
2693 2264 2860 2334 χωρὶς
2908 2263 2966 2315 δὲ
2991 2263 3085 2316 τοῦ
3131 2262 3261 2315 Υἱοῦ
3293 2262 3444 2315 οὐδὲν
3470 2264 3781 2333 εἴργασται,

2200 2355 2396 2423 μήπως
2421 2353 2481 2406 τὸ
2516 2354 2785 2408 ἐκτίσθαι
2824 2354 3203 2423 ὑπειλήφασιν,
3245 2353 3465 2422 iamst
3520 2370 3650 2405 ποτε
3690 2354 3780 2405 δε-

2197 2445 2655 2516 δημιουργῆσθαι,
2691 2447 3117 2517 ἴναὲργάζηται,
3142 2446 3301 2499 Ἀλλὰ
3330 2446 3672 2508 τὸ,Ἕκτισέ
3705 2463 3787 2513 με

2199 2534 2394 2603 ἀρχὴν
2427 2533 2582 2588 ὁδῶν
2598 2535 2807 2599 αὐτοῦ,
2830 2534 3083 2605 σημαίνει
3102 2534 3184 2589 ὅτι
3207 2534 3535 2605 Ἐνεχεερισέ
3568 2552 3658 2603 μοι
3678 2535 3784 2597 τὰς

2197 2628 2351 2691 ὀδοὺς
2403 2627 2589 2690 αὑτοῦ,
2628 2627 2693 2679 ἵν’
2727 2620 2859 2680 ὦσιν
2891 2627 2996 2679 ὑπὸ
3027 2626 3128 2697 τὴν
3175 2626 3312 2697 ἐμὴν
3360 2628 3533 2697 ἀρχὴν
3560 2644 3573 2655 ·
3606 2626 3783 2696 ἀρχὴν

2200 2720 2308 2790 γὰρ
2354 2720 2414 2772 ού
2456 2718 2711 2789 χρονικὴν
2749 2717 2918 2787 λέγει,
2947 2717 3083 2772 ἀλλὰ
3134 2718 3236 2789 τὴν
3284 2718 3642 2788 κρατητικήν.
3668 2718 3784 2769 Καὶ

2200 2814 2307 2883 γὰρ
2342 2815 2433 2865 καὶ
2458 2814 2505 2865 οἱ
2534 2810 2822 2865 ἁπόστολοί
2856 2827 3042 2878 φασιν,
3081 2810 3162 2863 ὃτι
3190 2809 3281 2861 καὶ
3301 2808 3504 2878 Κύριον
3533 2811 3627 2859 καὶ
3648 2809 3784 2877 Χρι·

2203 2903 2326 2955 στὸν
2351 2902 2511 2956 αὑτὸν
2528 2901 2800 2971 ἐποίησεν.
2825 2900 2887 2953 Εἰ
2914 2901 2970 2953 δὲ
2994 2899 3073 2961 τὸ,
3115 2899 3419 2965 Ἐποίησε,
3451 2899 3663 2969 ποίημα
3689 2900 3783 2952 καὶ

2202 2995 2407 3064 κτίσμα
2447 2993 2782 3063 ὀνομάζοιτο,
2833 2991 2924 3045 δύο
2953 2992 3020 3045 ἂν
3060 2987 3168 3044 εἶέν
3196 3007 3339 3053 τινες
3370 2989 3461 3054 οὓς
3501 2992 3779 3060 ἐποίησεν,

521 3085 793 3155 potentiae.
825 3082 1068 3150 Namque
1090 3088 1143 3135 et
1173 3079 1407 3149 apostoli
1433 3080 1582 3131 aiunt
1618 3077 1795 3145 ipsum
1827 3083 1880 3129 et
1912 3073 2095 3127 Domi-

2201 3087 2286 3140 ’ἐτε
2297 3105 2385 3159 ρον
2420 3088 2517 3157 μὲν
2538 3086 2762 3157 Κύριον,
2795 3086 2980 3155 ἕτερον
3007 3085 3063 3137 δὲ
3090 3086 3341 3154 Χριστόν.
3367 3083 3600 3156 Χριστὸς
3625 3086 3683 3137 δὲ
3701 3087 3781 3137 ὃτι

522 3193 649 3229 num
697 3192 726 3229 a
788 3174 896 3229 Deo
954 3174 1155 3227 factum
1196 3187 1319 3227 eSsc
1360 3180 1414 3226 et
1443 3170 1720 3224 Christum
1759 3169 1822 3223 ’⁷.
1860 3166 2017 3233 Quod
2051 3168 2097 3221 si

521 3269 641 3335 fecit
701 3266 964 3321 facturam
1015 3274 1068 3319 et
1099 3265 1431 3318 creationem
1492 3262 1753 3317 denotare
1813 3260 2098 3331 placuerit,

520 3362 659 3416 duos
690 3377 823 3416 sane
852 3359 1062 3420 fecerit,
1090 3358 1319 3411 alterum
1363 3355 1583 3424 quidem
1629 3352 1940 3418 Dominum,
1964 3352 2100 3406 alte—

523 3470 642 3508 rum
683 3452 981 3506 Christum.
1032 3447 1185 3515 Quod
1234 3455 1414 3500 autem
1460 3444 1701 3501 cbristus
1751 3430 2101 3513 nuncupetur

524 3561 640 3608 rex,
678 3558 837 3598 nemo
866 3543 1100 3612 ignorat,
1133 3539 1227 3593 sed
1262 3548 1441 3590 tamen
1493 3537 1617 3604 fecit
1652 3536 1789 3590 duas
1823 3534 2100 3604 significat

526 3646 823 3710 potestates
852 3651 879 3686 a
917 3633 1076 3686 Patre
1109 3632 1183 3684 illi
1218 3631 1470 3693 traditas,
1522 3616 1856 3682 Dominicam
1891 3629 2100 3683 scilicet

521 3740 577 3787 ct
611 3729 868 3800 regalem.
893 3728 976 3780 vel
1006 3726 1185 3796 potius
1215 3739 1375 3777 unam
1407 3730 1725 3793 potestatem
1764 3722 1981 3777 duabus
2016 3723 2099 3776 vel

526 3825 774 3895 pilll‘iblls
825 3818 1286 3890 appellationibus
1326 3815 1626 3885 praeditam.
1664 3814 1890 3883 Utrique
1937 3814 2102 3883 igitur

525 3918 627 3971 sibi
660 3913 1024 3984 persuadeant
1056 3910 1147 3979 qui
1200 3909 1465 3961 alterutro
1497 3921 1685 3961 errore
1723 3915 1851 3959 sunt
1881 3906 2100 3969 irretiti,

522 4008 718 4063 Filium
751 4020 965 4074 semper
996 4018 1120 4058 cum
1152 4001 1313 4055 Patre
1344 3999 1640 4062 exstitisse,
1668 3999 1906 4068 genitum
1937 3998 2099 4051 simul

524 4108 576 4156 et
608 4101 815 4168 absque
846 4098 1027 4151 initio.
1060 4094 1193 4148 Nam
1242 4095 1360 4148 sine
1387 4093 1545 4147 initio
1592 4107 1783 4162 reapse
1835 4100 1940 4155 est,
1973 4092 2101 4160 quia

526 4206 650 4245 cum
684 4189 845 4242 Patre
876 4187 946 4240 ab
975 4192 1181 4239 aaterno
1203 4184 1445 4249 exstitit;
1480 4183 1697 4251 genitus
1733 4192 1937 4242 autem.
1972 4182 2099 4251 quia

526 4283 736 4337 aPatre
762 4290 821 4333 ut
849 4286 993 4333 esset
1028 4277 1256 4331 sortitus
1287 4284 1370 4330 est
1404 4295 1417 4328 :
1459 4276 1615 4329 veluti
1650 4275 1886 4329 diximus
1915 4276 1983 4329 de
2014 4275 2101 4328 lu—

525 4386 735 4435 cerna,
786 4384 907 4437 qua:
981 4381 1147 4420 causa
1211 4365 1522 4434 Splendoris
1587 4373 1717 4427 cst,
1777 4381 1954 4435 neque
2020 4373 2098 4417 ta-

2204 3179 2456 3249 βασιλεὺς
2504 3178 2989 3250 προσαγορεύεται,
3038 3177 3211 3230 οὐδενὶ
3261 3176 3419 3229 τοῦτο
3466 3178 3774 3244 ἄγνωστον·

2203 3271 2337 3325 ἀλλὰ
2355 3271 2437 3333 τὸ,
2471 3270 2773 3335 Ἐποίησε,
2792 3268 3045 3339 σημαίνει
3066 3267 3157 3320 δύο
3184 3268 3355 3338 ἀρχὰς
3374 3269 3777 3339 ἐγκεχειρίσθαι

2200 3361 2349 3432 αύτῷ
2388 3362 2538 3432 παρὰ
2586 3360 2679 3414 τοῦ
2714 3361 2946 3429 Πατρδς,
2985 3362 3083 3431 τὴν
3129 3360 3225 3429 μὲν
3256 3360 3564 3430 Κυριακὴν,
3591 3361 3690 3428 τὴν
3721 3361 3778 3413 δὲ

2204 3454 2509 3525 βασιλικὴν,
2542 3453 2741 3522 μᾶλλον
2770 3453 2826 3505 δὲ
2864 3453 2992 3521 μίαν
3029 3453 3199 3523 ἀρχὴν
3230 3453 3352 3505 δυσὶ
3389 3456 3778 3525 προσηγορίαις

2203 3544 2621 3616 γεραιρομένην,
2654 3543 2734 3615 [ἢ]
2767 3543 3026 3598 πλείοσιν.
3065 3544 3345 3612 Ἐκὰτεροι
3371 3546 3549 3598 τοίνυν
3590 3547 3777 3598 πεπεί-

2203 3638 2413 3691 σθωσαν
2444 3640 2493 3690 oi
2531 3639 2649 3701 ταῖς
2698 3638 2985 3708 ἑκατέραις
3019 3639 3394 3708 ὲνειλημμένοι
3424 3638 3673 3703 πλάναις,
3705 3640 3777 3702 ὡς

2201 3728 2289 3781 ἀεὶ
2318 3730 2411 3781 σὺν
2440 3727 2517 3797 τῷ
2554 3728 2726 3797 Πατρὶ
2758 3731 2785 3781 ὁ
2815 3728 2941 3791 Υἱὸς
2968 3728 3223 3797 γεννητὸς
3250 3728 3366 3799 ἅμα
3413 3730 3506 3781 καὶ
3546 3729 3779 3800 ἄναρχὸς

2202 3824 2369 3875 ἐστιν.
2398 3822 2667 3891 ’Ἄναρχος
2702 3822 2799 3891 μὲν
2837 3821 2914 3890 τῷ
2946 3822 3034 3874 ἀεὶ
3076 3824 3311 3875 συνεῖναι
3336 3821 3412 3891 τῷ
3434 3823 3626 3892 Πατρὶ,
3655 3840 3764 3891 raw

2201 3914 2362 3982 νητὸς
2402 3913 2457 3965 δὲ
2500 3913 2577 3983 τῷ
2627 3913 2716 3966 τὸν
2754 3913 2972 3984 Πατέρα
2999 3914 3291 3983 ἐσχηκέναι
3342 3914 3438 3969 τοῦ
3480 3910 3618 3968 εἶναι
3644 3933 3658 3945 ’
3703 3916 3779 3978 ὡς

2202 4006 2412 4076 ἔφημεν
2458 4008 2551 4059 ἐπὶ
2607 4006 2700 4059 τοῦ
2759 4005 2950 4076 λύχνου
3017 4007 3279 4069 εἰπόντες,
3317 4009 3399 4061 ὅτι
3453 4008 3625 4071 αἴτιος
3678 4009 3777 4077 μὲν

2203 4097 2360 4159 αὐτὸς
2404 4097 2498 4150 τοῦ
2549 4096 2807 4166 φέγγους,
2856 4097 2916 4150 ού
2976 4097 3155 4167 μέντοι
3204 4097 3469 4168 πρότερον
3508 4098 3603 4150 τοῦ
3642 4098 3777 4165 φέγο

2202 4205 2350 4255 γους,
2415 4188 2528 4240 ἀλλ’
2560 4189 2850 4259 ὁμόχρονος
2889 4189 3178 4258 τυγχάνει·
3222 4188 3392 4251 οὕτως
3432 4191 3525 4242 καὶ
3567 4191 3647 4253 εἰς
3685 4190 3777 4242 τὸν

2204 4278 2375 4330 αἰῶνα
2430 4278 2614 4341 ἔσται,
2671 4279 2762 4331 καὶ
2819 4278 3074 4331 οὐδέποτε
3128 4278 3391 4333 παύσεται
3438 4278 3729 4347 βασιλεύων
3758 4296 3775 4309 ·

2205 4372 2499 4441 ἐπειδήπερ
2517 4371 2636 4424 οὐδὲ
2660 4371 2880 4440 ἤρξατο,
2898 4370 3009 4422 ἀλλ’
3027 4372 3110 4423 ἀεὶ
3135 4370 3488 4440 συνηργηκὼς
3504 4372 3581 4440 τῷ
3605 4372 3779 4440 Πατρὶ

526 4481 650 4519 men
738 4470 865 4515 ante
955 4458 1305 4529 splendorem
1382 4465 1499 4521 est,
1558 4457 1653 4512 sed
1720 4466 2097 4527 contempora-

2206 4464 2394 4517 ἑαυτὸν
2428 4464 2799 4532 συνεμφαίνει,
2842 4462 2931 4514 διὰ
2961 4462 3053 4514 τοῦ
3086 4463 3394 4533 εἰρηκέναν
3435 4482 3453 4513 ι
3499 4463 3558 4515 'U
3592 4465 3781 4533 Πατήρ

526 4556 615 4611 lis.
653 4553 742 4607 Sic
795 4552 957 4605 etiam
1011 4551 1065 4606 in
1098 4559 1359 4604 aeternum
1400 4550 1662 4612 manebit,
1711 4557 1764 4604 et
1821 4565 2098 4617 nunquam

528 4659 756 4715 regnare
781 4641 1027 4707 desinet;
1055 4641 1492 4710 quandoquidem
1548 4640 1690 4694 haud
1745 4641 1967 4707 incepit,
2005 4641 2100 4693 sed

527 4753 731 4793 secum
759 4734 921 4789 Patre
975 4748 1190 4801 semper
1247 4732 1464 4801 operari
1502 4731 1765 4793 declarat,
1814 4748 1936 4786 cum
1973 4734 2047 4786 ait
2085 4752 2097 4787 :

534 4850 552 4884 ι
591 4830 748 4885 Pater
801 4842 953 4882 meus
1010 4841 1184 4894 usque
1224 4826 1385 4878 modo
1417 4833 1693 4894 operatur,
1735 4836 1787 4879 et
1840 4842 1940 4895 ego
1969 4843 2100 4895 ope-

532 4921 710 4979 ror“.
756 4941 772 4970 ι
816 4917 923 4972 Sed
951 4919 1074 4985 quia
1121 4918 1324 4970 locutio
1373 4933 1532 4985 usque
1583 4919 1735 4970 modo
1774 4919 1838 4971 ad
1874 4921 2099 4973 alteram

532 5014 788 5079 refertur,
826 5029 1021 5080 nempe
1070 5025 1134 5063 ea:
1161 5025 1297 5077 quo;
1325 5009 1452 5077 quia
1506 5024 1570 5061 ea:
1622 5026 1722 5077 quo
1752 5010 1802 5062 in
1863 5020 2105 5079 tempore

533 5111 816 5169 versatur;
863 5105 1065 5157 omissa
1110 5099 1269 5154 Jesus
1327 5099 1597 5153 locutione
1625 5115 1689 5152 ex
1718 5112 1909 5168 quo,et
1945 5119 2104 5172 usque

533 5198 688 5250 modo
716 5204 925 5249 tantum
950 5192 1160 5253 dicens,
1187 5191 1581 5246 demonstravit
1601 5206 1659 5245 se
1682 5194 1863 5246 omnia
1891 5210 2108 5265 semper

2214 4574 2314 4627 μου
2328 4556 2432 4619 ἕως
2461 4555 2583 4626 ἄρτι
2612 4555 2921 4623 ἐργάζεται.
2942 4553 3096 4623 κάγὼ
3121 4553 3419 4625 ἐργάζομαι
3444 4572 3457 4584 ’
3489 4575 3505 4603 ι
3534 4553 3779 4624 ἐπιζητεῖ

2208 4651 2353 4703 δὲτὸ
2403 4649 2512 4714 ἕως
2554 4648 2703 4716 ἄρτι,
2734 4648 2795 4700 τὸ
2838 4649 2936 4716 ἀρ’
2979 4642 3086 4703 οὗ·
3111 4647 3297 4718 ἐπειδὴ
3343 4646 3403 4699 τὸ
3436 4647 3535 4715 ἀφ’
3584 4643 3677 4709 οὗ,
3719 4649 3779 4699 ἐν

2210 4744 2383 4812 χρόνῳ
2412 4741 2688 4810 τυγχάνειν
2730 4740 2974 4811 mimi-lc
3030 4742 3092 4791 τὸ
3128 4740 3229 4807 ἀφ’
3259 4734 3351 4804 οὖν
3400 4739 3461 4791 τδ
3498 4739 3608 4802 ἕως
3650 4738 3779 4805 ἄρα

2212 4832 2369 4902 μόνον
2418 4832 2619 4888 εἰπὼν.
2672 4830 2930 4899 ἐνέφηνεν
2982 4828 3069 4882 ἀεὶ
3115 4828 3184 4880 τὰ
3238 4828 3414 4881 πάντα
3467 4827 3619 4897 αύτῷ
3666 4844 3783 4879 συν-

2208 4923 2513 4994 ειργᾶσθαι.
2539 4921 2859 4991 Ἐργάζεται
2884 4920 2989 4991 γὰρ
3017 4920 3119 4983 ἕως
3140 4920 3263 4991 ἄρτι
3291 4919 3459 4988 φύων,
3476 4920 3778 4987 ζωογονῶν,

2207 5015 2405 5079 αὔξων,
2432 5014 2611 5067 πάντα
2657 5011 2917 5082 ἡνιοχῶν
2954 5011 3047 5064 καὶ
3094 5011 3215 5064 οὐδέ
3246 5029 3373 5065 ποτε
3407 5011 3694 5065 παύσεταιο
3715 5014 3777 5065 οὐ

2206 5109 2312 5177 γὰρ
2344 5107 2572 5177 ἁρμόσει
2591 5104 2709 5174 Θεῷ
2736 5104 2799 5156 τὸ
2841 5104 3051 5174 ἀργεῖν,
3081 5103 3189 5156 οὐδ’
3216 5105 3580 5174 ἀποκαμεῖται
3614 5106 3779 5175 ἐργα-

2206 5203 2430 5272 ζόμενος
2461 5199 2547 5251 ἴνα
2567 5188 2863 5266 παύσηται.

531 5307 655 5345 cum
687 5289 848 5344 Patre
879 5305 1000 5344 esse
1025 5298 1331 5359 operatum.
1362 5287 1635 5357 Operatur
1663 5289 1806 5343 enim
1840 5307 2012 5362 usque
2042 5301 2203 5355 modo
2234 5296 2568 5368 producens,
2606 5290 2911 5351 viviticans,
2958 5302 3186 5356 augens,
3209 5295 3404 5340 cuncta
3437 5286 3777 5355 gubernans;

534 5398 633 5437 nec
664 5396 902 5451 unquam
933 5380 1145 5437 desinet
1171 5398 1184 5444 ;
1215 5394 1391 5449 neque
1417 5381 1561 5434 enim
1585 5380 1694 5435 Deo
1718 5386 1969 5440 convenit
2003 5393 2196 5455 otium,
2228 5405 2404 5460 neque
2438 5385 2736 5442 lassabitur
2763 5396 3020 5452 operans,
3052 5380 3125 5434 ita
3158 5390 3213 5433 ut
3247 5384 3293 5433 ei
3321 5381 3505 5448 requie
3527 5395 3664 5449 opus
3684 5380 3778 5433 sit.

614 5501 654 5531 ³⁵
680 5500 836 5557 Rom.
864 5518 939 5570 ix,
965 5501 1051 5556 55.
1132 5501 1176 5532 ¹⁶
1201 5499 1356 5556 Joan.
1392 5503 1506 5565 1,5.
1586 5503 1767 5557 "Act.
1804 5521 1863 5567 ιι,

2067 5508 2109 5538 ’⁸
2150 5508 2310 5563 Joan.
2337 5526 2391 5571 γ,
2431 5507 2516 5561 l7.

610 5623 686 5709 (εξ)
720 5624 1220 5709 Hebraicustestus
1236 5634 1339 5709 Γιξρ
1382 5668 1397 5691 ,
1437 5624 1764 5682 Cltaldaicus
1795 5640 1928 5691 κήξ,
1960 5631 2097 5699 vulg.

2201 5629 2301 5683 λιι.
2362 5630 2587 5696 possedit
2623 5668 2636 5687 ,
2684 5626 2817 5679 itala
2888 5635 3045 5679 vetus
3102 5622 3242 5691 apud
3299 5635 3398 5675 nos
3452 5620 3506 5674 in
3561 5617 3774 5680 Spertzfo

541 5691 600 5747 S.
622 5691 925 5764 Augustini
953 5699 1163 5749 crearit.
