  <div class='ocr_page' id='page_1' title='image "/cluster/home/n/w/nwhite01/storage/ocr_20150623/45/hvd.32044019826437/649.png"; bbox 0 0 4020 6512; ppageno 0'>
   <div class='ocr_carea' id='block_1_1' title="bbox 556 474 684 531">
    <p class='ocr_par' dir='ltr' id='par_1_1' title="bbox 556 474 684 531">
     <span class='ocr_line' id='line_1_1' title="bbox 556 474 684 531; baseline 0.023 -3"><span class='ocrx_word' id='word_1_1' title='bbox 556 474 684 531; x_wconf 75' lang='grc' dir='ltr'><strong>1Ξ91</strong></span> 
     </span>
    </p>
   </div>
   <div class='ocr_carea' id='block_1_2' title="bbox 557 686 2117 765">
    <p class='ocr_par' dir='ltr' id='par_1_2' title="bbox 557 686 2117 765">
     <span class='ocr_line' id='line_1_2' title="bbox 557 686 2117 765; baseline 0.008 -28"><span class='ocrx_word' id='word_1_2' title='bbox 557 701 646 739; x_wconf 81' lang='grc' dir='ltr'>ιιιι·</span> <span class='ocrx_word' id='word_1_3' title='bbox 698 686 917 742; x_wconf 77' lang='lat' dir='ltr'><strong>eﬂ&#39;atum</strong></span> <span class='ocrx_word' id='word_1_4' title='bbox 964 690 1131 745; x_wconf 88' lang='lat' dir='ltr'><strong>illud:</strong></span> <span class='ocrx_word' id='word_1_5' title='bbox 1195 712 1213 743; x_wconf 86' lang='grc'><em>‹</em></span> <span class='ocrx_word' id='word_1_6' title='bbox 1260 692 1435 749; x_wconf 84' lang='lat' dir='ltr'><strong>Nolite</strong></span> <span class='ocrx_word' id='word_1_7' title='bbox 1474 696 1745 765; x_wconf 86' lang='lat' dir='ltr'><strong>projicere</strong></span> <span class='ocrx_word' id='word_1_8' title='bbox 1795 697 2117 765; x_wconf 78' lang='lat' dir='ltr'><strong>margaritas</strong></span> 
     </span>
    </p>
   </div>
   <div class='ocr_carea' id='block_1_3' title="bbox 560 786 2117 852">
    <p class='ocr_par' dir='ltr' id='par_1_3' title="bbox 560 786 2117 852">
     <span class='ocr_line' id='line_1_3' title="bbox 560 786 2117 852; baseline 0.008 -25"><span class='ocrx_word' id='word_1_9' title='bbox 560 788 769 834; x_wconf 78' lang='lat' dir='ltr'><strong>vestras</strong></span> <span class='ocrx_word' id='word_1_10' title='bbox 816 790 941 836; x_wconf 89' lang='lat' dir='ltr'><strong>ante</strong></span> <span class='ocrx_word' id='word_1_11' title='bbox 988 798 1182 852; x_wconf 89' lang='lat' dir='ltr'><strong>porcos</strong></span> <span class='ocrx_word' id='word_1_12' title='bbox 1213 786 1278 838; x_wconf 82' lang='lat'><strong>&quot;.</strong></span> <span class='ocrx_word' id='word_1_13' title='bbox 1325 804 1342 836; x_wconf 76' lang='grc' dir='ltr'><strong>ι</strong></span> <span class='ocrx_word' id='word_1_14' title='bbox 1400 786 1506 841; x_wconf 89' lang='lat' dir='ltr'><strong>Sed</strong></span> <span class='ocrx_word' id='word_1_15' title='bbox 1543 796 1721 841; x_wconf 90' lang='lat' dir='ltr'><strong>tamen</strong></span> <span class='ocrx_word' id='word_1_16' title='bbox 1776 786 1943 842; x_wconf 89' lang='lat' dir='ltr'><strong>Deum</strong></span> <span class='ocrx_word' id='word_1_17' title='bbox 1993 787 2117 840; x_wconf 89' lang='lat' dir='ltr'><strong>imi-</strong></span> 
     </span>
    </p>
   </div>
   <div class='ocr_carea' id='block_1_4' title="bbox 557 873 2117 948">
    <p class='ocr_par' dir='ltr' id='par_1_4' title="bbox 557 873 2117 948">
     <span class='ocr_line' id='line_1_4' title="bbox 557 873 2117 948; baseline 0.007 -27"><span class='ocrx_word' id='word_1_18' title='bbox 557 876 702 933; x_wconf 82' lang='lat' dir='ltr'><strong>tans,</strong></span> <span class='ocrx_word' id='word_1_19' title='bbox 740 886 891 940; x_wconf 88' lang='lat' dir='ltr'><strong>spem</strong></span> <span class='ocrx_word' id='word_1_20' title='bbox 921 873 1119 928; x_wconf 85' lang='lat' dir='ltr'><strong>bonam</strong></span> <span class='ocrx_word' id='word_1_21' title='bbox 1147 877 1413 939; x_wconf 91' lang='lat' dir='ltr'><strong>retinebo,</strong></span> <span class='ocrx_word' id='word_1_22' title='bbox 1444 886 1497 932; x_wconf 92' lang='lat' dir='ltr'><strong>et</strong></span> <span class='ocrx_word' id='word_1_23' title='bbox 1520 894 1589 933; x_wconf 93' lang='lat' dir='ltr'><strong>ne</strong></span> <span class='ocrx_word' id='word_1_24' title='bbox 1628 879 1963 947; x_wconf 77' lang='lat' dir='ltr'><strong>irreligiosos</strong></span> <span class='ocrx_word' id='word_1_25' title='bbox 1997 879 2117 948; x_wconf 91' lang='lat' dir='ltr'><strong>qui-</strong></span> 
     </span>
    </p>
   </div>
   <div class='ocr_carea' id='block_1_5' title="bbox 554 961 2115 1039">
    <p class='ocr_par' dir='ltr' id='par_1_5' title="bbox 554 961 2115 1039">
     <span class='ocr_line' id='line_1_5' title="bbox 554 961 2115 1039; baseline 0.009 -27"><span class='ocrx_word' id='word_1_26' title='bbox 554 961 675 1014; x_wconf 92' lang='lat' dir='ltr'><strong>dem</strong></span> <span class='ocrx_word' id='word_1_27' title='bbox 733 964 1017 1019; x_wconf 84' lang='lat' dir='ltr'><strong>veritatem</strong></span> <span class='ocrx_word' id='word_1_28' title='bbox 1077 967 1287 1022; x_wconf 85' lang='lat' dir='ltr'><strong>celabo.</strong></span> <span class='ocrx_word' id='word_1_29' title='bbox 1353 968 1495 1023; x_wconf 82' lang='lat' dir='ltr'><strong>Pluit</strong></span> <span class='ocrx_word' id='word_1_30' title='bbox 1546 971 1690 1024; x_wconf 91' lang='lat' dir='ltr'><strong>enim</strong></span> <span class='ocrx_word' id='word_1_31' title='bbox 1752 984 1905 1039; x_wconf 57' lang='lat' dir='ltr'><strong>atque</strong></span> <span class='ocrx_word' id='word_1_32' title='bbox 1948 970 2115 1035; x_wconf 88' lang='lat' dir='ltr'><strong>Deus,</strong></span> 
     </span>
    </p>
   </div>
   <div class='ocr_carea' id='block_1_6' title="bbox 553 1052 2113 1130">
    <p class='ocr_par' dir='ltr' id='par_1_6' title="bbox 553 1052 2113 1130">
     <span class='ocr_line' id='line_1_6' title="bbox 553 1052 2113 1130; baseline 0.007 -27"><span class='ocrx_word' id='word_1_33' title='bbox 553 1052 916 1125; x_wconf 84' lang='lat' dir='ltr'><strong>diurnamque</strong></span> <span class='ocrx_word' id='word_1_34' title='bbox 940 1055 1114 1111; x_wconf 86' lang='lat' dir='ltr'><strong>lucem</strong></span> <span class='ocrx_word' id='word_1_35' title='bbox 1136 1074 1288 1127; x_wconf 63' lang='lat' dir='ltr'><strong>aeque</strong></span> <span class='ocrx_word' id='word_1_36' title='bbox 1306 1058 1707 1129; x_wconf 76' lang='lat' dir='ltr'><strong>aﬂunditjustis</strong></span> <span class='ocrx_word' id='word_1_37' title='bbox 1732 1070 1785 1114; x_wconf 90' lang='lat' dir='ltr'><strong>et</strong></span> <span class='ocrx_word' id='word_1_38' title='bbox 1813 1061 2031 1130; x_wconf 89' lang='lat' dir='ltr'><strong>injustis</strong></span> <span class='ocrx_word' id='word_1_39' title='bbox 2051 1061 2113 1114; x_wconf 83' lang='grc' dir='ltr'><strong>³ο.</strong></span> 
     </span>
    </p>
   </div>
   <div class='ocr_carea' id='block_1_7' title="bbox 556 1142 2118 1222">
    <p class='ocr_par' dir='ltr' id='par_1_7' title="bbox 556 1142 2118 1222">
     <span class='ocr_line' id='line_1_7' title="bbox 556 1142 2118 1222; baseline 0.008 -26"><span class='ocrx_word' id='word_1_40' title='bbox 556 1142 635 1197; x_wconf 85' lang='grc' dir='ltr'>Τυ</span> <span class='ocrx_word' id='word_1_41' title='bbox 669 1161 796 1199; x_wconf 84' lang='lat' dir='ltr'><strong>vero</strong></span> <span class='ocrx_word' id='word_1_42' title='bbox 819 1147 1134 1203; x_wconf 80' lang='lat' dir='ltr'><strong>charitatem</strong></span> <span class='ocrx_word' id='word_1_43' title='bbox 1171 1159 1374 1204; x_wconf 85' lang='lat' dir='ltr'><strong>tantam</strong></span> <span class='ocrx_word' id='word_1_44' title='bbox 1393 1160 1672 1222; x_wconf 77' lang='lat' dir='ltr'><strong>expertus,</strong></span> <span class='ocrx_word' id='word_1_45' title='bbox 1699 1153 1981 1208; x_wconf 84' lang='lat' dir='ltr'><strong>veritatem</strong></span> <span class='ocrx_word' id='word_1_46' title='bbox 2010 1168 2118 1208; x_wconf 93' lang='lat' dir='ltr'><strong>non</strong></span> 
     </span>
    </p>
   </div>
   <div class='ocr_carea' id='block_1_8' title="bbox 554 1239 2119 1315">
    <p class='ocr_par' dir='ltr' id='par_1_8' title="bbox 554 1239 2119 1315">
     <span class='ocr_line' id='line_1_8' title="bbox 554 1239 2119 1315; baseline 0.005 -24"><span class='ocrx_word' id='word_1_47' title='bbox 554 1239 845 1309; x_wconf 78' lang='lat' dir='ltr'><strong>exquires?</strong></span> <span class='ocrx_word' id='word_1_48' title='bbox 874 1239 991 1294; x_wconf 87' lang='lat' dir='ltr'><strong>Non</strong></span> <span class='ocrx_word' id='word_1_49' title='bbox 1024 1243 1291 1311; x_wconf 67' lang='lat' dir='ltr'><strong>praebebis</strong></span> <span class='ocrx_word' id='word_1_50' title='bbox 1326 1245 1525 1301; x_wconf 91' lang='lat' dir='ltr'><strong>mentis</strong></span> <span class='ocrx_word' id='word_1_51' title='bbox 1573 1246 1844 1308; x_wconf 90' lang='lat' dir='ltr'><strong>auditum,</strong></span> <span class='ocrx_word' id='word_1_52' title='bbox 1897 1257 1957 1301; x_wconf 90' lang='lat' dir='ltr'><strong>ut</strong></span> <span class='ocrx_word' id='word_1_53' title='bbox 1994 1262 2119 1315; x_wconf 89' lang='lat' dir='ltr'><strong>per-</strong></span> 
     </span>
    </p>
   </div>
   <div class='ocr_carea' id='block_1_9' title="bbox 556 1328 2116 1405">
    <p class='ocr_par' dir='ltr' id='par_1_9' title="bbox 556 1328 2116 1405">
     <span class='ocr_line' id='line_1_9' title="bbox 556 1328 2116 1405; baseline 0.008 -27"><span class='ocrx_word' id='word_1_54' title='bbox 556 1328 770 1383; x_wconf 89' lang='lat' dir='ltr'><strong>suaderi</strong></span> <span class='ocrx_word' id='word_1_55' title='bbox 798 1330 893 1384; x_wconf 86' lang='lat' dir='ltr'><strong>tibi</strong></span> <span class='ocrx_word' id='word_1_56' title='bbox 918 1332 1090 1399; x_wconf 89' lang='lat' dir='ltr'><strong>possit</strong></span> <span class='ocrx_word' id='word_1_57' title='bbox 1142 1332 1345 1387; x_wconf 89' lang='lat' dir='ltr'><strong>nullam</strong></span> <span class='ocrx_word' id='word_1_58' title='bbox 1375 1332 1672 1405; x_wconf 67' lang='lat' dir='ltr'><strong>Scriptura:</strong></span> <span class='ocrx_word' id='word_1_59' title='bbox 1703 1348 1907 1405; x_wconf 90' lang='lat' dir='ltr'><strong>partem</strong></span> <span class='ocrx_word' id='word_1_60' title='bbox 1964 1338 2116 1392; x_wconf 88' lang='lat' dir='ltr'><strong>alteri</strong></span> 
     </span>
    </p>
   </div>
   <div class='ocr_carea' id='block_1_10' title="bbox 553 1418 2120 1482">
    <p class='ocr_par' dir='ltr' id='par_1_10' title="bbox 553 1418 2120 1482">
     <span class='ocr_line' id='line_1_10' title="bbox 553 1418 2120 1482; baseline 0.008 -14"><span class='ocrx_word' id='word_1_61' title='bbox 553 1418 951 1474; x_wconf 86' lang='lat' dir='ltr'><strong>contradicere.</strong></span> <span class='ocrx_word' id='word_1_62' title='bbox 999 1420 1092 1475; x_wconf 87' lang='lat' dir='ltr'><strong>sed</strong></span> <span class='ocrx_word' id='word_1_63' title='bbox 1140 1422 1321 1476; x_wconf 89' lang='lat' dir='ltr'><strong>omnia</strong></span> <span class='ocrx_word' id='word_1_64' title='bbox 1363 1424 1595 1479; x_wconf 83' lang='lat' dir='ltr'><strong>invicem</strong></span> <span class='ocrx_word' id='word_1_65' title='bbox 1640 1442 1879 1481; x_wconf 86' lang='lat' dir='ltr'><strong>consona</strong></span> <span class='ocrx_word' id='word_1_66' title='bbox 1912 1443 2031 1482; x_wconf 80' lang='lat' dir='ltr'><strong>esse</strong></span> <span class='ocrx_word' id='word_1_67' title='bbox 2065 1435 2120 1481; x_wconf 91' lang='lat' dir='ltr'><strong>et</strong></span> 
     </span>
    </p>
   </div>
   <div class='ocr_carea' id='block_1_11' title="bbox 554 1509 2120 1579">
    <p class='ocr_par' dir='ltr' id='par_1_11' title="bbox 554 1509 2120 1579">
     <span class='ocr_line' id='line_1_11' title="bbox 554 1509 2120 1579; baseline 0.008 -20"><span class='ocrx_word' id='word_1_68' title='bbox 554 1509 957 1562; x_wconf 81' lang='lat' dir='ltr'><strong>consentanea?</strong></span> <span class='ocrx_word' id='word_1_69' title='bbox 987 1509 1169 1579; x_wconf 85' lang='lat' dir='ltr'><strong>Itaque</strong></span> <span class='ocrx_word' id='word_1_70' title='bbox 1202 1528 1308 1566; x_wconf 90' lang='lat' dir='ltr'><strong>non</strong></span> <span class='ocrx_word' id='word_1_71' title='bbox 1341 1524 1423 1567; x_wconf 90' lang='lat' dir='ltr'><strong>est</strong></span> <span class='ocrx_word' id='word_1_72' title='bbox 1457 1514 1523 1568; x_wconf 88' lang='lat' dir='ltr'><strong>ad</strong></span> <span class='ocrx_word' id='word_1_73' title='bbox 1552 1518 1835 1572; x_wconf 72' lang='lat' dir='ltr'><strong>sententiae</strong></span> <span class='ocrx_word' id='word_1_74' title='bbox 1861 1527 1965 1572; x_wconf 72' lang='lat' dir='ltr'><strong>tua:</strong></span> <span class='ocrx_word' id='word_1_75' title='bbox 1992 1534 2120 1572; x_wconf 79' lang='lat' dir='ltr'><strong>nor-</strong></span> 
     </span>
    </p>
   </div>
   <div class='ocr_carea' id='block_1_12' title="bbox 553 1598 2118 1676">
    <p class='ocr_par' dir='ltr' id='par_1_12' title="bbox 553 1598 2118 1676">
     <span class='ocr_line' id='line_1_12' title="bbox 553 1598 2118 1676; baseline 0.009 -28"><span class='ocrx_word' id='word_1_76' title='bbox 553 1611 697 1649; x_wconf 89' lang='lat' dir='ltr'><strong>mam</strong></span> <span class='ocrx_word' id='word_1_77' title='bbox 754 1598 1101 1669; x_wconf 89' lang='lat' dir='ltr'><strong>intelligenda</strong></span> <span class='ocrx_word' id='word_1_78' title='bbox 1158 1602 1325 1656; x_wconf 89' lang='lat' dir='ltr'><strong>dictio</strong></span> <span class='ocrx_word' id='word_1_79' title='bbox 1362 1622 1376 1657; x_wconf 91' lang='lat'><strong>:</strong></span> <span class='ocrx_word' id='word_1_80' title='bbox 1418 1622 1437 1655; x_wconf 83' lang='grc' dir='ltr'><strong>ι</strong></span> <span class='ocrx_word' id='word_1_81' title='bbox 1475 1602 1629 1659; x_wconf 91' lang='lat' dir='ltr'><strong>Tunc</strong></span> <span class='ocrx_word' id='word_1_82' title='bbox 1668 1606 1784 1676; x_wconf 90' lang='lat' dir='ltr'><strong>ipse</strong></span> <span class='ocrx_word' id='word_1_83' title='bbox 1838 1606 2118 1676; x_wconf 87' lang='lat' dir='ltr'><strong>subjectus</strong></span> 
     </span>
    </p>
   </div>
   <div class='ocr_carea' id='block_1_13' title="bbox 1774 482 2512 541">
    <p class='ocr_par' dir='ltr' id='par_1_13' title="bbox 1774 482 2512 541">
     <span class='ocr_line' id='line_1_13' title="bbox 1774 482 2512 541; baseline -0.007 0"><span class='ocrx_word' id='word_1_84' title='bbox 1774 485 1831 541; x_wconf 85' lang='lat' dir='ltr'><strong>S.</strong></span> <span class='ocrx_word' id='word_1_85' title='bbox 1874 484 2196 541; x_wconf 80' lang='lat' dir='ltr'><strong>GREGORII</strong></span> <span class='ocrx_word' id='word_1_86' title='bbox 2227 482 2512 538; x_wconf 71' lang='lat' dir='ltr'><strong>NYSSENI</strong></span> 
     </span>
    </p>
   </div>
   <div class='ocr_carea' id='block_1_14' title="bbox 553 592 2117 674">
    <p class='ocr_par' dir='ltr' id='par_1_14' title="bbox 553 592 2112 674">
     <span class='ocr_line' id='line_1_14' title="bbox 553 592 2112 674; baseline 0.007 -27"><span class='ocrx_word' id='word_1_87' title='bbox 553 593 784 664; x_wconf 78' lang='lat' dir='ltr'><strong>recipis;</strong></span> <span class='ocrx_word' id='word_1_88' title='bbox 819 594 1055 665; x_wconf 81' lang='lat' dir='ltr'><strong>mihique</strong></span> <span class='ocrx_word' id='word_1_89' title='bbox 1075 598 1367 667; x_wconf 85' lang='lat' dir='ltr'><strong>quominus</strong></span> <span class='ocrx_word' id='word_1_90' title='bbox 1396 599 1449 654; x_wconf 86' lang='lat' dir='ltr'><strong>id</strong></span> <span class='ocrx_word' id='word_1_91' title='bbox 1476 617 1628 674; x_wconf 88' lang='lat' dir='ltr'><strong>agam</strong></span> <span class='ocrx_word' id='word_1_92' title='bbox 1656 592 1932 659; x_wconf 78' lang='lat' dir='ltr'><strong>adversari</strong></span> <span class='ocrx_word' id='word_1_93' title='bbox 1963 603 2112 658; x_wconf 89' lang='lat' dir='ltr'><strong>vide-</strong></span> 
     </span>
    </p>
   </div>
   <div class='ocr_carea' id='block_1_15' title="bbox 2218 592 2551 674">
    <p class='ocr_par' dir='ltr' id='par_1_15' title="bbox 2218 602 2551 672">
     <span class='ocr_line' id='line_1_15' title="bbox 2218 602 2551 672; baseline -0.003 -19"><span class='ocrx_word' id='word_1_94' title='bbox 2218 602 2514 672; x_wconf 83' lang='grc' dir='ltr'>τετύχηκας</span> <span class='ocrx_word' id='word_1_95' title='bbox 2541 618 2551 628; x_wconf 90' lang='grc'>·</span> 
     </span>
    </p>
   </div>
   <div class='ocr_carea' id='block_1_16' title="bbox 3648 478 3787 536">
    <p class='ocr_par' dir='ltr' id='par_1_16' title="bbox 3648 478 3787 536">
     <span class='ocr_line' id='line_1_16' title="bbox 3648 478 3787 536; baseline 0.029 -4"><span class='ocrx_word' id='word_1_96' title='bbox 3648 478 3787 536; x_wconf 63' lang='lat'><strong>529?.</strong></span> 
     </span>
    </p>
   </div>
   <div class='ocr_carea' id='block_1_17' title="bbox 2606 594 3783 667">
    <p class='ocr_par' dir='ltr' id='par_1_17' title="bbox 2606 594 3783 667">
     <span class='ocr_line' id='line_1_17' title="bbox 2606 594 3783 667; baseline -0.002 -16"><span class='ocrx_word' id='word_1_97' title='bbox 2606 598 2696 651; x_wconf 78' lang='grc' dir='ltr'><strong>καί</strong></span> <span class='ocrx_word' id='word_1_98' title='bbox 2746 614 2833 667; x_wconf 88' lang='grc' dir='ltr'><strong>μοι</strong></span> <span class='ocrx_word' id='word_1_99' title='bbox 2881 598 3026 650; x_wconf 85' lang='grc' dir='ltr'>δοκεί</span> <span class='ocrx_word' id='word_1_100' title='bbox 3058 595 3371 651; x_wconf 82' lang='grc' dir='ltr'>άνθιστάναι</span> <span class='ocrx_word' id='word_1_101' title='bbox 3404 594 3481 666; x_wconf 80' lang='grc' dir='ltr'>τῷ</span> <span class='ocrx_word' id='word_1_102' title='bbox 3511 598 3664 664; x_wconf 85' lang='grc' dir='ltr'><strong>παρά</strong></span> <span class='ocrx_word' id='word_1_103' title='bbox 3689 612 3783 649; x_wconf 74' lang='grc' dir='ltr'><strong>τον</strong></span> 
     </span>
    </p>
   </div>
   <div class='ocr_carea' id='block_1_18' title="bbox 2219 686 3785 763">
    <p class='ocr_par' dir='ltr' id='par_1_18' title="bbox 2219 686 3785 763">
     <span class='ocr_line' id='line_1_18' title="bbox 2219 686 3785 763; baseline -0.003 -18"><span class='ocrx_word' id='word_1_104' title='bbox 2219 686 2451 763; x_wconf 87' lang='grc' dir='ltr'>Χριστοῦ</span> <span class='ocrx_word' id='word_1_105' title='bbox 2482 690 2876 762; x_wconf 82' lang='grc' dir='ltr'>προστάγματι,</span> <span class='ocrx_word' id='word_1_106' title='bbox 2905 709 2922 741; x_wconf 80' lang='grc' dir='ltr'><strong>ι</strong></span> <span class='ocrx_word' id='word_1_107' title='bbox 2956 690 3047 760; x_wconf 83' lang='grc' dir='ltr'><strong>Μὴ</strong></span> <span class='ocrx_word' id='word_1_108' title='bbox 3073 690 3255 759; x_wconf 82' lang='grc' dir='ltr'>βάλετε</span> <span class='ocrx_word' id='word_1_109' title='bbox 3286 690 3413 750; x_wconf 82' lang='grc' dir='ltr'>τοὺς</span> <span class='ocrx_word' id='word_1_110' title='bbox 3439 688 3785 759; x_wconf 73' lang='grc' dir='ltr'><strong>μαργαρίτας</strong></span> 
     </span>
    </p>
   </div>
   <div class='ocr_carea' id='block_1_19' title="bbox 2217 779 3783 855">
    <p class='ocr_par' dir='ltr' id='par_1_19' title="bbox 2217 779 3783 855">
     <span class='ocr_line' id='line_1_19' title="bbox 2217 779 3783 855; baseline -0.004 -18"><span class='ocrx_word' id='word_1_111' title='bbox 2217 784 2370 855; x_wconf 86' lang='grc' dir='ltr'>ὑμῶν</span> <span class='ocrx_word' id='word_1_112' title='bbox 2405 781 2708 852; x_wconf 77' lang='grc' dir='ltr'>ἔμπροσθεν</span> <span class='ocrx_word' id='word_1_113' title='bbox 2739 781 2843 834; x_wconf 82' lang='grc' dir='ltr'>τῶν</span> <span class='ocrx_word' id='word_1_114' title='bbox 2868 780 3083 851; x_wconf 78' lang='grc' dir='ltr'>χοίρων.</span> <span class='ocrx_word' id='word_1_115' title='bbox 3129 800 3148 832; x_wconf 73' lang='grc' dir='ltr'><strong>ι</strong></span> <span class='ocrx_word' id='word_1_116' title='bbox 3198 779 3353 832; x_wconf 82' lang='grc' dir='ltr'>Ἀλλὰ</span> <span class='ocrx_word' id='word_1_117' title='bbox 3384 779 3516 831; x_wconf 84' lang='grc' dir='ltr'><strong>Θεὸν</strong></span> <span class='ocrx_word' id='word_1_118' title='bbox 3538 780 3783 848; x_wconf 85' lang='grc' dir='ltr'>μιμησά-</span> 
     </span>
    </p>
   </div>
   <div class='ocr_carea' id='block_1_20' title="bbox 2221 864 3785 944">
    <p class='ocr_par' dir='ltr' id='par_1_20' title="bbox 2221 864 3785 944">
     <span class='ocr_line' id='line_1_20' title="bbox 2221 864 3785 944; baseline -0.008 -17"><span class='ocrx_word' id='word_1_119' title='bbox 2221 892 2398 944; x_wconf 84' lang='grc' dir='ltr'><strong>μενος,</strong></span> <span class='ocrx_word' id='word_1_120' title='bbox 2429 872 2655 926; x_wconf 77' lang='grc' dir='ltr'>ἐλπίδων</span> <span class='ocrx_word' id='word_1_121' title='bbox 2688 870 2893 941; x_wconf 78' lang='grc' dir='ltr'><strong>μεθέξω</strong></span> <span class='ocrx_word' id='word_1_122' title='bbox 2938 869 3135 933; x_wconf 86' lang='grc' dir='ltr'>καλῶν,</span> <span class='ocrx_word' id='word_1_123' title='bbox 3161 868 3278 921; x_wconf 78' lang='grc' dir='ltr'>οὑδὲ</span> <span class='ocrx_word' id='word_1_124' title='bbox 3321 869 3430 930; x_wconf 82' lang='grc' dir='ltr'>τοῖς</span> <span class='ocrx_word' id='word_1_125' title='bbox 3465 864 3785 918; x_wconf 81' lang='grc' dir='ltr'>δυσσεϐέσιν</span> 
     </span>
    </p>
   </div>
   <div class='ocr_carea' id='block_1_21' title="bbox 2217 957 3785 1036">
    <p class='ocr_par' dir='ltr' id='par_1_21' title="bbox 2217 957 3785 1036">
     <span class='ocr_line' id='line_1_21' title="bbox 2217 957 3785 1036; baseline -0.008 -16"><span class='ocrx_word' id='word_1_126' title='bbox 2217 964 2541 1036; x_wconf 72' lang='grc' dir='ltr'>ἀποκρύψας</span> <span class='ocrx_word' id='word_1_127' title='bbox 2561 966 2659 1035; x_wconf 78' lang='grc' dir='ltr'><strong>τὴν</strong></span> <span class='ocrx_word' id='word_1_128' title='bbox 2688 962 2968 1034; x_wconf 80' lang='grc' dir='ltr'>ἀλήθειαν.</span> <span class='ocrx_word' id='word_1_129' title='bbox 3017 962 3205 1033; x_wconf 80' lang='grc' dir='ltr'>Βρέχει</span> <span class='ocrx_word' id='word_1_130' title='bbox 3233 960 3341 1030; x_wconf 79' lang='grc' dir='ltr'>γὰρ</span> <span class='ocrx_word' id='word_1_131' title='bbox 3363 958 3584 1029; x_wconf 82' lang='grc' dir='ltr'>ὁμοίως,</span> <span class='ocrx_word' id='word_1_132' title='bbox 3606 958 3698 1009; x_wconf 75' lang='grc' dir='ltr'><strong>καὶ</strong></span> <span class='ocrx_word' id='word_1_133' title='bbox 3723 957 3785 1008; x_wconf 84' lang='grc' dir='ltr'><strong>τὸ</strong></span> 
     </span>
    </p>
   </div>
   <div class='ocr_carea' id='block_1_22' title="bbox 2218 1049 3779 1128">
    <p class='ocr_par' dir='ltr' id='par_1_22' title="bbox 2218 1049 3779 1128">
     <span class='ocr_line' id='line_1_22' title="bbox 2218 1049 3779 1128; baseline -0.007 -18"><span class='ocrx_word' id='word_1_134' title='bbox 2218 1058 2333 1128; x_wconf 84' lang='grc' dir='ltr'><strong>φῶς</strong></span> <span class='ocrx_word' id='word_1_135' title='bbox 2361 1061 2459 1128; x_wconf 79' lang='grc' dir='ltr'>τῆς</span> <span class='ocrx_word' id='word_1_136' title='bbox 2488 1056 2695 1127; x_wconf 80' lang='grc' dir='ltr'>ἡμέρας</span> <span class='ocrx_word' id='word_1_137' title='bbox 2730 1052 2846 1109; x_wconf 74' lang='grc' dir='ltr'>ἴσον</span> <span class='ocrx_word' id='word_1_138' title='bbox 2872 1054 3154 1109; x_wconf 78' lang='grc' dir='ltr'><strong>ἐκτέταται</strong></span> <span class='ocrx_word' id='word_1_139' title='bbox 3179 1054 3403 1113; x_wconf 87' lang='grc' dir='ltr'>δικαίοις</span> <span class='ocrx_word' id='word_1_140' title='bbox 3434 1051 3528 1103; x_wconf 74' lang='grc' dir='ltr'><strong>καὶ</strong></span> <span class='ocrx_word' id='word_1_141' title='bbox 3554 1049 3779 1110; x_wconf 88' lang='grc' dir='ltr'>ἀδίκοις.</span> 
     </span>
    </p>
   </div>
   <div class='ocr_carea' id='block_1_23' title="bbox 2218 1141 3781 1222">
    <p class='ocr_par' dir='ltr' id='par_1_23' title="bbox 2218 1141 3781 1222">
     <span class='ocr_line' id='line_1_23' title="bbox 2218 1141 3781 1222; baseline -0.008 -19"><span class='ocrx_word' id='word_1_142' title='bbox 2218 1146 2332 1203; x_wconf 80' lang='grc' dir='ltr'><strong>Εἶθ’</strong></span> <span class='ocrx_word' id='word_1_143' title='bbox 2362 1150 2505 1203; x_wconf 72' lang='grc' dir='ltr'>οὕτω</span> <span class='ocrx_word' id='word_1_144' title='bbox 2527 1147 2901 1222; x_wconf 83' lang='grc' dir='ltr'>φιλανθρωπού</span> <span class='ocrx_word' id='word_1_145' title='bbox 2911 1164 3067 1217; x_wconf 87' lang='grc' dir='ltr'>μενος</span> <span class='ocrx_word' id='word_1_146' title='bbox 3093 1147 3153 1198; x_wconf 88' lang='grc' dir='ltr'><strong>οὑ</strong></span> <span class='ocrx_word' id='word_1_147' title='bbox 3178 1144 3353 1216; x_wconf 82' lang='grc' dir='ltr'><strong>πεύσῃ</strong></span> <span class='ocrx_word' id='word_1_148' title='bbox 3380 1143 3475 1213; x_wconf 79' lang='grc' dir='ltr'><strong>τὴν</strong></span> <span class='ocrx_word' id='word_1_149' title='bbox 3500 1141 3781 1210; x_wconf 76' lang='grc' dir='ltr'>άλήθειανς</span> 
     </span>
    </p>
   </div>
   <div class='ocr_carea' id='block_1_24' title="bbox 2218 1233 3783 1313">
    <p class='ocr_par' dir='ltr' id='par_1_24' title="bbox 2218 1233 3783 1313">
     <span class='ocr_line' id='line_1_24' title="bbox 2218 1233 3783 1313; baseline -0.008 -17"><span class='ocrx_word' id='word_1_150' title='bbox 2218 1244 2327 1313; x_wconf 86' lang='grc' dir='ltr'><strong>Οὑχ</strong></span> <span class='ocrx_word' id='word_1_151' title='bbox 2360 1243 2571 1311; x_wconf 67' lang='grc' dir='ltr'>ὑφέξεις</span> <span class='ocrx_word' id='word_1_152' title='bbox 2600 1242 2697 1305; x_wconf 77' lang='grc' dir='ltr'><strong>τὰς</strong></span> <span class='ocrx_word' id='word_1_153' title='bbox 2725 1240 2818 1294; x_wconf 87' lang='grc' dir='ltr'><strong>τοῦ</strong></span> <span class='ocrx_word' id='word_1_154' title='bbox 2851 1240 2938 1293; x_wconf 89' lang='grc' dir='ltr'><strong>νοῦ</strong></span> <span class='ocrx_word' id='word_1_155' title='bbox 2968 1240 3153 1302; x_wconf 72' lang='grc' dir='ltr'>ἀκοὰς,</span> <span class='ocrx_word' id='word_1_156' title='bbox 3186 1239 3273 1291; x_wconf 82' lang='grc' dir='ltr'><strong>ἵνα</strong></span> <span class='ocrx_word' id='word_1_157' title='bbox 3304 1236 3529 1306; x_wconf 75' lang='grc' dir='ltr'><strong>πεισθῇς</strong></span> <span class='ocrx_word' id='word_1_158' title='bbox 3562 1233 3783 1304; x_wconf 86' lang='grc' dir='ltr'>μηδοτι-</span> 
     </span>
    </p>
   </div>
   <div class='ocr_carea' id='block_1_25' title="bbox 2216 1326 3785 1405">
    <p class='ocr_par' dir='ltr' id='par_1_25' title="bbox 2216 1326 3785 1405">
     <span class='ocr_line' id='line_1_25' title="bbox 2216 1326 3785 1405; baseline -0.007 -18"><span class='ocrx_word' id='word_1_159' title='bbox 2216 1334 2309 1387; x_wconf 90' lang='grc' dir='ltr'><strong>οῦν</strong></span> <span class='ocrx_word' id='word_1_160' title='bbox 2342 1334 2476 1405; x_wconf 82' lang='grc' dir='ltr'>πρὸς</span> <span class='ocrx_word' id='word_1_161' title='bbox 2524 1334 2709 1403; x_wconf 73' lang='grc' dir='ltr'>ἕτερόν</span> <span class='ocrx_word' id='word_1_162' title='bbox 2742 1350 2793 1386; x_wconf 90' lang='grc' dir='ltr'><strong>τι</strong></span> <span class='ocrx_word' id='word_1_163' title='bbox 2826 1327 2935 1384; x_wconf 82' lang='grc' dir='ltr'><strong>τῶν</strong></span> <span class='ocrx_word' id='word_1_164' title='bbox 2960 1331 3016 1383; x_wconf 85' lang='grc' dir='ltr'><strong>ὲν</strong></span> <span class='ocrx_word' id='word_1_165' title='bbox 3044 1333 3161 1392; x_wconf 81' lang='grc' dir='ltr'>ταῖς</span> <span class='ocrx_word' id='word_1_166' title='bbox 3192 1331 3429 1399; x_wconf 71' lang='grc' dir='ltr'>Γραφαῖς</span> <span class='ocrx_word' id='word_1_167' title='bbox 3476 1326 3785 1397; x_wconf 78' lang='grc' dir='ltr'><strong>εἰρημένων</strong></span> 
     </span>
    </p>
   </div>
   <div class='ocr_carea' id='block_1_26' title="bbox 2218 1417 3781 1493">
    <p class='ocr_par' dir='ltr' id='par_1_26' title="bbox 2218 1417 3781 1493">
     <span class='ocr_line' id='line_1_26' title="bbox 2218 1417 3781 1493; baseline -0.007 -16"><span class='ocrx_word' id='word_1_168' title='bbox 2218 1426 2526 1477; x_wconf 79' lang='grc' dir='ltr'>ἐναντίωσιν</span> <span class='ocrx_word' id='word_1_169' title='bbox 2554 1419 2710 1487; x_wconf 77' lang='grc' dir='ltr'>εἶναι,</span> <span class='ocrx_word' id='word_1_170' title='bbox 2739 1424 2872 1477; x_wconf 84' lang='grc' dir='ltr'>ἀλλὰ</span> <span class='ocrx_word' id='word_1_171' title='bbox 2899 1423 3129 1493; x_wconf 83' lang='grc' dir='ltr'>συνῳδὸν</span> <span class='ocrx_word' id='word_1_172' title='bbox 3160 1423 3253 1475; x_wconf 77' lang='grc' dir='ltr'><strong>καὶ</strong></span> <span class='ocrx_word' id='word_1_173' title='bbox 3277 1421 3562 1490; x_wconf 80' lang='grc' dir='ltr'>σύμφωνον</span> <span class='ocrx_word' id='word_1_174' title='bbox 3589 1417 3648 1469; x_wconf 86' lang='grc' dir='ltr'><strong>τὸ</strong></span> <span class='ocrx_word' id='word_1_175' title='bbox 3672 1417 3781 1468; x_wconf 81' lang='grc' dir='ltr'>πᾶν</span> 
     </span>
    </p>
   </div>
   <div class='ocr_carea' id='block_1_27' title="bbox 2216 1504 3783 1585">
    <p class='ocr_par' dir='ltr' id='par_1_27' title="bbox 2216 1504 3783 1585">
     <span class='ocr_line' id='line_1_27' title="bbox 2216 1504 3783 1585; baseline -0.009 -17"><span class='ocrx_word' id='word_1_176' title='bbox 2216 1516 2293 1585; x_wconf 84' lang='grc' dir='ltr'>τῷ</span> <span class='ocrx_word' id='word_1_177' title='bbox 2321 1516 2481 1568; x_wconf 75' lang='grc' dir='ltr'>παντὶ</span> <span class='ocrx_word' id='word_1_178' title='bbox 2502 1516 2817 1584; x_wconf 75' lang='grc' dir='ltr'>τυγχάνεινς</span> <span class='ocrx_word' id='word_1_179' title='bbox 2846 1513 3042 1583; x_wconf 82' lang='grc' dir='ltr'><strong>Διόπερ</strong></span> <span class='ocrx_word' id='word_1_180' title='bbox 3060 1513 3119 1565; x_wconf 83' lang='grc' dir='ltr'><strong>οὑ</strong></span> <span class='ocrx_word' id='word_1_181' title='bbox 3144 1511 3360 1582; x_wconf 86' lang='grc' dir='ltr'>νοητέον</span> <span class='ocrx_word' id='word_1_182' title='bbox 3385 1508 3526 1562; x_wconf 86' lang='grc' dir='ltr'><strong>κατά</strong></span> <span class='ocrx_word' id='word_1_183' title='bbox 3552 1506 3652 1573; x_wconf 78' lang='grc' dir='ltr'>τὴν</span> <span class='ocrx_word' id='word_1_184' title='bbox 3683 1504 3783 1575; x_wconf 72' lang='grc' dir='ltr'>σήν</span> 
     </span>
    </p>
   </div>
   <div class='ocr_carea' id='block_1_28' title="bbox 2218 1595 3783 1675">
    <p class='ocr_par' dir='ltr' id='par_1_28' title="bbox 2218 1595 3783 1675">
     <span class='ocr_line' id='line_1_28' title="bbox 2218 1595 3783 1675; baseline -0.007 -18"><span class='ocrx_word' id='word_1_185' title='bbox 2218 1605 2481 1675; x_wconf 74' lang='grc' dir='ltr'><strong>ὑπόληψιν</strong></span> <span class='ocrx_word' id='word_1_186' title='bbox 2509 1604 2588 1667; x_wconf 90' lang='grc' dir='ltr'><strong>τὸ,</strong></span> <span class='ocrx_word' id='word_1_187' title='bbox 2628 1622 2646 1655; x_wconf 76' lang='grc' dir='ltr'><strong>ι</strong></span> <span class='ocrx_word' id='word_1_188' title='bbox 2682 1603 2820 1656; x_wconf 82' lang='grc' dir='ltr'><strong>Τότε</strong></span> <span class='ocrx_word' id='word_1_189' title='bbox 2855 1604 3255 1672; x_wconf 80' lang='grc' dir='ltr'>ὑποταγήσεται</span> <span class='ocrx_word' id='word_1_190' title='bbox 3285 1600 3442 1661; x_wconf 89' lang='grc' dir='ltr'>αὑτὸς</span> <span class='ocrx_word' id='word_1_191' title='bbox 3468 1596 3545 1667; x_wconf 83' lang='grc' dir='ltr'>τῷ</span> <span class='ocrx_word' id='word_1_192' title='bbox 3581 1595 3783 1648; x_wconf 82' lang='grc' dir='ltr'>ὑποτά-</span> 
     </span>
    </p>
   </div>
   <div class='ocr_carea' id='block_1_29' title="bbox 550 1687 2117 1763">
    <p class='ocr_par' dir='ltr' id='par_1_29' title="bbox 550 1689 2117 1763">
     <span class='ocr_line' id='line_1_29' title="bbox 550 1689 2117 1763; baseline 0.008 -23"><span class='ocrx_word' id='word_1_193' title='bbox 550 1689 655 1741; x_wconf 91' lang='lat' dir='ltr'><strong>erit</strong></span> <span class='ocrx_word' id='word_1_194' title='bbox 678 1689 746 1752; x_wconf 91' lang='lat' dir='ltr'><strong>ei,</strong></span> <span class='ocrx_word' id='word_1_195' title='bbox 781 1690 875 1760; x_wconf 89' lang='lat' dir='ltr'><strong>qui</strong></span> <span class='ocrx_word' id='word_1_196' title='bbox 906 1692 1141 1761; x_wconf 86' lang='lat' dir='ltr'><strong>subjecit</strong></span> <span class='ocrx_word' id='word_1_197' title='bbox 1165 1693 1267 1748; x_wconf 94' lang='lat' dir='ltr'><strong>sibi</strong></span> <span class='ocrx_word' id='word_1_198' title='bbox 1296 1694 1477 1748; x_wconf 91' lang='lat' dir='ltr'><strong>omnia</strong></span> <span class='ocrx_word' id='word_1_199' title='bbox 1505 1695 1583 1762; x_wconf 87' lang='grc'><strong>³¹;</strong></span> <span class='ocrx_word' id='word_1_200' title='bbox 1616 1716 1634 1748; x_wconf 75' lang='grc' dir='ltr'><strong>ι</strong></span> <span class='ocrx_word' id='word_1_201' title='bbox 1665 1698 1812 1763; x_wconf 90' lang='lat' dir='ltr'><strong>item,</strong></span> <span class='ocrx_word' id='word_1_202' title='bbox 1850 1717 1867 1749; x_wconf 81' lang='grc' dir='ltr'><strong>ι</strong></span> <span class='ocrx_word' id='word_1_203' title='bbox 1898 1698 1965 1751; x_wconf 87' lang='grc' dir='ltr'>Ει</span> <span class='ocrx_word' id='word_1_204' title='bbox 1994 1714 2117 1752; x_wconf 91' lang='lat' dir='ltr'><strong>cum</strong></span> 
     </span>
    </p>
   </div>
   <div class='ocr_carea' id='block_1_30' title="bbox 2218 1687 3784 1763">
    <p class='ocr_par' dir='ltr' id='par_1_30' title="bbox 2218 1687 3784 1763">
     <span class='ocr_line' id='line_1_30' title="bbox 2218 1687 3784 1763; baseline -0.008 -16"><span class='ocrx_word' id='word_1_205' title='bbox 2218 1694 2364 1759; x_wconf 84' lang='grc' dir='ltr'>ξαντι</span> <span class='ocrx_word' id='word_1_206' title='bbox 2403 1692 2550 1763; x_wconf 85' lang='grc' dir='ltr'><strong>αὑτῴ</strong></span> <span class='ocrx_word' id='word_1_207' title='bbox 2580 1693 2650 1746; x_wconf 71' lang='grc' dir='ltr'><strong>τά</strong></span> <span class='ocrx_word' id='word_1_208' title='bbox 2677 1694 2872 1746; x_wconf 84' lang='grc' dir='ltr'>πάντα·</span> <span class='ocrx_word' id='word_1_209' title='bbox 2919 1712 2936 1743; x_wconf 75' lang='grc' dir='ltr'><strong>ι</strong></span> <span class='ocrx_word' id='word_1_210' title='bbox 2975 1694 3086 1755; x_wconf 71' lang='grc' dir='ltr'>καὶ,</span> <span class='ocrx_word' id='word_1_211' title='bbox 3121 1709 3138 1741; x_wconf 78' lang='grc' dir='ltr'><strong>ι</strong></span> <span class='ocrx_word' id='word_1_212' title='bbox 3183 1693 3346 1744; x_wconf 82' lang='grc' dir='ltr'>Ὅταν</span> <span class='ocrx_word' id='word_1_213' title='bbox 3378 1687 3653 1759; x_wconf 77' lang='grc' dir='ltr'>παραδιδῷ</span> <span class='ocrx_word' id='word_1_214' title='bbox 3682 1687 3784 1755; x_wconf 78' lang='grc' dir='ltr'><strong>τὴν</strong></span> 
     </span>
    </p>
   </div>
   <div class='ocr_carea' id='block_1_31' title="bbox 551 1781 2119 1852">
    <p class='ocr_par' dir='ltr' id='par_1_31' title="bbox 551 1781 2119 1852">
     <span class='ocr_line' id='line_1_31' title="bbox 551 1781 2119 1852; baseline 0.008 -19"><span class='ocrx_word' id='word_1_215' title='bbox 551 1781 835 1837; x_wconf 84' lang='lat' dir='ltr'><strong>tradiderit</strong></span> <span class='ocrx_word' id='word_1_216' title='bbox 867 1798 1091 1852; x_wconf 82' lang='lat' dir='ltr'><strong>regnum</strong></span> <span class='ocrx_word' id='word_1_217' title='bbox 1129 1785 1274 1839; x_wconf 88' lang='lat' dir='ltr'><strong>Patri</strong></span> <span class='ocrx_word' id='word_1_218' title='bbox 1310 1800 1363 1843; x_wconf 83' lang='lat' dir='ltr'><strong>et</strong></span> <span class='ocrx_word' id='word_1_219' title='bbox 1391 1786 1499 1842; x_wconf 90' lang='lat' dir='ltr'><strong>Deo</strong></span> <span class='ocrx_word' id='word_1_220' title='bbox 1524 1788 1589 1841; x_wconf 82' lang='grc'><strong>³¹.</strong></span> <span class='ocrx_word' id='word_1_221' title='bbox 1627 1808 1645 1841; x_wconf 72' lang='grc' dir='ltr'><strong>ι</strong></span> <span class='ocrx_word' id='word_1_222' title='bbox 1674 1788 1808 1843; x_wconf 86' lang='lat' dir='ltr'><strong>Nam</strong></span> <span class='ocrx_word' id='word_1_223' title='bbox 1838 1790 1885 1846; x_wconf 87' lang='lat' dir='ltr'><strong>si</strong></span> <span class='ocrx_word' id='word_1_224' title='bbox 1912 1790 1966 1844; x_wconf 89' lang='lat' dir='ltr'><strong>in</strong></span> <span class='ocrx_word' id='word_1_225' title='bbox 2004 1806 2119 1845; x_wconf 91' lang='lat' dir='ltr'><strong>om-</strong></span> 
     </span>
    </p>
   </div>
   <div class='ocr_carea' id='block_1_32' title="bbox 554 1872 2119 1951">
    <p class='ocr_par' dir='ltr' id='par_1_32' title="bbox 554 1872 2119 1951">
     <span class='ocr_line' id='line_1_32' title="bbox 554 1872 2119 1951; baseline 0.006 -25"><span class='ocrx_word' id='word_1_226' title='bbox 554 1874 715 1930; x_wconf 88' lang='lat' dir='ltr'><strong>nibus</strong></span> <span class='ocrx_word' id='word_1_227' title='bbox 742 1872 919 1930; x_wconf 76' lang='lat' dir='ltr'><strong>l&#39;actus</strong></span> <span class='ocrx_word' id='word_1_228' title='bbox 945 1886 1029 1930; x_wconf 83' lang='lat' dir='ltr'><strong>est</strong></span> <span class='ocrx_word' id='word_1_229' title='bbox 1063 1876 1261 1931; x_wconf 88' lang='lat' dir='ltr'><strong>similis</strong></span> <span class='ocrx_word' id='word_1_230' title='bbox 1298 1878 1538 1933; x_wconf 86' lang='lat' dir='ltr'><strong>humano</strong></span> <span class='ocrx_word' id='word_1_231' title='bbox 1558 1882 1764 1949; x_wconf 82' lang='lat' dir='ltr'><strong>generi,</strong></span> <span class='ocrx_word' id='word_1_232' title='bbox 1796 1890 1851 1935; x_wconf 91' lang='lat' dir='ltr'><strong>et</strong></span> <span class='ocrx_word' id='word_1_233' title='bbox 1877 1897 2119 1951; x_wconf 88' lang='lat' dir='ltr'><strong>compas-</strong></span> 
     </span>
    </p>
   </div>
   <div class='ocr_carea' id='block_1_33' title="bbox 2218 1778 3783 1857">
    <p class='ocr_par' dir='ltr' id='par_1_33' title="bbox 2218 1778 3783 1857">
     <span class='ocr_line' id='line_1_33' title="bbox 2218 1778 3783 1857; baseline -0.008 -17"><span class='ocrx_word' id='word_1_234' title='bbox 2218 1786 2491 1856; x_wconf 86' lang='grc' dir='ltr'>βασιλείαν</span> <span class='ocrx_word' id='word_1_235' title='bbox 2519 1786 2595 1856; x_wconf 83' lang='grc' dir='ltr'>τῷ</span> <span class='ocrx_word' id='word_1_236' title='bbox 2618 1786 2791 1857; x_wconf 71' lang='grc' dir='ltr'>Πατρὶ</span> <span class='ocrx_word' id='word_1_237' title='bbox 2818 1786 2911 1838; x_wconf 72' lang='grc' dir='ltr'><strong>καὶ</strong></span> <span class='ocrx_word' id='word_1_238' title='bbox 2942 1783 3081 1854; x_wconf 81' lang='grc' dir='ltr'>Θεῷ.</span> <span class='ocrx_word' id='word_1_239' title='bbox 3127 1803 3145 1834; x_wconf 72' lang='grc' dir='ltr'><strong>ι</strong></span> <span class='ocrx_word' id='word_1_240' title='bbox 3184 1783 3244 1835; x_wconf 76' lang='lat' dir='ltr'><strong>Et</strong></span> <span class='ocrx_word' id='word_1_241' title='bbox 3286 1780 3393 1851; x_wconf 88' lang='grc' dir='ltr'><strong>γάρ</strong></span> <span class='ocrx_word' id='word_1_242' title='bbox 3430 1778 3567 1832; x_wconf 71' lang='grc' dir='ltr'>κατὰ</span> <span class='ocrx_word' id='word_1_243' title='bbox 3602 1778 3783 1830; x_wconf 79' lang='grc' dir='ltr'>πάντα</span> 
     </span>
    </p>
   </div>
   <div class='ocr_carea' id='block_1_34' title="bbox 2216 1867 3783 1949">
    <p class='ocr_par' dir='ltr' id='par_1_34' title="bbox 2216 1867 3783 1949">
     <span class='ocr_line' id='line_1_34' title="bbox 2216 1867 3783 1949; baseline -0.01 -19"><span class='ocrx_word' id='word_1_244' title='bbox 2216 1878 2462 1949; x_wconf 85' lang='grc' dir='ltr'>ὼμοίωτο</span> <span class='ocrx_word' id='word_1_245' title='bbox 2504 1881 2568 1948; x_wconf 83' lang='grc' dir='ltr'>τῇ</span> <span class='ocrx_word' id='word_1_246' title='bbox 2601 1878 2971 1949; x_wconf 84' lang='grc' dir='ltr'>ἀνθρωπότητι</span> <span class='ocrx_word' id='word_1_247' title='bbox 3002 1876 3091 1928; x_wconf 70' lang='grc' dir='ltr'><strong>καὶ</strong></span> <span class='ocrx_word' id='word_1_248' title='bbox 3136 1872 3492 1939; x_wconf 79' lang='grc' dir='ltr'>συνεπάθησέ,</span> <span class='ocrx_word' id='word_1_249' title='bbox 3524 1867 3667 1921; x_wconf 87' lang='grc' dir='ltr'><strong>κατά</strong></span> <span class='ocrx_word' id='word_1_250' title='bbox 3693 1868 3783 1919; x_wconf 77' lang='grc' dir='ltr'><strong>τὸν</strong></span> 
     </span>
    </p>
   </div>
   <div class='ocr_carea' id='block_1_35' title="bbox 553 1957 2117 2042">
    <p class='ocr_par' dir='ltr' id='par_1_35' title="bbox 553 1968 2116 2042">
     <span class='ocr_line' id='line_1_35' title="bbox 553 1968 2116 2042; baseline 0.006 -24"><span class='ocrx_word' id='word_1_251' title='bbox 553 1980 646 2019; x_wconf 91' lang='lat' dir='ltr'><strong>sus</strong></span> <span class='ocrx_word' id='word_1_252' title='bbox 675 1974 780 2031; x_wconf 90' lang='lat' dir='ltr'><strong>est,</strong></span> <span class='ocrx_word' id='word_1_253' title='bbox 812 1975 870 2020; x_wconf 90' lang='lat' dir='ltr'><strong>ut</strong></span> <span class='ocrx_word' id='word_1_254' title='bbox 895 1968 969 2021; x_wconf 91' lang='lat' dir='ltr'><strong>ait</strong></span> <span class='ocrx_word' id='word_1_255' title='bbox 1011 1970 1270 2038; x_wconf 83' lang='lat' dir='ltr'><strong>propheta</strong></span> <span class='ocrx_word' id='word_1_256' title='bbox 1302 1990 1314 2024; x_wconf 88' lang='lat'><strong>:</strong></span> <span class='ocrx_word' id='word_1_257' title='bbox 1357 1990 1375 2021; x_wconf 75' lang='grc' dir='ltr'><strong>ι</strong></span> <span class='ocrx_word' id='word_1_258' title='bbox 1420 1972 1538 2041; x_wconf 88' lang='lat' dir='ltr'><strong>Ipse</strong></span> <span class='ocrx_word' id='word_1_259' title='bbox 1559 1973 1873 2042; x_wconf 82' lang='lat' dir='ltr'><strong>iniquitates</strong></span> <span class='ocrx_word' id='word_1_260' title='bbox 1898 1982 2116 2029; x_wconf 91' lang='lat' dir='ltr'><strong>nostras</strong></span> 
     </span>
    </p>
   </div>
   <div class='ocr_carea' id='block_1_36' title="bbox 2218 1957 3783 2042">
    <p class='ocr_par' dir='ltr' id='par_1_36' title="bbox 2218 1957 3783 2040">
     <span class='ocr_line' id='line_1_36' title="bbox 2218 1957 3783 2040; baseline -0.008 -20"><span class='ocrx_word' id='word_1_261' title='bbox 2218 1970 2533 2040; x_wconf 58' lang='grc' dir='ltr'>προφήτην</span> <span class='ocrx_word' id='word_1_262' title='bbox 2580 1987 2597 2018; x_wconf 77' lang='grc' dir='ltr'><strong>ι</strong></span> <span class='ocrx_word' id='word_1_263' title='bbox 2640 1968 2810 2031; x_wconf 79' lang='grc' dir='ltr'>Αὐτὸς</span> <span class='ocrx_word' id='word_1_264' title='bbox 2849 1968 2943 2029; x_wconf 73' lang='grc' dir='ltr'><strong>τὰς</strong></span> <span class='ocrx_word' id='word_1_265' title='bbox 2972 1964 3241 2035; x_wconf 80' lang='grc' dir='ltr'>ἁμαρτίας</span> <span class='ocrx_word' id='word_1_266' title='bbox 3276 1962 3432 2033; x_wconf 75' lang='grc' dir='ltr'>ἡμῶν</span> <span class='ocrx_word' id='word_1_267' title='bbox 3480 1958 3656 2029; x_wconf 71' lang='grc' dir='ltr'>φέρει,</span> <span class='ocrx_word' id='word_1_268' title='bbox 3686 1957 3783 2009; x_wconf 74' lang='grc' dir='ltr'><strong>καὶ</strong></span> 
     </span>
    </p>
   </div>
   <div class='ocr_carea' id='block_1_37' title="bbox 553 2060 2169 2133">
    <p class='ocr_par' dir='ltr' id='par_1_37' title="bbox 553 2060 2169 2133">
     <span class='ocr_line' id='line_1_37' title="bbox 553 2060 2169 2133; baseline 0.005 -24"><span class='ocrx_word' id='word_1_269' title='bbox 553 2065 751 2125; x_wconf 87' lang='lat' dir='ltr'><strong>portat,</strong></span> <span class='ocrx_word' id='word_1_270' title='bbox 786 2065 840 2113; x_wconf 91' lang='lat' dir='ltr'><strong>et</strong></span> <span class='ocrx_word' id='word_1_271' title='bbox 861 2073 958 2126; x_wconf 90' lang='lat' dir='ltr'><strong>pro</strong></span> <span class='ocrx_word' id='word_1_272' title='bbox 980 2060 1138 2115; x_wconf 92' lang='lat' dir='ltr'><strong>nobis</strong></span> <span class='ocrx_word' id='word_1_273' title='bbox 1164 2060 1344 2125; x_wconf 89' lang='lat' dir='ltr'><strong>dolet;</strong></span> <span class='ocrx_word' id='word_1_274' title='bbox 1367 2068 1420 2115; x_wconf 87' lang='lat' dir='ltr'><strong>et</strong></span> <span class='ocrx_word' id='word_1_275' title='bbox 1441 2062 1730 2132; x_wconf 86' lang='lat' dir='ltr'><strong>languores</strong></span> <span class='ocrx_word' id='word_1_276' title='bbox 1758 2073 1975 2117; x_wconf 91' lang='lat' dir='ltr'><strong>nostros</strong></span> <span class='ocrx_word' id='word_1_277' title='bbox 2002 2064 2116 2133; x_wconf 92' lang='lat' dir='ltr'><strong>ipse</strong></span> <span class='ocrx_word' id='word_1_278' title='bbox 2157 2088 2169 2103; x_wconf 84' lang='grc' dir='ltr'><strong><em>ο</em></strong></span> 
     </span>
    </p>
   </div>
   <div class='ocr_carea' id='block_1_38' title="bbox 552 2150 2110 2223">
    <p class='ocr_par' dir='ltr' id='par_1_38' title="bbox 552 2150 2110 2223">
     <span class='ocr_line' id='line_1_38' title="bbox 552 2150 2110 2223; baseline 0.002 -21"><span class='ocrx_word' id='word_1_279' title='bbox 552 2150 785 2218; x_wconf 78' lang='lat' dir='ltr'><strong>excepit,</strong></span> <span class='ocrx_word' id='word_1_280' title='bbox 829 2157 883 2205; x_wconf 92' lang='lat' dir='ltr'><strong>et</strong></span> <span class='ocrx_word' id='word_1_281' title='bbox 932 2150 1277 2207; x_wconf 82' lang='lat' dir='ltr'><strong>inﬁrmitates</strong></span> <span class='ocrx_word' id='word_1_282' title='bbox 1302 2159 1520 2208; x_wconf 91' lang='lat' dir='ltr'><strong>nostras</strong></span> <span class='ocrx_word' id='word_1_283' title='bbox 1567 2154 1680 2222; x_wconf 88' lang='lat' dir='ltr'><strong>ipse</strong></span> <span class='ocrx_word' id='word_1_284' title='bbox 1709 2155 1941 2223; x_wconf 86' lang='lat' dir='ltr'><strong>portavit</strong></span> <span class='ocrx_word' id='word_1_285' title='bbox 1972 2154 2052 2221; x_wconf 85' lang='grc'><strong>³³;</strong></span> <span class='ocrx_word' id='word_1_286' title='bbox 2092 2173 2110 2205; x_wconf 75' lang='grc' dir='ltr'><strong>ι</strong></span> 
     </span>
    </p>
   </div>
   <div class='ocr_carea' id='block_1_39' title="bbox 552 2239 2116 2311">
    <p class='ocr_par' dir='ltr' id='par_1_39' title="bbox 552 2239 2116 2311">
     <span class='ocr_line' id='line_1_39' title="bbox 552 2239 2116 2311; baseline 0.002 -18"><span class='ocrx_word' id='word_1_287' title='bbox 552 2239 991 2309; x_wconf 88' lang='lat' dir='ltr'><strong>quandoquidem</strong></span> <span class='ocrx_word' id='word_1_288' title='bbox 1026 2256 1279 2310; x_wconf 90' lang='lat' dir='ltr'><strong>capacem</strong></span> <span class='ocrx_word' id='word_1_289' title='bbox 1329 2242 1639 2311; x_wconf 91' lang='lat' dir='ltr'><strong>hujusmodi</strong></span> <span class='ocrx_word' id='word_1_290' title='bbox 1690 2244 1954 2298; x_wconf 88' lang='lat' dir='ltr'><strong>malorum</strong></span> <span class='ocrx_word' id='word_1_291' title='bbox 1993 2259 2116 2299; x_wconf 90' lang='lat' dir='ltr'><strong>car-</strong></span> 
     </span>
    </p>
   </div>
   <div class='ocr_carea' id='block_1_40' title="bbox 553 2332 2116 2404">
    <p class='ocr_par' dir='ltr' id='par_1_40' title="bbox 553 2332 2116 2404">
     <span class='ocr_line' id='line_1_40' title="bbox 553 2332 2116 2404; baseline 0.003 -18"><span class='ocrx_word' id='word_1_292' title='bbox 553 2348 677 2387; x_wconf 88' lang='lat' dir='ltr'><strong>nem</strong></span> <span class='ocrx_word' id='word_1_293' title='bbox 707 2332 903 2395; x_wconf 87' lang='lat' dir='ltr'><strong>induit,</strong></span> <span class='ocrx_word' id='word_1_294' title='bbox 931 2340 983 2387; x_wconf 88' lang='lat' dir='ltr'><strong>et</strong></span> <span class='ocrx_word' id='word_1_295' title='bbox 1017 2349 1114 2402; x_wconf 94' lang='lat' dir='ltr'><strong>pro</strong></span> <span class='ocrx_word' id='word_1_296' title='bbox 1144 2334 1300 2389; x_wconf 91' lang='lat' dir='ltr'><strong>nobis</strong></span> <span class='ocrx_word' id='word_1_297' title='bbox 1328 2343 1611 2404; x_wconf 87' lang='lat' dir='ltr'><strong>peccatum</strong></span> <span class='ocrx_word' id='word_1_298' title='bbox 1634 2336 1846 2390; x_wconf 80' lang='lat' dir='ltr'><strong>exstitit</strong></span> <span class='ocrx_word' id='word_1_299' title='bbox 1873 2336 1937 2403; x_wconf 76' lang='lat'><strong>“,</strong></span> <span class='ocrx_word' id='word_1_300' title='bbox 1974 2336 2116 2390; x_wconf 91' lang='lat' dir='ltr'><strong>haud</strong></span> 
     </span>
    </p>
   </div>
   <div class='ocr_carea' id='block_1_41' title="bbox 557 2422 2113 2496">
    <p class='ocr_par' dir='ltr' id='par_1_41' title="bbox 557 2422 2113 2496">
     <span class='ocr_line' id='line_1_41' title="bbox 557 2422 2113 2496; baseline 0.003 -19"><span class='ocrx_word' id='word_1_301' title='bbox 557 2423 807 2493; x_wconf 92' lang='lat' dir='ltr'><strong>equidem</strong></span> <span class='ocrx_word' id='word_1_302' title='bbox 839 2422 944 2477; x_wconf 91' lang='lat' dir='ltr'><strong>hoc</strong></span> <span class='ocrx_word' id='word_1_303' title='bbox 984 2430 1261 2495; x_wconf 80' lang='lat' dir='ltr'><strong>expertus,</strong></span> <span class='ocrx_word' id='word_1_304' title='bbox 1293 2424 1388 2480; x_wconf 87' lang='lat' dir='ltr'><strong>sed</strong></span> <span class='ocrx_word' id='word_1_305' title='bbox 1420 2427 1601 2495; x_wconf 85' lang='lat' dir='ltr'><strong>specie</strong></span> <span class='ocrx_word' id='word_1_306' title='bbox 1642 2437 1804 2482; x_wconf 88' lang='lat' dir='ltr'><strong>tenus</strong></span> <span class='ocrx_word' id='word_1_307' title='bbox 1842 2435 2113 2496; x_wconf 88' lang='lat' dir='ltr'><strong>peccator,</strong></span> 
     </span>
    </p>
   </div>
   <div class='ocr_carea' id='block_1_42' title="bbox 556 2513 2118 2585">
    <p class='ocr_par' dir='ltr' id='par_1_42' title="bbox 556 2513 2118 2585">
     <span class='ocr_line' id='line_1_42' title="bbox 556 2513 2118 2585; baseline 0.001 -18"><span class='ocrx_word' id='word_1_308' title='bbox 556 2524 616 2567; x_wconf 91' lang='lat' dir='ltr'><strong>ut</strong></span> <span class='ocrx_word' id='word_1_309' title='bbox 647 2529 747 2569; x_wconf 92' lang='lat' dir='ltr'><strong>nos</strong></span> <span class='ocrx_word' id='word_1_310' title='bbox 775 2513 1240 2584; x_wconf 81' lang='lat' dir='ltr'><strong>justiﬁcaremur;</strong></span> <span class='ocrx_word' id='word_1_311' title='bbox 1275 2515 1560 2585; x_wconf 85' lang='lat' dir='ltr'><strong>factusque</strong></span> <span class='ocrx_word' id='word_1_312' title='bbox 1586 2524 1669 2571; x_wconf 90' lang='lat' dir='ltr'><strong>est</strong></span> <span class='ocrx_word' id='word_1_313' title='bbox 1697 2532 1793 2585; x_wconf 93' lang='lat' dir='ltr'><strong>pro</strong></span> <span class='ocrx_word' id='word_1_314' title='bbox 1816 2517 1972 2572; x_wconf 91' lang='lat' dir='ltr'><strong>nobis</strong></span> <span class='ocrx_word' id='word_1_315' title='bbox 2000 2532 2118 2570; x_wconf 89' lang='lat' dir='ltr'><strong>ma-</strong></span> 
     </span>
    </p>
   </div>
   <div class='ocr_carea' id='block_1_43' title="bbox 555 2606 2116 2672">
    <p class='ocr_par' dir='ltr' id='par_1_43' title="bbox 555 2606 2116 2672">
     <span class='ocr_line' id='line_1_43' title="bbox 555 2606 2116 2672; baseline 0.001 -13"><span class='ocrx_word' id='word_1_316' title='bbox 555 2606 803 2672; x_wconf 88' lang='lat' dir='ltr'><strong>ledictio,</strong></span> <span class='ocrx_word' id='word_1_317' title='bbox 826 2614 887 2661; x_wconf 91' lang='lat' dir='ltr'><strong>ut</strong></span> <span class='ocrx_word' id='word_1_318' title='bbox 922 2622 1023 2661; x_wconf 92' lang='lat' dir='ltr'><strong>nos</strong></span> <span class='ocrx_word' id='word_1_319' title='bbox 1056 2607 1123 2662; x_wconf 90' lang='lat' dir='ltr'><strong>de</strong></span> <span class='ocrx_word' id='word_1_320' title='bbox 1152 2606 1533 2663; x_wconf 89' lang='lat' dir='ltr'><strong>maledictione</strong></span> <span class='ocrx_word' id='word_1_321' title='bbox 1558 2608 1881 2671; x_wconf 86' lang='lat' dir='ltr'><strong>redimeret,</strong></span> <span class='ocrx_word' id='word_1_322' title='bbox 1918 2618 1971 2663; x_wconf 92' lang='lat' dir='ltr'><strong>et</strong></span> <span class='ocrx_word' id='word_1_323' title='bbox 1998 2623 2116 2663; x_wconf 91' lang='lat' dir='ltr'><strong>ma-</strong></span> 
     </span>
    </p>
   </div>
   <div class='ocr_carea' id='block_1_44' title="bbox 553 2698 2120 2769">
    <p class='ocr_par' dir='ltr' id='par_1_44' title="bbox 553 2698 2120 2769">
     <span class='ocr_line' id='line_1_44' title="bbox 553 2698 2120 2769; baseline 0.001 -18"><span class='ocrx_word' id='word_1_324' title='bbox 553 2698 785 2753; x_wconf 90' lang='lat' dir='ltr'><strong>ledictus</strong></span> <span class='ocrx_word' id='word_1_325' title='bbox 830 2698 1132 2769; x_wconf 90' lang='lat' dir='ltr'><strong>appellatus</strong></span> <span class='ocrx_word' id='word_1_326' title='bbox 1149 2706 1233 2755; x_wconf 86' lang='lat' dir='ltr'><strong>est</strong></span> <span class='ocrx_word' id='word_1_327' title='bbox 1260 2699 1327 2761; x_wconf 85' lang='grc'>³⁸,</span> <span class='ocrx_word' id='word_1_328' title='bbox 1357 2700 1741 2768; x_wconf 90' lang='lat' dir='ltr'><strong>compassione</strong></span> <span class='ocrx_word' id='word_1_329' title='bbox 1771 2714 1869 2753; x_wconf 89' lang='lat' dir='ltr'><strong>sua</strong></span> <span class='ocrx_word' id='word_1_330' title='bbox 1899 2715 1995 2769; x_wconf 92' lang='lat' dir='ltr'><strong>par</strong></span> <span class='ocrx_word' id='word_1_331' title='bbox 2022 2715 2120 2753; x_wconf 91' lang='lat' dir='ltr'><strong>no-</strong></span> 
     </span>
    </p>
   </div>
   <div class='ocr_carea' id='block_1_45' title="bbox 552 2790 2117 2860">
    <p class='ocr_par' dir='ltr' id='par_1_45' title="bbox 552 2790 2117 2860">
     <span class='ocr_line' id='line_1_45' title="bbox 552 2790 2117 2860; baseline -0.002 -14"><span class='ocrx_word' id='word_1_332' title='bbox 552 2800 670 2847; x_wconf 89' lang='lat' dir='ltr'><strong>stro</strong></span> <span class='ocrx_word' id='word_1_333' title='bbox 698 2807 893 2845; x_wconf 87' lang='lat' dir='ltr'><strong>nomen</strong></span> <span class='ocrx_word' id='word_1_334' title='bbox 918 2798 1112 2860; x_wconf 91' lang='lat' dir='ltr'><strong>sponte</strong></span> <span class='ocrx_word' id='word_1_335' title='bbox 1141 2805 1447 2845; x_wconf 83' lang='lat' dir='ltr'><strong>assumens.</strong></span> <span class='ocrx_word' id='word_1_336' title='bbox 1489 2791 1666 2859; x_wconf 83' lang='lat' dir='ltr'><strong>Atque</strong></span> <span class='ocrx_word' id='word_1_337' title='bbox 1691 2791 1784 2855; x_wconf 89' lang='lat' dir='ltr'><strong>ita,</strong></span> <span class='ocrx_word' id='word_1_338' title='bbox 1810 2790 1895 2843; x_wconf 88' lang='lat' dir='ltr'><strong>his</strong></span> <span class='ocrx_word' id='word_1_339' title='bbox 1941 2791 2117 2844; x_wconf 91' lang='lat' dir='ltr'><strong>omni-</strong></span> 
     </span>
    </p>
   </div>
   <div class='ocr_carea' id='block_1_46' title="bbox 551 2882 2114 2951">
    <p class='ocr_par' dir='ltr' id='par_1_46' title="bbox 551 2882 2114 2951">
     <span class='ocr_line' id='line_1_46' title="bbox 551 2882 2114 2951; baseline -0.001 -13"><span class='ocrx_word' id='word_1_340' title='bbox 551 2886 655 2939; x_wconf 90' lang='lat' dir='ltr'><strong>bus</strong></span> <span class='ocrx_word' id='word_1_341' title='bbox 684 2884 739 2937; x_wconf 91' lang='lat' dir='ltr'><strong>in</strong></span> <span class='ocrx_word' id='word_1_342' title='bbox 790 2897 851 2938; x_wconf 92' lang='lat' dir='ltr'><strong>se</strong></span> <span class='ocrx_word' id='word_1_343' title='bbox 883 2884 1136 2951; x_wconf 84' lang='lat' dir='ltr'><strong>receptis,</strong></span> <span class='ocrx_word' id='word_1_344' title='bbox 1191 2882 1433 2935; x_wconf 88' lang='lat' dir='ltr'><strong>humano</strong></span> <span class='ocrx_word' id='word_1_345' title='bbox 1462 2885 1643 2951; x_wconf 91' lang='lat' dir='ltr'><strong>generi</strong></span> <span class='ocrx_word' id='word_1_346' title='bbox 1693 2883 1887 2937; x_wconf 90' lang='lat' dir='ltr'><strong>similis</strong></span> <span class='ocrx_word' id='word_1_347' title='bbox 1920 2882 2114 2946; x_wconf 81' lang='lat' dir='ltr'><strong>factus,</strong></span> 
     </span>
    </p>
   </div>
   <div class='ocr_carea' id='block_1_47' title="bbox 553 2972 2116 3047">
    <p class='ocr_par' dir='ltr' id='par_1_47' title="bbox 553 2972 2116 3047">
     <span class='ocr_line' id='line_1_47' title="bbox 553 2972 2116 3047; baseline -0.002 -19"><span class='ocrx_word' id='word_1_348' title='bbox 553 2976 780 3047; x_wconf 82' lang='lat' dir='ltr'><strong>ipsaque</strong></span> <span class='ocrx_word' id='word_1_349' title='bbox 806 2974 949 3028; x_wconf 84' lang='lat' dir='ltr'><strong>servi</strong></span> <span class='ocrx_word' id='word_1_350' title='bbox 983 2975 1156 3028; x_wconf 83' lang='lat' dir='ltr'><strong>forma</strong></span> <span class='ocrx_word' id='word_1_351' title='bbox 1201 2982 1477 3042; x_wconf 86' lang='lat' dir='ltr'><strong>suscepta,</strong></span> <span class='ocrx_word' id='word_1_352' title='bbox 1524 2987 1621 3026; x_wconf 94' lang='lat' dir='ltr'><strong>ceu</strong></span> <span class='ocrx_word' id='word_1_353' title='bbox 1653 2972 1770 3042; x_wconf 89' lang='lat' dir='ltr'><strong>ipse</strong></span> <span class='ocrx_word' id='word_1_354' title='bbox 1814 2982 2116 3043; x_wconf 88' lang='lat' dir='ltr'><strong>peccasset,</strong></span> 
     </span>
    </p>
   </div>
   <div class='ocr_carea' id='block_1_48' title="bbox 548 3062 2119 3135">
    <p class='ocr_par' dir='ltr' id='par_1_48' title="bbox 548 3062 2119 3135">
     <span class='ocr_line' id='line_1_48' title="bbox 548 3062 2119 3135; baseline -0.003 -16"><span class='ocrx_word' id='word_1_355' title='bbox 548 3079 760 3135; x_wconf 88' lang='lat' dir='ltr'><strong>proque</strong></span> <span class='ocrx_word' id='word_1_356' title='bbox 782 3064 1024 3119; x_wconf 86' lang='lat' dir='ltr'><strong>humano</strong></span> <span class='ocrx_word' id='word_1_357' title='bbox 1050 3078 1245 3135; x_wconf 87' lang='lat' dir='ltr'><strong>genere</strong></span> <span class='ocrx_word' id='word_1_358' title='bbox 1266 3064 1544 3133; x_wconf 88' lang='lat' dir='ltr'><strong>propriam</strong></span> <span class='ocrx_word' id='word_1_359' title='bbox 1574 3062 1808 3117; x_wconf 73' lang='lat' dir='ltr'><strong>offerens</strong></span> <span class='ocrx_word' id='word_1_360' title='bbox 1832 3064 1974 3117; x_wconf 91' lang='lat' dir='ltr'><strong>ultro</strong></span> <span class='ocrx_word' id='word_1_361' title='bbox 1996 3079 2119 3132; x_wconf 92' lang='lat' dir='ltr'><strong>per-</strong></span> 
     </span>
    </p>
   </div>
   <div class='ocr_carea' id='block_1_49' title="bbox 551 3152 2115 3223">
    <p class='ocr_par' dir='ltr' id='par_1_49' title="bbox 551 3152 2115 3223">
     <span class='ocr_line' id='line_1_49' title="bbox 551 3152 2115 3223; baseline -0.003 -14"><span class='ocrx_word' id='word_1_362' title='bbox 551 3170 764 3217; x_wconf 87' lang='lat' dir='ltr'><strong>sonam,</strong></span> <span class='ocrx_word' id='word_1_363' title='bbox 810 3152 1021 3209; x_wconf 86' lang='lat' dir='ltr'><strong>Patrem</strong></span> <span class='ocrx_word' id='word_1_364' title='bbox 1073 3154 1307 3223; x_wconf 82' lang='lat' dir='ltr'><strong>placavit</strong></span> <span class='ocrx_word' id='word_1_365' title='bbox 1356 3160 1518 3222; x_wconf 90' lang='lat' dir='ltr'><strong>atque</strong></span> <span class='ocrx_word' id='word_1_366' title='bbox 1566 3153 1631 3207; x_wconf 88' lang='lat' dir='ltr'><strong>ad</strong></span> <span class='ocrx_word' id='word_1_367' title='bbox 1683 3153 2115 3207; x_wconf 89' lang='lat' dir='ltr'><strong>misericordiam</strong></span> 
     </span>
    </p>
   </div>
   <div class='ocr_carea' id='block_1_50' title="bbox 549 3244 2117 3316">
    <p class='ocr_par' dir='ltr' id='par_1_50' title="bbox 549 3244 2117 3316">
     <span class='ocr_line' id='line_1_50' title="bbox 549 3244 2117 3316; baseline -0.001 -14"><span class='ocrx_word' id='word_1_368' title='bbox 549 3246 775 3302; x_wconf 82' lang='lat' dir='ltr'><strong>inﬂexit.</strong></span> <span class='ocrx_word' id='word_1_369' title='bbox 811 3246 914 3301; x_wconf 91' lang='lat' dir='ltr'><strong>Sed</strong></span> <span class='ocrx_word' id='word_1_370' title='bbox 945 3246 1074 3316; x_wconf 88' lang='lat' dir='ltr'><strong>quia</strong></span> <span class='ocrx_word' id='word_1_371' title='bbox 1110 3260 1216 3299; x_wconf 93' lang='lat' dir='ltr'><strong>non</strong></span> <span class='ocrx_word' id='word_1_372' title='bbox 1268 3245 1582 3299; x_wconf 87' lang='lat' dir='ltr'><strong>universum</strong></span> <span class='ocrx_word' id='word_1_373' title='bbox 1628 3244 1908 3299; x_wconf 88' lang='lat' dir='ltr'><strong>hominum</strong></span> <span class='ocrx_word' id='word_1_374' title='bbox 1947 3260 2117 3316; x_wconf 88' lang='lat' dir='ltr'><strong>genus</strong></span> 
     </span>
    </p>
   </div>
   <div class='ocr_carea' id='block_1_51' title="bbox 2221 2048 3785 2129">
    <p class='ocr_par' dir='ltr' id='par_1_51' title="bbox 2221 2048 3785 2129">
     <span class='ocr_line' id='line_1_51' title="bbox 2221 2048 3785 2129; baseline -0.008 -18"><span class='ocrx_word' id='word_1_375' title='bbox 2221 2059 2346 2129; x_wconf 82' lang='grc' dir='ltr'>περὶ</span> <span class='ocrx_word' id='word_1_376' title='bbox 2364 2060 2517 2128; x_wconf 78' lang='grc' dir='ltr'>ἡμῶν</span> <span class='ocrx_word' id='word_1_377' title='bbox 2569 2060 2838 2120; x_wconf 81' lang='grc' dir='ltr'>ὀδυνᾶται,</span> <span class='ocrx_word' id='word_1_378' title='bbox 2887 2059 2979 2111; x_wconf 71' lang='grc' dir='ltr'><strong>καὶ</strong></span> <span class='ocrx_word' id='word_1_379' title='bbox 3012 2055 3169 2118; x_wconf 85' lang='grc' dir='ltr'>αὑτὸς</span> <span class='ocrx_word' id='word_1_380' title='bbox 3189 2053 3283 2116; x_wconf 80' lang='grc' dir='ltr'>τὰς</span> <span class='ocrx_word' id='word_1_381' title='bbox 3312 2051 3588 2112; x_wconf 73' lang='grc' dir='ltr'>ἀσθενείας</span> <span class='ocrx_word' id='word_1_382' title='bbox 3623 2048 3785 2117; x_wconf 76' lang='grc' dir='ltr'>ἡμῶν</span> 
     </span>
    </p>
   </div>
   <div class='ocr_carea' id='block_1_52' title="bbox 2219 2140 3788 2213">
    <p class='ocr_par' dir='ltr' id='par_1_52' title="bbox 2219 2140 3788 2213">
     <span class='ocr_line' id='line_1_52' title="bbox 2219 2140 3788 2213; baseline -0.008 -10"><span class='ocrx_word' id='word_1_383' title='bbox 2219 2152 2375 2205; x_wconf 79' lang='grc' dir='ltr'>ἔλαϐε</span> <span class='ocrx_word' id='word_1_384' title='bbox 2397 2152 2488 2204; x_wconf 70' lang='grc' dir='ltr'><strong>καὶ</strong></span> <span class='ocrx_word' id='word_1_385' title='bbox 2514 2152 2610 2213; x_wconf 77' lang='grc' dir='ltr'>τὰς</span> <span class='ocrx_word' id='word_1_386' title='bbox 2648 2151 2831 2211; x_wconf 82' lang='grc' dir='ltr'>νόσους</span> <span class='ocrx_word' id='word_1_387' title='bbox 2856 2148 3138 2206; x_wconf 79' lang='grc' dir='ltr'>ἐϐάστασε,</span> <span class='ocrx_word' id='word_1_388' title='bbox 3172 2163 3190 2197; x_wconf 71' lang='grc' dir='ltr'><strong>ι</strong></span> <span class='ocrx_word' id='word_1_389' title='bbox 3220 2144 3339 2197; x_wconf 74' lang='grc' dir='ltr'>ἐπεὶ</span> <span class='ocrx_word' id='word_1_390' title='bbox 3360 2143 3452 2195; x_wconf 74' lang='grc' dir='ltr'><strong>καὶ</strong></span> <span class='ocrx_word' id='word_1_391' title='bbox 3483 2142 3581 2211; x_wconf 77' lang='grc' dir='ltr'><strong>τὴν</strong></span> <span class='ocrx_word' id='word_1_392' title='bbox 3610 2140 3788 2194; x_wconf 79' lang='grc' dir='ltr'>δεκτι-</span> 
     </span>
    </p>
   </div>
   <div class='ocr_carea' id='block_1_53' title="bbox 2219 2233 3789 2313">
    <p class='ocr_par' dir='ltr' id='par_1_53' title="bbox 2219 2233 3789 2313">
     <span class='ocr_line' id='line_1_53' title="bbox 2219 2233 3789 2313; baseline -0.01 -16"><span class='ocrx_word' id='word_1_393' title='bbox 2219 2244 2319 2313; x_wconf 76' lang='grc' dir='ltr'>κὴν</span> <span class='ocrx_word' id='word_1_394' title='bbox 2347 2242 2547 2296; x_wconf 85' lang='grc' dir='ltr'>τούτων</span> <span class='ocrx_word' id='word_1_395' title='bbox 2569 2243 2745 2312; x_wconf 82' lang='grc' dir='ltr'>σάρκα</span> <span class='ocrx_word' id='word_1_396' title='bbox 2771 2239 3171 2311; x_wconf 84' lang='grc' dir='ltr'>περιϐέϐληται,</span> <span class='ocrx_word' id='word_1_397' title='bbox 3200 2237 3293 2289; x_wconf 75' lang='grc' dir='ltr'><strong>καὶ</strong></span> <span class='ocrx_word' id='word_1_398' title='bbox 3323 2235 3458 2304; x_wconf 83' lang='grc' dir='ltr'>ὑπὲρ</span> <span class='ocrx_word' id='word_1_399' title='bbox 3487 2233 3789 2303; x_wconf 74' lang='grc' dir='ltr'>ἡμῶν,φη-</span> 
     </span>
    </p>
   </div>
   <div class='ocr_carea' id='block_1_54' title="bbox 2221 2323 3785 2404">
    <p class='ocr_par' dir='ltr' id='par_1_54' title="bbox 2221 2323 3785 2404">
     <span class='ocr_line' id='line_1_54' title="bbox 2221 2323 3785 2404; baseline -0.008 -20"><span class='ocrx_word' id='word_1_400' title='bbox 2221 2334 2325 2395; x_wconf 70' lang='grc' dir='ltr'>σιν,</span> <span class='ocrx_word' id='word_1_401' title='bbox 2353 2332 2624 2404; x_wconf 82' lang='grc' dir='ltr'>ἁμαρτίαν</span> <span class='ocrx_word' id='word_1_402' title='bbox 2669 2333 2937 2403; x_wconf 76' lang='grc' dir='ltr'>ἐποίησεν,</span> <span class='ocrx_word' id='word_1_403' title='bbox 2965 2332 3025 2383; x_wconf 87' lang='grc' dir='ltr'><strong>οὑ</strong></span> <span class='ocrx_word' id='word_1_404' title='bbox 3057 2327 3389 2397; x_wconf 82' lang='grc' dir='ltr'>πεποιηκὼς,</span> <span class='ocrx_word' id='word_1_405' title='bbox 3424 2324 3535 2379; x_wconf 78' lang='grc' dir='ltr'>ἀλλ’</span> <span class='ocrx_word' id='word_1_406' title='bbox 3562 2323 3639 2385; x_wconf 86' lang='grc' dir='ltr'><strong>ὡς</strong></span> <span class='ocrx_word' id='word_1_407' title='bbox 3684 2339 3785 2373; x_wconf 84' lang='grc' dir='ltr'>πε-</span> 
     </span>
    </p>
   </div>
   <div class='ocr_carea' id='block_1_55' title="bbox 2220 2413 3787 2496">
    <p class='ocr_par' dir='ltr' id='par_1_55' title="bbox 2220 2413 3787 2496">
     <span class='ocr_line' id='line_1_55' title="bbox 2220 2413 3787 2496; baseline -0.009 -18"><span class='ocrx_word' id='word_1_408' title='bbox 2220 2425 2477 2495; x_wconf 82' lang='grc' dir='ltr'>ποιηκὼς,</span> <span class='ocrx_word' id='word_1_409' title='bbox 2495 2425 2559 2479; x_wconf 82' lang='grc' dir='ltr'><strong>ἶν’</strong></span> <span class='ocrx_word' id='word_1_410' title='bbox 2588 2427 2743 2496; x_wconf 81' lang='grc' dir='ltr'>ἡμεῖς</span> <span class='ocrx_word' id='word_1_411' title='bbox 2768 2422 3136 2493; x_wconf 79' lang='grc' dir='ltr'>δικαιωθῶμεν</span> <span class='ocrx_word' id='word_1_412' title='bbox 3164 2437 3177 2451; x_wconf 79' lang='grc'><strong>⁸</strong></span> <span class='ocrx_word' id='word_1_413' title='bbox 3211 2421 3304 2473; x_wconf 65' lang='grc' dir='ltr'><strong>καλ⁵</strong></span> <span class='ocrx_word' id='word_1_414' title='bbox 3332 2419 3620 2487; x_wconf 86' lang='grc' dir='ltr'>γενόμενος</span> <span class='ocrx_word' id='word_1_415' title='bbox 3644 2413 3787 2482; x_wconf 78' lang='grc' dir='ltr'>ὑπὲρ</span> 
     </span>
    </p>
   </div>
   <div class='ocr_carea' id='block_1_56' title="bbox 2217 2507 3786 2587">
    <p class='ocr_par' dir='ltr' id='par_1_56' title="bbox 2217 2507 3786 2587">
     <span class='ocr_line' id='line_1_56' title="bbox 2217 2507 3786 2587; baseline -0.003 -17"><span class='ocrx_word' id='word_1_416' title='bbox 2217 2516 2377 2587; x_wconf 73' lang='grc' dir='ltr'>ἡμῶν</span> <span class='ocrx_word' id='word_1_417' title='bbox 2439 2518 2670 2587; x_wconf 86' lang='grc' dir='ltr'>κατάρα,</span> <span class='ocrx_word' id='word_1_418' title='bbox 2713 2517 2799 2569; x_wconf 84' lang='grc' dir='ltr'><strong>ἵνα</strong></span> <span class='ocrx_word' id='word_1_419' title='bbox 2853 2516 2950 2586; x_wconf 81' lang='grc' dir='ltr'>τῆς</span> <span class='ocrx_word' id='word_1_420' title='bbox 2995 2515 3239 2583; x_wconf 84' lang='grc' dir='ltr'>κατάρας</span> <span class='ocrx_word' id='word_1_421' title='bbox 3267 2512 3412 2581; x_wconf 76' lang='grc' dir='ltr'>ἡμᾶς</span> <span class='ocrx_word' id='word_1_422' title='bbox 3452 2507 3786 2576; x_wconf 74' lang='grc' dir='ltr'>ἐξαγοράσῃ.</span> 
     </span>
    </p>
   </div>
   <div class='ocr_carea' id='block_1_57' title="bbox 2219 2600 3789 2680">
    <p class='ocr_par' dir='ltr' id='par_1_57' title="bbox 2219 2600 3789 2680">
     <span class='ocr_line' id='line_1_57' title="bbox 2219 2600 3789 2680; baseline -0.01 -17"><span class='ocrx_word' id='word_1_423' title='bbox 2219 2612 2311 2663; x_wconf 78' lang='grc' dir='ltr'><strong>καὶ</strong></span> <span class='ocrx_word' id='word_1_424' title='bbox 2336 2611 2731 2680; x_wconf 84' lang='grc' dir='ltr'>ὲπικατάρατος</span> <span class='ocrx_word' id='word_1_425' title='bbox 2758 2608 3087 2676; x_wconf 84' lang='grc' dir='ltr'>ὠνόμασται,</span> <span class='ocrx_word' id='word_1_426' title='bbox 3113 2607 3178 2674; x_wconf 81' lang='grc' dir='ltr'>τῇ</span> <span class='ocrx_word' id='word_1_427' title='bbox 3209 2600 3515 2672; x_wconf 76' lang='grc' dir='ltr'>συμπαθείᾳ</span> <span class='ocrx_word' id='word_1_428' title='bbox 3545 2616 3789 2651; x_wconf 84' lang='grc' dir='ltr'>συνωνυ-</span> 
     </span>
    </p>
   </div>
   <div class='ocr_carea' id='block_1_58' title="bbox 2223 2691 3789 2772">
    <p class='ocr_par' dir='ltr' id='par_1_58' title="bbox 2223 2691 3789 2772">
     <span class='ocr_line' id='line_1_58' title="bbox 2223 2691 3789 2772; baseline -0.01 -18"><span class='ocrx_word' id='word_1_429' title='bbox 2223 2703 2392 2772; x_wconf 79' lang='grc' dir='ltr'>μῆσαι</span> <span class='ocrx_word' id='word_1_430' title='bbox 2423 2703 2552 2772; x_wconf 79' lang='grc' dir='ltr'>ἡμῖν</span> <span class='ocrx_word' id='word_1_431' title='bbox 2600 2701 2867 2770; x_wconf 80' lang='grc' dir='ltr'>ἑλόμενος·</span> <span class='ocrx_word' id='word_1_432' title='bbox 2907 2700 2951 2751; x_wconf 83' lang='grc' dir='ltr'>εἰ</span> <span class='ocrx_word' id='word_1_433' title='bbox 2989 2700 3045 2751; x_wconf 78' lang='grc' dir='ltr'>ὲν</span> <span class='ocrx_word' id='word_1_434' title='bbox 3076 2699 3206 2750; x_wconf 74' lang='grc' dir='ltr'>πᾶσι</span> <span class='ocrx_word' id='word_1_435' title='bbox 3249 2694 3455 2756; x_wconf 76' lang='grc' dir='ltr'>τούτοις</span> <span class='ocrx_word' id='word_1_436' title='bbox 3492 2691 3789 2759; x_wconf 85' lang='grc' dir='ltr'>γενόμενος</span> 
     </span>
    </p>
   </div>
   <div class='ocr_carea' id='block_1_59' title="bbox 2217 2784 3791 2869">
    <p class='ocr_par' dir='ltr' id='par_1_59' title="bbox 2217 2784 3791 2869">
     <span class='ocr_line' id='line_1_59' title="bbox 2217 2784 3791 2869; baseline -0.011 -18"><span class='ocrx_word' id='word_1_437' title='bbox 2217 2798 2469 2869; x_wconf 84' lang='grc' dir='ltr'>ὡμοιώθη</span> <span class='ocrx_word' id='word_1_438' title='bbox 2492 2801 2555 2868; x_wconf 84' lang='grc' dir='ltr'>τῇ</span> <span class='ocrx_word' id='word_1_439' title='bbox 2580 2796 2977 2866; x_wconf 84' lang='grc' dir='ltr'>ἀνθρωπότητι,</span> <span class='ocrx_word' id='word_1_440' title='bbox 3000 2793 3166 2863; x_wconf 83' lang='grc' dir='ltr'>αὑτὴν</span> <span class='ocrx_word' id='word_1_441' title='bbox 3192 2790 3289 2861; x_wconf 72' lang='grc' dir='ltr'><strong>τὴν</strong></span> <span class='ocrx_word' id='word_1_442' title='bbox 3320 2788 3528 2860; x_wconf 67' lang='grc' dir='ltr'>μορφὴν</span> <span class='ocrx_word' id='word_1_443' title='bbox 3547 2785 3644 2837; x_wconf 86' lang='grc' dir='ltr'><strong>τοῦ</strong></span> <span class='ocrx_word' id='word_1_444' title='bbox 3668 2784 3791 2836; x_wconf 73' lang='grc' dir='ltr'>δού-</span> 
     </span>
    </p>
   </div>
   <div class='ocr_carea' id='block_1_60' title="bbox 2218 2877 3792 2957">
    <p class='ocr_par' dir='ltr' id='par_1_60' title="bbox 2218 2877 3792 2957">
     <span class='ocr_line' id='line_1_60' title="bbox 2218 2877 3792 2957; baseline -0.009 -16"><span class='ocrx_word' id='word_1_445' title='bbox 2218 2890 2309 2943; x_wconf 91' lang='grc' dir='ltr'><strong>λου</strong></span> <span class='ocrx_word' id='word_1_446' title='bbox 2343 2888 2641 2953; x_wconf 85' lang='grc' dir='ltr'>ἀναλαϐὼν,</span> <span class='ocrx_word' id='word_1_447' title='bbox 2672 2889 2746 2951; x_wconf 85' lang='grc' dir='ltr'><strong>ὡς</strong></span> <span class='ocrx_word' id='word_1_448' title='bbox 2780 2888 2938 2950; x_wconf 86' lang='grc' dir='ltr'>αὐτὸς</span> <span class='ocrx_word' id='word_1_449' title='bbox 2967 2883 3276 2957; x_wconf 75' lang='grc' dir='ltr'>ὴνομηκὼς,</span> <span class='ocrx_word' id='word_1_450' title='bbox 3305 2883 3441 2951; x_wconf 79' lang='grc' dir='ltr'>ὑπὲρ</span> <span class='ocrx_word' id='word_1_451' title='bbox 3462 2880 3561 2948; x_wconf 79' lang='grc' dir='ltr'><strong>τῆς</strong></span> <span class='ocrx_word' id='word_1_452' title='bbox 3581 2877 3792 2948; x_wconf 82' lang='grc' dir='ltr'>ἀνθρω-</span> 
     </span>
    </p>
   </div>
   <div class='ocr_carea' id='block_1_61' title="bbox 2223 2972 3787 3051">
    <p class='ocr_par' dir='ltr' id='par_1_61' title="bbox 2223 2972 3787 3051">
     <span class='ocr_line' id='line_1_61' title="bbox 2223 2972 3787 3051; baseline -0.008 -18"><span class='ocrx_word' id='word_1_453' title='bbox 2223 2982 2449 3051; x_wconf 88' lang='grc' dir='ltr'>πότητος</span> <span class='ocrx_word' id='word_1_454' title='bbox 2472 2980 2531 3033; x_wconf 89' lang='grc' dir='ltr'><strong>τὸ</strong></span> <span class='ocrx_word' id='word_1_455' title='bbox 2555 2980 2681 3032; x_wconf 75' lang='grc' dir='ltr'>ἴδιον</span> <span class='ocrx_word' id='word_1_456' title='bbox 2711 2979 2996 3049; x_wconf 88' lang='grc' dir='ltr'>πρόσωπον</span> <span class='ocrx_word' id='word_1_457' title='bbox 3043 2975 3493 3047; x_wconf 80' lang='grc' dir='ltr'>προϐαλλόμενος,</span> <span class='ocrx_word' id='word_1_458' title='bbox 3527 2972 3787 3042; x_wconf 80' lang='grc' dir='ltr'>ἐνέτρεπε</span> 
     </span>
    </p>
   </div>
   <div class='ocr_carea' id='block_1_62' title="bbox 2218 3063 3789 3142">
    <p class='ocr_par' dir='ltr' id='par_1_62' title="bbox 2218 3063 3789 3142">
     <span class='ocr_line' id='line_1_62' title="bbox 2218 3063 3789 3142; baseline -0.006 -18"><span class='ocrx_word' id='word_1_459' title='bbox 2218 3072 2306 3125; x_wconf 87' lang='grc' dir='ltr'><strong>τὸν</strong></span> <span class='ocrx_word' id='word_1_460' title='bbox 2340 3073 2558 3142; x_wconf 83' lang='grc' dir='ltr'>Πατέρα</span> <span class='ocrx_word' id='word_1_461' title='bbox 2572 3071 2703 3141; x_wconf 85' lang='grc' dir='ltr'>πρὸς</span> <span class='ocrx_word' id='word_1_462' title='bbox 2742 3070 2888 3133; x_wconf 79' lang='grc' dir='ltr'>ἕλεος</span> <span class='ocrx_word' id='word_1_463' title='bbox 2917 3068 3205 3121; x_wconf 81' lang='grc' dir='ltr'>ἐπικαλῶν.</span> <span class='ocrx_word' id='word_1_464' title='bbox 3233 3067 3340 3119; x_wconf 73' lang='grc' dir='ltr'>Καὶ</span> <span class='ocrx_word' id='word_1_465' title='bbox 3364 3066 3435 3128; x_wconf 83' lang='grc' dir='ltr'><strong>ὡς</strong></span> <span class='ocrx_word' id='word_1_466' title='bbox 3464 3066 3561 3133; x_wconf 82' lang='grc' dir='ltr'><strong>οὑχ</strong></span> <span class='ocrx_word' id='word_1_467' title='bbox 3590 3063 3789 3116; x_wconf 77' lang='grc' dir='ltr'>ὑποτέο</span> 
     </span>
    </p>
   </div>
   <div class='ocr_carea' id='block_1_63' title="bbox 2217 3155 3789 3232">
    <p class='ocr_par' dir='ltr' id='par_1_63' title="bbox 2217 3155 3789 3232">
     <span class='ocr_line' id='line_1_63' title="bbox 2217 3155 3789 3232; baseline -0.006 -17"><span class='ocrx_word' id='word_1_468' title='bbox 2217 3180 2383 3215; x_wconf 85' lang='grc' dir='ltr'>τακτο</span> <span class='ocrx_word' id='word_1_469' title='bbox 2400 3162 2477 3232; x_wconf 82' lang='grc' dir='ltr'>τῷ</span> <span class='ocrx_word' id='word_1_470' title='bbox 2500 3162 2612 3232; x_wconf 80' lang='grc' dir='ltr'><strong>Υίῷ</strong></span> <span class='ocrx_word' id='word_1_471' title='bbox 2639 3164 2788 3215; x_wconf 80' lang='grc' dir='ltr'>πᾶσα</span> <span class='ocrx_word' id='word_1_472' title='bbox 2817 3163 2850 3232; x_wconf 76' lang='grc' dir='ltr'><strong>ἡ</strong></span> <span class='ocrx_word' id='word_1_473' title='bbox 2874 3160 3243 3231; x_wconf 87' lang='grc' dir='ltr'>ἀνθρωπότης,</span> <span class='ocrx_word' id='word_1_474' title='bbox 3274 3159 3365 3211; x_wconf 80' lang='grc' dir='ltr'><strong>καὶ</strong></span> <span class='ocrx_word' id='word_1_475' title='bbox 3398 3156 3557 3218; x_wconf 83' lang='grc' dir='ltr'>αὑτὸς</span> <span class='ocrx_word' id='word_1_476' title='bbox 3586 3155 3660 3207; x_wconf 78' lang='grc' dir='ltr'>ὢν</span> <span class='ocrx_word' id='word_1_477' title='bbox 3686 3155 3789 3223; x_wconf 69' lang='grc' dir='ltr'>μὲν</span> 
     </span>
    </p>
   </div>
   <div class='ocr_carea' id='block_1_64' title="bbox 2219 3250 3785 3325">
    <p class='ocr_par' dir='ltr' id='par_1_64' title="bbox 2219 3250 3785 3325">
     <span class='ocr_line' id='line_1_64' title="bbox 2219 3250 3785 3325; baseline -0.005 -17"><span class='ocrx_word' id='word_1_478' title='bbox 2219 3255 2649 3325; x_wconf 85' lang='grc' dir='ltr'>ὑποτεταγμένος</span> <span class='ocrx_word' id='word_1_479' title='bbox 2677 3254 2849 3307; x_wconf 77' lang='grc' dir='ltr'>ἐδόκει</span> <span class='ocrx_word' id='word_1_480' title='bbox 2877 3270 2935 3306; x_wconf 88' lang='grc' dir='ltr'><strong>τε</strong></span> <span class='ocrx_word' id='word_1_481' title='bbox 2964 3253 3056 3305; x_wconf 74' lang='grc' dir='ltr'><strong>καὶ</strong></span> <span class='ocrx_word' id='word_1_482' title='bbox 3081 3251 3353 3322; x_wconf 83' lang='grc' dir='ltr'>διείληπτο</span> <span class='ocrx_word' id='word_1_483' title='bbox 3382 3250 3476 3321; x_wconf 78' lang='grc' dir='ltr'>τὴν</span> <span class='ocrx_word' id='word_1_484' title='bbox 3508 3251 3785 3302; x_wconf 74' lang='grc' dir='ltr'>ἀνυποτά-</span> 
     </span>
    </p>
   </div>
   <div class='ocr_carea' id='block_1_65' title="bbox 548 3315 2117 3414">
    <p class='ocr_par' dir='ltr' id='par_1_65' title="bbox 548 3315 2117 3407">
     <span class='ocr_line' id='line_1_65' title="bbox 548 3315 2117 3407; baseline -0.003 -13"><span class='ocrx_word' id='word_1_485' title='bbox 548 3339 692 3394; x_wconf 82' lang='lat' dir='ltr'><strong>Filio</strong></span> <span class='ocrx_word' id='word_1_486' title='bbox 728 3347 846 3395; x_wconf 89' lang='lat' dir='ltr'><strong>erat</strong></span> <span class='ocrx_word' id='word_1_487' title='bbox 874 3315 1204 3405; x_wconf 90' lang='lat' dir='ltr'><strong>subjectum,</strong></span> <span class='ocrx_word' id='word_1_488' title='bbox 1236 3336 1354 3407; x_wconf 85' lang='lat' dir='ltr'><strong>ipse</strong></span> <span class='ocrx_word' id='word_1_489' title='bbox 1393 3351 1520 3391; x_wconf 88' lang='lat' dir='ltr'><strong>vero</strong></span> <span class='ocrx_word' id='word_1_490' title='bbox 1569 3351 1881 3406; x_wconf 86' lang='lat' dir='ltr'><strong>quanquam</strong></span> <span class='ocrx_word' id='word_1_491' title='bbox 1927 3315 2117 3405; x_wconf 86' lang='lat' dir='ltr'><strong>reapse</strong></span> 
     </span>
    </p>
   </div>
   <div class='ocr_carea' id='block_1_66' title="bbox 2218 3315 3784 3414">
    <p class='ocr_par' dir='ltr' id='par_1_66' title="bbox 2220 3340 3784 3414">
     <span class='ocr_line' id='line_1_66' title="bbox 2220 3340 3784 3414; baseline -0.006 -15"><span class='ocrx_word' id='word_1_492' title='bbox 2220 3347 2333 3412; x_wconf 79' lang='grc' dir='ltr'>ξίαν</span> <span class='ocrx_word' id='word_1_493' title='bbox 2358 3346 2451 3400; x_wconf 89' lang='grc' dir='ltr'><strong>τοῦ</strong></span> <span class='ocrx_word' id='word_1_494' title='bbox 2479 3346 2607 3399; x_wconf 87' lang='grc' dir='ltr'>λαοῦ</span> <span class='ocrx_word' id='word_1_495' title='bbox 2669 3348 2725 3398; x_wconf 77' lang='grc' dir='ltr'>ἐν</span> <span class='ocrx_word' id='word_1_496' title='bbox 2778 3344 2895 3413; x_wconf 65' lang='grc' dir='ltr'>ὕψει</span> <span class='ocrx_word' id='word_1_497' title='bbox 2936 3342 3029 3396; x_wconf 87' lang='grc' dir='ltr'><strong>τοῦ</strong></span> <span class='ocrx_word' id='word_1_498' title='bbox 3074 3343 3285 3414; x_wconf 87' lang='grc' dir='ltr'>Πατρὸς</span> <span class='ocrx_word' id='word_1_499' title='bbox 3326 3340 3784 3412; x_wconf 72' lang='grc' dir='ltr'>ἐπιγραφόμενος,</span> 
     </span>
    </p>
   </div>
   <div class='ocr_carea' id='block_1_67' title="bbox 548 3426 2111 3505">
    <p class='ocr_par' dir='ltr' id='par_1_67' title="bbox 548 3426 2111 3505">
     <span class='ocr_line' id='line_1_67' title="bbox 548 3426 2111 3505; baseline -0.007 -14"><span class='ocrx_word' id='word_1_500' title='bbox 548 3434 849 3505; x_wconf 84' lang='lat' dir='ltr'><strong>subjectus,</strong></span> <span class='ocrx_word' id='word_1_501' title='bbox 883 3440 1114 3485; x_wconf 81' lang='lat' dir='ltr'><strong>attamen</strong></span> <span class='ocrx_word' id='word_1_502' title='bbox 1151 3430 1333 3500; x_wconf 91' lang='lat' dir='ltr'><strong>p0pu|i</strong></span> <span class='ocrx_word' id='word_1_503' title='bbox 1358 3427 1781 3483; x_wconf 89' lang='lat' dir='ltr'><strong>inobedientiam</strong></span> <span class='ocrx_word' id='word_1_504' title='bbox 1808 3426 2111 3494; x_wconf 81' lang='lat' dir='ltr'><strong>videbatur,</strong></span> 
     </span>
    </p>
   </div>
   <div class='ocr_carea' id='block_1_68' title="bbox 549 3521 2116 3592">
    <p class='ocr_par' dir='ltr' id='par_1_68' title="bbox 549 3521 2116 3592">
     <span class='ocr_line' id='line_1_68' title="bbox 549 3521 2116 3592; baseline -0.005 -8"><span class='ocrx_word' id='word_1_505' title='bbox 549 3538 603 3584; x_wconf 87' lang='lat' dir='ltr'><strong>et</strong></span> <span class='ocrx_word' id='word_1_506' title='bbox 618 3527 939 3584; x_wconf 88' lang='lat' dir='ltr'><strong>credebatur</strong></span> <span class='ocrx_word' id='word_1_507' title='bbox 962 3538 1145 3579; x_wconf 91' lang='lat' dir='ltr'><strong>coram</strong></span> <span class='ocrx_word' id='word_1_508' title='bbox 1173 3521 1335 3576; x_wconf 90' lang='lat' dir='ltr'><strong>Patre</strong></span> <span class='ocrx_word' id='word_1_509' title='bbox 1363 3523 1463 3577; x_wconf 84' lang='lat' dir='ltr'><strong>sibi</strong></span> <span class='ocrx_word' id='word_1_510' title='bbox 1497 3522 1835 3592; x_wconf 85' lang='lat' dir='ltr'><strong>inscripisse,</strong></span> <span class='ocrx_word' id='word_1_511' title='bbox 1862 3522 1907 3577; x_wconf 92' lang='lat' dir='ltr'><strong>si</strong></span> <span class='ocrx_word' id='word_1_512' title='bbox 1933 3522 2116 3577; x_wconf 89' lang='lat' dir='ltr'><strong>omnia</strong></span> 
     </span>
    </p>
   </div>
   <div class='ocr_carea' id='block_1_69' title="bbox 547 3610 2115 3681">
    <p class='ocr_par' dir='ltr' id='par_1_69' title="bbox 547 3610 2115 3681">
     <span class='ocr_line' id='line_1_69' title="bbox 547 3610 2115 3681; baseline -0.004 -10"><span class='ocrx_word' id='word_1_513' title='bbox 547 3616 689 3671; x_wconf 87' lang='lat' dir='ltr'><strong>Filio</strong></span> <span class='ocrx_word' id='word_1_514' title='bbox 714 3614 928 3670; x_wconf 87' lang='lat' dir='ltr'><strong>tandem</strong></span> <span class='ocrx_word' id='word_1_515' title='bbox 964 3612 1257 3681; x_wconf 89' lang='lat' dir='ltr'><strong>aliquando</strong></span> <span class='ocrx_word' id='word_1_516' title='bbox 1284 3610 1645 3679; x_wconf 88' lang='lat' dir='ltr'><strong>subjicicntur</strong></span> <span class='ocrx_word' id='word_1_517' title='bbox 1674 3613 1937 3680; x_wconf 82' lang='lat' dir='ltr'><strong>(nomium</strong></span> <span class='ocrx_word' id='word_1_518' title='bbox 1969 3613 2115 3667; x_wconf 90' lang='lat' dir='ltr'><strong>enim</strong></span> 
     </span>
    </p>
   </div>
   <div class='ocr_carea' id='block_1_70' title="bbox 548 3703 2116 3777">
    <p class='ocr_par' dir='ltr' id='par_1_70' title="bbox 548 3703 2116 3777">
     <span class='ocr_line' id='line_1_70' title="bbox 548 3703 2116 3777; baseline -0.004 -13"><span class='ocrx_word' id='word_1_519' title='bbox 548 3717 749 3765; x_wconf 89' lang='lat' dir='ltr'><strong>cuncta</strong></span> <span class='ocrx_word' id='word_1_520' title='bbox 796 3705 1041 3777; x_wconf 84' lang='lat' dir='ltr'><strong>subjecta</strong></span> <span class='ocrx_word' id='word_1_521' title='bbox 1088 3706 1139 3760; x_wconf 92' lang='lat' dir='ltr'><strong>ei</strong></span> <span class='ocrx_word' id='word_1_522' title='bbox 1186 3704 1478 3772; x_wconf 88' lang='lat' dir='ltr'><strong>videmus),</strong></span> <span class='ocrx_word' id='word_1_523' title='bbox 1512 3711 1643 3758; x_wconf 89' lang='lat' dir='ltr'><strong>tunc</strong></span> <span class='ocrx_word' id='word_1_524' title='bbox 1692 3703 1835 3759; x_wconf 88' lang='lat' dir='ltr'><strong>dicet</strong></span> <span class='ocrx_word' id='word_1_525' title='bbox 1874 3724 1887 3758; x_wconf 92' lang='lat'>:</span> <span class='ocrx_word' id='word_1_526' title='bbox 1922 3704 2116 3759; x_wconf 90' lang='lat' dir='ltr'><strong>Omnia</strong></span> 
     </span>
    </p>
   </div>
   <div class='ocr_carea' id='block_1_71' title="bbox 547 3795 2116 3868">
    <p class='ocr_par' dir='ltr' id='par_1_71' title="bbox 547 3795 2116 3868">
     <span class='ocr_line' id='line_1_71' title="bbox 547 3795 2116 3868; baseline -0.003 -12"><span class='ocrx_word' id='word_1_527' title='bbox 547 3802 686 3856; x_wconf 91' lang='lat' dir='ltr'><strong>mihi</strong></span> <span class='ocrx_word' id='word_1_528' title='bbox 718 3800 964 3868; x_wconf 89' lang='lat' dir='ltr'><strong>subjecta</strong></span> <span class='ocrx_word' id='word_1_529' title='bbox 998 3804 1145 3852; x_wconf 90' lang='lat' dir='ltr'><strong>sunt.</strong></span> <span class='ocrx_word' id='word_1_530' title='bbox 1177 3795 1404 3852; x_wconf 88' lang='lat' dir='ltr'><strong>Cunctis</strong></span> <span class='ocrx_word' id='word_1_531' title='bbox 1434 3810 1563 3850; x_wconf 88' lang='lat' dir='ltr'><strong>vero</strong></span> <span class='ocrx_word' id='word_1_532' title='bbox 1591 3797 1641 3850; x_wconf 89' lang='lat' dir='ltr'><strong>ei</strong></span> <span class='ocrx_word' id='word_1_533' title='bbox 1676 3797 1957 3866; x_wconf 88' lang='lat' dir='ltr'><strong>subjectis,</strong></span> <span class='ocrx_word' id='word_1_534' title='bbox 1987 3807 2116 3851; x_wconf 91' lang='lat' dir='ltr'><strong>tunc</strong></span> 
     </span>
    </p>
   </div>
   <div class='ocr_carea' id='block_1_72' title="bbox 547 3888 2117 3961">
    <p class='ocr_par' dir='ltr' id='par_1_72' title="bbox 547 3888 2117 3961">
     <span class='ocr_line' id='line_1_72' title="bbox 547 3888 2117 3961; baseline -0.004 -14"><span class='ocrx_word' id='word_1_535' title='bbox 547 3892 765 3949; x_wconf 91' lang='lat' dir='ltr'><strong>demum</strong></span> <span class='ocrx_word' id='word_1_536' title='bbox 797 3890 910 3961; x_wconf 86' lang='lat' dir='ltr'><strong>ipse</strong></span> <span class='ocrx_word' id='word_1_537' title='bbox 942 3888 1218 3944; x_wconf 84' lang='lat' dir='ltr'><strong>videbitur</strong></span> <span class='ocrx_word' id='word_1_538' title='bbox 1271 3888 1318 3943; x_wconf 92' lang='lat' dir='ltr'><strong>ei</strong></span> <span class='ocrx_word' id='word_1_539' title='bbox 1348 3888 1652 3957; x_wconf 88' lang='lat' dir='ltr'><strong>subjectus,</strong></span> <span class='ocrx_word' id='word_1_540' title='bbox 1706 3888 1796 3957; x_wconf 90' lang='lat' dir='ltr'><strong>qui</strong></span> <span class='ocrx_word' id='word_1_541' title='bbox 1828 3889 2006 3943; x_wconf 86' lang='lat' dir='ltr'><strong>omnia</strong></span> <span class='ocrx_word' id='word_1_542' title='bbox 2038 3888 2117 3943; x_wconf 82' lang='lat' dir='ltr'><strong>ei-</strong></span> 
     </span>
    </p>
   </div>
   <div class='ocr_carea' id='block_1_73' title="bbox 548 3979 2112 4054">
    <p class='ocr_par' dir='ltr' id='par_1_73' title="bbox 548 3979 2112 4054">
     <span class='ocr_line' id='line_1_73' title="bbox 548 3979 2112 4054; baseline -0.004 -14"><span class='ocrx_word' id='word_1_543' title='bbox 548 3984 670 4040; x_wconf 91' lang='lat' dir='ltr'><strong>dem</strong></span> <span class='ocrx_word' id='word_1_544' title='bbox 691 3983 924 4054; x_wconf 91' lang='lat' dir='ltr'><strong>subjecit</strong></span> <span class='ocrx_word' id='word_1_545' title='bbox 952 3983 996 4014; x_wconf 80' lang='grc'>³⁸</span> <span class='ocrx_word' id='word_1_546' title='bbox 1022 4000 1036 4036; x_wconf 90' lang='lat'><strong>:</strong></span> <span class='ocrx_word' id='word_1_547' title='bbox 1062 3997 1187 4037; x_wconf 82' lang='lat' dir='ltr'><strong>nam</strong></span> <span class='ocrx_word' id='word_1_548' title='bbox 1210 3980 1254 4036; x_wconf 90' lang='lat' dir='ltr'><strong>si</strong></span> <span class='ocrx_word' id='word_1_549' title='bbox 1281 3995 1380 4034; x_wconf 93' lang='lat' dir='ltr'><strong>nos</strong></span> <span class='ocrx_word' id='word_1_550' title='bbox 1410 3996 1599 4035; x_wconf 90' lang='lat' dir='ltr'><strong>omnes</strong></span> <span class='ocrx_word' id='word_1_551' title='bbox 1615 3979 1819 4035; x_wconf 89' lang='lat' dir='ltr'><strong>Christi</strong></span> <span class='ocrx_word' id='word_1_552' title='bbox 1842 3996 2112 4047; x_wconf 88' lang='lat' dir='ltr'><strong>essemus,</strong></span> 
     </span>
    </p>
   </div>
   <div class='ocr_carea' id='block_1_74' title="bbox 547 4073 2112 4147">
    <p class='ocr_par' dir='ltr' id='par_1_74' title="bbox 547 4073 2112 4147">
     <span class='ocr_line' id='line_1_74' title="bbox 547 4073 2112 4147; baseline -0.003 -14"><span class='ocrx_word' id='word_1_553' title='bbox 547 4078 799 4133; x_wconf 87' lang='lat' dir='ltr'><strong>Christus</strong></span> <span class='ocrx_word' id='word_1_554' title='bbox 826 4091 1045 4147; x_wconf 90' lang='lat' dir='ltr'><strong>quoque</strong></span> <span class='ocrx_word' id='word_1_555' title='bbox 1096 4074 1187 4129; x_wconf 89' lang='lat' dir='ltr'><strong>Dei</strong></span> <span class='ocrx_word' id='word_1_556' title='bbox 1232 4081 1397 4138; x_wconf 88' lang='lat' dir='ltr'><strong>esset,</strong></span> <span class='ocrx_word' id='word_1_557' title='bbox 1428 4074 1585 4143; x_wconf 91' lang='lat' dir='ltr'><strong>eique</strong></span> <span class='ocrx_word' id='word_1_558' title='bbox 1614 4073 1753 4128; x_wconf 82' lang='lat' dir='ltr'><strong>foret</strong></span> <span class='ocrx_word' id='word_1_559' title='bbox 1807 4075 2112 4144; x_wconf 87' lang='lat' dir='ltr'><strong>subjectus.</strong></span> 
     </span>
    </p>
   </div>
   <div class='ocr_carea' id='block_1_75' title="bbox 547 4165 2115 4237">
    <p class='ocr_par' dir='ltr' id='par_1_75' title="bbox 547 4165 2115 4237">
     <span class='ocr_line' id='line_1_75' title="bbox 547 4165 2115 4237; baseline 0 -14"><span class='ocrx_word' id='word_1_560' title='bbox 547 4168 705 4237; x_wconf 85' lang='lat' dir='ltr'><strong>Quod</strong></span> <span class='ocrx_word' id='word_1_561' title='bbox 735 4169 780 4223; x_wconf 90' lang='lat' dir='ltr'><strong>si</strong></span> <span class='ocrx_word' id='word_1_562' title='bbox 823 4184 924 4223; x_wconf 85' lang='lat' dir='ltr'><strong>nos</strong></span> <span class='ocrx_word' id='word_1_563' title='bbox 972 4165 1213 4221; x_wconf 92' lang='lat' dir='ltr'><strong>nondum</strong></span> <span class='ocrx_word' id='word_1_564' title='bbox 1252 4165 1456 4222; x_wconf 89' lang='lat' dir='ltr'><strong>Christi</strong></span> <span class='ocrx_word' id='word_1_565' title='bbox 1503 4181 1713 4230; x_wconf 91' lang='lat' dir='ltr'><strong>sumus,</strong></span> <span class='ocrx_word' id='word_1_566' title='bbox 1748 4182 1817 4221; x_wconf 89' lang='lat' dir='ltr'><strong>ne</strong></span> <span class='ocrx_word' id='word_1_567' title='bbox 1861 4165 2115 4223; x_wconf 87' lang='lat' dir='ltr'><strong>Christus</strong></span> 
     </span>
    </p>
   </div>
   <div class='ocr_carea' id='block_1_76' title="bbox 547 4256 2113 4329">
    <p class='ocr_par' dir='ltr' id='par_1_76' title="bbox 547 4256 2113 4329">
     <span class='ocr_line' id='line_1_76' title="bbox 547 4256 2113 4329; baseline -0.001 -16"><span class='ocrx_word' id='word_1_568' title='bbox 547 4258 769 4329; x_wconf 89' lang='lat' dir='ltr'><strong>quidem</strong></span> <span class='ocrx_word' id='word_1_569' title='bbox 808 4258 987 4313; x_wconf 88' lang='lat' dir='ltr'><strong>adhuc</strong></span> <span class='ocrx_word' id='word_1_570' title='bbox 1014 4256 1108 4312; x_wconf 89' lang='lat' dir='ltr'><strong>Dei</strong></span> <span class='ocrx_word' id='word_1_571' title='bbox 1138 4268 1241 4320; x_wconf 90' lang='lat' dir='ltr'><strong>est,</strong></span> <span class='ocrx_word' id='word_1_572' title='bbox 1270 4257 1361 4325; x_wconf 88' lang='lat' dir='ltr'><strong>qui</strong></span> <span class='ocrx_word' id='word_1_573' title='bbox 1414 4272 1514 4327; x_wconf 93' lang='lat' dir='ltr'><strong>pro</strong></span> <span class='ocrx_word' id='word_1_574' title='bbox 1573 4258 1734 4313; x_wconf 89' lang='lat' dir='ltr'><strong>nobis</strong></span> <span class='ocrx_word' id='word_1_575' title='bbox 1778 4256 1945 4311; x_wconf 83' lang='lat' dir='ltr'><strong>dolet.</strong></span> <span class='ocrx_word' id='word_1_576' title='bbox 1973 4256 2113 4312; x_wconf 91' lang='lat' dir='ltr'><strong>Cum</strong></span> 
     </span>
    </p>
   </div>
   <div class='ocr_carea' id='block_1_77' title="bbox 547 4348 2115 4421">
    <p class='ocr_par' dir='ltr' id='par_1_77' title="bbox 547 4348 2115 4421">
     <span class='ocr_line' id='line_1_77' title="bbox 547 4348 2115 4421; baseline -0.001 -15"><span class='ocrx_word' id='word_1_577' title='bbox 547 4366 679 4421; x_wconf 85' lang='lat' dir='ltr'><strong>ergo</strong></span> <span class='ocrx_word' id='word_1_578' title='bbox 707 4365 897 4406; x_wconf 92' lang='lat' dir='ltr'><strong>omnes</strong></span> <span class='ocrx_word' id='word_1_579' title='bbox 926 4349 1128 4405; x_wconf 88' lang='lat' dir='ltr'><strong>Christi</strong></span> <span class='ocrx_word' id='word_1_580' title='bbox 1178 4350 1406 4413; x_wconf 89' lang='lat' dir='ltr'><strong>erimus,</strong></span> <span class='ocrx_word' id='word_1_581' title='bbox 1461 4357 1595 4404; x_wconf 90' lang='lat' dir='ltr'><strong>tunc</strong></span> <span class='ocrx_word' id='word_1_582' title='bbox 1642 4359 1695 4404; x_wconf 90' lang='lat' dir='ltr'><strong>et</strong></span> <span class='ocrx_word' id='word_1_583' title='bbox 1736 4348 1989 4405; x_wconf 81' lang='lat' dir='ltr'><strong>Christus</strong></span> <span class='ocrx_word' id='word_1_584' title='bbox 2020 4349 2115 4405; x_wconf 89' lang='lat' dir='ltr'><strong>Dei</strong></span> 
     </span>
    </p>
   </div>
   <div class='ocr_carea' id='block_1_78' title="bbox 547 4445 2117 4515">
    <p class='ocr_par' dir='ltr' id='par_1_78' title="bbox 547 4445 2117 4515">
     <span class='ocr_line' id='line_1_78' title="bbox 547 4445 2117 4515; baseline -0.001 -14"><span class='ocrx_word' id='word_1_585' title='bbox 547 4446 677 4507; x_wconf 88' lang='lat' dir='ltr'><strong>erit,</strong></span> <span class='ocrx_word' id='word_1_586' title='bbox 718 4460 813 4515; x_wconf 89' lang='lat' dir='ltr'><strong>per</strong></span> <span class='ocrx_word' id='word_1_587' title='bbox 842 4452 1012 4499; x_wconf 89' lang='lat' dir='ltr'><strong>semet</strong></span> <span class='ocrx_word' id='word_1_588' title='bbox 1051 4454 1282 4499; x_wconf 88' lang='lat' dir='ltr'><strong>cunctos</strong></span> <span class='ocrx_word' id='word_1_589' title='bbox 1319 4445 1618 4515; x_wconf 89' lang='lat' dir='ltr'><strong>subjiciens</strong></span> <span class='ocrx_word' id='word_1_590' title='bbox 1653 4445 1803 4499; x_wconf 88' lang='lat' dir='ltr'><strong>Patri</strong></span> <span class='ocrx_word' id='word_1_591' title='bbox 1841 4460 1979 4515; x_wconf 92' lang='lat' dir='ltr'><strong>quos</strong></span> <span class='ocrx_word' id='word_1_592' title='bbox 2019 4461 2117 4499; x_wconf 87' lang='lat' dir='ltr'><strong>an-</strong></span> 
     </span>
    </p>
   </div>
   <div class='ocr_carea' id='block_1_79' title="bbox 546 4534 2116 4604">
    <p class='ocr_par' dir='ltr' id='par_1_79' title="bbox 546 4534 2116 4604">
     <span class='ocr_line' id='line_1_79' title="bbox 546 4534 2116 4604; baseline 0.001 -15"><span class='ocrx_word' id='word_1_593' title='bbox 546 4545 635 4591; x_wconf 87' lang='lat' dir='ltr'><strong>tea</strong></span> <span class='ocrx_word' id='word_1_594' title='bbox 662 4535 730 4589; x_wconf 94' lang='lat' dir='ltr'><strong>ab</strong></span> <span class='ocrx_word' id='word_1_595' title='bbox 780 4534 969 4589; x_wconf 88' lang='lat' dir='ltr'><strong>eodem</strong></span> <span class='ocrx_word' id='word_1_596' title='bbox 1022 4544 1329 4604; x_wconf 87' lang='lat' dir='ltr'><strong>acceperat,</strong></span> <span class='ocrx_word' id='word_1_597' title='bbox 1364 4555 1383 4587; x_wconf 78' lang='grc' dir='ltr'><strong>ι</strong></span> <span class='ocrx_word' id='word_1_598' title='bbox 1431 4545 1490 4590; x_wconf 82' lang='grc' dir='ltr'><strong>ιιι</strong></span> <span class='ocrx_word' id='word_1_599' title='bbox 1521 4537 1594 4591; x_wconf 90' lang='lat' dir='ltr'><strong>sit</strong></span> <span class='ocrx_word' id='word_1_600' title='bbox 1646 4535 1789 4591; x_wconf 88' lang='lat' dir='ltr'><strong>Deus</strong></span> <span class='ocrx_word' id='word_1_601' title='bbox 1822 4538 2006 4591; x_wconf 90' lang='lat' dir='ltr'><strong>omnia</strong></span> <span class='ocrx_word' id='word_1_602' title='bbox 2059 4537 2116 4591; x_wconf 92' lang='lat' dir='ltr'><strong>in</strong></span> 
     </span>
    </p>
   </div>
   <div class='ocr_carea' id='block_1_80' title="bbox 2217 3431 3785 3507">
    <p class='ocr_par' dir='ltr' id='par_1_80' title="bbox 2217 3431 3785 3507">
     <span class='ocr_line' id='line_1_80' title="bbox 2217 3431 3785 3507; baseline -0.005 -15"><span class='ocrx_word' id='word_1_603' title='bbox 2217 3442 2264 3492; x_wconf 86' lang='grc' dir='ltr'><strong>εί</strong></span> <span class='ocrx_word' id='word_1_604' title='bbox 2290 3439 2345 3492; x_wconf 83' lang='grc' dir='ltr'><strong>δέ</strong></span> <span class='ocrx_word' id='word_1_605' title='bbox 2385 3456 2512 3491; x_wconf 88' lang='grc' dir='ltr'>ποτε</span> <span class='ocrx_word' id='word_1_606' title='bbox 2559 3437 2714 3491; x_wconf 84' lang='grc' dir='ltr'>πάνθ’</span> <span class='ocrx_word' id='word_1_607' title='bbox 2750 3437 3076 3507; x_wconf 83' lang='grc' dir='ltr'>ὑποταχθείη</span> <span class='ocrx_word' id='word_1_608' title='bbox 3107 3435 3183 3507; x_wconf 83' lang='grc' dir='ltr'><strong>τῷ</strong></span> <span class='ocrx_word' id='word_1_609' title='bbox 3211 3436 3322 3506; x_wconf 84' lang='grc' dir='ltr'>Υίῷ</span> <span class='ocrx_word' id='word_1_610' title='bbox 3356 3434 3470 3505; x_wconf 87' lang='grc' dir='ltr'>(νῦν</span> <span class='ocrx_word' id='word_1_611' title='bbox 3508 3434 3615 3506; x_wconf 77' lang='grc' dir='ltr'><strong>γὰρ</strong></span> <span class='ocrx_word' id='word_1_612' title='bbox 3635 3431 3785 3486; x_wconf 79' lang='grc' dir='ltr'>οὑδέο</span> 
     </span>
    </p>
   </div>
   <div class='ocr_carea' id='block_1_81' title="bbox 2217 3523 3775 3600">
    <p class='ocr_par' dir='ltr' id='par_1_81' title="bbox 2217 3523 3775 3600">
     <span class='ocr_line' id='line_1_81' title="bbox 2217 3523 3775 3600; baseline -0.005 -17"><span class='ocrx_word' id='word_1_613' title='bbox 2217 3548 2302 3583; x_wconf 87' lang='grc' dir='ltr'><strong>πω</strong></span> <span class='ocrx_word' id='word_1_614' title='bbox 2327 3529 2536 3600; x_wconf 80' lang='grc' dir='ltr'>ὁρῶμεν</span> <span class='ocrx_word' id='word_1_615' title='bbox 2568 3528 2722 3583; x_wconf 86' lang='grc' dir='ltr'>πάνθ’</span> <span class='ocrx_word' id='word_1_616' title='bbox 2754 3527 3165 3598; x_wconf 80' lang='grc' dir='ltr'>ὑποτεταγμένα</span> <span class='ocrx_word' id='word_1_617' title='bbox 3209 3526 3398 3596; x_wconf 77' lang='grc' dir='ltr'>αὑτῷ),</span> <span class='ocrx_word' id='word_1_618' title='bbox 3428 3527 3545 3596; x_wconf 74' lang='grc' dir='ltr'>ἐρεῖ</span> <span class='ocrx_word' id='word_1_619' title='bbox 3568 3541 3582 3555; x_wconf 87' lang='grc'><strong>·</strong></span> <span class='ocrx_word' id='word_1_620' title='bbox 3610 3523 3775 3576; x_wconf 70' lang='grc' dir='ltr'>Πάνθ¹</span> 
     </span>
    </p>
   </div>
   <div class='ocr_carea' id='block_1_82' title="bbox 2217 3615 3783 3691">
    <p class='ocr_par' dir='ltr' id='par_1_82' title="bbox 2217 3615 3783 3691">
     <span class='ocr_line' id='line_1_82' title="bbox 2217 3615 3783 3691; baseline -0.004 -17"><span class='ocrx_word' id='word_1_621' title='bbox 2217 3620 2573 3674; x_wconf 84' lang='grc' dir='ltr'>ὑποτέτακταί</span> <span class='ocrx_word' id='word_1_622' title='bbox 2606 3639 2713 3691; x_wconf 88' lang='grc' dir='ltr'>μοι.</span> <span class='ocrx_word' id='word_1_623' title='bbox 2748 3622 2969 3674; x_wconf 82' lang='grc' dir='ltr'>Πάντων</span> <span class='ocrx_word' id='word_1_624' title='bbox 2991 3621 3046 3673; x_wconf 78' lang='grc' dir='ltr'>δὲ</span> <span class='ocrx_word' id='word_1_625' title='bbox 3070 3620 3216 3691; x_wconf 84' lang='grc' dir='ltr'>αὑτῷ</span> <span class='ocrx_word' id='word_1_626' title='bbox 3240 3619 3639 3685; x_wconf 75' lang='grc' dir='ltr'>ὑποταγέντων,</span> <span class='ocrx_word' id='word_1_627' title='bbox 3661 3615 3783 3669; x_wconf 78' lang='grc' dir='ltr'>τότε</span> 
     </span>
    </p>
   </div>
   <div class='ocr_carea' id='block_1_83' title="bbox 2215 3705 3785 3784">
    <p class='ocr_par' dir='ltr' id='par_1_83' title="bbox 2215 3705 3785 3784">
     <span class='ocr_line' id='line_1_83' title="bbox 2215 3705 3785 3784; baseline -0.006 -17"><span class='ocrx_word' id='word_1_628' title='bbox 2215 3714 2373 3776; x_wconf 85' lang='grc' dir='ltr'>αὑτὸς</span> <span class='ocrx_word' id='word_1_629' title='bbox 2391 3716 2685 3784; x_wconf 75' lang='grc' dir='ltr'>φανήσεται</span> <span class='ocrx_word' id='word_1_630' title='bbox 2704 3713 3137 3783; x_wconf 74' lang='grc' dir='ltr'>ὑποτεταγμένος</span> <span class='ocrx_word' id='word_1_631' title='bbox 3161 3711 3235 3781; x_wconf 82' lang='grc' dir='ltr'>τῷ</span> <span class='ocrx_word' id='word_1_632' title='bbox 3259 3708 3611 3777; x_wconf 81' lang='grc' dir='ltr'>ὑποτεταχότι</span> <span class='ocrx_word' id='word_1_633' title='bbox 3636 3705 3785 3777; x_wconf 81' lang='grc' dir='ltr'>αὑτῷ</span> 
     </span>
    </p>
   </div>
   <div class='ocr_carea' id='block_1_84' title="bbox 2214 3800 3784 3874">
    <p class='ocr_par' dir='ltr' id='par_1_84' title="bbox 2214 3800 3784 3874">
     <span class='ocr_line' id='line_1_84' title="bbox 2214 3800 3784 3874; baseline -0.005 -17"><span class='ocrx_word' id='word_1_634' title='bbox 2214 3804 2280 3857; x_wconf 85' lang='grc' dir='ltr'>τὰ</span> <span class='ocrx_word' id='word_1_635' title='bbox 2316 3804 2490 3858; x_wconf 82' lang='grc' dir='ltr'>πάντα</span> <span class='ocrx_word' id='word_1_636' title='bbox 2516 3820 2528 3832; x_wconf 77' lang='grc'><strong><em>⁸</em></strong></span> <span class='ocrx_word' id='word_1_637' title='bbox 2560 3806 2607 3857; x_wconf 82' lang='grc' dir='ltr'>εἰ</span> <span class='ocrx_word' id='word_1_638' title='bbox 2638 3804 2744 3874; x_wconf 83' lang='grc' dir='ltr'><strong>γὰρ</strong></span> <span class='ocrx_word' id='word_1_639' title='bbox 2769 3804 2967 3865; x_wconf 83' lang='grc' dir='ltr'>πάντες</span> <span class='ocrx_word' id='word_1_640' title='bbox 3000 3805 3158 3872; x_wconf 80' lang='grc' dir='ltr'>ἡμεῖς</span> <span class='ocrx_word' id='word_1_641' title='bbox 3192 3803 3381 3873; x_wconf 84' lang='grc' dir='ltr'>εἴημεν</span> <span class='ocrx_word' id='word_1_642' title='bbox 3408 3800 3666 3870; x_wconf 75' lang='grc' dir='ltr'>Χριστοῦ,</span> <span class='ocrx_word' id='word_1_643' title='bbox 3692 3802 3784 3851; x_wconf 77' lang='grc' dir='ltr'><strong>καὶ</strong></span> 
     </span>
    </p>
   </div>
   <div class='ocr_carea' id='block_1_85' title="bbox 2215 3890 3784 3970">
    <p class='ocr_par' dir='ltr' id='par_1_85' title="bbox 2215 3890 3784 3970">
     <span class='ocr_line' id='line_1_85' title="bbox 2215 3890 3784 3970; baseline -0.007 -18"><span class='ocrx_word' id='word_1_644' title='bbox 2215 3898 2451 3970; x_wconf 89' lang='grc' dir='ltr'>Χριστὸς</span> <span class='ocrx_word' id='word_1_645' title='bbox 2486 3897 2621 3950; x_wconf 87' lang='grc' dir='ltr'>Θεοῦ</span> <span class='ocrx_word' id='word_1_646' title='bbox 2675 3897 2742 3949; x_wconf 86' lang='grc' dir='ltr'><strong>ἂν</strong></span> <span class='ocrx_word' id='word_1_647' title='bbox 2779 3894 2899 3969; x_wconf 78' lang='grc' dir='ltr'><strong>ᾗτε</strong></span> <span class='ocrx_word' id='word_1_648' title='bbox 2943 3896 3037 3949; x_wconf 72' lang='grc' dir='ltr'><strong>καὶ</strong></span> <span class='ocrx_word' id='word_1_649' title='bbox 3071 3895 3417 3965; x_wconf 84' lang='grc' dir='ltr'>ὑποταχθείη.</span> <span class='ocrx_word' id='word_1_650' title='bbox 3455 3894 3515 3945; x_wconf 85' lang='grc' dir='ltr'>Εἰ</span> <span class='ocrx_word' id='word_1_651' title='bbox 3553 3890 3597 3944; x_wconf 76' lang='grc' dir='ltr'>δ’</span> <span class='ocrx_word' id='word_1_652' title='bbox 3625 3893 3784 3960; x_wconf 77' lang='grc' dir='ltr'>ἡμεῖς</span> 
     </span>
    </p>
   </div>
   <div class='ocr_carea' id='block_1_86' title="bbox 2219 3985 3787 4063">
    <p class='ocr_par' dir='ltr' id='par_1_86' title="bbox 2219 3985 3787 4063">
     <span class='ocr_line' id='line_1_86' title="bbox 2219 3985 3787 4063; baseline -0.007 -18"><span class='ocrx_word' id='word_1_653' title='bbox 2219 3994 2383 4063; x_wconf 79' lang='grc' dir='ltr'>μήπω</span> <span class='ocrx_word' id='word_1_654' title='bbox 2409 3991 2664 4063; x_wconf 78' lang='grc' dir='ltr'>Χριστοῦ,</span> <span class='ocrx_word' id='word_1_655' title='bbox 2694 3991 2902 4044; x_wconf 81' lang='grc' dir='ltr'>οὐδέπω</span> <span class='ocrx_word' id='word_1_656' title='bbox 2921 3992 3017 4042; x_wconf 73' lang='grc' dir='ltr'>καὶ</span> <span class='ocrx_word' id='word_1_657' title='bbox 3044 3990 3274 4061; x_wconf 80' lang='grc' dir='ltr'>Χριστὸς</span> <span class='ocrx_word' id='word_1_658' title='bbox 3298 3987 3453 4049; x_wconf 86' lang='grc' dir='ltr'>Θεοῦ,</span> <span class='ocrx_word' id='word_1_659' title='bbox 3483 3989 3509 4039; x_wconf 87' lang='grc' dir='ltr'><strong>ό</strong></span> <span class='ocrx_word' id='word_1_660' title='bbox 3533 3985 3599 4037; x_wconf 81' lang='grc' dir='ltr'>δι’</span> <span class='ocrx_word' id='word_1_661' title='bbox 3638 3985 3787 4053; x_wconf 75' lang='grc' dir='ltr'>ἡμεῖς</span> 
     </span>
    </p>
   </div>
   <div class='ocr_carea' id='block_1_87' title="bbox 2215 4077 3783 4155">
    <p class='ocr_par' dir='ltr' id='par_1_87' title="bbox 2215 4077 3783 4155">
     <span class='ocr_line' id='line_1_87' title="bbox 2215 4077 3783 4155; baseline -0.006 -18"><span class='ocrx_word' id='word_1_662' title='bbox 2215 4083 2737 4155; x_wconf 76' lang='grc' dir='ltr'>ὀδυνιῖ›μενος.”οταν</span> <span class='ocrx_word' id='word_1_663' title='bbox 2760 4079 2849 4137; x_wconf 80' lang='grc' dir='ltr'><strong>οῦν</strong></span> <span class='ocrx_word' id='word_1_664' title='bbox 2880 4082 3079 4145; x_wconf 81' lang='grc' dir='ltr'>πάντες</span> <span class='ocrx_word' id='word_1_665' title='bbox 3095 4081 3327 4152; x_wconf 86' lang='grc' dir='ltr'>Χριστοῦ</span> <span class='ocrx_word' id='word_1_666' title='bbox 3342 4077 3643 4148; x_wconf 83' lang='grc' dir='ltr'>γενώμεθα,</span> <span class='ocrx_word' id='word_1_667' title='bbox 3664 4077 3783 4129; x_wconf 83' lang='grc' dir='ltr'>τότε</span> 
     </span>
    </p>
   </div>
   <div class='ocr_carea' id='block_1_88' title="bbox 2215 4168 3785 4248">
    <p class='ocr_par' dir='ltr' id='par_1_88' title="bbox 2215 4168 3785 4248">
     <span class='ocr_line' id='line_1_88' title="bbox 2215 4168 3785 4248; baseline -0.006 -20"><span class='ocrx_word' id='word_1_668' title='bbox 2215 4175 2366 4228; x_wconf 84' lang='grc' dir='ltr'>ἔσται</span> <span class='ocrx_word' id='word_1_669' title='bbox 2396 4176 2489 4229; x_wconf 71' lang='grc' dir='ltr'><strong>καὶ</strong></span> <span class='ocrx_word' id='word_1_670' title='bbox 2525 4176 2753 4248; x_wconf 90' lang='grc' dir='ltr'>Χριστὸς</span> <span class='ocrx_word' id='word_1_671' title='bbox 2769 4174 2923 4238; x_wconf 86' lang='grc' dir='ltr'>Θεοῦ,</span> <span class='ocrx_word' id='word_1_672' title='bbox 2952 4172 3016 4228; x_wconf 86' lang='grc' dir='ltr'>δι’</span> <span class='ocrx_word' id='word_1_673' title='bbox 3042 4171 3232 4226; x_wconf 79' lang='grc' dir='ltr'>ἑαυτοῦ</span> <span class='ocrx_word' id='word_1_674' title='bbox 3263 4173 3388 4234; x_wconf 76' lang='grc' dir='ltr'>τοὺς</span> <span class='ocrx_word' id='word_1_675' title='bbox 3415 4171 3620 4230; x_wconf 84' lang='grc' dir='ltr'>πάντας</span> <span class='ocrx_word' id='word_1_676' title='bbox 3652 4168 3785 4218; x_wconf 82' lang='grc' dir='ltr'>ὑπο-</span> 
     </span>
    </p>
   </div>
   <div class='ocr_carea' id='block_1_89' title="bbox 2213 4260 3782 4339">
    <p class='ocr_par' dir='ltr' id='par_1_89' title="bbox 2213 4260 3782 4339">
     <span class='ocr_line' id='line_1_89' title="bbox 2213 4260 3782 4339; baseline -0.008 -18"><span class='ocrx_word' id='word_1_677' title='bbox 2213 4268 2421 4321; x_wconf 88' lang='grc' dir='ltr'>τάττων</span> <span class='ocrx_word' id='word_1_678' title='bbox 2473 4267 2552 4336; x_wconf 81' lang='grc' dir='ltr'><strong>τῷ</strong></span> <span class='ocrx_word' id='word_1_679' title='bbox 2592 4269 2766 4339; x_wconf 68' lang='lat' dir='ltr'><strong>Ila-cpi.</strong></span> <span class='ocrx_word' id='word_1_680' title='bbox 2799 4266 2891 4330; x_wconf 83' lang='grc' dir='ltr'><strong>οὒς</strong></span> <span class='ocrx_word' id='word_1_681' title='bbox 2922 4266 3185 4338; x_wconf 80' lang='grc' dir='ltr'>πρότερον</span> <span class='ocrx_word' id='word_1_682' title='bbox 3202 4264 3329 4332; x_wconf 79' lang='grc' dir='ltr'>παρ’</span> <span class='ocrx_word' id='word_1_683' title='bbox 3359 4260 3520 4317; x_wconf 87' lang='grc' dir='ltr'>αὑτοῦ</span> <span class='ocrx_word' id='word_1_684' title='bbox 3552 4260 3782 4328; x_wconf 66' lang='grc' dir='ltr'>εἰλήφει,</span> 
     </span>
    </p>
   </div>
   <div class='ocr_carea' id='block_1_90' title="bbox 2222 4355 3788 4433">
    <p class='ocr_par' dir='ltr' id='par_1_90' title="bbox 2222 4355 3788 4433">
     <span class='ocr_line' id='line_1_90' title="bbox 2222 4355 3788 4433; baseline -0.005 -21"><span class='ocrx_word' id='word_1_685' title='bbox 2222 4380 2240 4412; x_wconf 75' lang='grc' dir='ltr'><strong>ι</strong></span> <span class='ocrx_word' id='word_1_686' title='bbox 2269 4361 2355 4414; x_wconf 82' lang='grc' dir='ltr'><strong>ἵνα</strong></span> <span class='ocrx_word' id='word_1_687' title='bbox 2433 4364 2460 4415; x_wconf 88' lang='grc' dir='ltr'><strong>ό</strong></span> <span class='ocrx_word' id='word_1_688' title='bbox 2488 4361 2617 4424; x_wconf 85' lang='grc' dir='ltr'>Θεὸς</span> <span class='ocrx_word' id='word_1_689' title='bbox 2642 4361 2711 4414; x_wconf 75' lang='grc' dir='ltr'>τὰ</span> <span class='ocrx_word' id='word_1_690' title='bbox 2732 4361 2907 4413; x_wconf 79' lang='grc' dir='ltr'>πάντα</span> <span class='ocrx_word' id='word_1_691' title='bbox 2928 4362 2985 4412; x_wconf 82' lang='grc' dir='ltr'>ὲν</span> <span class='ocrx_word' id='word_1_692' title='bbox 3008 4361 3158 4412; x_wconf 80' lang='grc' dir='ltr'>πᾶσι.</span> <span class='ocrx_word' id='word_1_693' title='bbox 3196 4378 3213 4409; x_wconf 72' lang='grc' dir='ltr'><strong>ι</strong></span> <span class='ocrx_word' id='word_1_694' title='bbox 3234 4356 3384 4409; x_wconf 72' lang='grc' dir='ltr'>Ἐπεὶ</span> <span class='ocrx_word' id='word_1_695' title='bbox 3413 4356 3467 4408; x_wconf 83' lang='grc' dir='ltr'><strong>δὲ</strong></span> <span class='ocrx_word' id='word_1_696' title='bbox 3498 4356 3648 4408; x_wconf 81' lang='grc' dir='ltr'>δοκεῖ</span> <span class='ocrx_word' id='word_1_697' title='bbox 3671 4369 3788 4414; x_wconf 82' lang='grc' dir='ltr'><strong>πως</strong></span> 
     </span>
    </p>
   </div>
   <div class='ocr_carea' id='block_1_91' title="bbox 2219 4440 3787 4524">
    <p class='ocr_par' dir='ltr' id='par_1_91' title="bbox 2219 4440 3787 4524">
     <span class='ocr_line' id='line_1_91' title="bbox 2219 4440 3787 4524; baseline -0.007 -17"><span class='ocrx_word' id='word_1_698' title='bbox 2219 4454 2292 4523; x_wconf 83' lang='grc' dir='ltr'>μὴ</span> <span class='ocrx_word' id='word_1_699' title='bbox 2312 4453 2673 4523; x_wconf 82' lang='grc' dir='ltr'>ὑποτετάχθαι</span> <span class='ocrx_word' id='word_1_700' title='bbox 2692 4454 2768 4524; x_wconf 81' lang='grc' dir='ltr'>τῷ</span> <span class='ocrx_word' id='word_1_701' title='bbox 2788 4451 3100 4524; x_wconf 84' lang='grc' dir='ltr'>Πατρί,τῶν</span> <span class='ocrx_word' id='word_1_702' title='bbox 3129 4448 3480 4519; x_wconf 81' lang='grc' dir='ltr'>ὲγγυημένων</span> <span class='ocrx_word' id='word_1_703' title='bbox 3506 4447 3595 4499; x_wconf 84' lang='grc' dir='ltr'>ὑπ’</span> <span class='ocrx_word' id='word_1_704' title='bbox 3621 4440 3787 4498; x_wconf 81' lang='grc' dir='ltr'>αὑτοῦ</span> 
     </span>
    </p>
   </div>
   <div class='ocr_carea' id='block_1_92' title="bbox 2216 4536 3787 4615">
    <p class='ocr_par' dir='ltr' id='par_1_92' title="bbox 2216 4536 3787 4615">
     <span class='ocr_line' id='line_1_92' title="bbox 2216 4536 3787 4615; baseline -0.007 -18"><span class='ocrx_word' id='word_1_705' title='bbox 2216 4544 2309 4597; x_wconf 74' lang='grc' dir='ltr'><strong>καὶ</strong></span> <span class='ocrx_word' id='word_1_706' title='bbox 2352 4537 2426 4597; x_wconf 84' lang='grc' dir='ltr'><strong>ὧν</strong></span> <span class='ocrx_word' id='word_1_707' title='bbox 2471 4543 2568 4614; x_wconf 78' lang='grc' dir='ltr'>τὴν</span> <span class='ocrx_word' id='word_1_708' title='bbox 2610 4545 2794 4597; x_wconf 81' lang='grc' dir='ltr'>εἰκόνα</span> <span class='ocrx_word' id='word_1_709' title='bbox 2852 4544 3007 4615; x_wconf 80' lang='grc' dir='ltr'>φέρει</span> <span class='ocrx_word' id='word_1_710' title='bbox 3062 4541 3284 4614; x_wconf 81' lang='grc' dir='ltr'>μηδέπω</span> <span class='ocrx_word' id='word_1_711' title='bbox 3338 4536 3787 4606; x_wconf 81' lang='grc' dir='ltr'>ὑποτεταγμένων</span> 
     </span>
    </p>
   </div>
   <div class='ocr_carea' id='block_1_93' title="bbox 546 4624 2117 4710">
    <p class='ocr_par' dir='ltr' id='par_1_93' title="bbox 546 4624 2115 4697">
     <span class='ocr_line' id='line_1_93' title="bbox 546 4624 2115 4697; baseline 0 -13"><span class='ocrx_word' id='word_1_712' title='bbox 546 4626 805 4684; x_wconf 91' lang='lat' dir='ltr'><strong>omnibus</strong></span> <span class='ocrx_word' id='word_1_713' title='bbox 845 4625 934 4680; x_wconf 82' lang='grc'><strong>³⁶⁶.</strong></span> <span class='ocrx_word' id='word_1_714' title='bbox 982 4624 1248 4681; x_wconf 67' lang='grc' dir='ltr'>»ιηιρνίιη</span> <span class='ocrx_word' id='word_1_715' title='bbox 1295 4642 1403 4682; x_wconf 82' lang='grc' dir='ltr'>ηοη</span> <span class='ocrx_word' id='word_1_716' title='bbox 1456 4627 1670 4683; x_wconf 87' lang='lat' dir='ltr'><strong>videtur</strong></span> <span class='ocrx_word' id='word_1_717' title='bbox 1713 4629 2115 4697; x_wconf 87' lang='lat' dir='ltr'><strong>quodammodo</strong></span> 
     </span>
    </p>
   </div>
   <div class='ocr_carea' id='block_1_94' title="bbox 2218 4624 3787 4710">
    <p class='ocr_par' dir='ltr' id='par_1_94' title="bbox 2218 4628 3787 4707">
     <span class='ocr_line' id='line_1_94' title="bbox 2218 4628 3787 4707; baseline -0.008 -17"><span class='ocrx_word' id='word_1_718' title='bbox 2218 4636 2383 4707; x_wconf 81' lang='grc' dir='ltr'>αὐτῷ.</span> <span class='ocrx_word' id='word_1_719' title='bbox 2425 4636 2614 4689; x_wconf 83' lang='grc' dir='ltr'>Ὁπότε</span> <span class='ocrx_word' id='word_1_720' title='bbox 2647 4636 2704 4689; x_wconf 82' lang='grc' dir='ltr'>δὲ</span> <span class='ocrx_word' id='word_1_721' title='bbox 2742 4633 3068 4705; x_wconf 86' lang='grc' dir='ltr'>ὑποταχθείη</span> <span class='ocrx_word' id='word_1_722' title='bbox 3121 4631 3268 4701; x_wconf 82' lang='grc' dir='ltr'>αὑτῷ</span> <span class='ocrx_word' id='word_1_723' title='bbox 3322 4630 3388 4682; x_wconf 75' lang='grc' dir='ltr'><strong>τὰ</strong></span> <span class='ocrx_word' id='word_1_724' title='bbox 3430 4630 3624 4692; x_wconf 78' lang='grc' dir='ltr'>πάντα,</span> <span class='ocrx_word' id='word_1_725' title='bbox 3665 4628 3787 4679; x_wconf 84' lang='grc' dir='ltr'>τότε</span> 
     </span>
    </p>
   </div>
   <div class='ocr_carea' id='block_1_95' title="bbox 547 4718 2115 4790">
    <p class='ocr_par' dir='ltr' id='par_1_95' title="bbox 547 4718 2115 4790">
     <span class='ocr_line' id='line_1_95' title="bbox 547 4718 2115 4790; baseline -0.001 -14"><span class='ocrx_word' id='word_1_726' title='bbox 547 4720 694 4776; x_wconf 84' lang='lat' dir='ltr'><strong>Patri</strong></span> <span class='ocrx_word' id='word_1_727' title='bbox 726 4718 1030 4787; x_wconf 89' lang='lat' dir='ltr'><strong>subjectus,</strong></span> <span class='ocrx_word' id='word_1_728' title='bbox 1082 4727 1371 4789; x_wconf 86' lang='lat' dir='ltr'><strong>propterea</strong></span> <span class='ocrx_word' id='word_1_729' title='bbox 1410 4720 1557 4790; x_wconf 90' lang='lat' dir='ltr'><strong>quod</strong></span> <span class='ocrx_word' id='word_1_730' title='bbox 1597 4721 1846 4775; x_wconf 87' lang='lat' dir='ltr'><strong>homines</strong></span> <span class='ocrx_word' id='word_1_731' title='bbox 1880 4721 1929 4776; x_wconf 94' lang='lat' dir='ltr'><strong>ei</strong></span> <span class='ocrx_word' id='word_1_732' title='bbox 1964 4737 2115 4775; x_wconf 91' lang='lat' dir='ltr'><strong>com-</strong></span> 
     </span>
    </p>
   </div>
   <div class='ocr_carea' id='block_1_96' title="bbox 547 4811 2113 4882">
    <p class='ocr_par' dir='ltr' id='par_1_96' title="bbox 547 4811 2113 4882">
     <span class='ocr_line' id='line_1_96' title="bbox 547 4811 2113 4882; baseline -0.001 -14"><span class='ocrx_word' id='word_1_733' title='bbox 547 4812 707 4868; x_wconf 88' lang='lat' dir='ltr'><strong>missi</strong></span> <span class='ocrx_word' id='word_1_734' title='bbox 735 4820 788 4866; x_wconf 93' lang='lat' dir='ltr'><strong>et</strong></span> <span class='ocrx_word' id='word_1_735' title='bbox 813 4826 1045 4881; x_wconf 89' lang='lat' dir='ltr'><strong>quorum</strong></span> <span class='ocrx_word' id='word_1_736' title='bbox 1072 4812 1211 4880; x_wconf 89' lang='lat' dir='ltr'><strong>gerit</strong></span> <span class='ocrx_word' id='word_1_737' title='bbox 1242 4811 1552 4878; x_wconf 84' lang='lat' dir='ltr'><strong>imaginem,</strong></span> <span class='ocrx_word' id='word_1_738' title='bbox 1577 4812 1813 4865; x_wconf 85' lang='lat' dir='ltr'><strong>nondum</strong></span> <span class='ocrx_word' id='word_1_739' title='bbox 1849 4812 1899 4866; x_wconf 92' lang='lat' dir='ltr'><strong>ei</strong></span> <span class='ocrx_word' id='word_1_740' title='bbox 1926 4812 2113 4882; x_wconf 91' lang='lat' dir='ltr'><strong>subje-</strong></span> 
     </span>
    </p>
   </div>
   <div class='ocr_carea' id='block_1_97' title="bbox 547 4900 2116 4973">
    <p class='ocr_par' dir='ltr' id='par_1_97' title="bbox 547 4900 2116 4973">
     <span class='ocr_line' id='line_1_97' title="bbox 547 4900 2116 4973; baseline 0.001 -16"><span class='ocrx_word' id='word_1_741' title='bbox 547 4903 623 4957; x_wconf 89' lang='lat' dir='ltr'><strong>cti</strong></span> <span class='ocrx_word' id='word_1_742' title='bbox 662 4910 811 4958; x_wconf 87' lang='lat' dir='ltr'><strong>sunt.</strong></span> <span class='ocrx_word' id='word_1_743' title='bbox 872 4900 978 4955; x_wconf 85' lang='lat' dir='ltr'><strong>Sed</strong></span> <span class='ocrx_word' id='word_1_744' title='bbox 1034 4916 1157 4955; x_wconf 90' lang='lat' dir='ltr'><strong>cum</strong></span> <span class='ocrx_word' id='word_1_745' title='bbox 1214 4900 1447 4972; x_wconf 86' lang='lat' dir='ltr'><strong>denique</strong></span> <span class='ocrx_word' id='word_1_746' title='bbox 1509 4903 1691 4956; x_wconf 89' lang='lat' dir='ltr'><strong>omnia</strong></span> <span class='ocrx_word' id='word_1_747' title='bbox 1759 4905 1807 4957; x_wconf 89' lang='lat' dir='ltr'><strong>ei</strong></span> <span class='ocrx_word' id='word_1_748' title='bbox 1870 4904 2116 4973; x_wconf 86' lang='lat' dir='ltr'><strong>subjecta</strong></span> 
     </span>
    </p>
   </div>
   <div class='ocr_carea' id='block_1_98' title="bbox 549 4994 2113 5066">
    <p class='ocr_par' dir='ltr' id='par_1_98' title="bbox 549 4994 2113 5066">
     <span class='ocr_line' id='line_1_98' title="bbox 549 4994 2113 5066; baseline -0.002 -15"><span class='ocrx_word' id='word_1_749' title='bbox 549 4997 775 5059; x_wconf 82' lang='lat' dir='ltr'><strong>fuerint,</strong></span> <span class='ocrx_word' id='word_1_750' title='bbox 818 5004 952 5051; x_wconf 90' lang='lat' dir='ltr'><strong>tunc</strong></span> <span class='ocrx_word' id='word_1_751' title='bbox 997 4994 1270 5049; x_wconf 87' lang='lat' dir='ltr'><strong>videbitur</strong></span> <span class='ocrx_word' id='word_1_752' title='bbox 1298 4994 1406 5049; x_wconf 92' lang='lat' dir='ltr'><strong>Deo</strong></span> <span class='ocrx_word' id='word_1_753' title='bbox 1434 4994 1581 5049; x_wconf 88' lang='lat' dir='ltr'><strong>Patri</strong></span> <span class='ocrx_word' id='word_1_754' title='bbox 1612 5010 1840 5066; x_wconf 85' lang='lat' dir='ltr'><strong>regnum</strong></span> <span class='ocrx_word' id='word_1_755' title='bbox 1871 4996 2113 5050; x_wconf 88' lang='lat' dir='ltr'><strong>tradere.</strong></span> 
     </span>
    </p>
   </div>
   <div class='ocr_carea' id='block_1_99' title="bbox 548 5088 2115 5160">
    <p class='ocr_par' dir='ltr' id='par_1_99' title="bbox 548 5088 2115 5160">
     <span class='ocr_line' id='line_1_99' title="bbox 548 5088 2115 5160; baseline 0 -17"><span class='ocrx_word' id='word_1_756' title='bbox 548 5091 721 5144; x_wconf 89' lang='lat' dir='ltr'><strong>Porro</strong></span> <span class='ocrx_word' id='word_1_757' title='bbox 752 5104 979 5160; x_wconf 90' lang='lat' dir='ltr'><strong>regnum</strong></span> <span class='ocrx_word' id='word_1_758' title='bbox 1006 5104 1112 5145; x_wconf 90' lang='lat' dir='ltr'><strong>non</strong></span> <span class='ocrx_word' id='word_1_759' title='bbox 1145 5099 1226 5143; x_wconf 90' lang='lat' dir='ltr'><strong>est</strong></span> <span class='ocrx_word' id='word_1_760' title='bbox 1245 5088 1591 5159; x_wconf 84' lang='lat' dir='ltr'><strong>intelligenda</strong></span> <span class='ocrx_word' id='word_1_761' title='bbox 1614 5088 1851 5159; x_wconf 88' lang='lat' dir='ltr'><strong>dignitas</strong></span> <span class='ocrx_word' id='word_1_762' title='bbox 1875 5089 2074 5158; x_wconf 90' lang='lat' dir='ltr'><strong>sceptri</strong></span> <span class='ocrx_word' id='word_1_763' title='bbox 2100 5107 2115 5143; x_wconf 91' lang='lat'>:</span> 
     </span>
    </p>
   </div>
   <div class='ocr_carea' id='block_1_100' title="bbox 551 5179 2118 5250">
    <p class='ocr_par' dir='ltr' id='par_1_100' title="bbox 551 5179 2118 5250">
     <span class='ocr_line' id='line_1_100' title="bbox 551 5179 2118 5250; baseline -0.001 -15"><span class='ocrx_word' id='word_1_764' title='bbox 551 5197 661 5235; x_wconf 85' lang='lat' dir='ltr'><strong>non</strong></span> <span class='ocrx_word' id='word_1_765' title='bbox 714 5182 860 5235; x_wconf 78' lang='lat' dir='ltr'><strong>enim</strong></span> <span class='ocrx_word' id='word_1_766' title='bbox 894 5179 1053 5235; x_wconf 89' lang='lat' dir='ltr'><strong>Pater</strong></span> <span class='ocrx_word' id='word_1_767' title='bbox 1087 5180 1292 5248; x_wconf 90' lang='lat' dir='ltr'><strong>indiget</strong></span> <span class='ocrx_word' id='word_1_768' title='bbox 1349 5187 1408 5234; x_wconf 89' lang='lat' dir='ltr'><strong>ut</strong></span> <span class='ocrx_word' id='word_1_769' title='bbox 1455 5180 1689 5250; x_wconf 84' lang='lat' dir='ltr'><strong>regalem</strong></span> <span class='ocrx_word' id='word_1_770' title='bbox 1733 5180 2051 5250; x_wconf 87' lang='lat' dir='ltr'><strong>dignitatem</strong></span> <span class='ocrx_word' id='word_1_771' title='bbox 2087 5195 2118 5233; x_wconf 89' lang='lat' dir='ltr'><strong>a</strong></span> 
     </span>
    </p>
   </div>
   <div class='ocr_carea' id='block_1_101' title="bbox 548 5270 2113 5341">
    <p class='ocr_par' dir='ltr' id='par_1_101' title="bbox 548 5270 2113 5341">
     <span class='ocr_line' id='line_1_101' title="bbox 548 5270 2113 5341; baseline 0 -16"><span class='ocrx_word' id='word_1_772' title='bbox 548 5270 690 5325; x_wconf 88' lang='lat' dir='ltr'><strong>Filio</strong></span> <span class='ocrx_word' id='word_1_773' title='bbox 724 5271 976 5341; x_wconf 89' lang='lat' dir='ltr'><strong>accipiat,</strong></span> <span class='ocrx_word' id='word_1_774' title='bbox 1004 5287 1167 5341; x_wconf 90' lang='lat' dir='ltr'><strong>quam</strong></span> <span class='ocrx_word' id='word_1_775' title='bbox 1202 5272 1252 5326; x_wconf 82' lang='lat' dir='ltr'><strong>ei</strong></span> <span class='ocrx_word' id='word_1_776' title='bbox 1292 5278 1454 5326; x_wconf 88' lang='lat' dir='ltr'><strong>antea</strong></span> <span class='ocrx_word' id='word_1_777' title='bbox 1484 5272 1550 5325; x_wconf 90' lang='lat' dir='ltr'><strong>ad</strong></span> <span class='ocrx_word' id='word_1_778' title='bbox 1593 5287 1752 5326; x_wconf 90' lang='lat' dir='ltr'><strong>usum</strong></span> <span class='ocrx_word' id='word_1_779' title='bbox 1800 5272 2113 5337; x_wconf 89' lang='lat' dir='ltr'><strong>indulserit,</strong></span> 
     </span>
    </p>
   </div>
   <div class='ocr_carea' id='block_1_102' title="bbox 549 5361 2119 5433">
    <p class='ocr_par' dir='ltr' id='par_1_102' title="bbox 549 5361 2119 5433">
     <span class='ocr_line' id='line_1_102' title="bbox 549 5361 2119 5433; baseline 0 -16"><span class='ocrx_word' id='word_1_780' title='bbox 549 5374 741 5433; x_wconf 87' lang='lat' dir='ltr'><strong>postea</strong></span> <span class='ocrx_word' id='word_1_781' title='bbox 769 5378 900 5418; x_wconf 91' lang='lat' dir='ltr'><strong>vero</strong></span> <span class='ocrx_word' id='word_1_782' title='bbox 931 5374 1220 5419; x_wconf 81' lang='lat' dir='ltr'><strong>revocarit.</strong></span> <span class='ocrx_word' id='word_1_783' title='bbox 1270 5361 1384 5418; x_wconf 83' lang='lat' dir='ltr'><strong>Hoc</strong></span> <span class='ocrx_word' id='word_1_784' title='bbox 1412 5364 1555 5418; x_wconf 90' lang='lat' dir='ltr'><strong>enim</strong></span> <span class='ocrx_word' id='word_1_785' title='bbox 1589 5363 1720 5417; x_wconf 89' lang='lat' dir='ltr'><strong>mihi</strong></span> <span class='ocrx_word' id='word_1_786' title='bbox 1757 5364 1985 5418; x_wconf 90' lang='lat' dir='ltr'><strong>innuere</strong></span> <span class='ocrx_word' id='word_1_787' title='bbox 2035 5364 2119 5417; x_wconf 86' lang='lat' dir='ltr'><strong>vi-</strong></span> 
     </span>
    </p>
   </div>
   <div class='ocr_carea' id='block_1_103' title="bbox 548 5453 2119 5523">
    <p class='ocr_par' dir='ltr' id='par_1_103' title="bbox 548 5453 2119 5523">
     <span class='ocr_line' id='line_1_103' title="bbox 548 5453 2119 5523; baseline 0.001 -13"><span class='ocrx_word' id='word_1_788' title='bbox 548 5455 718 5510; x_wconf 90' lang='lat' dir='ltr'><strong>deris.</strong></span> <span class='ocrx_word' id='word_1_789' title='bbox 775 5454 999 5523; x_wconf 84' lang='lat' dir='ltr'><strong>Insuper</strong></span> <span class='ocrx_word' id='word_1_790' title='bbox 1029 5470 1137 5510; x_wconf 92' lang='lat' dir='ltr'><strong>non</strong></span> <span class='ocrx_word' id='word_1_791' title='bbox 1193 5454 1456 5509; x_wconf 89' lang='lat' dir='ltr'><strong>adversus</strong></span> <span class='ocrx_word' id='word_1_792' title='bbox 1487 5453 1684 5509; x_wconf 86' lang='lat' dir='ltr'><strong>Filium</strong></span> <span class='ocrx_word' id='word_1_793' title='bbox 1741 5455 2119 5511; x_wconf 87' lang='lat' dir='ltr'><strong>tantummodo</strong></span> 
     </span>
    </p>
   </div>
   <div class='ocr_carea' id='block_1_104' title="bbox 550 5546 2116 5618">
    <p class='ocr_par' dir='ltr' id='par_1_104' title="bbox 550 5546 2116 5618">
     <span class='ocr_line' id='line_1_104' title="bbox 550 5546 2116 5618; baseline -0.001 -18"><span class='ocrx_word' id='word_1_794' title='bbox 550 5547 719 5617; x_wconf 89' lang='lat' dir='ltr'><strong>impie</strong></span> <span class='ocrx_word' id='word_1_795' title='bbox 748 5548 884 5618; x_wconf 88' lang='lat' dir='ltr'><strong>agis,</strong></span> <span class='ocrx_word' id='word_1_796' title='bbox 930 5546 1057 5601; x_wconf 92' lang='lat' dir='ltr'><strong>dum</strong></span> <span class='ocrx_word' id='word_1_797' title='bbox 1093 5548 1214 5616; x_wconf 90' lang='lat' dir='ltr'><strong>ejus</strong></span> <span class='ocrx_word' id='word_1_798' title='bbox 1266 5547 1602 5617; x_wconf 87' lang='lat' dir='ltr'><strong>bypostasim</strong></span> <span class='ocrx_word' id='word_1_799' title='bbox 1634 5548 1893 5613; x_wconf 90' lang='lat' dir='ltr'><strong>destruis,</strong></span> <span class='ocrx_word' id='word_1_800' title='bbox 1926 5563 2116 5602; x_wconf 90' lang='lat' dir='ltr'><strong>verum</strong></span> 
     </span>
    </p>
   </div>
   <div class='ocr_carea' id='block_1_105' title="bbox 544 5626 2112 5710">
    <p class='ocr_par' dir='ltr' id='par_1_105' title="bbox 544 5626 2112 5710">
     <span class='ocr_line' id='line_1_105' title="bbox 544 5626 2112 5710; baseline 0.001 -17"><span class='ocrx_word' id='word_1_801' title='bbox 544 5626 716 5694; x_wconf 79' lang='lat' dir='ltr'><strong>etiam</strong></span> <span class='ocrx_word' id='word_1_802' title='bbox 765 5640 1027 5694; x_wconf 86' lang='lat' dir='ltr'><strong>adversus</strong></span> <span class='ocrx_word' id='word_1_803' title='bbox 1058 5637 1297 5705; x_wconf 86' lang='lat' dir='ltr'><strong>Patrem,</strong></span> <span class='ocrx_word' id='word_1_804' title='bbox 1325 5655 1487 5708; x_wconf 86' lang='lat' dir='ltr'><strong>quem</strong></span> <span class='ocrx_word' id='word_1_805' title='bbox 1527 5655 1708 5710; x_wconf 88' lang='lat' dir='ltr'><strong>regem</strong></span> <span class='ocrx_word' id='word_1_806' title='bbox 1762 5654 1886 5695; x_wconf 90' lang='lat' dir='ltr'><strong>esse</strong></span> <span class='ocrx_word' id='word_1_807' title='bbox 1912 5655 2112 5709; x_wconf 89' lang='lat' dir='ltr'><strong>negas;</strong></span> 
     </span>
    </p>
   </div>
   <div class='ocr_carea' id='block_1_106' title="bbox 588 5756 1089 5824">
    <p class='ocr_par' dir='ltr' id='par_1_106' title="bbox 588 5756 1089 5824">
     <span class='ocr_line' id='line_1_106' title="bbox 588 5756 1089 5824; baseline 0.006 -14"><span class='ocrx_word' id='word_1_808' title='bbox 588 5759 633 5789; x_wconf 83' lang='grc'><strong>¹⁹</strong></span> <span class='ocrx_word' id='word_1_809' title='bbox 673 5756 862 5812; x_wconf 81' lang='lat' dir='ltr'><strong>Matth.</strong></span> <span class='ocrx_word' id='word_1_810' title='bbox 894 5775 1002 5824; x_wconf 81' lang='lat' dir='ltr'><strong>vn,</strong></span> <span class='ocrx_word' id='word_1_811' title='bbox 1035 5759 1089 5813; x_wconf 89' lang='lat'><strong>6.</strong></span> 
     </span>
    </p>
   </div>
   <div class='ocr_carea' id='block_1_107' title="bbox 1182 5752 2117 5823">
    <p class='ocr_par' dir='ltr' id='par_1_107' title="bbox 1182 5756 2117 5820">
     <span class='ocr_line' id='line_1_107' title="bbox 1182 5756 2117 5820; baseline -0.003 -9"><span class='ocrx_word' id='word_1_812' title='bbox 1182 5759 1227 5790; x_wconf 81' lang='grc'><em>⁸⁸</em></span> <span class='ocrx_word' id='word_1_813' title='bbox 1268 5757 1454 5812; x_wconf 78' lang='lat' dir='ltr'><strong>Matth.</strong></span> <span class='ocrx_word' id='word_1_814' title='bbox 1491 5775 1557 5820; x_wconf 93' lang='lat' dir='ltr'><strong>v,</strong></span> <span class='ocrx_word' id='word_1_815' title='bbox 1589 5759 1679 5813; x_wconf 69' lang='grc'><strong>45.</strong></span> <span class='ocrx_word' id='word_1_816' title='bbox 1756 5760 1798 5789; x_wconf 86' lang='grc'><strong>³¹</strong></span> <span class='ocrx_word' id='word_1_817' title='bbox 1838 5756 1858 5810; x_wconf 82' lang='grc' dir='ltr'>Ι</span> <span class='ocrx_word' id='word_1_818' title='bbox 1893 5757 2022 5811; x_wconf 88' lang='lat' dir='ltr'><strong>Cor.</strong></span> <span class='ocrx_word' id='word_1_819' title='bbox 2058 5773 2117 5810; x_wconf 80' lang='lat' dir='ltr'><strong>xv</strong></span> 
     </span>
    </p>
   </div>
   <div class='ocr_carea' id='block_1_108' title="bbox 2218 5752 3340 5823">
    <p class='ocr_par' dir='ltr' id='par_1_108' title="bbox 2222 5752 3340 5821">
     <span class='ocr_line' id='line_1_108' title="bbox 2222 5752 3340 5821; baseline -0.004 -12"><span class='ocrx_word' id='word_1_820' title='bbox 2222 5755 2276 5809; x_wconf 92' lang='lat'><strong>8.</strong></span> <span class='ocrx_word' id='word_1_821' title='bbox 2350 5758 2395 5789; x_wconf 77' lang='lat'><strong>&quot;</strong></span> <span class='ocrx_word' id='word_1_822' title='bbox 2433 5755 2566 5811; x_wconf 90' lang='lat' dir='ltr'><strong>ibid.</strong></span> <span class='ocrx_word' id='word_1_823' title='bbox 2599 5756 2690 5811; x_wconf 69' lang='grc'><strong>24.</strong></span> <span class='ocrx_word' id='word_1_824' title='bbox 2767 5755 2812 5786; x_wconf 85' lang='grc'>³³</span> <span class='ocrx_word' id='word_1_825' title='bbox 2846 5755 2949 5809; x_wconf 90' lang='lat' dir='ltr'><strong>lsa.</strong></span> <span class='ocrx_word' id='word_1_826' title='bbox 2983 5769 3112 5815; x_wconf 81' lang='lat' dir='ltr'><strong>un,</strong></span> <span class='ocrx_word' id='word_1_827' title='bbox 3156 5752 3189 5805; x_wconf 80' lang='grc'>5</span> <span class='ocrx_word' id='word_1_828' title='bbox 3220 5767 3340 5821; x_wconf 90' lang='lat' dir='ltr'><strong>sqq.</strong></span> 
     </span>
    </p>
   </div>
   <div class='ocr_carea' id='block_1_109' title="bbox 552 5826 2132 5894">
    <p class='ocr_par' dir='ltr' id='par_1_109' title="bbox 552 5826 2132 5894">
     <span class='ocr_line' id='line_1_109' title="bbox 552 5826 2132 5894; baseline 0.002 -13"><span class='ocrx_word' id='word_1_829' title='bbox 552 5826 642 5881; x_wconf 73' lang='lat' dir='ltr'><strong>2i.</strong></span> <span class='ocrx_word' id='word_1_830' title='bbox 718 5830 762 5860; x_wconf 81' lang='grc'>³⁸</span> <span class='ocrx_word' id='word_1_831' title='bbox 800 5828 976 5884; x_wconf 88' lang='lat' dir='ltr'><strong>Galat.</strong></span> <span class='ocrx_word' id='word_1_832' title='bbox 1014 5844 1107 5894; x_wconf 86' lang='grc' dir='ltr'>ιιι,</span> <span class='ocrx_word' id='word_1_833' title='bbox 1144 5829 1229 5883; x_wconf 76' lang='grc'><strong>15.</strong></span> <span class='ocrx_word' id='word_1_834' title='bbox 1306 5828 1351 5860; x_wconf 72' lang='grc'><strong>³⁸</strong></span> <span class='ocrx_word' id='word_1_835' title='bbox 1390 5827 1410 5880; x_wconf 87' lang='grc' dir='ltr'>Ι</span> <span class='ocrx_word' id='word_1_836' title='bbox 1443 5828 1568 5884; x_wconf 85' lang='lat' dir='ltr'><strong>Cor.</strong></span> <span class='ocrx_word' id='word_1_837' title='bbox 1602 5844 1693 5887; x_wconf 82' lang='lat' dir='ltr'><strong>xv,</strong></span> <span class='ocrx_word' id='word_1_838' title='bbox 1724 5828 1816 5883; x_wconf 73' lang='grc'><strong>28.</strong></span> <span class='ocrx_word' id='word_1_839' title='bbox 1895 5829 1961 5859; x_wconf 71' lang='grc' dir='ltr'><strong>’δ’</strong></span> <span class='ocrx_word' id='word_1_840' title='bbox 2000 5827 2132 5884; x_wconf 89' lang='lat' dir='ltr'><strong>ibid.</strong></span> 
     </span>
    </p>
   </div>
   <div class='ocr_carea' id='block_1_110' title="bbox 2222 4717 3789 4799">
    <p class='ocr_par' dir='ltr' id='par_1_110' title="bbox 2222 4717 3789 4799">
     <span class='ocr_line' id='line_1_110' title="bbox 2222 4717 3789 4799; baseline -0.007 -17"><span class='ocrx_word' id='word_1_841' title='bbox 2222 4732 2518 4799; x_wconf 72' lang='grc' dir='ltr'>φανήσεται</span> <span class='ocrx_word' id='word_1_842' title='bbox 2543 4728 2865 4798; x_wconf 71' lang='grc' dir='ltr'>παραδιδοὺς</span> <span class='ocrx_word' id='word_1_843' title='bbox 2909 4727 3004 4797; x_wconf 83' lang='grc' dir='ltr'>τὴν</span> <span class='ocrx_word' id='word_1_844' title='bbox 3040 4724 3309 4795; x_wconf 84' lang='grc' dir='ltr'>βασιλείαν</span> <span class='ocrx_word' id='word_1_845' title='bbox 3351 4722 3426 4790; x_wconf 86' lang='grc' dir='ltr'>τῷ</span> <span class='ocrx_word' id='word_1_846' title='bbox 3478 4717 3652 4791; x_wconf 68' lang='grc' dir='ltr'>Πατρὶ</span> <span class='ocrx_word' id='word_1_847' title='bbox 3692 4722 3789 4773; x_wconf 73' lang='grc' dir='ltr'><strong>καὶ</strong></span> 
     </span>
    </p>
   </div>
   <div class='ocr_carea' id='block_1_111' title="bbox 2221 4812 3791 4892">
    <p class='ocr_par' dir='ltr' id='par_1_111' title="bbox 2221 4812 3791 4892">
     <span class='ocr_line' id='line_1_111' title="bbox 2221 4812 3791 4892; baseline -0.008 -17"><span class='ocrx_word' id='word_1_848' title='bbox 2221 4824 2339 4892; x_wconf 83' lang='grc' dir='ltr'><strong>Θεῷ</strong></span> <span class='ocrx_word' id='word_1_849' title='bbox 2385 4823 2516 4891; x_wconf 77' lang='grc'><strong>(10).</strong></span> <span class='ocrx_word' id='word_1_850' title='bbox 2578 4822 2859 4876; x_wconf 74' lang='grc' dir='ltr'>Βασιλείαν</span> <span class='ocrx_word' id='word_1_851' title='bbox 2913 4820 2968 4871; x_wconf 84' lang='grc' dir='ltr'><strong>δὲ</strong></span> <span class='ocrx_word' id='word_1_852' title='bbox 3016 4818 3233 4887; x_wconf 85' lang='grc' dir='ltr'>νοητέον</span> <span class='ocrx_word' id='word_1_853' title='bbox 3261 4817 3320 4868; x_wconf 86' lang='grc' dir='ltr'><strong>οὑ</strong></span> <span class='ocrx_word' id='word_1_854' title='bbox 3354 4816 3414 4866; x_wconf 86' lang='grc' dir='ltr'><strong>τὸ</strong></span> <span class='ocrx_word' id='word_1_855' title='bbox 3440 4813 3653 4881; x_wconf 77' lang='grc' dir='ltr'>ἀξίωμα</span> <span class='ocrx_word' id='word_1_856' title='bbox 3686 4812 3791 4879; x_wconf 73' lang='grc' dir='ltr'>τῆς</span> 
     </span>
    </p>
   </div>
   <div class='ocr_carea' id='block_1_112' title="bbox 2224 4903 3789 4985">
    <p class='ocr_par' dir='ltr' id='par_1_112' title="bbox 2224 4903 3789 4985">
     <span class='ocr_line' id='line_1_112' title="bbox 2224 4903 3789 4985; baseline -0.009 -18"><span class='ocrx_word' id='word_1_857' title='bbox 2224 4914 2609 4985; x_wconf 79' lang='grc' dir='ltr'>σκηπτουχίας⁶</span> <span class='ocrx_word' id='word_1_858' title='bbox 2637 4913 2755 4965; x_wconf 80' lang='grc' dir='ltr'>οὑδὲ</span> <span class='ocrx_word' id='word_1_859' title='bbox 2786 4912 2892 4981; x_wconf 83' lang='grc' dir='ltr'>γὰρ</span> <span class='ocrx_word' id='word_1_860' title='bbox 2927 4910 3004 4962; x_wconf 77' lang='grc' dir='ltr'><strong>ἔτι</strong></span> <span class='ocrx_word' id='word_1_861' title='bbox 3032 4909 3200 4962; x_wconf 84' lang='grc' dir='ltr'>δεῖται</span> <span class='ocrx_word' id='word_1_862' title='bbox 3243 4904 3547 4976; x_wconf 78' lang='grc' dir='ltr'>ἀξιώματος</span> <span class='ocrx_word' id='word_1_863' title='bbox 3580 4903 3789 4972; x_wconf 85' lang='grc' dir='ltr'>βασιλι-</span> 
     </span>
    </p>
   </div>
   <div class='ocr_carea' id='block_1_113' title="bbox 2223 4995 3790 5075">
    <p class='ocr_par' dir='ltr' id='par_1_113' title="bbox 2223 4995 3790 5075">
     <span class='ocr_line' id='line_1_113' title="bbox 2223 4995 3790 5075; baseline -0.01 -15"><span class='ocrx_word' id='word_1_864' title='bbox 2223 5006 2320 5060; x_wconf 89' lang='grc' dir='ltr'><strong>κοῦ</strong></span> <span class='ocrx_word' id='word_1_865' title='bbox 2347 5008 2375 5059; x_wconf 90' lang='grc' dir='ltr'><strong>ό</strong></span> <span class='ocrx_word' id='word_1_866' title='bbox 2402 5005 2608 5075; x_wconf 84' lang='grc' dir='ltr'>Πατὴρ,</span> <span class='ocrx_word' id='word_1_867' title='bbox 2649 5004 2734 5056; x_wconf 87' lang='grc' dir='ltr'><strong>ἴνα</strong></span> <span class='ocrx_word' id='word_1_868' title='bbox 2777 5001 3064 5074; x_wconf 84' lang='grc' dir='ltr'>παραλάϐῃ</span> <span class='ocrx_word' id='word_1_869' title='bbox 3092 4999 3184 5052; x_wconf 88' lang='grc' dir='ltr'><strong>τοῦ</strong></span> <span class='ocrx_word' id='word_1_870' title='bbox 3214 4997 3344 5050; x_wconf 84' lang='grc' dir='ltr'>Υίοῦ</span> <span class='ocrx_word' id='word_1_871' title='bbox 3368 4998 3396 5048; x_wconf 84' lang='grc' dir='ltr'>ὃ</span> <span class='ocrx_word' id='word_1_872' title='bbox 3422 4997 3682 5065; x_wconf 83' lang='grc' dir='ltr'>πρότερον</span> <span class='ocrx_word' id='word_1_873' title='bbox 3711 4995 3790 5056; x_wconf 79' lang='grc' dir='ltr'>ὡς</span> 
     </span>
    </p>
   </div>
   <div class='ocr_carea' id='block_1_114' title="bbox 2224 5084 3792 5166">
    <p class='ocr_par' dir='ltr' id='par_1_114' title="bbox 2224 5084 3792 5166">
     <span class='ocr_line' id='line_1_114' title="bbox 2224 5084 3792 5166; baseline -0.011 -15"><span class='ocrx_word' id='word_1_874' title='bbox 2224 5100 2303 5160; x_wconf 88' lang='grc' dir='ltr'>εἰς</span> <span class='ocrx_word' id='word_1_875' title='bbox 2336 5096 2526 5166; x_wconf 84' lang='grc' dir='ltr'>χρῆσιν</span> <span class='ocrx_word' id='word_1_876' title='bbox 2555 5094 2704 5163; x_wconf 88' lang='grc' dir='ltr'>αὑτῷ</span> <span class='ocrx_word' id='word_1_877' title='bbox 2734 5088 3167 5162; x_wconf 84' lang='grc' dir='ltr'>συγκεχωρηκὼς</span> <span class='ocrx_word' id='word_1_878' title='bbox 3188 5086 3447 5157; x_wconf 81' lang='grc' dir='ltr'>ἐτύγχανε</span> <span class='ocrx_word' id='word_1_879' title='bbox 3471 5084 3628 5137; x_wconf 84' lang='grc' dir='ltr'>τοῦτο</span> <span class='ocrx_word' id='word_1_880' title='bbox 3659 5085 3792 5136; x_wconf 80' lang='grc' dir='ltr'>ἀνα-</span> 
     </span>
    </p>
   </div>
   <div class='ocr_carea' id='block_1_115' title="bbox 2220 5176 3789 5258">
    <p class='ocr_par' dir='ltr' id='par_1_115' title="bbox 2220 5176 3789 5258">
     <span class='ocr_line' id='line_1_115' title="bbox 2220 5176 3789 5258; baseline -0.01 -18"><span class='ocrx_word' id='word_1_881' title='bbox 2220 5188 2569 5258; x_wconf 86' lang='grc' dir='ltr'>καλούμενος.</span> <span class='ocrx_word' id='word_1_882' title='bbox 2598 5184 2818 5238; x_wconf 86' lang='grc' dir='ltr'>Τοιοῦτο</span> <span class='ocrx_word' id='word_1_883' title='bbox 2842 5184 2950 5253; x_wconf 86' lang='grc' dir='ltr'>γὰρ</span> <span class='ocrx_word' id='word_1_884' title='bbox 2974 5177 3301 5233; x_wconf 79' lang='grc' dir='ltr'>αἰνίττεσθαί</span> <span class='ocrx_word' id='word_1_885' title='bbox 3332 5195 3418 5247; x_wconf 88' lang='grc' dir='ltr'><strong>μοι</strong></span> <span class='ocrx_word' id='word_1_886' title='bbox 3446 5176 3638 5237; x_wconf 85' lang='grc' dir='ltr'>δοκεῖς.</span> <span class='ocrx_word' id='word_1_887' title='bbox 3667 5177 3789 5225; x_wconf 75' lang='grc' dir='ltr'>Ἔτι</span> 
     </span>
    </p>
   </div>
   <div class='ocr_carea' id='block_1_116' title="bbox 2224 5266 3788 5349">
    <p class='ocr_par' dir='ltr' id='par_1_116' title="bbox 2224 5266 3788 5349">
     <span class='ocr_line' id='line_1_116' title="bbox 2224 5266 3788 5349; baseline -0.01 -17"><span class='ocrx_word' id='word_1_888' title='bbox 2224 5278 2321 5349; x_wconf 80' lang='grc' dir='ltr'><strong>μὲν</strong></span> <span class='ocrx_word' id='word_1_889' title='bbox 2360 5278 2573 5341; x_wconf 86' lang='grc' dir='ltr'>ἀσεϐεῖς</span> <span class='ocrx_word' id='word_1_890' title='bbox 2621 5277 2681 5329; x_wconf 88' lang='grc' dir='ltr'><strong>οὑ</strong></span> <span class='ocrx_word' id='word_1_891' title='bbox 2718 5278 2876 5346; x_wconf 90' lang='grc' dir='ltr'>μόνον</span> <span class='ocrx_word' id='word_1_892' title='bbox 2913 5275 2993 5337; x_wconf 87' lang='grc' dir='ltr'><strong>είς</strong></span> <span class='ocrx_word' id='word_1_893' title='bbox 3020 5272 3111 5325; x_wconf 87' lang='grc' dir='ltr'><strong>τὸν</strong></span> <span class='ocrx_word' id='word_1_894' title='bbox 3164 5271 3307 5331; x_wconf 84' lang='grc' dir='ltr'>Υἱὸν,</span> <span class='ocrx_word' id='word_1_895' title='bbox 3348 5267 3585 5338; x_wconf 82' lang='grc' dir='ltr'>ἀναιρῶν</span> <span class='ocrx_word' id='word_1_896' title='bbox 3624 5266 3788 5319; x_wconf 83' lang='grc' dir='ltr'>αὑτοῦ</span> 
     </span>
    </p>
   </div>
   <div class='ocr_carea' id='block_1_117' title="bbox 2220 5356 3788 5435">
    <p class='ocr_par' dir='ltr' id='par_1_117' title="bbox 2220 5356 3788 5435">
     <span class='ocr_line' id='line_1_117' title="bbox 2220 5356 3788 5435; baseline -0.009 -14"><span class='ocrx_word' id='word_1_897' title='bbox 2220 5369 2316 5435; x_wconf 81' lang='grc' dir='ltr'><strong>τὴν</strong></span> <span class='ocrx_word' id='word_1_898' title='bbox 2348 5368 2662 5431; x_wconf 80' lang='grc' dir='ltr'>ὑπόστασιν,</span> <span class='ocrx_word' id='word_1_899' title='bbox 2694 5364 2828 5418; x_wconf 85' lang='grc' dir='ltr'>ἀλλὰ</span> <span class='ocrx_word' id='word_1_900' title='bbox 2866 5363 2961 5416; x_wconf 71' lang='grc' dir='ltr'><strong>καὶ</strong></span> <span class='ocrx_word' id='word_1_901' title='bbox 2993 5363 3071 5425; x_wconf 85' lang='grc' dir='ltr'><strong>είς</strong></span> <span class='ocrx_word' id='word_1_902' title='bbox 3111 5360 3200 5413; x_wconf 81' lang='grc' dir='ltr'><strong>τὸν</strong></span> <span class='ocrx_word' id='word_1_903' title='bbox 3232 5359 3445 5429; x_wconf 82' lang='grc' dir='ltr'>Πατέρα</span> <span class='ocrx_word' id='word_1_904' title='bbox 3470 5356 3788 5424; x_wconf 68' lang='grc' dir='ltr'>ἀποφαίνων</span> 
     </span>
    </p>
   </div>
   <div class='ocr_carea' id='block_1_118' title="bbox 2221 5446 3789 5527">
    <p class='ocr_par' dir='ltr' id='par_1_118' title="bbox 2221 5446 3789 5527">
     <span class='ocr_line' id='line_1_118' title="bbox 2221 5446 3789 5527; baseline -0.01 -14"><span class='ocrx_word' id='word_1_905' title='bbox 2221 5461 2381 5513; x_wconf 88' lang='grc' dir='ltr'>αὑτὸν</span> <span class='ocrx_word' id='word_1_906' title='bbox 2405 5460 2503 5512; x_wconf 89' lang='grc' dir='ltr'><strong>οὑκ</strong></span> <span class='ocrx_word' id='word_1_907' title='bbox 2522 5459 2647 5511; x_wconf 78' lang='grc' dir='ltr'>ὄντα</span> <span class='ocrx_word' id='word_1_908' title='bbox 2682 5456 2903 5527; x_wconf 83' lang='grc' dir='ltr'>βασιλέα</span> <span class='ocrx_word' id='word_1_909' title='bbox 2932 5456 3061 5509; x_wconf 82' lang='grc' dir='ltr'>ποτὲ</span> <span class='ocrx_word' id='word_1_910' title='bbox 3099 5449 3549 5521; x_wconf 80' lang='grc' dir='ltr'>συγκεχωρηκότα</span> <span class='ocrx_word' id='word_1_911' title='bbox 3580 5449 3657 5519; x_wconf 81' lang='grc' dir='ltr'><strong>τῷ</strong></span> <span class='ocrx_word' id='word_1_912' title='bbox 3675 5446 3789 5517; x_wconf 79' lang='grc' dir='ltr'><strong>Υἱῷ</strong></span> 
     </span>
    </p>
   </div>
   <div class='ocr_carea' id='block_1_119' title="bbox 2214 5537 3787 5619">
    <p class='ocr_par' dir='ltr' id='par_1_119' title="bbox 2214 5537 3787 5619">
     <span class='ocr_line' id='line_1_119' title="bbox 2214 5537 3787 5619; baseline -0.007 -18"><span class='ocrx_word' id='word_1_913' title='bbox 2214 5549 2311 5619; x_wconf 88' lang='grc' dir='ltr'><strong>τὴν</strong></span> <span class='ocrx_word' id='word_1_914' title='bbox 2345 5548 2633 5619; x_wconf 86' lang='grc' dir='ltr'>βασιλείαν,</span> <span class='ocrx_word' id='word_1_915' title='bbox 2658 5544 2774 5599; x_wconf 82' lang='grc' dir='ltr'>εἶτα</span> <span class='ocrx_word' id='word_1_916' title='bbox 2798 5544 3206 5613; x_wconf 75' lang='grc' dir='ltr'>ἀποληψόμενον</span> <span class='ocrx_word' id='word_1_917' title='bbox 3238 5540 3364 5610; x_wconf 85' lang='grc' dir='ltr'>παρ’</span> <span class='ocrx_word' id='word_1_918' title='bbox 3388 5538 3548 5590; x_wconf 75' lang='grc' dir='ltr'>αὑτοῦ</span> <span class='ocrx_word' id='word_1_919' title='bbox 3574 5538 3649 5599; x_wconf 83' lang='grc' dir='ltr'><strong>ὡς</strong></span> <span class='ocrx_word' id='word_1_920' title='bbox 3671 5537 3787 5590; x_wconf 70' lang='lat'><strong>536-</strong></span> 
     </span>
    </p>
   </div>
   <div class='ocr_carea' id='block_1_120' title="bbox 2226 5627 3786 5710">
    <p class='ocr_par' dir='ltr' id='par_1_120' title="bbox 2226 5627 3786 5710">
     <span class='ocr_line' id='line_1_120' title="bbox 2226 5627 3786 5710; baseline -0.01 -16"><span class='ocrx_word' id='word_1_921' title='bbox 2226 5659 2384 5710; x_wconf 88' lang='grc' dir='ltr'>μενον</span> <span class='ocrx_word' id='word_1_922' title='bbox 2430 5640 2527 5692; x_wconf 86' lang='grc' dir='ltr'><strong>τοῦ</strong></span> <span class='ocrx_word' id='word_1_923' title='bbox 2582 5638 2907 5709; x_wconf 82' lang='grc' dir='ltr'>ἀξιώματος.</span> <span class='ocrx_word' id='word_1_924' title='bbox 2968 5633 3281 5706; x_wconf 85' lang='grc' dir='ltr'>Παραδώσει</span> <span class='ocrx_word' id='word_1_925' title='bbox 3322 5632 3377 5683; x_wconf 80' lang='grc' dir='ltr'><strong>δὲ</strong></span> <span class='ocrx_word' id='word_1_926' title='bbox 3417 5629 3561 5699; x_wconf 86' lang='grc' dir='ltr'>αὑτῷ</span> <span class='ocrx_word' id='word_1_927' title='bbox 3612 5629 3670 5682; x_wconf 87' lang='grc' dir='ltr'><strong>οὑ</strong></span> <span class='ocrx_word' id='word_1_928' title='bbox 3728 5627 3786 5678; x_wconf 84' lang='grc' dir='ltr'><strong>τὸ</strong></span> 
     </span>
    </p>
   </div>
   <div class='ocr_carea' id='block_1_121' title="bbox 3416 5744 3780 5807">
    <p class='ocr_par' dir='ltr' id='par_1_121' title="bbox 3416 5744 3780 5807">
     <span class='ocr_line' id='line_1_121' title="bbox 3416 5744 3780 5807; baseline 0.003 -10"><span class='ocrx_word' id='word_1_929' title='bbox 3416 5747 3459 5778; x_wconf 68' lang='grc'><em>³⁸</em></span> <span class='ocrx_word' id='word_1_930' title='bbox 3498 5744 3539 5799; x_wconf 87' lang='lat' dir='ltr'><strong>ll</strong></span> <span class='ocrx_word' id='word_1_931' title='bbox 3572 5746 3699 5799; x_wconf 86' lang='lat' dir='ltr'><strong>Cor.</strong></span> <span class='ocrx_word' id='word_1_932' title='bbox 3728 5756 3780 5807; x_wconf 69' lang='grc' dir='ltr'>τ.</span> 
     </span>
    </p>
   </div>
   <div class='ocr_carea' id='block_1_122' title="bbox 626 5914 3063 5994">
    <p class='ocr_par' dir='ltr' id='par_1_122' title="bbox 626 5914 3063 5994">
     <span class='ocr_line' id='line_1_122' title="bbox 626 5914 3063 5994; baseline 0.001 -22"><span class='ocrx_word' id='word_1_933' title='bbox 626 5919 739 5991; x_wconf 73' lang='grc'><strong>(10)</strong></span> <span class='ocrx_word' id='word_1_934' title='bbox 768 5918 871 5975; x_wconf 83' lang='lat' dir='ltr'><strong>Par</strong></span> <span class='ocrx_word' id='word_1_935' title='bbox 892 5923 1164 5977; x_wconf 86' lang='lat' dir='ltr'><strong>sententia</strong></span> <span class='ocrx_word' id='word_1_936' title='bbox 1184 5929 1269 5979; x_wconf 78' lang='lat' dir='ltr'><strong>est</strong></span> <span class='ocrx_word' id='word_1_937' title='bbox 1293 5922 1435 5993; x_wconf 89' lang='lat' dir='ltr'><strong>apud</strong></span> <span class='ocrx_word' id='word_1_938' title='bbox 1481 5920 1731 5979; x_wconf 86' lang='lat' dir='ltr'><strong>sanctum</strong></span> <span class='ocrx_word' id='word_1_939' title='bbox 1755 5922 2019 5994; x_wconf 86' lang='lat' dir='ltr'><strong>Cyrillum</strong></span> <span class='ocrx_word' id='word_1_940' title='bbox 2050 5922 2106 5978; x_wconf 92' lang='lat' dir='ltr'><strong>in</strong></span> <span class='ocrx_word' id='word_1_941' title='bbox 2148 5922 2414 5978; x_wconf 79' lang='lat' dir='ltr'><strong>Thesauro</strong></span> <span class='ocrx_word' id='word_1_942' title='bbox 2450 5930 2489 5977; x_wconf 88' lang='grc' dir='ltr'>ι.</span> <span class='ocrx_word' id='word_1_943' title='bbox 2521 5920 2587 5989; x_wconf 72' lang='grc' dir='ltr'><strong>ν,</strong></span> <span class='ocrx_word' id='word_1_944' title='bbox 2608 5929 2757 5992; x_wconf 88' lang='lat' dir='ltr'><strong>part.</strong></span> <span class='ocrx_word' id='word_1_945' title='bbox 2788 5935 2827 5987; x_wconf 88' lang='grc' dir='ltr'><strong>ι,</strong></span> <span class='ocrx_word' id='word_1_946' title='bbox 2853 5933 2907 5988; x_wconf 88' lang='lat' dir='ltr'><strong>p.</strong></span> <span class='ocrx_word' id='word_1_947' title='bbox 2937 5914 3063 5969; x_wconf 69' lang='lat'><strong>“256.</strong></span> 
     </span>
    </p>
   </div>
  </div>
