4020 6498
344 361 366 413 l
380 361 483 418 293

1348 364 1718 424 ADVERSUS
1761 366 1981 423 ARIUM
2019 366 2105 421 ΕΤ
2137 364 2547 422 SABELIJUM.

3448 362 3588 419 1298

340 479 578 549 ἀξιωμα,
624 479 698 541 ὼς
737 478 1074 551 προέφημεν,
1139 480 1237 551 τῆς
1289 482 1581 552 βασιλείας,
1619 484 1755 538 ἀλλά
1788 487 1913 548 τοὺς

2038 486 2060 537 .i
2094 483 2311 553 quidem
2342 480 2635 552 aliquando
2664 495 2891 551 regnum
2944 478 3082 533 Filio
3114 440 3363 540 tradidit,
3406 481 3476 532 ab
3524 494 3589 533 eo

340 568 753 640 βασιλευθέντας
776 570 872 623 ἀπ’
900 569 1064 623 αὑτοῦ
1078 570 1169 623 καὶ
1186 570 1552 640 ὑποταγέντας
1572 573 1738 643 αὐτῷ.
1767 574 1909 626 Ταύ-

340 678 441 734 την
466 662 562 733 τὴν
606 662 881 734 βασιλείαν
924 662 1334 734 προσενηνοχὼς
1368 665 1461 717 καὶ
1492 664 1906 736 παραδεδωκὼς,

342 754 461 823 ἀρετ
480 769 495 782 ⁸
523 751 692 806 Τοῦτο
713 751 1001 822 βασίλειον,
1033 751 1190 805 τοῦτο
1224 752 1539 823 ἱεράτευμα,
1560 752 1708 818 ἔθνος
1734 753 1907 821 ἅγιον,

343 845 472 908 λαὸς
514 846 595 907 είς
640 844 985 916 περιποίησίν
1035 861 1162 915 μοι·
1199 844 1311 909 καὶ,
1341 863 1359 895 ι
1409 844 1538 898 Ἰδοὺ
1580 843 1691 912 ἐγὼ
1721 846 1811 898 καὶ
1843 849 1910 897 τά

346 933 533 987 παιδία
581 933 617 987 ἆ
678 951 767 1004 μοι
815 934 1010 987 ἔδωκεν
1043 936 1071 987 ὁ
1119 934 1249 996 Θεός
1273 949 1285 961 ·
1318 953 1336 984 ι
1378 934 1539 998 αὐτὸς
1577 934 1686 1005 γὰρ
1714 933 1910 987 ἔδωκεν

344 1024 514 1094 αὐτῷ,
533 1024 799 1092 ὑποτάξας
823 1024 969 1096 αύτῷ
986 1025 1161 1079 πάντα
1188 1024 1267 1077 τά·
1284 1024 1411 1096 ἔθνη
1439 1040 1483 1076 ἰ
1504 1023 1670 1079 Δώσω
1695 1025 1802 1097 γάρ
1830 1042 1911 1077 σοι

345 1118 473 1189 ἔθνη
529 1117 627 1188 τὴν
674 1118 1035 1188 κληρονομίαν
1065 1134 1180 1179 σου,
1212 1117 1307 1169 καὶ
1330 1116 1428 1185 τὴν
1459 1116 1783 1186 κατάσχεσίν
1817 1132 1909 1168 σου

346 1209 416 1263 τά
444 1208 653 1281 πέρατα
682 1209 780 1279 τῆς
805 1208 928 1278 γῆς.
964 1227 990 1259 τ

416 1482 488 1546 η’.
528 1473 664 1528 Ἰσθι
696 1473 753 1526 δὲ
782 1474 875 1525 καὶ
898 1472 978 1533 τὴ,
1018 1492 1035 1521 ι
1072 1470 1212 1539 Ἐγὼ
1241 1470 1373 1523 καὶὸ
1394 1467 1580 1540 Πατὴρ
1606 1470 1664 1521 ἓν
1692 1471 1907 1537 ὲσμεν,›

276 1608 279 1611 -
351 1567 429 1640 μὴ
461 1569 701 1637 ἀναιρεῖν
722 1565 819 1633 τὴν
845 1564 1141 1617 ὑπόστασιν
1162 1562 1257 1616 τοῦ
1283 1560 1413 1615 Υἱοῠ
1441 1578 1453 1591 ·
1480 1560 1537 1612 ἓν
1566 1560 1673 1631 γάρ
1689 1561 1794 1613 είσι
1818 1559 1916 1629 τὴν

350 1658 556 1723 οὐσίαν,
588 1657 645 1710 ἓν
665 1657 726 1709 τὸ
740 1656 973 1725 ἀξίωμα,
996 1655 1055 1707 ἓν
1083 1657 1186 1708 είσι
1206 1654 1304 1724 τὴν
1329 1651 1573 1723 γνώμην,
1599 1651 1658 1703 ἓν
1688 1654 1793 1705 εἱσι
1817 1653 1916 1722 τὴν

355 1751 635 1821 φρόνησιν,
674 1750 782 1819 οὐχ
824 1747 881 1801 ἓν
916 1747 973 1801 δὲ
1012 1748 1110 1816 τὴν
1138 1745 1455 1799 ὑπόστασιν,
1482 1742 1832 1812 Δειχθήσεται
1859 1742 1916 1794 δὲ

2019 575 2157 628 idem
2175 573 2373 627 deinde
2394 580 2737 643 recepturus,
2762 587 2861 626 ceu
2892 570 2992 625 bac
3016 570 3282 642 dignitate
3310 566 3586 638 indigens.

2017 665 2219 720 Tradet
2250 675 2429 719 antem
2462 664 2563 734 ipsi
2612 680 2722 717 non
2752 663 2901 734 regni
2949 662 3291 733 dignitatem,
3335 669 3395 715 ut
3422 667 3585 714 antea

2016 754 2277 817 diximus,
2311 755 2402 809 sed
2438 762 2692 822 regnatos
2726 752 2793 805 ab
2848 766 2906 805 se
2943 750 3196 804 homines
3229 756 3282 803 et
3317 747 3419 802 sibi
3459 745 3594 801 sub-

2012 846 2206 912 jectos.
2240 842 2562 913 llujusmodi
2592 858 2758 913 regno
2779 842 3022 896 exhibito
3044 839 3377 909 traditoque,
3406 838 3586 892 dicet:

2018 933 2141 988 llaec
2180 934 2378 1004 regalis
2405 932 2662 1002 dignitas.
2701 931 2804 984 hoc
2861 929 3253 991 sacerdotium,
3290 942 3427 998 gens
3457 941 3588 981 san-

2016 1031 2121 1084 Cla,
2149 1021 2379 1091 populus
2409 1018 2785 1089 acquisitionis
2816 1032 2946 1071 mea:
2967 1017 3045 1081 '7;
3075 1030 3174 1069 nec
3226 1030 3330 1067 non
3361 1032 3375 1067 :
3404 1033 3423 1063 ι
3452 1012 3591 1067 Ecce

2016 1129 2115 1183 ego
2144 1120 2199 1165 et
2234 1111 2408 1181 pueri,
2440 1125 2581 1181 quos
2610 1109 2742 1164 mihi
2768 1108 2918 1161 dedit
2957 1106 3100 1161 Deus
3126 1106 3215 1159 ³⁷⁸.
3252 1125 3270 1157 ι
3311 1105 3407 1159 llle
3439 1104 3587 1157 enim

2019 1205 2117 1257 hos
2149 1206 2197 1258 ei
2229 1203 2397 1268 dedit,
2426 1201 2555 1257 dum
2587 1208 2819 1256 cunctas
2842 1199 3016 1253 eidem
3041 1205 3236 1268 gentes
3265 1196 3547 1265 supposuit
3573 1212 3587 1248 :

2027 1311 2045 1343 ι
2081 1293 2230 1346 Dato
2258 1292 2354 1346 tibi
2383 1299 2571 1363 gentes
2602 1289 2971 1344 bmreditatem
2998 1295 3166 1352 tuam,
3200 1294 3255 1341 et
3285 1284 3591 1356 possessiu-

2018 1400 2140 1437 nem
2182 1393 2329 1438 tuam
2364 1383 2626 1437 terminos
2648 1388 2809 1435 terrae
2837 1379 2903 1431 ".
2946 1398 2964 1430 ι

2090 1475 2142 1528 8.
2186 1472 2335 1526 Scito
2366 1474 2607 1541 insuper,
2631 1470 2816 1531 verba,
2855 1486 2871 1517 ι
2906 1468 3018 1536 Ego
3042 1472 3094 1519 et
3122 1464 3280 1519 Pater
3303 1478 3469 1515 unum
3497 1479 3592 1515 sn-

2020 1578 2143 1617 ntus
2170 1562 2237 1627 “,
2274 1580 2292 1611 ι
2331 1574 2674 1630 nequaquam
2725 1555 2847 1610 Filii
2881 1555 3217 1625 hypostasim
3266 1552 3586 1605 destruere:

2022 1670 2127 1708 una
2158 1662 2243 1707 est
2275 1651 2419 1707 enim
2482 1650 2729 1720 ipsorum
2764 1645 3097 1709 substantia,
3133 1660 3237 1697 una
3297 1642 3586 1705 sententia,

2023 1759 2131 1798 una
2165 1743 2438 1801 voluntas,
2473 1756 2582 1795 non
2621 1748 2798 1793 tamen
2834 1750 2944 1790 una
2966 1733 3302 1805 hypostasis.
3355 1730 3591 1785 Demon-

351 1842 446 1897 καὶ
469 1842 532 1894 ὲκ
557 1840 649 1893 τοῦ
693 1838 1010 1892 Ἀποστόλου
1058 1838 1140 1891 ὄτι
1192 1836 1255 1889 τὸ
1295 1836 1366 1889 ἓν
1387 1836 1488 1888 οὑκ
1525 1835 1638 1887 ἔστι
1669 1836 1799 1905 μιᾶς
1827 1835 1920 1886 καὶ

2038 1836 2286 1890 ιιιτιὶιὶῑιιι·
2346 1840 2525 1887 autem
2583 1831 2747 1885 etiam
2792 1845 2858 1883 ex
2915 1826 3217 1896 Apostolo,
3266 1822 3591 1876 vocabulum

351 1933 451 2003 τῆς
486 1932 657 2003 αὐτῆς
703 1930 1077 1993 ὑποστάσεως,
1114 1931 1193 1993 ὡς
1244 1929 1500 1991 πολλάκις
1535 1927 1808 1989 τάττεται,
1847 1927 1923 1987 ὡς

353 2023 445 2075 ἐπὶ
487 2021 581 2075 τοῦ
634 2021 952 2091 φυτεύοντος
993 2022 1086 2073 καὶ
1133 2019 1225 2073 τοῦ
1256 2019 1563 2083 ποτίζοντος
1603 2017 1735 2087 (il).
1772 2015 1846 2069 Τὸ
1878 2015 1921 2067 δ’

355 2114 803 2187 ὲπιμεριζόμενον
827 2113 996 2183 ὄνομα
1010 2113 1207 2183 διαιρεῖ
1226 2111 1325 2181 τὴν
1349 2109 1645 2164 ὑπόστασιν
1663 2124 1677 2137 ο
1710 2127 1728 2158 ι
1757 2106 1927 2159 Ἕκα-

359 2223 481 2270 στος
508 2205 563 2258 δὲ
589 2204 680 2257 τὸν
710 2203 837 2257 ῐδιον
892 2202 1080 2274 μισθὸν
1125 2201 1352 2273 λήψεται
1394 2200 1535 2253 κατά
1565 2198 1655 2252 τὸν
1688 2198 1817 2251 ἴδιον
1837 2198 1928 2249 κό-

359 2312 494 2349 πον·
527 2316 545 2348 ι
574 2295 744 2358 οὕτως
778 2293 928 2347 τὸέν
962 2294 1062 2347 οὐκ
1103 2290 1443 2364 ἀναιρετικὸν
1464 2291 1563 2361 τῆς
1585 2289 1776 2361 ἑτέρας
1800 2288 1930 2340 ὑπο-

360 2387 602 2449 στάσεως
625 2384 869 2456 ὑπάρχον
891 2382 1179 2455 νενοήσθω.
1208 2380 1519 2452 Μηδετέρου
1535 2379 1710 2432 τοίνυν
1725 2377 1928 2430 τούτων

358 2482 587 2554 ἀπᾴδειν
618 2480 869 2551 ἀλλήλοις·
892 2477 1374 2547 ἀποδεδειγμένων,
1405 2473 1540 2528 ἀλλὰ
1572 2488 1930 2543 συμπεφωνη-

360 2573 534 2626 κότων
564 2571 696 2644 πρὸς
712 2570 809 2642 τὴν
836 2569 1049 2624 εὐθεῖαν
1071 2569 1273 2632 πίστιν,
1290 2565 1535 2618 πέπαυσο
1549 2562 1620 2616 τά
1642 2560 1928 2616 Σαϐελλίου

361 2662 596 2735 φρονῶν,
646 2662 889 2715 ἐκκλινον
944 2659 1051 2714 ἀπὸ
1092 2656 1523 2730 κακοφροσύνης,
1575 2653 1671 2708 καὶ
1709 2652 1931 2723 ποίησον

360 2753 563 2821 ἀγαθὸν
591 2754 657 2823 τῇ
698 2750 925 2821 ἀληθεία
954 2749 1291 2821 πειθόμενος.
1327 2748 1505 2803 Ἰκανά
1530 2765 1614 2802 σοι
1643 2746 1738 2801 καὶ
1763 2744 1931 2798 ταῦτα

362 2844 502 2917 μόνα
529 2843 666 2915 πρὸς
692 2841 964 2907 ἀπόδειξιν
992 2840 1085 2895 τοῦ
1116 2840 1293 2911 φαῦλα
1322 2836 1562 2910 φρονεῖν.

426 3102 502 3159 θ’.
533 3104 670 3158 Ἴσθι
699 3120 789 3174 μοι
818 3105 910 3157 καὶ
939 3102 1004 3155 σὺ
1051 3096 1459 3171 Ἀρειομανίτην
1498 3094 1760 3164 Ἀχίλλιον
1798 3090 1932 3162 (12).

2023 1942 2183 1981 υηιιηι
2212 1923 2353 1978 haud
2377 1923 2595 1994 proprie
2615 1921 2721 1975 dici
2750 1920 2819 1974 de
2840 1933 2944 1972 una
2962 1917 3260 1984 eademque
3283 1910 3592 1983 bypostasi,

2024 2019 2170 2089 quod
2213 2031 2358 2087 saepe
2386 2013 2588 2079 evenit,
2621 2010 2788 2067 veluti
2844 2010 2911 2065 de
2939 2010 3218 2080 plantante
3247 2013 3302 2059 et
3353 2006 3588 2073 rigante.

2023 2107 2157 2161 Nam
2191 2104 2602 2161 distributivnm
2641 2102 2826 2171 potius
2848 2112 3044 2153 nomen
3078 2110 3267 2149 revera
3304 2106 3596 2163 personam

2026 2198 2334 2267 distinguit,
2370 2194 2537 2250 veluti
2568 2211 2582 2247 :
2612 2211 2631 2245 ι
2664 2189 3052 2260 Unusquisque
3096 2196 3275 2239 autem
3314 2183 3593 2254 propriam

2028 2288 2332 2344 mercedem
2389 2283 2621 2354 accipiet
2671 2281 2967 2336 secundum
3011 2293 3167 2332 suum
3219 2273 3545 2329 laborem“.
3574 2289 3595 2322 ι

2027 2380 2214 2450 Itaque
2249 2377 2569 2432 vocabulum
2600 2390 2763 2427 unum
2790 2387 2897 2426 non
2931 2372 3002 2424 ita
3046 2365 3454 2436 intelligendum
3494 2372 3597 2425 est,

2029 2480 2087 2524 ut
2121 2467 2454 2540 bypostasim
2489 2466 2711 2518 alteram
2747 2462 2994 2532 perimat.
3029 2459 3162 2511 (lum
3191 2470 3323 2526 ergo
3349 2462 3602 2508 neutram

2025 2576 2093 2615 es
2107 2560 2192 2614 his
2211 2558 2539 2613 locutionem
2567 2555 2802 2608 invicem
2832 2563 3142 2620 repugnare
3162 2547 3599 2601 demonstratum

2028 2651 2120 2715 sit,
2156 2651 2268 2704 imo
2298 2662 2429 2702 vero
2481 2652 2770 2714 utramque
2806 2642 2872 2694 ad
2921 2646 3125 2693 rectam
3158 2636 3315 2690 ﬁdem
3354 2649 3603 2689 asseren-

2031 2743 2157 2795 dam
2187 2740 2529 2809 conspirare,
2561 2737 2750 2789 omitte
2807 2731 3177 2786 Sabellianum
3210 2741 3475 2789 errorem,
3506 2723 3605 2776 ile-

2030 2833 2174 2887 clina
2209 2847 2241 2885 a
2265 2844 2437 2902 prava
2478 2825 2849 2891 sententia,et
2889 2822 2975 2876 fac
2998 2822 3199 2875 bonum
3236 2816 3450 2871 veritati
3485 2829 3607 2868 cre-

2031 2925 2190 2978 dens.
2220 2921 2345 2976 Haac
2369 2920 2466 2975 tibi
2492 2920 2575 2973 vel
2612 2917 2727 2971 sola
2770 2913 3041 2970 subiciant
3092 2910 3161 2963 ad
3219 2909 3607 2962 demonstran-

2033 3013 2165 3067 dum
2188 3020 2240 3066 te
2270 3023 2523 3081 perverse
2546 3008 2769 3063 sentire.

2110 3101 2164 3155 9.
2194 3098 2351 3153 Nunc
2375 3109 2431 3153 tu
2457 3110 2677 3167 quoque
2697 3109 2910 3149 meeum
2942 3092 3146 3147 Ariano
3176 3093 3393 3162 plenum
3420 3088 3609 3142 furore

363 3197 555 3251 Πίστιν
584 3196 643 3249 δὲ
668 3192 1017 3264 δυστυχηκὼς
1042 3191 1097 3245 τί
1125 3207 1256 3244 ποτε
1277 3186 1593 3244 καταλιπὼν
1616 3186 1713 3256 τὴν
1724 3183 1937 3237 εὐθεῖαν

2043 3190 2335 3246 Acbillium
2367 3201 2659 3259 cognosce.
2699 3185 2814 3240 Cur
2856 3195 2910 3238 tu
2946 3198 2977 3237 a
3009 3183 3113 3238 ﬁde
3144 3181 3443 3237 infeliciter
3475 3178 3611 3233 dell-

364 3290 482 3343 όδὸν
523 3289 665 3342 κατὰ
709 3286 818 3339 τῶν
842 3285 939 3356 τῆς
966 3284 1189 3354 ἀτιμίας
1213 3280 1308 3334 τοῦ
1349 3279 1480 3334 Υίοῦ
1508 3276 1793 3349 βαράθρων
1818 3274 1940 3345 ὲλήο

362 3380 557 3443 λακας,
582 3376 791 3450 ποίημα
817 3377 977 3432 αὐτὸν
1012 3376 1107 3430 καὶ
1136 3373 1415 3444 ἀλλότριον
1441 3370 1540 3440 τῆς
1566 3367 1659 3422 τοῦ
1688 3365 1823 3421 Θεοῦ
1852 3368 1942 3419 ού·-

364 3474 488 3535 σίας
520 3470 902 3540 ὑποτοπήσας;
939 3467 1051 3537 Οὐχ
1084 3466 1242 3519 ἱκανά
1268 3481 1349 3516 σοι
1378 3463 1513 3532 πρὸς
1549 3458 1822 3523 ἀπόδειξιν
1851 3456 1941 3511 τοῦ

367 3559 723 3633 γεγεννῆσθαι
746 3560 809 3611 ὲκ
829 3557 922 3610 τοῦ
953 3556 1163 3626 Πατρὸς
1192 3554 1287 3607 καὶ
1314 3553 1450 3623 μόνα
1475 3550 1545 3604 τὰ
1572 3549 1832 3619 ὀνόματα,
1857 3549 1943 3601 ὅτι

372 3655 533 3724 σοφία
562 3652 656 3706 καὶ
696 3650 919 3719 δύναμις
966 3645 1101 3700 Θεοῦ
1137 3644 1605 3716 προσηγόρευται;
1654 3640 1823 3708 Σοφία
1852 3639 1946 3692 καὶ

370 3746 601 3815 δύναμις
652 3742 734 3795 ὅτι
777 3737 1180 3809 ἀχειροποίητοι
1210 3735 1307 3805 μὲν
1350 3733 1446 3787 καὶ
1476 3732 1944 3787 ἀκατασκεύαστοι

372 3834 551 3900 οὖσαι,
606 3831 798 3906 ἀρεταὶ
860 3830 917 3883 δὲ
972 3828 1151 3899 ψυχῆς
1197 3825 1291 3879 καὶ
1323 3820 1511 3895 ὥσπερ
1553 3822 1824 3893 ἀποφοραὶ
1852 3819 1945 3873 νοῦ

375 3923 823 4000 ὑπερριζωμένου
871 3923 939 3992 τῇ
990 3921 1090 3990 τῆς
1142 3917 1335 3987 σοφίας
1366 3914 1591 3986 βλάστῃ.
1619 3914 1837 3976 πάντως
1881 3911 1947 3964 ἂν

379 4022 837 4083 συνεπινεύσειας.
865 4019 929 4071 El.
978 4016 1023 4070 δ’
1049 4015 1291 4068 ἔκτισται
1329 4014 1423 4066 καὶ
1449 4010 1877 4066 κατεσκεύασται
1913 4008 1947 4078 ἡ

379 4115 562 4184 σοφία,
604 4114 662 4165 ὲν
684 4110 790 4164 τίνι
813 4109 1010 4180 χρόνῳ,
1046 4105 1122 4169 ὡς
1162 4104 1318 4175 ἔφης,
1342 4106 1375 4173 ἠ
1407 4102 1605 4165 παντὸς
1634 4100 1826 4172 χρόνου
1858 4100 1950 4153 καὶ

378 4206 849 4279 δημιουργήματος
896 4198 1263 4272 πρεσϐυτάτη,
1309 4195 1584 4249 τούτέστιν
1621 4196 1649 4247 ό
1676 4192 1823 4254 Υἱὸς,
1850 4193 1951 4263 ὅρα

381 4302 459 4373 μή
497 4316 586 4371 μοι
610 4296 821 4365 δοκοίης
853 4291 1055 4364 ἀπᾷδόν
1098 4307 1192 4343 σου
1225 4290 1321 4359 τῆς
1369 4286 1597 4356 οἰήσεως
1641 4282 1952 4352 ἀποφαίνων

383 4393 465 4455 τὸ,
502 4411 521 4444 ι
562 4390 744 4460 Χωρ“ις
781 4385 944 4440 αὑτοῦ
984 4384 1197 4452 ἐγένετο
1242 4379 1361 4435 οὐδὲ
1401 4377 1481 4430 ἓν.
1510 4394 1529 4427 ι
1573 4376 1643 4428 Ἢ
1674 4376 1723 4427 εί
1750 4373 1953 4444 ταύτην

384 4483 690 4540 ἐκτίθεσθαι
714 4480 825 4550 (15)
857 4477 1041 4548 φαίης,
1073 4476 1165 4528 καὶ
1190 4471 1348 4525 τοῦτο
1369 4470 1500 4540 ἡμῖν
1522 4465 1822 4536 ἀναφανδὸν
1849 4464 1956 4516 δεί-

2042 3284 2217 3346 ciens,
2266 3287 2412 3335 recta
2459 3278 2545 3331 via
2592 3277 2886 3340 derelicta,
2925 3275 2982 3328 in
3032 3273 3288 3345 barathra
3324 3269 3612 3325 dedecoris

2042 3383 2235 3429 contra
2260 3369 2455 3426 Filium
2478 3368 2743 3430 incidisti,
2771 3366 3036 3422 facturam
3080 3364 3404 3421 existimans
3430 3362 3610 3431 ipsum

2043 3474 2098 3523 et
2133 3480 2162 3519 a
2193 3464 2284 3520 Dei
2323 3463 2630 3518 substantia
2681 3459 2958 3515 alienum?
2990 3456 3182 3513 Nonne
3215 3456 3313 3511 tibi
3350 3455 3484 3510 satis
3514 3453 3614 3507 de-

2045 3556 2424 3613 monstrabant
2450 3568 2573 3610 enm
2602 3552 2669 3607 de
2715 3551 2877 3605 Patre
2905 3565 3030 3605 esse
3076 3549 3351 3620 genitura,
3385 3546 3467 3600 vel
3501 3543 3616 3599 sola

2046 3649 2285 3712 nomina,
2316 3645 2459 3717 quod
2485 3659 2677 3714 nempe
2698 3643 2965 3713 sapientia
3004 3650 3058 3696 et
3094 3642 3272 3694 virtus
3300 3638 3389 3692 Dei
3431 3635 3619 3706 appel-

2047 3739 2409 3805 laturionod
2433 3746 2616 3793 autem
2657 3728 2927 3805 sapientia
2961 3743 3015 3788 et
3045 3733 3221 3786 virtus
3246 3745 3423 3799 neque
3455 3742 3618 3781 manu

2048 3847 2223 3900 neque
2245 3832 2353 3883 alio
2383 3830 2749 3883 instrumento
2774 3826 2925 3889 ﬁant,
2949 3823 3043 3879 sed
3075 3824 3270 3876 animae
3301 3820 3461 3874 dotes
3485 3819 3617 3878 sint.

2049 3934 2101 3980 ct
2116 3921 2268 3993 quasi
2295 3918 2505 3974 fructus
2529 3917 2749 3983 mentis,
2770 3918 2823 3970 in
2843 3913 3124 3985 sapientia:
3147 3912 3331 3982 stipite
3355 3910 3616 3970 fundatae,

2050 4016 2209 4085 plane
2239 4010 2567 4066 consenties.
2590 4007 2747 4075 Quod
2774 4007 2820 4062 si
2842 4014 3024 4061 creata
3044 4004 3146 4057 l‘uit
3169 4011 3223 4058 et
3243 4000 3509 4056 fabricata
3532 4015 3623 4054 sa-

2053 4105 2253 4177 pientia
2271 4103 2456 4172 aliquo
2483 4109 2746 4171 tempore,
2769 4108 2829 4153 ut
2847 4098 2948 4162 ais,
2969 4097 3059 4150 illa
3074 4111 3195 4166 quae
3210 4094 3356 4149 omni
3378 4104 3622 4162 tempore

2052 4205 2414 4263 creaturaque
2433 4191 2695 4247 vetustior
2710 4197 2815 4255 est,
2830 4202 3022 4256 nempe
3035 4184 3228 4249 Filius,
3249 4199 3382 4239 cave
3398 4198 3467 4238 ne
3485 4182 3624 4235 forte

2053 4286 2337 4340 dissonum
2364 4298 2395 4336 a
2429 4290 2522 4335 tua
2579 4280 2852 4335 sententia
2886 4277 3020 4331 illud
3057 4275 3413 4347 pronuntiare
3437 4273 3625 4326 Videa-

2056 4378 2153 4441 ris,
2189 4396 2208 4428 ι
2246 4377 2312 4429 Et
2332 4375 2452 4429 sine
2477 4373 2596 4443 ipso
2621 4371 2826 4426 factum
2858 4379 2943 4424 est
2964 4368 3186 4422 nihil".
3231 4385 3249 4419 ι
3282 4364 3379 4421 Vel
3407 4365 3451 4419 si
3486 4364 3626 4416 hanc

2058 4467 2365 4538 adoptivam
2406 4471 2587 4535 putas,
2619 4461 2780 4517 nobis
2816 4460 3105 4530 perspicue
3134 4458 3515 4523 demonstrare
3542 4453 3628 4507 ni-

848 4533 1176 4637 ,.tb;'-etépa
1210 4580 1293 4626 τις
1339 4533 1528 4629 ἂννείη
1559 4533 1717 4627 σοφία
1754 4555 1937 4627 ταύτης

2057 4533 2210 4622 titor,
2253 4533 2420 4609 aliam
2442 4554 2731 4622 quamdam
2753 4567 2879 4607 esse
2916 4549 3020 4604 hac
3040 4547 3428 4619 antiquiorem,
3450 4560 3481 4598 a
3520 4558 3625 4614 qua

386 4665 752 4742 πρεσϐυτέρα,
790 4662 857 4714 δι’
884 4656 952 4733 ἧς
984 4660 1018 4729 ὴ
1059 4655 1285 4726 δευτέρα
1315 4649 1764 4707 κατεσκεύασται.
1792 4648 1955 4700 Ἀνευ

384 4737 496 4831 γάρ
525 4757 714 4827 σοφίας
746 4754 1005 4807 ἀδύνατον
1040 4742 1543 4814 κατασκευασθῆναί
1572 4759 1641 4795 τι.
1680 4739 1782 4793 Διά
1805 4737 1961 4791 τοῦτο

388 4829 541 4922 παρά
566 4848 643 4919 τῷ
673 4845 849 4916 ιῖτιτρ)⁵
881 4845 916 4913 ἡ
963 4839 1124 4909 σοφία
1150 4836 1244 4889 καὶ
1278 4833 1617 4905 πρωτότοκος
1641 4830 1821 4899 πάσης
1847 4829 1962 4881 κτί-

390 4961 546 5007 σεως,
605 4941 691 4994 ἴνα
743 4938 808 4992 δι’
856 4934 1027 5003 αὑτῆς
1072 4931 1141 4985 τά
1170 4928 1348 4983 πάντα
1376 4924 1813 4995 κατασκευασθῇ.
1852 4922 1963 4975 Καὶ

391 5032 562 5099 Λόγος
600 5028 659 5082 δὲ
707 5024 1140 5099 προσηγόρευται
1186 5021 1215 5071 ὁ
1260 5016 1391 5079 Υἱὸς
1429 5015 1516 5068 ἶνα
1544 5014 1800 5083 γεννητὸς
1829 5012 1959 5066 ἀπο-

390 5124 594 5194 δειχθῇ,
634 5120 725 5173 καὶ⁸
758 5118 832 5189 μὴ
859 5114 1073 5177 κτιστὸς
1112 5109 1394 5180 ὑποληφθῇ
1414 5125 1429 5138 ·
1461 5107 1617 5175 λόγος
1647 5106 1755 5178 γὰρ
1784 5104 1962 5158 τίκτε-

390 5231 503 5279 ται,
528 5211 641 5265 ἀλλ*
664 5209 725 5261 ού
754 5208 1015 5271 κτίζεται,
1048 5202 1135 5256 διὰ
1180 5200 1441 5271 στόματος
1487 5198 1585 5267 μὲν
1618 5195 1961 5269 προφερόμεο

392 5324 504 5372 νος,
531 5306 596 5357 ὲκ
624 5300 846 5373 καρδίας
887 5298 944 5352 δὲ
985 5294 1321 5365 κινούμενος.
1354 5290 1415 5347 Ὀ
1465 5288 1652 5361 Πατὴρ
1694 5290 1964 5362 μαρτυρεῖ

2060 4650 2165 4705 ista
2197 4649 2367 4703 altera
2401 4647 2631 4701 formata
2682 4643 2870 4699 fuerit.
2895 4640 3030 4696 Nam
3063 4641 3184 4696 sine
3229 4638 3493 4708 sapientia
3524 4636 3630 4688 im-

2060 4739 2323 4810 possibile
2346 4736 2661 4808 estaliquid
2692 4734 2979 4792 fabricari.
2997 4733 3209 4786 Idcirco
3233 4728 3376 4798 apud
3412 4726 3631 4780 Patrem

2063 4830 2329 4900 sapientia
2357 4828 2720 4899 primogenita
2772 4826 2876 4880 fuit
2902 4824 3081 4878 omnis
3122 4832 3411 4880 creaturae,
3445 4824 3504 4871 ut
3535 4830 3634 4887 per

2063 4939 2186 4979 eam
2208 4932 2404 4977 cuncta
2428 4920 2786 4978 efﬁcerentur.
2817 4917 2884 4972 Et
2914 4916 3132 4987 quidem
3157 4913 3330 4968 Filius
3368 4910 3635 4965 vocabqu

2068 5014 2230 5071 Verbi
2271 5015 2575 5084 appellatus
2616 5022 2721 5078 est,
2766 5019 2824 5065 ut
2864 5010 3082 5079 genitus
3138 5006 3633 5061 demonstraretur,

2068 5124 2175 5163 non
2282 5115 2461 5161 autem
2555 5114 2776 5161 creatus
2870 5101 3301 5157 existimaretur.
3395 5092 3633 5149 Verbum

2065 5201 2211 5255 enim
2264 5201 2509 5271 paritur,
2554 5213 2663 5253 non
2705 5204 2947 5255 creatur,
3001 5208 3097 5247 ore
3157 5188 3379 5261 quidem
3439 5185 3627 5258 prola-

2069 5301 2219 5359 tum,
2269 5290 2364 5347 sed
2417 5305 2483 5345 ex
2532 5288 2696 5345 corde
2746 5287 3066 5343 excitatum.
3120 5280 3301 5338 Testis
3357 5278 3493 5333 mihi
3542 5277 3638 5331 Pa-

503 5467 546 5501 "
584 5464 605 5521 ι
638 5462 787 5517 Petr.
824 5474 895 5522 ιι,
924 5458 981 5512 9.
1056 5455 1123 5487 ³²¹
1169 5452 1332 5508 llebr.
1369 5468 1444 5514 ιι,
1485 5450 1567 5504 15.
1646 5450 1690 5480 ³⁸
1730 5448 1874 5504 Psal.
1912 5464 1937 5502 l‘

2038 5449 2075 5505 Β.
2155 5451 2198 5483 ³⁸
2232 5448 2391 5504 Joan.
2425 5466 2490 5512 ι,
2523 5449 2613 5504 '50.
2689 5448 2734 5479 "
2766 5445 2786 5499 l
2818 5444 2945 5500 Cor.
2977 5458 3080 5508 ιιι,
3111 5440 3163 5495 8.
3240 5438 3284 5470 ⁸⁸
3318 5435 3476 5493 Joan.
3510 5450 3551 5499 ι,
3581 5434 3634 5489 3.

468 5584 580 5656 (ll)
616 5579 684 5656 ὀ
717 5575 959 5656 φυτεύων
997 5573 1054 5628 δὲ
1084 5571 1251 5653 καίό
1281 5568 1518 5656 ποτίζων
1555 5566 1614 5619 ἓν
1647 5570 1816 5656 sict?"
1847 5566 1971 5656 "Oli
2076 5569 2251 5656 seu!

401 5636 578 5713 autem,
630 5636 869 5721 plantat,
909 5654 960 5698 et
1012 5644 1100 5715 qui
1155 5643 1314 5711 rigat,
1371 5656 1534 5693 unum
1574 5648 1695 5691 sunt
1759 5636 1806 5706 (1
1844 5639 1967 5691 Cor.

402 5725 689 5866 "iligna
708 5791 830 5848 cod.
860 5795 1055 5857 quarto
1103 5783 1154 5837 in
1205 5796 1356 5837 casu.
1399 5781 1614 5851 Alioqui
1661 5778 1967 5834 existimas-

2256 5562 2891 5640 yssenumapostropben
2916 5558 2982 5639 ad
3006 5552 3531 5640 Achilliumltacerg.

2149 5618 2906 5711 illi);ita-coderuanqnam
2952 5630 3006 5682 in
3052 5623 3408 5711 sequentibus
3460 5618 3639 5673 adhuc

2076 5697 2354 5768 dect-cata
2386 5697 2653 5779 sapientia
2685 5697 2865 5761 sermo
2890 5714 3012 5757 esse
3053 5697 3286 5751 videtur.
