4020 6498
464 383 604 443 1295

1641 402 1699 459 S.
1740 403 2064 462 GREGORII
2102 404 2394 463 NYSSENI

3562 410 3697 468 [236

461 512 545 561 ter
598 507 690 576 qui
736 507 853 563 ait:
907 528 926 561 ‹
960 508 1237 569 Eructavit
1273 532 1367 572 cor
1426 535 1605 575 meum
1651 523 1874 578 verbum
1928 524 2009 578 bo‘

2129 542 2217 595 μοι
2245 526 2418 593 λέγων
2445 544 2457 557 ο
2496 546 2514 579 ι
2557 527 2908 599 Ἐξηρεύξατο
2959 532 2992 601 ή
3032 529 3223 603 καρδία
3249 547 3349 602 μου
3378 532 3533 599 λόγον
3557 535 3700 597 ἀγαμ-

461 612 591 651 num
626 600 691 652 δ’.
732 619 751 650 ι
784 600 1096 658 Confitetur
1129 608 1338 675 pariter
1367 608 1579 667 Filius:
1615 633 1633 664 ‹
1674 613 1787 685 Ego
1824 632 1890 670 ex
1931 632 2026 673 ore

460 690 724 746 Altissimi
748 695 957 763 prodivi
979 698 1044 750 δ’.
1084 718 1102 750 ι
1134 698 1421 765 Quomodo
1459 720 1590 775 ergo
1621 723 1773 763 utens
1804 718 1894 771 tua
1917 710 2025 765 tale

460 787 779 852 tantumque
801 785 1041 841 audacia:
1063 791 1274 858 pondus
1300 794 1551 859 sustinet,
1583 805 1639 850 ut
1660 797 1855 852 Filium
1876 816 2027 855 crea-

460 877 635 926 turam
670 889 791 931 esse
820 878 1112 947 opinetur?

532 964 615 1019 lO.
650 964 864 1023 Audisti
917 976 1197 1039 superiora
1257 973 1323 1029 de
1361 974 1519 1043 Filio,
1582 979 1709 1035 audi
1774 981 1888 1051 jam
1939 1000 2025 1039 se-

455 1058 700 1125 quentia,
733 1076 924 1131 nempe
957 1065 1099 1133 quod
1134 1067 1356 1121 verbum
1389 1080 1502 1123 erat
1536 1071 1853 1143 imperfecto
1888 1084 2023 1130 tem-

456 1163 588 1217 pore
637 1148 869 1215 dictum,
927 1157 1249 1213 aeternitatis
1306 1159 1469 1215 habet
1522 1164 2020 1233 signiﬁcationem:

2126 617 2235 670 θόν.
2267 637 2285 668 ι
2328 618 2682 689 Συνομολογεῖ
2713 622 2807 674 καὶ
2844 623 2875 674 ό
2906 622 3032 686 Υίός
3052 641 3064 653 ο
3114 641 3133 675 ι
3173 624 3313 693 Ἐγὼ
3336 625 3401 678 ὲκ
3429 625 3697 696 στόματος

2137 712 2389 782 Ὑψίστου
2428 712 2648 783 ἐξῆλθον
2674 714 2786 785 (14)
2812 753 2825 769 .
2864 733 2883 766 ι
2919 714 3042 779 Πῶς
3075 716 3272 786 ἤνεγκέ
3305 735 3397 771 σου
3426 719 3461 789 ὴ
3484 719 3698 774 διάνοια

2124 806 2185 859 τὸ
2209 805 2518 875 τηλικοῦτον
2571 805 2735 877 ἄχθος
2762 807 2853 860 τοῦ
2887 806 3252 878 τολμήματος,
3293 809 3503 880 ποίημα
3530 810 3699 865 αὑτὸν

2125 898 2451 968 ὑπειληφυῖα
2473 916 2488 965 ;

2198 990 2248 1045 ι’.
2307 992 2570 1063 Ἀκήκοας
2614 991 2723 1045 τῶν
2768 991 3170 1062 προειληφότων
3218 993 3348 1063 περὶ
3392 992 3484 1047 τοῦ
3536 994 3696 1059 Υίοῦ,

2124 1082 2287 1136 ἄκουε
2315 1083 2377 1153 δὴ
2408 1085 2500 1137 καὶ
2526 1084 2619 1139 τοῦ
2646 1085 2741 1139 νῦν
2773 1086 3109 1150 ἐπελθόντος,
3134 1086 3209 1151 ὼς
3238 1088 3300 1140 τὸ
3322 1083 3400 1156 ἦν
3424 1090 3482 1140 ὲν
3515 1106 3702 1158 παρα-

2122 1174 2327 1244 τατικῷ
2353 1176 2527 1247 χρόνῳ
2549 1176 2794 1247 κείμενον
2815 1178 3113 1249 ἀῖδιότητος
3138 1179 3250 1249 ἔχει
3275 1180 3371 1250 τὴν
3395 1182 3695 1251 σημασίαν’

462 1257 480 1289 ι
522 1238 577 1293 ln
612 1242 878 1313 principio
915 1257 1032 1302 erat
1077 1247 1313 1306 Verbum
1345 1254 1411 1308 ⁸⁸⁸.
1462 1274 1481 1307 r
1520 1256 1611 1312 Dei
1647 1274 1777 1314 vero
1820 1261 2009 1331 princi-

2130 1284 2147 1317 ι
2200 1238 2463 1339 Ἐνϋάρχῇ
2498 1238 2565 1339 ἦν
2608 1238 2649 1322 ὁ.
2666 1269 2857 1337 Λόγος.
2914 1289 2932 1322 ι
2996 1238 3259 1341 ’λρξὴῃδὲ
3309 1238 3697 1343 Θεοῦηάνθρω·

454 1332 603 1403 pium
639 1336 844 1391 nullum
892 1339 1126 1394 humana
1170 1358 1327 1399 mens
1379 1346 1665 1417 imaginari
1714 1360 1909 1421 potest.
1939 1353 2009 1407 ld-

2126 1358 2261 1427 πίνῳ
2284 1332 2921 1431 λόνωτοὺτκατείληπται.
2954 1332 3236 1415 Διά-τὸὺτο
3264 1362 3348 1433 δὴ,
3380 1364 3455 1427 ὠς
3482 1365 3542 1416 ὲν
3576 1332 3696 1427 τοῖς

455 1424 625 1487 circo,
654 1434 715 1479 ut
746 1426 799 1480 in
837 1430 1267 1497 praecedentibus
1298 1436 1555 1502 diximus,
1585 1440 1723 1495 hanc
1753 1447 2009 1500 sermonis

2123 1424 2429 1521 ἔμπροσθεν
2465 1424 2786 1525 εἰρήκαμεν,
2819 1454 2847 1506 ὃ
2877 1454 2941 1523 δή
2975 1468 3106 1507 ποτε
3139 1424 3490 1525 μέρος-λόγου
3520 1424 3695 1510 τὲθειλ

454 1518 779 1584 particulam
815 1536 845 1574 a
898 1537 1052 1577 sacra
1104 1522 1387 1596 Scriptura
1446 1531 1765 1597 adhibitam,
1831 1552 2009 1607 nempe

2122 1518 2265 1613 κένῆ
2294 1544 2502 1615 Γραφὴ,
2519 1518 2589 1598 ’τὸ
2698 1544 2855 1615 ἀρχῇ
2874 1518 2981 1599 νόει
3008 1564 3097 1616 μοι
3119 1518 3291 1618 ἀρέὴν
3316 1518 3499 1619 θεῖκὴν
3523 1548 3695 1601 ἀΐδιον

454 1609 508 1660 in
541 1610 797 1680 principio
838 1613 923 1669 fac
948 1616 1221 1688 intelligas
1250 1620 1576 1691 principium
1608 1625 1852 1682 divinum
1876 1631 2009 1699 quod

2122 1609 2305 1689 οὖσαν.
2326 1609 2535 1688 ’Ϋαὺτοῦ
2564 1635 2622 1688 δέ
2648 1609 3171 1707 μαντικὸν
3304 1637 3365 1691 τὸ
3510 1639 3584 1691 Τὸ
3606 1639 3693 1701 δὲ,

451 1709 713 1756 aeternum
756 1706 845 1759 sit.
877 1706 1020 1761 ldem
1039 1725 1169 1764 vero
1198 1712 1493 1781 signiﬁcari
1521 1717 1771 1771 existima
1794 1720 1956 1774 etiam
1990 1735 2009 1773 a

2122 1726 2155 1777 ό
2185 1726 2393 1794 Λόγος,
2425 1726 2523 1796 τὴν
2546 1724 2826 1795 όμοοὺσιον
2855 1725 3146 1779 ὑπόστασιν
3177 1726 3312 1798 πρὸς
3348 1706 3439 1780 τὸν
3471 1728 3698 1797 Πατέρα

449 1792 620 1847 verbo
638 1804 771 1848 erat.
794 1796 1033 1868 Denique
1061 1802 1382 1857 vocabulum
1411 1804 1633 1860 Verbum
1657 1811 2009 1867 consubstan-

2121 1792 2357 1870 δείκνυσι
2374 1833 2387 1846 ⁸
2421 1792 2508 1870 ἴνα
2532 1792 2591 1868 δέ
2620 1815 2695 1886 μὴ
2721 1814 2967 1886 δοκῶμεν
2998 1816 3089 1868 τὸν
3117 1792 3244 1870 Υίὸν
3268 1811 3406 1871 εἶναί
3434 1834 3563 1870 ποτε
3598 1792 3697 1871 ore

456 1885 636 1939 tialem
679 1886 824 1943 Patri
859 1890 1193 1961 hypostasim
1240 1896 1480 1953 declarat
1509 1917 1524 1953 :
1562 1916 1629 1956 ne
1657 1913 1833 1958 autem
1862 1913 2009 1974 pute«

2122 1909 2333 1980 ἀφανὴς
2376 1905 2443 1979 ἦν
2476 1910 2532 1961 ὲν
2576 1908 2654 1978 τῷ
2686 1885 2878 1979 Πατρῖ
2909 1909 3315 1980 κρυπτόμενος,
3366 1911 3457 1964 καὶ
3489 1912 3574 1964 ἵνα
3612 1913 3693 1982 μὴ

449 1992 573 2031 mus
641 1977 837 2033 Filium
894 1982 1186 2053 aliquando
1254 1985 1425 2045 fuisse
1473 1992 1773 2059 occultum,
1825 2011 1923 2051 ceu
1965 1997 2009 2051 in

2123 1977 2456 2070 προφορικὸν
2506 1977 2662 2068 λόγον
2712 1977 3155 2054 καὶ-ἐνδιάθετον
3193 1977 3690 2072 ὑπολαμϐάνωμεν,

446 2065 607 2123 Patre
635 2069 929 2139 latentem;
962 2090 1138 2145 neque
1181 2079 1453 2146 prolatum
1493 2081 1755 2149 Verbum,
1809 2086 1901 2142 sed
1934 2104 2009 2145 re-

2120 2065 2377 2160 (τὸν-γάρ
2414 2065 2601 2142 τοῦτον
2630 2089 2805 2158 Λόγον
2833 2090 2889 2143 ὲν
2919 2091 3025 2144 τίνι
3055 2086 3192 2144 εἶναι
3220 2092 3326 2163 χρὴ
3360 2065 3535 2165 ἐννοίᾳ
3631 2097 3692 2147 ὲν

448 2161 728 2216 conditum
758 2164 1154 2233 existimemus,
1188 2169 1445 2241 (namque
1480 2174 1749 2243 ejusmodi
1784 2176 2009 2235 Verbum

2118 2181 2424 2251 γράμματι,
2461 2180 2581 2234 καθ’
2617 2182 2806 2235 ἑαυτὸν
2835 2182 3132 2236 ὑπόστασιν
3160 2161 3268 2237 οὑκ
3290 2161 3479 2255 ἔχοντα
3499 2161 3558 2257 ξ)
3587 2161 3693 2240 διὰ

447 2254 722 2321 quomodo
750 2257 977 2326 cogitari
998 2271 1163 2327 queat
1206 2270 1299 2316 aut
1320 2263 1579 2333 describi,
1601 2267 1870 2338 siquidem
1907 2287 2009 2326 non

2115 2272 2287 2325 ταῦτα
2316 2272 2504 2342 εἴρηκε
2534 2273 2628 2327 καὶ
2653 2276 2683 2327 ό
2716 2274 2984 2345 Ἰωάννης,
3008 2277 3157 2330 [Καὶ
3177 2278 3205 2330 ό
3227 2254 3398 2345 Λόγος
3421 2272 3511 2347 ἦν,
3585 2281 3690 2333 οὑκ

449 2345 611 2401 habet
656 2363 752 2416 per
785 2364 844 2403 se
873 2349 1251 2420 hypostasim?
1281 2355 1299 2421 )
1330 2357 1538 2413 idcirco
1582 2360 1659 2415 ait
1727 2359 1966 2419 Joannes
2000 2381 2014 2418 :

452 2454 472 2485 ι
509 2434 575 2489 Et
599 2436 835 2493 Verbum
858 2449 995 2507 erat,
1021 2461 1039 2494 ι
1066 2459 1173 2498 non
1196 2446 1251 2499 in
1277 2446 1405 2512 Deo,
1438 2450 1529 2505 sed
1561 2469 1580 2502 ‹
1604 2453 1747 2522 apud
1775 2452 1941 2509 Deum
1962 2474 2011 2511 τι

448 2528 724 2595 propriam
751 2530 1087 2601 hypostasim
1119 2534 1462 2602 describens,
1494 2556 1615 2610 quae
1656 2543 1713 2597 in
1743 2541 1923 2601 Verbo
1948 2562 2014 2602 ex

444 2626 671 2686 paterna
701 2622 1010 2679 substantia
1040 2628 1314 2684 subsistit.
1347 2630 1524 2687 Simili
1555 2635 1737 2700 modo,
1784 2652 1853 2692 ne
1881 2640 2014 2694 arti-

446 2708 641 2765 ﬁcialis
710 2712 978 2780 sapientia
1045 2716 1400 2787 intelligatur,
1457 2737 1579 2791 quae
1635 2724 2010 2782 exsistentiam

444 2814 599 2853 suam
637 2801 691 2855 in
733 2816 794 2857 re
832 2804 1012 2873 aliqua
1056 2807 1273 2872 haheat,
1306 2810 1421 2867 sive
1452 2813 1672 2869 homine
1713 2817 1829 2872 sive
1858 2834 2013 2874 crea-

444 2897 564 2943 tura
581 2891 710 2956 alia,
734 2893 889 2958 dixit,
913 2894 1043 2951 Erat
1061 2898 1204 2967 apud
1225 2898 1411 2964 Deum,
1437 2911 1495 2957 ut
1512 2906 1843 2974 Intelligatur
1866 2910 2012 2965 Deus

440 2996 507 3035 ex
548 2979 659 3036 Deo
695 2983 988 3039 exsistens.
1035 2987 1262 3058 Insuper
1317 2992 1737 3061 appellationem
1791 3012 2011 3068 quoque

443 3070 694 3139 sumpsit,
727 3072 981 3128 videlicet
1017 3093 1032 3131 :
1069 3074 1137 3129 Et
1166 3076 1305 3132 Deus
1334 3089 1447 3133 erat
1485 3079 1727 3136 Verbum.
1758 3083 1900 3143 Deus
1927 3097 2011 3144 est

442 3170 645 3227 autem,
680 3164 775 3233 qui
808 3164 1026 3221 initium
1076 3184 1187 3224 non
1231 3170 1422 3238 habet;
1478 3174 1686 3245 alioqui
1718 3192 1827 3232 non
1863 3190 2007 3235 esset

441 3251 619 3317 Deus;
654 3268 816 3324 quam
840 3272 956 3312 rem
991 3257 1136 3314 haud
1173 3276 1272 3316 nos
1302 3265 1701 3331 tantummodo,
1726 3268 1821 3323 sed
1842 3270 2006 3324 etiam

441 3340 753 3413 philosophi
785 3352 960 3400 ratam
989 3346 1210 3414 habent,
1242 3351 1444 3420 quibus
1490 3368 1599 3409 non
1649 3363 1702 3411 te
1734 3356 1892 3413 decet
1922 3359 2012 3416 de-

440 3431 698 3489 teriorem
729 3435 879 3492 circa
906 3435 1078 3493 Deum
1117 3454 1309 3510 gerere
1342 3445 1692 3501 sententiam.

513 3586 600 3641 ll.
659 3584 733 3642 Ut
796 3600 975 3645 autem
1025 3592 1374 3652 crederemus
1441 3598 1830 3657 subsistentem
1887 3618 2010 3660 esse

442 3673 633 3741 Deum,
669 3691 795 3731 eum
826 3678 1035 3735 scilicet
1062 3681 1130 3738 de
1166 3699 1225 3739 se
1254 3693 1467 3752 natum,
1507 3689 1799 3746 humanam
1829 3692 2007 3749 eidem

440 3765 666 3836 figuram
713 3766 839 3823 fecit
869 3767 1052 3835 Pater,
1097 3788 1264 3830 carne
1295 3777 1776 3851 circumscribens,
1819 3795 1878 3839 ut
1906 3785 2010 3841 hu-

440 3859 618 3913 manis
652 3859 934 3918 obtutibus
964 3863 1160 3922 Filium
1190 3867 1470 3939 objiceret.
1489 3866 1644 3930 Nune
1672 3893 1838 3948 quum
1866 3881 2007 3936 scias

440 3947 619 4019 ipsum
658 3967 845 4008 revera
886 3955 1274 4015 subsistentem
1311 3978 1431 4020 esse
1471 3962 1660 4034 Deum,
1697 3947 1833 4025 cave
1872 3972 2007 4025 ima-

444 4039 649 4107 ginet-is
684 4043 1010 4103 deteriorem
1042 4065 1164 4106 esse
1195 4063 1284 4108 aut
1312 4055 1602 4122 minorem,
1636 4061 1763 4128 quia
1790 4062 1837 4117 is
1863 4062 2008 4119 dixe-

444 4129 516 4183 rit
550 4148 563 4185 :
595 4151 612 4182 ε
647 4132 750 4198 Qui
775 4136 921 4192 misit
954 4154 1039 4195 me
1070 4140 1250 4208 Pater,
1272 4143 1447 4215 major
1473 4164 1557 4203 me
1578 4157 1663 4204 est
1696 4150 1759 4206 ³⁸.
1799 4170 1818 4204 ι
1852 4152 2008 4208 Nam-

441 4238 545 4291 que
608 4224 836 4282 decebat
885 4228 1062 4300 ipsum
1120 4232 1393 4290 hominem
1451 4236 1677 4307 factum,
1744 4244 2006 4302 modestis

439 4315 786 4370 sermonibus
832 4320 1253 4387 magnitudinem
1297 4340 1450 4380 suam
1485 4330 1813 4398 patefacere.
1861 4332 2007 4405 Ipse-

438 4411 549 4457 met
576 4405 720 4459 enim
746 4407 993 4466 dixerat:
1026 4431 1043 4463 ι
1086 4412 1294 4470 Laudet
1320 4425 1372 4473 te
1393 4420 1703 4489 proximus,
1737 4434 1790 4479 et
1817 4442 1921 4483 non
1943 4444 2006 4484 os

439 4506 594 4550 tuum
631 4496 695 4549 “.
737 4516 755 4550 ι
796 4497 1005 4555 Etenim
1060 4506 1248 4574 quidni
1296 4510 1581 4578 oportebat
1622 4513 1900 4572 humiliter
1944 4536 2004 4575 se

437 4586 623 4641 dicere
661 4586 929 4644 minorem
984 4590 1144 4650 Patre
1200 4596 1676 4673 incircumscripto
1726 4614 1779 4661 et
1817 4610 2001 4666 omnia

437 4677 766 4747 complente,
791 4695 913 4735 eum
938 4683 1029 4753 qui
1055 4692 1186 4739 tunc
1206 4697 1321 4741 erat
1339 4704 1503 4746 carne
1523 4694 2001 4769 circumscriptus,

437 4773 491 4819 et
537 4766 763 4823 humani
796 4771 948 4828 visus
986 4775 1206 4830 modulo
1231 4777 1527 4836 deﬁnitus?
1570 4783 1797 4857 Insuper
1828 4766 1999 4854 illum.

438 4857 531 4926 qui
577 4858 684 4913 sibi
724 4875 891 4917 causa
924 4863 1219 4921 exsistendi
1251 4865 1469 4937 fuisset,
1512 4877 1784 4944 appellare
1833 4883 2005 4952 majo-

438 4967 575 5018 rem,
608 4970 719 5008 non
770 4957 1103 5014 abhorrebat
1150 4976 1182 5015 a
1224 4964 1473 5018 veritate.
1536 4963 1670 5022 Nam
1710 4970 1817 5027 nisi
1860 4971 2004 5029 Deus

436 5047 761 5108 exstitisset,
803 5048 1026 5104 ubinam
1064 5051 1368 5120 sapientia?
1394 5052 1458 5107 Et
1481 5056 1584 5111 nisi
1604 5057 1762 5113 Pater
1792 5060 2003 5129 fuisset,

438 5137 658 5192 ubinam
695 5138 912 5197 Filius?
951 5140 1070 5196 Jam
1107 5160 1318 5199 mecum
1350 5145 1603 5214 observa,
1655 5149 1853 5207 Filium
1887 5156 2006 5211 ubi-

2115 2364 2174 2418 ὲν
2202 2363 2277 2434 τῷ
2302 2365 2438 2435 Θεῷ,
2472 2365 2607 2419 ἀλλά
2640 2384 2661 2417 ί
2693 2366 2827 2436 πρὸς
2854 2368 2944 2422 τὸν
2971 2368 3125 2433 Θεὸν,
3164 2388 3185 2421 ι
3224 2369 3357 2423 ίδίαν
3389 2372 3687 2425 ὑπόστασιν

2115 2453 2433 2524 ἐπιγράφων
2454 2454 2532 2525 τῷ
2560 2456 2716 2525 Λόγῳ
2738 2458 2802 2509 ὲκ
2828 2459 3098 2529 πατρικῆς
3127 2458 3314 2522 οὑσίας
3345 2459 3684 2529 ὑφεστῶσαν.

2115 2546 2218 2599 Τὸν
2238 2546 2399 2601 αὑτὸν
2420 2548 2616 2618 τρόπον
2644 2550 2736 2602 καὶ
2760 2550 2847 2603 ἵνα
2876 2550 2949 2621 μὴ
2978 2555 3148 2603 νοοῖτο
3171 2551 3332 2621 σοφία
3353 2553 3386 2621 ἡ
3409 2570 3686 2623 τεχνιτευ-

2112 2638 2256 2710 τικὴ,
2289 2641 2322 2711 ἡ
2357 2639 2417 2693 τὸ
2444 2636 2581 2695 εἶναι
2610 2640 2667 2693 ἔν
2693 2658 2799 2695 τινι
2826 2641 3025 2712 ἔχουσα
3045 2642 3078 2705 ἢ
3102 2644 3161 2697 ὲν
3187 2644 3341 2715 ἀνδρὶ
3364 2644 3396 2715 ἢ
3426 2646 3484 2698 ἐν
3514 2661 3686 2698 κατα-

2114 2731 2470 2803 σκευάσματι,
2504 2729 2869 2804 εἴρηκεν,Ἶ1ν
2897 2733 3047 2801 πρὸς
3074 2735 3181 2789 τὸν
3200 2734 3365 2797 Θεὸν,
3402 2736 3487 2789 ἵνα
3515 2736 3681 2808 νοηθῇ

2110 2822 2240 2886 Θεὸς
2276 2824 2340 2876 ὲκ
2378 2822 2513 2876 Θεοῦ
2543 2824 2821 2894 ὑπάρχων.
2862 2825 3005 2897 Πρὸς
3043 2826 3122 2889 δὲ,
3156 2827 3247 2880 καὶ
3275 2828 3374 2898 τὴν
3414 2844 3686 2899 προσηγο-

2113 2914 2233 2985 ρίαν
2278 2915 2490 2985 ετληχε·
2526 2915 2635 2969 Καὶ
2682 2915 2827 2980 Θεὸς
2862 2912 2940 2987 ἦν
2984 2920 3017 2970 ὁ
3062 2917 3284 2987 Λόγος·
3328 2916 3457 2981 Θεὸς
3486 2918 3541 2971 δὲ
3570 2919 3599 2972 ὃ
3627 2935 3683 2971 τι

2109 3004 2282 3077 ἀρχὴν
2313 3007 2410 3060 οὑκ
2444 3006 2509 3061 ἂν
2547 3007 2690 3077 ἔχοιο
2726 3008 2848 3061 ἐπεὶ
2877 3008 2976 3062 οὑκ
3020 3008 3086 3062 ἂν
3127 3010 3211 3079 εἴη
3256 3009 3417 3073 Θεός’
3452 3010 3587 3081 ὅπερ
3615 3011 3677 3062 οὑ

2113 3099 2269 3169 μόνον
2293 3101 2474 3169 ἡμεῖς,
2496 3099 2631 3153 ἀλλά
2660 3099 2753 3153 καὶ
2775 3098 3079 3170 φιλοσόφων
3108 3101 3293 3164 παῖδες
3314 3100 3676 3166 θεσπίζουσιν,

2112 3183 2186 3243 ὧν
2212 3190 2272 3243 οὑ
2316 3191 2559 3262 προσῆκέ
2595 3208 2652 3244 σε
2691 3191 2888 3262 ἥττονα
2926 3190 3025 3261 τὴν
3052 3192 3195 3245 κατά
3220 3192 3350 3245 Θεὸν
3382 3191 3680 3261 κεκτῆσθαι

2110 3293 2329 3345 γνωσιν.

2180 3598 2268 3645 ια’.
2311 3592 2428 3645 Ἵνα
2463 3591 2520 3644 δὲ
2568 3590 2908 3659 πιστεύωμεν
2958 3590 3120 3645 αὑτὸν
3170 3589 3464 3660 ὑφεστάναι
3506 3589 3672 3654 Θεὸν,

2108 3684 2269 3738 αὑτὸν
2296 3684 2425 3738 ὄντα
2452 3684 2510 3749 ἐξ
2541 3683 2755 3748 ἑαυτοῦ,
2787 3683 3107 3755 ὲμόρφωσεν
3138 3683 3297 3738 αὑτὸν
3324 3682 3676 3753 ἀνθρωπίνως

2106 3778 2135 3830 ὁ
2160 3775 2369 3848 Πατὴρ,
2406 3776 2566 3849 σαρκὶ
2600 3775 2761 3830 αὑτὸν
2790 3775 3131 3847 περιγράψας
3152 3815 3166 3839 ,
3197 3776 3281 3829 ἴνα
3309 3774 3676 3846 ἀνθρωπίναις

2106 3868 2291 3939 ὕψεσιν
2314 3869 2587 3942 ὲμφανίσῃ
2617 3868 2764 3921 Υἱόν.
2808 3868 2917 3922 Καὶ
2946 3868 3075 3921 Θεὸν
3107 3868 3233 3921 ὄντα
3259 3865 3414 3930 εἰδὼς
3444 3867 3675 3935 ὑφεστά-

2108 3979 2216 4025 ναι,
2266 3962 2339 4032 μή
2382 3979 2470 4032 μοι
2518 3960 2826 4031 φαντασθῇς
2870 3959 3243 4031 εὐτελέστερον
3287 3959 3320 4029 ἦ
3358 3958 3672 4027 μικρότερον

2106 4052 2195 4105 τὸν
2228 4051 2374 4119 Υίὸν,
2400 4052 2475 4123 τῷ
2499 4052 2797 4124 εἰρηκέναι,
2828 4071 2844 4101 ι
2894 4051 2954 4103 ὐ
2989 4050 3208 4120 πέμψας
3236 4066 3302 4119 με
3342 4048 3526 4119 Πατὴρ
3557 4047 3672 4118 μεί-

2107 4143 2214 4209 ζων
2258 4161 2358 4214 μου
2402 4143 2569 4197 ἐστίν.
2619 4162 2637 4194 ι
2682 4142 2827 4196 Ἔδει
2875 4141 2982 4213 γὰρ
3028 4142 3188 4196 αὑτὸν
3226 4136 3670 4212 ἐνανθρωποῦντα

2105 4236 2486 4308 ταπεινόφροσι
2530 4234 2709 4304 λόγοις
2753 4234 3037 4306 ἐμφαίνειν
3080 4233 3140 4287 τὸ
3179 4231 3371 4286 ἑαυτοῦ
3421 4229 3665 4301 μέγεθος.

2104 4326 2273 4389 Αὐτὸς
2293 4326 2479 4397 εἴρηκε
2499 4341 2511 4352 ’
2542 4344 2561 4375 ‹
2598 4325 2915 4377 Ἐπαινείτω
2944 4340 3001 4375 σε
3023 4324 3051 4374 ὁ
3081 4322 3269 4385 πέλας,
3292 4320 3387 4374 καὶ
3410 4320 3482 4390 μὴ
3503 4317 3561 4372 τὸ
3579 4318 3670 4371 σὸν

2106 4420 2296 4489 στόμα.
2330 4438 2349 4470 ι
2385 4416 2450 4470 Τί
2477 4416 2584 4488 γὰρ
2609 4417 2709 4470 οὑκ
2758 4416 2862 4469 ἔδει
2907 4413 3445 4486 ταπεινοφρονοῦψτα,
3474 4414 3668 4482 ἥττονα

2104 4508 2198 4563 τοῦ
2238 4508 2447 4580 Πατρὸς
2478 4507 2663 4561 ἑαυτὸν
2697 4506 3110 4569 ἀποδεικνύναι,
3139 4504 3234 4559 τοῦ
3260 4503 3667 4575 ἀπεριγράπτου

2107 4601 2201 4653 καὶ
2227 4600 2295 4653 τὰ
2324 4600 2500 4652 πάντα
2528 4596 2882 4669 πληροῦντος,
2920 4596 3008 4650 τὸν
3036 4596 3173 4660 τέως
3214 4596 3376 4667 σαρκὶ
3408 4610 3669 4665 περιγρα-

2103 4695 2333 4765 φόμενον
2383 4693 2477 4746 καὶ
2509 4691 2695 4761 ὄψεσιν
2741 4690 3109 4785 ἀνθρωπίναις
3158 4688 3554 4785 μετροὺμενον;
3592 4685 3666 4785 Οὑ

2106 4784 2211 4856 μὴν
2242 4783 2377 4839 ἀλλὰ
2402 4783 2496 4837 καὶ
2516 4782 2579 4835 τὸ
2608 4782 2698 4834 τὸν
2726 4781 2898 4835 αἴτιον
2939 4781 3030 4834 τοῦ
3058 4775 3196 4833 εἶναι
3232 4779 3450 4851 μείζονα
3482 4775 3668 4830 ἑαυτοῦ

2102 4877 2419 4942 ἀποκαλεῖν,
2451 4876 2549 4930 οὑκ
2593 4874 2872 4946 ἀλλότριον
2911 4872 3165 4944 ἀληθείας
3198 4873 3329 4943 (15).
3359 4872 3420 4923 Εἰ
3462 4870 3535 4940 μὴ
3562 4868 3671 4938 γὰρ

2103 4972 2255 5036 Θεὸς,
2282 4970 2382 5024 ποῦ
2414 4972 2448 5040 ὴ
2486 4968 2680 5037 σοφία;
2712 4967 2822 5021 Καὶ
2848 4968 2896 5020 εἰ
2927 4967 3052 5038 μὴὸ
3086 4966 3292 5037 Πατὴρ,
3322 4963 3423 5017 ποῦ
3453 4966 3480 5017 ό
3512 4962 3669 5027 Υίόςς

2113 5065 2257 5135 Ὅρα
2289 5062 2353 5133 δή
2391 5079 2479 5132 μοι
2513 5059 2688 5131 πάντη
2728 5062 2822 5113 καὶ
2863 5058 3078 5121 πάντως
3122 5058 3211 5110 τὸν
3260 5055 3385 5109 Υίὸν
3424 5070 3671 5107 ταπεινο-

2111 5154 2429 5226 φρονοῦντα,
2456 5152 2629 5207 καὶτὸ
2649 5151 2827 5205 θεῖκὸν
2852 5149 3078 5222 μέγεθος
3102 5149 3217 5219 ἅμα
3246 5146 3669 5216 ἐνδεικνύμενον,

502 5330 547 5359 ’δ’
590 5325 737 5381 Psal.
772 5345 917 5399 xuv,
950 5330 1005 5385 2.
1083 5332 1126 5365 ⁸³
1164 5332 1332 5388 Eccli.
1367 5351 1517 5403 xxrv,
1549 5338 1601 5392 5.
1678 5339 1723 5371 “
1751 5339 1910 5397 Joan.
1949 5360 2002 5408 ι,
2036 5347 2088 5404 1.
2164 5347 2210 5379 ⁸⁸
2247 5344 2406 5401 Joan.
2440 5362 2555 5410 xiv,
2584 5345 2675 5399 28.
2750 5342 2796 5375 “
2834 5343 2993 5398 Prov.
3026 5357 3207 5404 xxvii,
3236 5340 3290 5394 2.

507 5541 614 5611 (Ut)
649 5542 726 5599 En
756 5541 1128 5601 Ecclesiastici
1178 5547 1378 5603 librum
1413 5550 1555 5606 inter
1599 5552 1784 5609 divina
1814 5564 2005 5613 aucto-

432 5613 603 5687 ritate
624 5614 887 5687 pollentes
913 5616 1048 5669 citat
1082 5616 1381 5687 Nyssenus.

502 5681 613 5764 (εξ)
662 5682 865 5764 ἑξομιΐει·
900 5681 1170 5764 nostrum"
1203 5688 1276 5764 in
1310 5704 1572 5764 sermone
1596 5692 1672 5764 De
1709 5695 1834 5764 ﬁde,
1862 5705 1917 5751 et
1942 5696 1996 5750 in

432 5748 527 5804 illo
556 5750 632 5803 De
664 5751 859 5835 άείεμιε
886 5753 1021 5808 Filii
1058 5756 1364 5835 {asperius
1402 5762 1593 5815 sancti.
1632 5748 1763 5818 ιιρὶιι
1801 5748 1996 5835 [iu-iacui?

430 5828 580 5874 etum
608 5822 905 5879 concilium
932 5839 963 5879 a
993 5825 1153 5882 nobis
1172 5822 1413 5895 editum,
1445 5835 1747 5901 prasertim
1778 5822 1993 5894 a'ctioue

2110 5557 2339 5629 quinta,_
2383 5549 2747 5629 in__synod_ali
2800 5546 3668 5629 patriarchae.Hierosolymorum

2107 5615 2401 5680 sententia.
2438 5615 2693 5677 Nonnulli
2726 5615 2868 5675 enim
2912 5617 3103 5674 Patres
3136 5618 3207 5671 ita
3240 5617 3308 5672 de
3340 5615 3476 5670 Filio
3510 5616 3666 5669 etiam

2109 5692 2527 5769 tanquam_Deo
2574 5692 2745 5769 locuti
2780 5697 3237 5769 suntLquatenus
3278 5703 3485 5769 nempe
3512 5684 3669 5769 Pater

2103 5756 2297 5821 auctor
2326 5766 2401 5818 illi
2440 5762 2762 5819 substantiae
2788 5767 2892 5815 est.
2916 5756 3021 5813 Sed
3049 5759 3241 5827 legesis
3268 5758 3415 5815 circa
3447 5756 3664 5811 Patrum

2103 5844 2337 5893 mentem
2362 5834 2641 5892 Petaviqu
2678 5830 2754 5885 De
2787 5831 2934 5886 Trin.
2968 5830 3065 5885 lib.
3093 5845 3145 5894 v,
3176 5828 3226 5881 4.
