4020 6498
322 301 466 357 1207

1338 318 1710 379 ADVERSUS
1751 324 1974 384 ARIUM
2016 328 2103 384 ET
2136 330 2547 393 SABELLIUM.

3423 336 3562 396 Ιίθὸ

320 414 535 486 πρῶτον
566 417 693 516 ὅταν
721 419 854 495 λέγῃ
885 423 1020 495 πρὸς
1050 425 1141 479 τὸν
1174 428 1453 484 νεανίσκον
1482 431 1685 501 ἀγαθὸν
1722 435 1884 489 αὑτὸν

1986 455 2092 509 que
2128 457 2354 511 prorsus
2388 447 2634 502 modeste
2665 454 2949 516 agentem;
2988 455 3041 503 et
3086 456 3271 503 tamen
3319 447 3565 507 divinam

319 508 865 591 προσαγορεύσανταο
911 532 930 565 ι
984 514 1050 568 Τί
1096 534 1166 587 με
1208 518 1387 587 λέγεις
1423 521 1660 589 ἀγαθόν;
1700 526 1885 591 Οὐδεὶς

318 596 542 663 ἀγαθὸς,
581 601 629 655 εί
670 602 746 674 μὴ
777 601 859 669 εἷς
907 606 936 657 ὀ
968 606 1117 671 Θεός.
1165 628 1185 660 ›
1222 611 1332 664 Καὶ
1369 613 1590 678 εἰκότως
1624 632 1687 685 γε
1730 617 1887 672 τοῦτο

318 685 659 774 ἀπεφήνατο*
704 693 791 757 Ὦς
808 696 916 767 γὰρ
938 696 1220 769 ἄνθρωπός
1255 718 1336 754 σοι
1364 702 1597 773 πέφηνα,
1629 706 1772 761 εἴποι
1797 706 1885 774 ἂν,

317 770 363 828 ὦ
394 779 596 845 νεανία,
632 783 695 836 σὺ
727 784 783 837 δὲ
811 786 885 849 ὡς
910 787 1005 841 ἕνα
1044 788 1151 843 τῶν
1178 770 1549 862 γραμματέων
1571 770 1887 852 διδάσκαλόν

322 886 389 939 με
436 874 783 943 προσειπὼν,
826 880 1167 952 προσέθηκας
1199 882 1277 949 τὸ,
1327 884 1549 954 ἀγαθόν.
1597 888 1781 951 Οὐδεὶς
1831 888 1887 944 δὲ

319 960 619 1034 ἀνθρώπων
645 967 868 1037 ἀγαθὸς,
900 972 1044 1044 μόνῳ
1072 974 1127 1027 δὲ
1152 974 1271 1045 Θεῷ
1299 976 1593 1031 οἰκειοῦται
1625 980 1658 1051 ή
1723 997 1889 1052 προσ-

322 1055 543 1126 ηγορία.
571 1058 764 1130 Μάτην
786 1061 894 1133 ἄρα
929 1063 1219 1134 ὠνόμασας
1255 1068 1457 1136 ἀγαθὸν
1499 1069 1591 1123 τὸν
1633 1070 1770 1136 τέως
1798 1072 1889 1126 ἄν-

319 1146 535 1217 θρωπόν
558 1167 639 1203 σοι
670 1154 963 1224 πεφηνότα.
988 1156 1145 1211 Οὕτω
1171 1159 1300 1226 γοῦν
1328 1161 1767 1233 ἀποφηνάμενος,
1790 1164 1888 1235 τὴν

322 1236 421 1307 μὲν
462 1244 960 1318 ταπεινοφροσύνην
1006 1248 1085 1318 τῷ
1135 1250 1288 1321 ἀνδρὶ
1334 1252 1629 1318 ἐνεδείξατο
1679 1254 1847 1309 είπών
1871 1273 1886 1287 ’

318 1327 507 1417 Otiosi;
535 1332 768 1400 ἀγαθός,
813 1330 888 1391 ὧν
932 1339 1233 1413 ὑπείληφας
1280 1342 1365 1398 σύ.
1414 1344 1488 1397 Τὸ
1526 1345 1603 1411 δὲ,
1640 1364 1658 1398 ι
1702 1348 1766 1400 Εί
1814 1347 1888 1417 μὴ

318 1416 400 1485 εἷς
427 1423 456 1475 ὁ
488 1422 621 1489 Θεὸς
655 1444 675 1480 ι
720 1430 995 1500 προσθεὶς,
1025 1432 1186 1497 αὐτὸς
1213 1433 1270 1487 δὲ
1312 1435 1407 1489 καὶ
1438 1437 1625 1510 Πατὴρ
1667 1438 1726 1491 ἓν
1761 1416 1886 1503 είσι,

320 1514 599 1582 μυστικῶς
640 1518 749 1590 ἄρα
783 1522 922 1591 μετά
970 1527 1464 1599 ταπεινοφροσύνης
1496 1529 1593 1600 τήν
1636 1530 1889 1601 ἀλήθειαν

316 1604 723 1679 διεξεληλυθὼς,
759 1615 1097 1686 συμμέτοχον
1123 1617 1201 1689 τῷ
1229 1620 1406 1691 Πατρὶ
1432 1622 1529 1691 τῆς
1558 1623 1890 1695 ἀγαθότητος

316 1699 655 1755 ἀπεδείκνυε.
689 1704 762 1757 Τὸ
782 1701 895 1770 οὖν,
924 1726 941 1758 ι
986 1707 1125 1777 Ἐγὼ
1153 1712 1247 1765 καὶ
1273 1713 1301 1764 ό
1331 1712 1518 1783 Πατὴρ
1553 1713 1611 1765 ἓν
1640 1718 1825 1785 ἐσμεν·
1862 1736 1881 1770 ι

1987 533 2417 602 magnitudinem
2448 536 2610 589 simul
2634 541 3035 603 ostendentetn,
3062 538 3239 607 primo
3267 553 3391 592 cum
3422 539 3563 593 dixit

1987 622 2319 679 adolescenti
2359 640 2389 679 a
2419 641 2527 695 quo
2562 627 2739 683 bonus
2780 627 2961 683 fuerat
3006 630 3315 700 appellatus
3349 647 3362 683 :
3392 649 3409 681 ι
3449 629 3565 686 Cur

1988 728 2074 768 me
2102 714 2239 771 dicis
2269 716 2508 773 bonum?
2534 734 2696 773 nemo
2726 719 2923 783 bonus,
2957 721 3064 775 nisi
3096 736 3240 777 unus
3272 720 3415 776 Deus
3442 720 3509 773 ⁵⁷.
3537 740 3556 771 ι

1986 804 2051 859 Ει
2079 815 2225 862 recte
2267 808 2340 863 ita
2374 811 2678 880 respondit,
2714 812 2933 869 videtur
2964 815 3110 873 enim
3149 814 3356 870 dixisse
3391 833 3404 868 :
3439 813 3561 870 Tibi

1986 898 2226 967 quidem,
2261 915 2294 955 o
2343 901 2687 968 adolescens,
2742 904 2905 960 homo
2947 906 3097 962 visus
3140 921 3285 971 sum,
3327 915 3385 962 tu
3434 922 3565 962 vero

1986 994 2244 1058 tanquam
2277 1005 2445 1045 unum
2476 992 2543 1047 de
2565 994 2763 1053 scribis
2790 996 3113 1067 magistrum
3139 1012 3225 1052 me
3253 998 3561 1068 appellasti,

1987 1075 2202 1145 adjecto
2254 1080 2420 1135 etiam
2452 1081 2582 1137 boni
2639 1083 2904 1154 epitheto.
2962 1085 3125 1155 Atqui
3169 1087 3354 1142 nullus
3402 1087 3564 1142 homo

1985 1167 2163 1225 bonus
2188 1178 2292 1235 est,
2316 1171 2412 1227 sed
2438 1171 2531 1228 Dei
2554 1174 2723 1231 solius
2740 1175 2958 1245 propria
2980 1185 3067 1231 est
3098 1176 3212 1232 haec
3250 1178 3563 1247 appellatio.

1989 1257 2217 1317 Temere
2260 1263 2426 1334 igitur
2456 1265 2658 1322 bonum
2709 1268 3038 1335 nuncupasti
3077 1285 3202 1324 eum
3257 1270 3351 1341 qui
3388 1269 3567 1325 hacte-

1987 1366 2093 1407 nus
2126 1352 2287 1408 homo
2325 1355 2423 1411 tibi
2480 1356 2630 1413 visus
2672 1374 2814 1414 sum.
2874 1359 2991 1414 Hoc
3043 1361 3230 1430 itaque
3273 1377 3562 1430 responso,

1988 1442 2312 1498 modestiam
2377 1462 2532 1502 suam
2592 1449 2799 1505 homini
2852 1451 3255 1509 demonstravit
3330 1453 3561 1509 dicens:
3628 1506 3631 1511 .

1986 1531 2157 1590 Nemo
2191 1536 2407 1592 illorum
2440 1538 2613 1594 bonus
2650 1553 2754 1608 εει,
2789 1560 2928 1613 quos
2964 1552 3020 1597 tu
3051 1551 3234 1614 putas.
3276 1544 3431 1610 Quod
3463 1560 3565 1598 au-

1989 1632 2094 1679 tem
2117 1626 2348 1694 addidit,
2376 1648 2395 1681 ι
2428 1632 2533 1686 nisi
2558 1650 2700 1688 unus
2731 1634 2926 1700 Deus»
2953 1637 3070 1705 ipse
3089 1636 3308 1707 quidem
3330 1644 3384 1691 et
3406 1634 3567 1690 Pater

1986 1730 2159 1770 unum
2217 1728 2382 1786 sunt;
2434 1722 2529 1777 sed
2586 1726 2818 1797 mystice
2876 1725 3230 1798 modesteque
3284 1728 3567 1783 veritatem

315 1790 411 1886 καὶ
436 1790 516 1855 τὸ,
551 1810 571 1844 ι
615 1793 756 1863 Ἐγὼ
799 1796 856 1849 ἐν
883 1797 962 1868 τῷ
992 1800 1165 1873 Πατρὶ
1196 1801 1289 1854 κα)⁵
1318 1803 1346 1855 ὁ
1374 1802 1562 1874 Πατὴρ
1586 1806 1643 1857 εν
1674 1806 1817 1876 ἐμοὶ,
1861 1826 1879 1859 ι

1985 1822 2283 1877 exponens,
2315 1790 2726 1884 participem'se
2760 1824 3001 1886 paterna:
3035 1790 3301 1872 bonitatis
3335 1817 3565 1872 demon-

313 1876 433 1937 ἴσον
459 1884 805 1942 ἀποδείκνυσι
839 1890 917 1961 τῷ
943 1892 1134 1962 Πατρί.
1172 1894 1264 1947 Δεῖ
1285 1892 1392 1966 γὰρ
1419 1889 1556 1949 εἶναι
1588 1897 1788 1952 τέλειον
1822 1902 1886 1953 ὲκ

313 1972 409 2027 τοῦ
436 1974 641 2030 τελείου
653 1978 863 2051 Πατρὸς
891 1981 981 2035 τὸν
1011 1982 1155 2037 Υίόν.

1990 1900 2205 1955 stravit.
2264 1902 2430 1971 Igitur
2469 1905 2637 1960 verba
2686 1925 2698 1960 :
2740 1926 2758 1959 ι
2806 1908 2918 1980 Ego
2955 1916 3011 1965 et
3051 1909 3213 1966 Pater
3258 1924 3425 1964 unum
3466 1924 3563 1963 su-

1989 1990 2207 2057 mus“;
2247 2013 2266 2046 ι
2305 2003 2360 2049 ει
2397 1997 2484 2051 illa
2518 2016 2530 2051 :
2566 2016 2585 2048 ι
2619 1997 2729 2069 Ego
2763 2001 2816 2054 in
2852 2000 3031 2068 Patre,
3082 2011 3135 2057 et
3190 2002 3349 2055 Pater
3392 1998 3446 2053 in
3480 2012 3571 2051 me

313 2072 402 2120 est
428 2066 495 2131 “,
526 2086 546 2119 ι
580 2070 843 2139 aequalem
872 2086 995 2127 eum
1033 2071 1180 2129 Patri
1208 2074 1611 2132 demonstrant.
1646 2075 1881 2134 Necesse
1914 2089 1998 2135 est
2031 2083 2173 2137 enim
2203 2084 2506 2154 perfectum
2544 2066 2920 2154 esse'Filium,
2968 2066 3062 2162 qui
3104 2108 3170 2146 ex
3219 2090 3381 2145 Patre
3442 2101 3565 2158 per-

316 2157 459 2215 fecto
486 2170 591 2217 est.

390 2250 475 2322 ιβ’.
517 2253 655 2307 Ἀλλ’
683 2255 810 2320 ἴσως
844 2258 936 2310 καὶ
962 2257 1104 2312 τοῦτ’
1130 2259 1196 2314 ἂν
1221 2259 1411 2334 εἴπῃς·
1442 2262 1504 2316 Ei
1531 2263 1560 2315 ὁ
1588 2264 1776 2334 Πατὴρ
1801 2264 1889 2317 τέ-

314 2343 456 2409 λειος
485 2344 562 2400 ὣν
581 2347 650 2400 τά
675 2346 849 2401 πάντα
875 2348 1090 2421 πληροῖ,
1123 2353 1272 2406 ποῖον
1298 2352 1646 2409 ὑπολείπεται
1673 2354 1750 2426 τῷ
1774 2355 1888 2424 Υίῷ

310 2436 501 2508 τελείῳ
526 2437 638 2491 ὄντι
666 2440 745 2503 είς
772 2439 834 2492 τὺ
858 2441 1137 2512 χωρῆσαι;
1182 2442 1341 2497 Ἀλλά
1363 2443 1606 2516 ἀλλήλων
1636 2464 1708 2517 φη
1717 2448 1777 2517 μὶ
1796 2464 1888 2515 γε-

313 2527 527 2597 γονέναι
567 2528 845 2595 δεκτικοὺς
887 2532 980 2586 καὶ
1020 2535 1391 2605 χωρητικούς⁸
1438 2557 1456 2588 ι
1513 2536 1652 2605 Ἐγὼ
1686 2557 1707 2590 ι
1755 2534 1883 2608 γὰρ,

312 2623 495 2691 φησὶν,
531 2639 549 2673 ι
583 2624 640 2675 ὲν
672 2622 749 2694 τῷ
777 2625 975 2695 Πατρὶ,
1005 2626 1099 2679 καὶ
1128 2629 1156 2679 ό
1184 2626 1372 2698 Πατὴρ
1404 2628 1462 2680 ὲν
1501 2628 1621 2698 ἐμοί
1650 2631 1822 2682 ἐστιν’
1861 2648 1879 2681 ι

308 2714 359 2767 ei
386 2714 442 2767 δὲ
488 2714 750 2783 ἀλλήλους
792 2715 1125 2786 χωροῦντες,
1154 2711 1264 2772 ἶσοι
1298 2718 1364 2772 ἂν
1394 2714 1502 2773 εἷεν
1545 2720 1791 2791 ἀλλήλοις
1828 2721 1889 2774 τὸ

314 2802 560 2871 μέγεθος.
600 2804 726 2867 Πῶς
765 2801 858 2860 οὖν
881 2807 938 2860 ἐν
972 2806 1219 2879 ἀλλήλοις
1262 2809 1487 2877 γένοιντ’
1523 2810 1623 2875 ἂν,
1672 2810 1888 2876 πάντως

310 2895 537 2950 ἀκοῦσαι
584 2897 891 2970 προῄρησαι
914 2915 929 2933 ο
963 2899 1043 2953 δεῖ
1084 2900 1191 2972 γάρ
1226 2901 1289 2954 τὸ
1321 2901 1507 2972 ἕτερον
1540 2903 1887 2974 περιέχεσθαι

310 2989 416 3042 ὑπὸ
446 2988 540 3043 τοῦ
578 2989 785 3060 ἐτέρου.
820 2991 894 3044 Τὸ
923 2990 1053 3060 γοῦν
1084 2995 1469 3065 περιεχόμενον
1501 2997 1559 3049 ὲν
1590 2996 1669 3066 τῷ
1729 3013 1887 3066 περι-

2064 2263 2152 2317 12.
2197 2264 2304 2319 Sed
2344 2274 2604 2335 praeterea
2646 2266 2883 2325 fortasse
2916 2269 3066 2324 dices
3111 2287 3123 2322 :
3160 2269 3216 2323 Si
3250 2273 3412 2326 Pater
3438 2286 3565 2327 cum

1991 2354 2062 2408 sit
2104 2354 2382 2423 perfectus
2432 2359 2615 2412 omnia
2664 2359 2870 2430 implet,
2926 2361 3057 2432 quid
3116 2371 3371 2432 superest
3424 2362 3565 2418 Filio

1993 2446 2236 2515 perfecto
2282 2448 2539 2504 similiter
2580 2451 2723 2519 quod
2760 2452 3077 2508 contineat?
3129 2454 3293 2523 Atqui
3326 2469 3427 2524 ego
3480 2455 3571 2509 aio

1991 2540 2180 2594 ambos
2245 2541 2479 2596 invicem
2534 2556 2656 2597 esse
2705 2544 3032 2613 recipientes
3098 2554 3152 2600 et
3196 2546 3569 2601 continentes.

1995 2648 2015 2681 ι
2046 2630 2153 2701 Ego
2182 2651 2200 2682 ι
2222 2632 2390 2697 enim,
2411 2633 2607 2703 inquit,
2636 2653 2653 2686 ι
2685 2635 2739 2688 in
2766 2634 2946 2698 Patre,
2976 2648 3030 2691 et
3053 2635 3212 2691 Pater
3240 2637 3293 2691 in
3323 2653 3407 2692 me
3424 2648 3562 2693 est.»

1985 2719 2105 2775 Jam
2139 2721 2232 2791 qui
2286 2721 2521 2778 invicem
2570 2725 2875 2791 continent,
2940 2726 3058 2796 pari
3099 2733 3262 2781 erunt
3318 2727 3459 2782 inter
3505 2743 3571 2783 se

1986 2812 2382 2882 magnitudine.
2422 2813 2668 2881 Quanam
2699 2832 2830 2887 ergo
2865 2817 3082 2873 ratione
3125 2818 3266 2873 alter
3300 2819 3355 2872 in
3389 2820 3565 2878 altero

1988 2902 2178 2967 insint,
2210 2919 2544 2975 cognoscere
2572 2908 2797 2962 omnino
2828 2907 3009 2965 stude.
3054 2908 3199 2964 Sane
3238 2918 3455 2979 oportet
3482 2908 3568 2980 [in

1991 2995 2282 3069 humanis]
2317 2999 2549 3054 alterum
2592 3000 2661 3055 ab
2694 3002 2866 3056 altero
2906 3001 3176 3056 contineri
3208 3021 3221 3057 :
3253 3017 3384 3073 ergo
3423 3017 3563 3056 con-

310 3080 488 3149 έχοντι
510 3096 523 3109 ·
554 3080 617 3133 τὸ
657 3081 711 3133 δὲ
746 3081 993 3153 περιέχον
1024 3082 1123 3136 οὐκ
1147 3082 1213 3137 ἂν
1255 3084 1557 3157 περιέχοιτο
1589 3086 1749 3140 πάλιν
1784 3086 1885 3140 ὑπὸ

1992 3095 2199 3143 lentum
2228 3089 2282 3143 in
2310 3090 2622 3149 continente
2661 3092 2786 3156 erit,
2829 3094 3119 3149 continens
3154 3104 3332 3149 autem
3366 3110 3395 3148 a
3435 3110 3567 3149 con-

306 3172 401 3227 τοῦ
435 3174 841 3244 περιεχομένου.
871 3174 962 3247 Μὴ
993 3174 1106 3229 οῐου
1130 3176 1220 3230 τὸν
1248 3177 1380 3231 Θεδν
1409 3179 1631 3249 κένωμά
1655 3198 1712 3233 τε
1745 3180 1889 3251 ἔχειν

308 3266 367 3318 ὲν
409 3265 585 3336 ἑαυτῷ
606 3259 651 3333 ᾧ
681 3266 1027 3321 ὑποδέδεκται
1056 3268 1147 3321 τὸν
1174 3269 1577 3341 περιεχόμενον.
1630 3273 1752 3325 Ἐπι
1781 3272 1889 3344 γὰρ

304 3355 610 3426 ἀνθρώπων
634 3358 792 3411 τοῦτο
820 3358 1102 3429 νομιστέον
1121 3376 1136 3391 ⁸
1170 3360 1293 3414 οὔτε
1334 3362 1442 3434 γὰρ
1472 3363 1672 3435 ἐτέρων
1706 3381 1887 3435 χωρη-

307 3449 449 3502 τικεὶ
474 3451 846 3522 τυγχάνομεν,
882 3454 991 3507 οὐδ’
1034 3450 1101 3510 αὗ
1143 3455 1427 3527 χωροῦμεν
1459 3458 1536 3521 είς
1579 3457 1781 3530 ἕτερον.
1826 3460 1888 3513 Et

306 3541 364 3594 δὲ
390 3541 486 3595 καὶ
515 3543 716 3613 χωροίη
727 3561 845 3613 μεν,
876 3547 1153 3617 κενώματι
1188 3548 1511 3620 περιέξομέν
1539 3568 1599 3603 τε
1626 3553 1716 3605 καὶ
1740 3568 1889 3623 περι-

306 3631 718 3703 ληφθησόμεθα.
758 3635 878 3688 Ἐπὶ
898 3635 1032 3689 Θεοῦ
1051 3636 1108 3690 δὲ
1126 3638 1327 3691 τοιόνδε
1351 3657 1401 3692 τι
1420 3641 1655 3709 νοητέον·
1679 3643 1887 3714 Ὥσπερ

306 3722 596 3797 ἀνθρώπου
626 3724 772 3797 ψυχῇ
805 3724 898 3779 δύο
935 3726 1238 3798 ἐπιστῆμαι
1282 3728 1315 3799 ἢ
1351 3730 1568 3794 πλείους
1605 3733 1888 3786 συνελθοῦ-

309 3834 400 3870 σαι
432 3815 565 3887 ὁμοῦ
596 3816 871 3886 τυγχάνοι,
902 3817 1119 3889 ίατρικὴ
1147 3818 1239 3872 καὶ
1271 3818 1617 3893 φιλοσοφικὴ,
1649 3823 1740 3875 καὶ
1765 3824 1886 3878 ὅσαι

305 3908 484 3972 ἄλλαι,
509 3907 598 3961 ὑπ’
629 3906 870 3979 ἀλλήλων
894 3909 955 3962 ού
984 3910 1440 3981 στενοχωροῦνται
1471 3914 1529 3965 ὲν
1554 3912 1629 3983 νῷ
1662 3914 1757 3967 καὶ
1784 3914 1887 3984 ψυ-

308 4000 407 4070 χῆς
447 3998 629 4071 χώρῳ,
676 4002 731 4053 αί
766 4000 953 4055 πολλαὶ
989 3999 1080 4054 τὸν
1125 4001 1359 4073 ἀριθμὸν
1407 4004 1885 4077 εύρυχωρούμεναι

308 4090 402 4143 καὶ
445 4090 703 4162 ἀλλήλαις
753 4090 1001 4145 ὲνδιδοῖαι
1046 4092 1107 4145 τὸ
1137 4092 1265 4157 πᾶν,
1311 4092 1550 4161 καίτοιγε
1588 4095 1885 4167 πληροῦσαι

305 4180 406 4250 τὴν
434 4180 611 4251 ψυχὴν
643 4179 737 4233 καὶ
769 4180 842 4253 μὴ
872 4180 1188 4248 ὑπεξιοῦσαι
1217 4181 1377 4253 ἑτέρα
1419 4183 1519 4253 τῆς
1559 4185 1774 4256 ἐτέρας,
1809 4188 1885 4251 ὡς

310 4270 436 4340 μίαν
461 4269 573 4340 (16)
591 4270 778 4332 οὐσίας
796 4271 1093 4340 φαντασίαν
1115 4272 1375 4345 παρέχειν
1390 4277 1502 4338 τοῖς
1519 4279 1887 4332 σκεπτικωτά-

1989 3187 2141 3236 ιεηιο
2174 3181 2417 3237 vicissim
2444 3198 2550 3236 non
2576 3183 2970 3239 continebitur.
2999 3184 3170 3239 Porro
3201 3200 3335 3241 cave
3361 3188 3413 3240 in
3453 3185 3569 3242 Deo

1988 3273 2269 3328 existimes
2305 3273 2599 3343 quamdam
2640 3289 2762 3331 esse
2807 3276 3157 3341 vacuitatem,
3208 3277 3298 3331 ubi
3344 3287 3566 3333 conten-

1990 3371 2102 3417 tum
2142 3364 2451 3434 recipiatur.
2482 3362 2620 3417 Nam
2658 3364 2726 3419 de
2758 3364 2978 3420 homine
3021 3366 3125 3420 hoc
3166 3367 3347 3436 potius
3374 3367 3567 3422 existi-

1988 3453 2247 3508 mandum
2279 3461 2395 3518 est;
2428 3469 2608 3524 neque
2641 3454 2786 3508 enim
2820 3455 3049 3511 alterius
3086 3472 3317 3526 capaces
3347 3472 3563 3519 sumus,

1988 3560 2167 3614 neque
2215 3546 2267 3599 in
2303 3546 2532 3601 alterum
2577 3546 2896 3602 continendi
2945 3548 3263 3602 transimus.
3316 3547 3473 3614 Quod
3516 3548 3565 3602 si

1988 3635 2365 3703 transiremus,
2394 3652 2569 3694 vacuo
2600 3637 2811 3693 scilicet
2846 3638 3288 3703 contineremus,
3326 3640 3564 3709 itemque

1986 3727 2602 3795 comprehenderemur.
2653 3730 2853 3785 Verum
2898 3732 3180 3787 enimvero
3228 3731 3295 3788 de
3334 3733 3443 3787 Deo
3476 3734 3562 3787 di-

1987 3831 2142 3871 versa
2183 3818 2391 3873 ratione
2430 3820 2784 3889 cogitandum
2808 3829 2913 3877 est.
2952 3821 3109 3876 Sicut
3131 3822 3276 3877 enim
3304 3823 3357 3877 in
3389 3824 3563 3878 homi-

1986 3907 2073 3960 nis
2103 3908 2281 3962 anima
2310 3909 2430 3965 duae
2467 3910 2549 3965 vel
2579 3911 2766 3980 plures
2809 3913 3076 3976 scientiae,
3127 3916 3172 3968 si
3224 3914 3389 3968 simul
3428 3916 3560 3979 sint,

1984 4000 2196 4053 medica
2227 4007 2321 4053 aut
2356 4001 2754 4073 philosophica,
2796 4012 2851 4059 et
2894 4006 3103 4073 quaevis
3139 4006 3282 4072 aliae,
3328 4007 3560 4061 invicem

1985 4104 2095 4143 non
2133 4097 2495 4160 angustantur
2531 4090 2586 4147 in
2629 4099 2812 4147 mente
2851 4092 3156 4163 animmque
3197 4093 3345 4155 sede,
3380 4096 3563 4157 multae

1988 4181 2114 4237 licet
2169 4197 2421 4243 numero,
2486 4182 2773 4239 commode
2831 4184 3201 4242 inhabitantes
3255 4195 3310 4241 et
3370 4195 3562 4240 mutuo

1985 4276 2169 4331 omnia
2201 4278 2704 4342 communicantes,
2752 4295 3066 4351 quanquam
3113 4282 3349 4336 animam
3399 4296 3557 4335 com-

307 4379 419 4425 τοις
452 4361 559 4415 τῶν
589 4362 815 4434 ἀνδρῶν,
853 4364 975 4417 ἐπεὶ
1004 4363 1124 4417 καθ’
1155 4364 1272 4429 ἑνὸς
1299 4366 1391 4419 καὶ
1418 4368 1614 4421 ταύτοῦ
1646 4370 1883 4441 ἵδρυνται

1988 4368 2191 4439 pleant,
2222 4385 2400 4441 neque
2432 4371 2605 4433 altera
2635 4387 2703 4428 ex
2743 4373 2913 4429 altera
2958 4374 3199 4438 recedat,
3235 4375 3311 4429 ita
3345 4382 3405 4429 ut
3436 4375 3557 4428 uni-

306 4455 422 4519 νοῦ,
447 4453 815 4525 διενηνόχασιν
833 4454 1097 4525 ἀλλήλων,
1123 4457 1310 4511 καθότι
1332 4458 1486 4513 ἄλλον
1515 4459 1612 4531 μὲν
1645 4464 1880 4537 ίατρικὴ,

305 4546 490 4618 ἕτερον
526 4546 584 4599 δὲ
631 4546 950 4616 φιλοσοφική
978 4563 992 4577 ⁸
1027 4547 1168 4601 οὕτω
1199 4548 1264 4620 δὴ
1295 4550 1387 4604 καὶ
1434 4554 1462 4605 ὁ
1494 4553 1682 4624 Πατὴρ
1711 4556 1803 4609 καὶ
1852 4558 1882 4610 ὁ

306 4635 433 4701 Υίὸς
470 4638 611 4691 κατά
640 4637 733 4690 τοῦ
763 4635 927 4690 αὑτοῦ
962 4640 1339 4709 κεχωρηκότες
1364 4642 1561 4708 τόπου,
1592 4644 1684 4697 καὶ
1718 4646 1881 4718 ἀλλή-

304 4728 410 4781 λων
453 4727 688 4781 δεκτικοὶ
740 4728 1039 4797 γεγονότες,
1100 4730 1192 4784 καὶ
1234 4730 1294 4784 ἒν
1336 4732 1507 4799 ὄντες,
1555 4737 1629 4801 ὡς
1683 4739 1876 4811 μικροῦ

305 4818 536 4889 πρόσθεν
575 4818 817 4889 ἔφημεν,
869 4820 1004 4892 μόνῃ
1051 4820 1347 4877 ὑποστάσει
1398 4826 1492 4878 καὶ
1539 4830 1878 4903 προσηγορίᾳ

306 4909 532 4980 θάτερος
568 4908 795 4982 θατέρου
838 4910 1160 4983 διενήνοχεν,
1194 4914 1252 4967 ὲν
1298 4914 1550 4986 ἀλλήλοις
1589 4919 1647 4974 δὲ
1674 4924 1877 4992 τυγχά-

305 5018 482 5055 νουσιν
512 5000 683 5065 δντες.
717 5001 826 5055 Καὶ
854 5001 1042 5074 ὥσπερ
1073 5003 1245 5075 μύρου
1283 5005 1449 5079 ὀδωδὴ
1476 5010 1597 5082 ἀέρι
1636 5013 1879 5085 ἐνδιαχυο

304 5092 458 5145 θεῖσα
501 5093 641 5146 κατά
677 5092 769 5146 τοῦ
815 5094 979 5150 αὐτοῦ
1026 5096 1225 5167 χωρίου
1271 5099 1317 5150 τ’
1363 5100 1645 5171 ἀμφότερα
1677 5106 1878 5175 τυγχά-

304 5200 482 5245 νοντα,
521 5181 598 5252 τῷ
627 5182 802 5235 δοκεῖν
846 5184 945 5254 μὲν
991 5185 1431 5257 συνδιακέχυται,
1471 5194 1590 5244 κατ’
1620 5194 1877 5264 ἀλήθειαν

303 5274 350 5325 δ’
371 5274 621 5344 εὑρήσεις
651 5274 834 5344 ἕτερον
862 5276 960 5344 μὲν
989 5275 1079 5329 τὸν
1105 5277 1261 5348 ἀέρα,
1291 5279 1417 5333 ἄλλο
1436 5281 1491 5334 δὲ
1517 5284 1616 5354 τὴν
1647 5286 1866 5357 όδωδήν.

309 5364 447 5434 Ἤδη
475 5362 533 5417 δὲ
561 5364 653 5417 καὶ
682 5364 796 5433 φῶς
822 5364 882 5419 τὸ
907 5366 963 5434 ἐξ
990 5366 1159 5437 ἡλίου,
1188 5368 1281 5422 καὶ
1306 5372 1464 5425 πνοαὶ
1491 5372 1600 5428 τῶν
1629 5375 1864 5447 ἀνέμων,

376 5537 420 5570 ιτ
458 5538 623 5593 Marc.
655 5555 722 5603 ι,
757 5540 844 5609 17,
882 5541 964 5597 18.
1044 5543 1089 5576 ⁸⁸
1124 5543 1282 5601 Joan.
1318 5563 1383 5614 ι,
1422 5547 1509 5604 30.
1586 5550 1629 5582 δ’
1668 5502 1827 5618 ἰωὰ,
1860 5554 1946 5611 58.

383 5719 493 5793 (16)
525 5723 600 5778 Ita
621 5724 740 5781 eod.

1987 4476 2106 4514 cant
2135 4460 2461 4519 substantia:
2502 4464 2851 4534 phantasiam
2895 4474 3053 4521 acute
3086 4466 3252 4520 etiam
3301 4466 3555 4521 conside-

1985 4558 2233 4613 rantibus
2290 4558 2424 4613 viris
2475 4558 2773 4628 pmbeant,
2803 4562 3061 4630 quoniam
3104 4560 3158 4614 in
3185 4574 3292 4615 una
3336 4547 3558 4615 cadent—

1982 4664 2088 4719 que
2137 4659 2315 4707 mente
2370 4652 2712 4719 consistunt;
2764 4652 2997 4711 invicem
3048 4661 3229 4709 autem
3273 4650 3553 4713 ditl'erunt,

1980 4750 2253 4811 quatenus
2286 4742 2453 4797 altera
2492 4743 2708 4813 quidem
2741 4753 2824 4800 est
2862 4747 3089 4813 scientia
3121 4746 3353 4809 medica,
3383 4745 3554 4798 altera

1978 4833 2356 4903 philosophica
2382 4855 2395 4889 :
2425 4836 2507 4892 sic
2534 4853 2666 4893 sane
2694 4839 2858 4893 etiam
2889 4837 3049 4893 Pater
3076 4845 3130 4891 et
3164 4836 3333 4892 Filius
3361 4836 3549 4893 eadem

1975 4927 2347 4983 consistentes
2373 4930 2521 4993 sede,
2550 4937 2604 4985 et
2634 4930 2954 4986 alterutrum
2989 4931 3354 4993 continentes,
3390 4939 3554 5000 atque

1978 5032 2143 5071 unum
2174 5017 2488 5085 efﬁcientes,
2530 5029 2587 5075 ut
2628 5022 2790 5091 paulo
2815 5031 2942 5076 ante
2971 5020 3231 5085 diximus,
3267 5022 3384 5076 sola
3405 5021 3552 5091 ipso-

1976 5125 2095 5163 rum
2129 5126 2361 5179 persona
2392 5120 2557 5183 atque
2584 5112 2947 5182 appellatione
2976 5114 3114 5169 alter
3139 5114 3207 5167 ab
3236 5114 3408 5169 altero
3444 5113 3552 5168 dis-

1974 5202 2320 5272 tinguuntur,
2356 5212 2545 5259 mutuo
2572 5214 2754 5261 tamen
2777 5206 2915 5261 alter
2942 5207 2995 5260 in
3026 5205 3199 5263 altero
3219 5215 3369 5261 sunt.
3396 5204 3551 5261 Sicut

1976 5310 2101 5349 cum
2131 5299 2395 5364 unguenti
2419 5299 2554 5353 odor
2584 5314 2683 5369 per
2709 5314 2891 5354 aerem
2922 5298 3264 5366 diffunditur,
3289 5301 3547 5370 quoniam

1975 5382 2163 5440 eodem
2196 5386 2252 5441 in
2285 5387 2406 5443 loco
2439 5393 2554 5443 tum
2583 5389 2716 5445 odor
2742 5396 2858 5445 tum
2876 5403 2970 5445 aer
2995 5390 3329 5457 consistunt,
3365 5389 3551 5461 specie
