4020 6504
483 359 619 414 ἰίὲθίὶ

1711 349 1766 403 δ.
1798 346 2122 403 CREGORII
2165 342 2452 399 NYSSEN]

3580 338 3606 389 1
3616 333 3729 389 300

478 474 699 545 quidem
742 480 869 526 sunt
896 468 1133 530 confusi.
1183 484 1242 523 re
1272 476 1451 522 tamen
1496 481 1623 521 vera
1659 468 1890 521 alterum
1934 482 2049 521 esse

2157 460 2397 532 ἀλλήλων
2430 456 2819 528 διαπεψυκότα,
2854 454 2946 508 καὶ
2977 452 3055 524 τῷ
3081 454 3257 507 δοκεῖν
3299 451 3724 522 ἀναμεμιγμένα

478 565 782 634 comperies
830 578 1029 622 aerem.
1069 561 1297 614 alterum
1337 560 1582 616 odorem.
1618 556 1847 628 Insuper
1881 565 1933 611 et
1957 555 2047 610 lux

478 658 547 711 de
580 656 716 719 sole,
743 663 797 708 et
828 662 1109 707 ventorum
1152 650 1334 715 (latus,
1369 650 1565 719 ingesti
1601 650 1852 712 invicem,
1894 656 1948 703 et
1992 649 2048 702 in

478 745 716 815 speciem
746 742 914 801 misti.
949 743 1176 795 multam
1213 750 1393 795 tamen
1430 740 1630 794 habent
1656 739 2048 804 diversitatem;

478 849 603 887 nam
638 832 730 886 lux
760 841 815 885 et
845 832 991 885 venti
1021 846 1131 884 non
1161 844 1361 899 parum
1388 830 1530 883 inter
1563 842 1623 883 se
1647 825 1926 880 diﬂ‘eruut.
1952 824 2050 880 His

478 939 734 993 compara
767 924 1020 978 deitatem
1044 940 1059 989 ;
1083 930 1137 976 et
1166 922 1329 977 simul
1363 920 1541 990 majus
1563 918 1715 989 quid,
1740 933 1901 989 quam
1929 933 2049 973 ser-

478 1032 641 1071 mone
688 1014 955 1070 declarari
1004 1021 1199 1084 potest,
1239 1012 1509 1083 cogitans,
1569 1010 1815 1066 invenies
1860 1009 2049 1064 ambos

478 1124 648 1161 unum
697 1107 1006 1162 substantia
1041 1105 1450 1174 voluntatisque
1487 1102 1814 1168 concordia;
1864 1112 1917 1157 et
1946 1101 2049 1157 hoc

479 1212 671 1257 unum.
722 1198 775 1251 in
808 1196 1021 1251 Patrem
1053 1211 1114 1249 ac
1152 1193 1373 1254 Filium.
1420 1194 1583 1249 sicuti
1628 1194 1742 1264 jam
1786 1192 2047 1256 diximus,

479 1305 709 1359 persona
740 1300 792 1344 et
824 1290 1181 1358 appellatione
1210 1288 1552 1342 distinctum.

549 1421 637 1474 15.
670 1420 908 1473 Omnino
929 1428 982 1473 et
1006 1419 1168 1473 aliam
1206 1418 1584 1474 difﬁcultatem
1617 1419 1751 1473 mihi
1778 1418 2045 1489 objicies:

478 1512 537 1567 Si
570 1514 754 1567 omnia
790 1514 959 1582 replet
987 1510 1171 1572 Pater.
1197 1513 1436 1581 itemque
1467 1511 1661 1577 Filius,
1693 1513 1916 1581 quinam
1949 1513 2048 1567 ad.

475 1606 733 1661 versarize
780 1604 1031 1674 potestati
1084 1603 1415 1672 relinquitur
1462 1604 1650 1659 locus!
1686 1603 1820 1659 Nam
1860 1620 2044 1660 secum

475 1697 679 1751 habere
722 1697 1119 1760 adversarium,
1163 1695 1305 1749 haud
1348 1695 1512 1751 Deum
1545 1696 1723 1752 decet.
1774 1696 1832 1751 Si
1863 1706 2042 1752 autem

2151 553 2350 623 πολλὴν
2377 551 2558 622 ἔχουσι
2580 550 2677 621 τήν
2704 548 2965 619 διαφοράν
2986 562 2999 577 ·
3028 546 3141 615 φῶς
3164 545 3271 615 γὰρ
3297 545 3391 597 καὶ
3413 545 3601 615 ἄνεμοι
3621 543 3725 612 οὐχ

2147 645 2347 716 ἥκιστα
2374 643 2721 712 διεστήκασιν
2748 639 3010 709 ἀλλήλων.
3043 637 3265 700 Τούτοις
3296 635 3591 690 ἀπείκασον
3620 633 3725 703 τὴν

2148 735 2397 804 θεότητα,
2432 733 2522 788 καὶ
2557 731 2737 802 μεῖζόν
2762 749 2813 784 τι
2839 734 2935 800 τῆς
2954 731 3042 784 διὰ
3070 730 3227 797 λόγου
3261 724 3585 791 ἀποδείξεως
3610 724 3727 777 διαο

2146 827 2377 898 νοηθείς,
2408 825 2586 897 εὕροις
2615 824 2680 878 ἂν
2706 825 2831 887 τοὺς
2857 823 3149 895 ἑκατέρους
3176 822 3234 874 ἓν
3264 820 3383 875 κατ’
3410 818 3595 872 οὑσίαν
3623 816 3723 870 καὶ

2147 917 2557 990 ὁμοφροσύνην,
2605 918 2700 969 καὶ
2747 914 2840 969 τὸν
2891 914 2988 967 ἕνα
3037 916 3115 977 είς
3160 911 3377 981 Πατέρα
3422 911 3519 964 καὶ
3565 907 3727 973 Υἰὸν,

2148 1010 2396 1083 καθάπερ
2462 1009 2810 1081 προέφημεν.
2882 1007 3173 1061 ὑποστάσει
3226 1007 3321 1059 καὶ
3379 1002 3727 1075 προσηγορίᾳ

2147 1104 2278 1155 διαπ
2317 1144 2329 1156 .
2376 1142 2387 1154 .
2432 1143 2445 1155 .
2479 1101 2590 1169 (17)
2625 1100 2801 1171 μένον.

2219 1438 2307 1498 ιγ’.
2356 1430 2579 1494 Πάντως
2622 1431 2729 1502 ἄρα
2783 1431 3021 1500 κινήσεις
3063 1447 3152 1501 μοι
3193 1429 3289 1482 καὶ
3319 1427 3505 1482 τοῦτο’
3550 1428 3618 1482 Εἰ
3651 1429 3721 1482 τά

2147 1522 2325 1577 πάντα
2371 1520 2726 1590 πεπλήρωκεν
2772 1520 2802 1572 6
2838 1519 3059 1590 Πατὴρ,
3098 1515 3250 1582 αὖθις
3282 1518 3338 1571 δὲ
3370 1519 3465 1571 καί⁸
3493 1518 3524 1571 6
3568 1516 3720 1580 Υἱὸς,

2146 1615 2297 1676 ποῖος
2340 1611 2686 1665 ὑπολείπεται
2733 1610 2900 1674 τόπος
2942 1612 3009 1681 τῇ
3063 1610 3407 1681 ἀντικειμένῃ
3453 1610 3721 1680 δυνάμεις

2146 1705 2280 1759 Μεθ’
2313 1702 2507 1758 ἑαυτοῦ
2533 1703 2640 1773 γὰρ
2672 1702 2815 1773 ἔχειν
2855 1702 2947 1756 τὸν
2986 1702 3242 1765 ἐναντίον,
3271 1702 3371 1755 οὑκ
3396 1700 3463 1754 ἀν
3490 1701 3722 1773 ἁρμόζοι

474 1788 567 1842 ubi
604 1786 825 1841 malitia:
864 1785 1122 1856 princeps
1168 1786 1446 1851 consistit,
1497 1787 1697 1843 ibidem
1746 1786 1886 1844 forte
1933 1804 2040 1843 non

2151 1795 2283 1866 Θεῷ.
2310 1794 2374 1848 Εἰ
2398 1795 2443 1849 δ’
2468 1795 2574 1863 ὅπη
2603 1793 2860 1863 τυγχάνοι
2889 1792 2985 1846 καὶ
3012 1796 3041 1847 6
3064 1792 3166 1862 τῆς
3189 1792 3385 1856 κακίας
3409 1794 3612 1863 ἄρχων,
3648 1791 3725 1862 μὴ

474 1889 561 1935 est
600 1879 764 1943 Deus,
806 1880 1057 1950 sequitur
1097 1889 1156 1933 ut
1193 1880 1645 1951 circumscriptus
1680 1890 1735 1935 et
1772 1881 2043 1951 partibilis

2151 1860 2247 1937 ttat
2265 1884 2397 1947 Θεὸς
2426 1884 2510 1953 είη
2541 1860 2807 1946 ἐνταυθοῖ,
2839 1860 3212 1953 περίγραπτος
3236 1882 3343 1951 άρα
3374 1860 3731 1954 κώῂερωέδξ

474 1972 629 2029 Deus
643 1975 734 2027 sit.
754 1972 915 2042 Atqui
938 1988 1039 2043 ego
1067 1973 1156 2028 aio
1183 1981 1239 2027 et
1254 1972 1584 2043 ubiqueesse
1608 1971 1795 2039 Deum,
1812 1973 2048 2027 nuilum-

474 2079 581 2133 que
628 2062 810 2117 locum
854 2064 965 2117 Deo
1016 2076 1224 2122 carere.
1258 2061 1471 2116 etiamsi
1527 2060 1778 2133 princeps
1832 2062 2048 2117 malitim

475 2155 674 2210 alicubi
697 2157 788 2210 sit.
822 2154 955 2208 Nam
980 2169 1159 2223 neque
1185 2153 1320 2207 solis
1350 2152 1487 2207 radii
1516 2154 1571 2208 in
1595 2154 1766 2207 lutum
1794 2154 2048 2209 tabumve

473 2245 782 2301 incidentes
814 2244 1197 2307 sordidantur,
1240 2242 1334 2298 sed
1375 2257 1441 2297 ea
1475 2253 1713 2313 purgant
1744 2244 1927 2313 potius
1955 2258 2049 2298 ca-

473 2337 599 2392 lore
619 2338 891 2392 siccantes
920 2354 933 2390 :
965 2336 1045 2391 sic
1078 2334 1243 2390 etiam
1272 2351 1291 2387 ι
1325 2333 1477 2390 Deus
1496 2342 1706 2397 noster,
1738 2336 1882 2406 ignis
1910 2350 2047 2391 conn

473 2444 702 2485 sumens
740 2448 761 2481 ι
790 2428 993 2482 dicitur
1038 2428 1114 2493 ⁵⁰;
1140 2436 1217 2490 et,
1259 2445 1278 2479 ι
1322 2426 1469 2496 ignis
1503 2438 1629 2481 ante
1660 2442 1784 2481 eum
1820 2428 2048 2485 exarde-

475 2530 593 2579 scet
618 2522 686 2583 εί,
718 2540 739 2573 ι
766 2528 825 2574 ιιι
846 2520 1071 2575 dilectis
1090 2520 1308 2589 quidem
1340 2519 1563 2574 lucerna
1594 2519 1794 2586 luxque
1823 2522 1913 2584 sit,
1941 2522 2049 2576 ini-

474 2615 634 2669 micis
683 2621 862 2667 autem
913 2610 1132 2666 ﬂamma
1177 2611 1450 2666 devorans
1503 2632 1516 2666 :
1566 2631 1587 2663 ι
1626 2610 1987 2670 lnﬂammabit
2022 2634 2042 2667 ι

475 2706 644 2767 enim,
704 2705 882 2774 inquit
956 2703 1263 2772 Scriptura,
1327 2723 1345 2755 ι
1402 2706 1457 2758 in
1507 2705 1746 2759 circuitu
1797 2706 2049 2765 inimicos

475 2797 598 2863 ejus
626 2797 696 2847 ⁸⁸.
747 2814 765 2847 ι
799 2794 1163 2861 Quamobrem
1215 2802 1269 2849 et
1318 2794 1535 2848 malitiae
1568 2794 1822 2864 princeps
1878 2797 2049 2852 vitare

475 2890 667 2944 volens
699 2890 853 2959 ignea
880 2887 973 2943 Dei
1012 2888 1141 2950 tela,
1175 2886 1357 2941 omnia
1386 2886 1503 2941 loca
1530 2886 1780 2941 circumit
1805 2888 1890 2944 ”:
1926 2888 2047 2943 ubi-

473 2996 581 3051 que
633 2990 816 3037 tamen
852 2980 1020 3036 Deum
1079 2978 1443 3050 comperiens,
1484 2978 1746 3034 discurrit
1790 2978 1887 3050 per
1930 2984 2047 3035 uni-

474 3087 667 3128 versos
696 3071 980 3126 homines:
1004 3086 1145 3141 quos
1173 3070 1315 3126 inter
1344 3069 1390 3126 si
1421 3085 1561 3140 quos
1598 3069 1805 3141 Spiritu
1834 3072 2048 3128 ferven-

478 3172 564 3220 tes
599 3173 791 3219 nactus
841 3162 1028 3226 fuerit,
1085 3162 1286 3216 horum
1331 3177 1550 3232 quoque
1601 3160 1738 3233 fugit
1788 3164 2043 3218 calorem.

2150 1974 2593 2043 ἀποδειχθήσεται
2639 1975 2668 2027 6
2703 1973 2853 2036 Θεός.
2916 1973 3075 2027 Ἀλλά
3129 1989 3269 2041 φημι
3304 1970 3477 2039 ἔγωγε
3515 1988 3727 2024 παντα-

2149 2065 2244 2136 χοῦ
2274 2060 2437 2125 εἶναι.
2470 2064 2562 2118 καὶ
2590 2064 2664 2135 μὴ
2695 2058 2833 2118 εἰναι
2871 2066 3004 2119 ὅπου
3035 2065 3135 2118 οὑκ
3162 2064 3274 2116 ἔστι
3305 2062 3456 2127 Θεὸς,
3491 2064 3540 2115 εἰ
3566 2064 3664 2116 καὶ
3692 2066 3728 2117 6

2147 2159 2249 2227 τῆς
2280 2157 2477 2220 κακίας
2520 2156 2703 2228 ἄρχων
2745 2156 3001 2227 τυγχάνοι
3052 2174 3156 2210 που
3197 2156 3293 2212 ὧν.
3338 2155 3473 2209 Οὐδὲ
3515 2155 3626 2226 γὰρ
3664 2158 3729 2209 αι

2147 2250 2241 2306 τοῦ
2278 2250 2427 2321 ἡλίου
2460 2250 2673 2313 ἀκτῖνες
2708 2248 2851 2303 κατά
2889 2249 3163 2320 βορϐόρων
3195 2250 3290 2303 καὶ
3317 2248 3529 2320 λύθρων
3558 2250 3728 2319 φερό-

2150 2359 2309 2413 μεναι
2346 2341 2679 2414 μολύνονται,
2713 2340 2850 2395 ἀλλὰ
2891 2340 3090 2412 μᾶλλον
3134 2341 3484 2410 ἀφανιστικαὶ
3519 2340 3728 2409 τυγχά-

2149 2452 2297 2488 νουσι
2335 2432 2829 2503 καταξηραίνουσαι
2879 2431 2956 2501 τῷ
2992 2431 3264 2501 καύματι·
3298 2430 3439 2484 οὓτω
3488 2431 3580 2484 καὶ
3626 2450 3643 2482 ι
3692 2434 3726 2484 ὁ

2147 2526 2278 2589 Θεὸς
2300 2524 2456 2596 ἡμῶν
2478 2524 2590 2595 πῦρ
2612 2522 3001 2578 καταναλίσκον
3031 2542 3048 2575 ι
3075 2522 3533 2595 προσαγορεύεται
3558 2540 3571 2553 ·
3599 2523 3719 2575 καὶ.

2155 2636 2174 2670 t
2212 2616 2330 2688 Πῦρ
2375 2616 2613 2672 ἐναντίον
2654 2614 2819 2670 αὑτοῦ
2864 2614 3230 2683 καυθήσεται·
3276 2632 3296 2665 ι
3336 2614 3422 2667 ἶνα
3460 2616 3573 2677 τοῖς
3617 2614 3725 2683 μὲν

2148 2709 2467 2782 προσφιλέσι
2496 2708 2683 2779 λύχνος
2733 2707 2828 2761 καὶ
2866 2707 2980 2775 φῶς
3017 2702 3087 2778 ᾖ.
3118 2708 3229 2769 τοῖς
3263 2704 3320 2759 δὲ
3357 2704 3566 2775 ἐχθροῖς
3608 2705 3726 2775 πῦρ

2148 2801 2538 2856 καταναλίσκον
2561 2818 2573 2832 ·
2618 2820 2636 2852 t
2675 2800 2890 2868 Φλογιεῖ
2928 2818 2946 2850 ι
2982 2798 3107 2871 γὰρ,
3144 2800 3299 2868 φησι,
3328 2817 3347 2849 t
3382 2798 3565 2868 κύκλῳ
3591 2798 3724 2860 τοὺς

2148 2893 2373 2965 ἐχθροὺς
2408 2892 2595 2947 αὑτοῦ.
2653 2912 2671 2944 ι
2717 2892 2806 2946 Διὸ
2849 2891 2913 2961 δὴ
2947 2892 3042 2944 καὶ
3082 2893 3111 2944 6
3145 2891 3244 2959 τῆς
3290 2890 3487 2952 κακίας
3533 2889 3731 2959 ἄρχων-

2151 2985 2469 3055 βουλόμενος
2499 2983 2813 3053 διαφεύγειν
2846 2983 2944 3045 τὰς
2977 2982 3286 3053 πυρφόρους
3321 2981 3415 3035 τοῦ
3458 2981 3590 3035 Θεοῦ
3624 2980 3723 3050 βο-

2148 3074 2265 3137 λὰς,
2296 3074 2473 3127 πάντα
2515 3073 2680 3126 τόπον
2706 3072 2914 3127 διαθεῖ·
2952 3070 3223 3141 πανταχοῦ
3261 3072 3305 3124 δ’
3341 3072 3605 3143 εὑρίσκων
3630 3069 3726 3123 τὸν

2150 3163 2302 3225 Θεὸν,
2337 3163 2495 3217 δίεισι
2520 3163 2705 3233 πάσης
2749 3162 3166 3234 άνθρωπότητος
3188 3180 3201 3194 ·
3238 3159 3339 3216 εἷθ’
3370 3163 3607 3233 εὑρίσκει
3636 3180 3726 3215 τι-

477 3256 771 3327 Comperto
800 3254 1017 3309 demum
1062 3254 1291 3309 latibulo
1322 3254 1467 3324 apud
1511 3254 1746 3325 aliquem
1791 3253 1883 3310 Dei
1925 3254 2047 3325 8ρὶ-

2151 3254 2244 3318 νάς
2281 3254 2359 3325 τῷ
2384 3254 2661 3325 Πνεύματι
2706 3253 2954 3319 ζέοντας,
3002 3254 3303 3324 ἀποφεύγει
3337 3255 3429 3308 καὶ
3460 3254 3549 3308 τὸν
3590 3256 3721 3325 παρ’

477 3352 588 3405 ritu
612 3357 912 3413 carentem,
948 3346 1215 3401 mundato
1249 3348 1433 3417 scopis
1463 3355 1627 3417 atque
1654 3356 1870 3410 ornato,
1899 3347 2046 3400 brevi

475 3450 724 3512 tempore
749 3442 861 3497 illic
891 3440 1226 3503 diversatus,
1267 3456 1375 3494 una
1410 3456 1535 3495 cum
1569 3440 1784 3509 hospite
1818 3455 1921 3495 suo
1955 3456 2048 3509 pe-

478 3534 611 3588 ribit
644 3552 658 3589 :
693 3549 847 3603 aeque
895 3533 1040 3587 enim
1088 3531 1265 3587 hostis
1312 3531 1589 3585 videbitur
1622 3532 1794 3587 etiam
1830 3532 2048 3603 hospes,

476 3625 573 3698 qui
605 3623 696 3681 Dei
728 3624 1101 3681 adversarium
1130 3623 1197 3678 ad
1233 3623 1524 3678 amicitiam
1556 3626 1842 3693 receperit.

549 3846 639 3901 ιι.
687 3843 836 3899 Satis
868 3845 1035 3899 multa
1066 3845 1133 3901 ad
1174 3853 1515 3916 propositum
1565 3846 2050 3901 demonstrandum

474 3937 812 3993 disseruisse
858 3937 1070 3991 videor.
1131 3935 1517 3992 Verumtamen
1575 3953 1644 3991 ne
1698 3937 1799 3991 hoc
1833 3938 2050 4007 quidem

482 4027 754 4082 oblivioso
808 4026 945 4079 mihi
986 4024 1224 4089 excidat,
1259 4024 1343 4079 vel
1390 4024 1465 4079 ad
1492 4023 1599 4077 alia
1649 4023 1962 4093 properanti
2000 4030 2053 4077 et

482 4119 722 4173 violenta
761 4118 918 4188 quasi
969 4118 1207 4187 procella
1259 4116 1505 4186 abrepto,
1548 4131 1740 4186 nempe
1781 4115 2054 4186 quomodo

484 4209 655 4265 Filius
688 4211 871 4273 etiam,
902 4226 1053 4279 aeque
1092 4225 1155 4263 ac
1186 4208 1367 4263 cazteri
1397 4208 1671 4267 homines.
1706 4207 1847 4261 diem
1881 4214 2055 4261 extre—

484 4317 627 4356 mam
669 4303 1001 4372 ignoraverit
1029 4301 1095 4366 “,
1131 4316 1443 4371 quanquam
1476 4301 1531 4355 in
1560 4316 1617 4355 se
1647 4298 1859 4355 Patrem
1894 4300 2057 4354 habe-

483 4395 599 4454 bat,
634 4401 686 4445 et
711 4395 828 4461 ipse
854 4392 1048 4447 eratin
1078 4391 1277 4446 Patre?
1312 4390 1507 4446 Verum
1536 4392 1818 4447 enimvero
1844 4391 1898 4445 id
1928 4405 2057 4461 quo-

484 4498 592 4553 que
634 4484 914 4538 modestiae
958 4484 1077 4550 ejus
1124 4497 1411 4538 excessum
1446 4482 1710 4538 ostendit.
1760 4480 2057 4552 Oportebat

2151 3344 2329 3397 αὐτῶν
2352 3344 2625 3398 καύσωνα.
2651 3344 2959 3399 Κατάδυσιν
2979 3345 3024 3398 δ’
3044 3345 3216 3416 εὑρὼν
3238 3344 3295 3397 ἐν
3319 3362 3423 3398 τινι
3452 3345 3525 3415 μὴ
3547 3344 3727 3414 ἔχοντι

2150 3436 2373 3506 Πνεῦμα
2409 3435 2545 3489 Θεοῦ
2586 3436 2972 3507 σεσαρωμένην
3025 3438 3121 3490 καὶ
3167 3437 3603 3509 κεκοσμημένην,
3635 3437 3722 3490 ἀπ’

2151 3526 2331 3595 ὀλίγον
2381 3528 2646 3591 ἀναπαείς
2692 3528 2826 3597 (18),
2878 3528 3381 3601 συναναλωθήσεται
3414 3529 3491 3599 τῷ
3533 3527 3723 3582 ὑποδε-

2149 3619 2414 3689 δεγμένῳ·
2445 3621 2644 3690 ὁμοίως
2675 3621 2783 3690 γὰρ
2808 3620 2998 3691 ἐχθρὸς
3026 3621 3319 3691 ὀφθήσεται
3350 3622 3441 3675 καλ⁵
3472 3622 3501 3674 6
3535 3621 3723 3675 ὑποδε-

2150 3711 2431 3781 δεγμένος,
2462 3710 2555 3763 τὸν
2583 3711 2906 3782 ἀνταίροντα
2934 3711 3012 3782 τῷ
3041 3711 3160 3781 Θεῷ
3194 3712 3345 3781 φίλον
3382 3712 3721 3783 ποιούμενος.

2228 3844 2308 3898 ιδ’.
2353 3844 2576 3908 Ἰκανῶς
2602 3840 2753 3915 οἶμαι
2784 3846 2920 3917 πρὸς
2943 3845 3215 3910 ἀπόδειξιν
3264 3846 3357 3899 καὶ
3386 3845 3591 3907 τούτοις
3622 3846 3722 3897 ἐπ-

2153 3934 2371 3999 εξιέναι.
2404 3933 2552 4004 Μηδὲ
2581 3932 2724 3987 τοῦθ’
2752 3934 3119 4004 ὑπολελείφθω
3149 3953 3238 4006 μοι
3266 3935 3527 4005 λεληθότι,
3553 3935 3585 4003 ἢ
3633 3936 3721 3988 καὶ

2152 4029 2219 4097 τῇ
2254 4026 2392 4096 πρὸς
2418 4025 2485 4079 τὰ
2517 4025 2653 4080 ἄλλα
2692 4028 2834 4098 ὁρμῇ
2873 4027 3314 4097 παραπλεύσαντι
3358 4026 3544 4095 ὥσπερ
3576 4026 3719 4098 βιαίᾳ

2157 4116 2483 4168 συνωσθέντι
2518 4117 2686 4186 πνοῇ,
2731 4116 2848 4179 πῶς
2884 4118 2980 4169 σὺν
3012 4119 3123 4180 τοῖς
3165 4116 3366 4169 ἅπασιν
3399 4116 3507 4169 οὐδ’
3535 4116 3563 4168 6
3596 4116 3722 4178 Υἱὸς

2154 4203 2261 4259 οἶδε
2290 4207 2388 4276 τὴν
2430 4206 2660 4276 ἡμέραν,
2701 4210 2729 4260 6
2759 4208 2817 4260 ὲν
2854 4207 3028 4277 ἑαυτῷ
3061 4206 3196 4277 ἔχων
3225 4206 3316 4260 τὸν
3348 4206 3583 4277 Πατέρα,
3633 4207 3722 4259 καὶ

2156 4298 2317 4360 αὑτὸς
2350 4297 2426 4351 ὢν
2456 4299 2512 4350 ἐν
2547 4297 2625 4368 τῷ
2651 4297 2822 4367 Πατρί
2856 4298 2997 4365 (19);
3043 4296 3202 4350 Ἀλλά
3236 4298 3328 4351 καὶ
3364 4298 3522 4351 τοῦτο
3547 4314 3723 4351 ταπει-

2156 4390 2491 4461 νοφροσύνης
2521 4388 2826 4460 ὑπερϐολῆς
2853 4390 2963 4461 (20)
2999 4389 3233 4460 ἔμφασιν
3262 4390 3392 4460 ἔχει.
3439 4391 3581 4443 Ἔδει
3616 4390 3723 4461 γάρ

2156 4481 2599 4552 ὑπερϐαλλόντως
2623 4481 2715 4534 τὸν
2748 4481 2874 4534 Υἱὸν
2906 4481 2996 4535 τοῦ
3031 4480 3162 4535 Θεοῦ
3195 4481 3481 4534 ταπεινοῦν
3515 4481 3724 4543 ἑαυτὸν,

485 4574 629 4630 enim
685 4574 777 4631 Dei
832 4573 1025 4629 Filium
1082 4584 1251 4629 semet
1307 4575 1674 4645 maximopere
1723 4574 2049 4636 bumilitare.

2160 4575 2281 4627 ἐπεὶ
2320 4574 2412 4627 καὶ
2446 4572 2545 4644 τὴν
2591 4572 2758 4643 ἄλλην
2800 4574 3070 4627 πολιτείαν
3113 4573 3234 4627 καθ’
3263 4573 3563 4644 ὑπερϐολὴν
3595 4574 3729 4626 κάλ-

486 4666 743 4738 quoniam
780 4668 1045 4734 reliquam
1083 4665 1299 4719 vivendi
1329 4666 1567 4721 humano
1599 4680 1752 4720 more
1791 4667 2049 4720 rationem

2164 4668 2321 4720 λιστα
2345 4665 2625 4730 διεδέξατο.
2659 4662 2841 4720 Εἰπὼν
2866 4667 2921 4720 δὲ
2948 4667 3021 4738 μὴ
3058 4667 3376 4733 ἐγνωκέναι,
3404 4666 3464 4721 τὸ
3505 4666 3603 4737 μὲν
3631 4685 3731 4719 τα-

488 4757 733 4827 apprime
786 4764 1123 4826 susceperat.
1171 4755 1306 4809 Dum
1357 4771 1488 4826 ergo
1528 4757 1666 4811 dixit
1712 4773 1771 4812 se
1823 4758 2058 4822 nescire,

2162 4758 2529 4825 πεινοφρονεῐν
2559 4758 2669 4820 τοῖς
2703 4755 3073 4827 ἀκροωμένοις
3106 4757 3383 4826 ἐνέφηνεν.
3428 4756 3542 4807 Ἵνα
3568 4753 3623 4806 δὲ
3656 4754 3732 4824 μὴ

488 4848 853 4902 humilitatem
887 4861 1045 4902 suam
1070 4847 1420 4902 audientibus
1451 4846 1727 4915 patefecit.
1760 4846 1839 4901 Ne
1879 4856 2049 4904 tamen

2160 4848 2291 4918 δοκῇ
2329 4847 2528 4918 ψευδὴς
2556 4843 2713 4915 εἶναι,
2745 4843 2924 4902 εἶπεν
2962 4867 2980 4900 ι
3016 4850 3078 4902 Ei
3113 4849 3187 4919 μὴ
3215 4850 3243 4901 6
3272 4846 3458 4917 Πατὴρ
3501 4844 3609 4899 οἶδε
3641 4847 3731 4915 μό-

489 4936 724 4991 mendax
756 4937 1063 5003 videretur,
1102 4936 1368 4997 subdidit.
1402 4957 1419 4989 ι
1453 4936 1566 4992 Nisi
1602 4938 1753 4993 solus
1788 4936 1948 4993 Pater
1979 4958 1992 4994 :
2036 4956 2057 4990 ι

2158 4954 2271 5002 νος,
2311 4958 2329 4990 ι
2360 4936 2435 5007 τῷ
2468 4937 2567 5007 μὲν
2608 4939 2751 5009 λόγῳ
2779 4939 3108 5009 ἀνηνάμενος
3144 4939 3360 5003 εἰδέναι,
3395 4940 3460 5009 τῇ
3492 4937 3545 4991 δὲ
3570 4937 3733 4990 δυνὰο

490 5028 565 5082 ita
601 5030 771 5085 verbo
809 5030 1028 5098 quidem
1069 5044 1279 5100 negans
1322 5045 1381 5085 se
1411 5029 1573 5091 scire,
1602 5031 1655 5083 vi
1696 5040 1877 5087 tamen
1912 5033 2049 5085 aani-

2167 5048 2256 5101 μει
2283 5030 2375 5083 τοῦ
2422 5031 2741 5100 αἰνίγματος
2782 5032 3139 5102 ὁμολογήσαςο
3187 5030 3385 5093 εἰδότος
3424 5028 3531 5099 γὰρ
3573 5027 3729 5097 μόνοι.

493 5118 693 5187 gmatis
758 5119 1043 5173 conscium
1089 5134 1149 5174 se
1196 5118 1497 5173 afﬁrmans.
1546 5117 1679 5173 Nam
1733 5136 1894 5190 quam
1944 5137 2057 5176 rem

493 5208 644 5265 solus
680 5211 785 5264 scit
843 5209 1028 5276 Pater,
1082 5226 1203 5267 eam
1263 5209 1433 5265 Filius
1478 5227 1694 5283 quoque
1743 5214 1911 5279 novit,
1965 5216 2055 5284 qui

563 5419 610 5451 "
646 5417 810 5475 Hebr.
843 5435 953 5483 χιι,
986 5419 1073 5475 i9.
1148 5420 1193 5452 "
1236 5418 1377 5474 Psal.
1416 5436 1541 5473 xu:
1564 5461 1578 5482 .
1615 5420 1668 5475 5.
1744 5422 1789 5453 "
1829 5422 1975 5479 Psal.
2010 5441 2126 5481 xcv:
2151 5467 2165 5491 ,
2199 5428 2252 5482 5.

568 5585 678 5654 (l7)
716 5584 966 5655 Spatium
1000 5582 1231 5641 vacuum
1254 5586 1308 5640 in
1336 5588 1460 5640 cod.

576 5656 691 5721 με)
716 5653 792 5707 ita
817 5657 939 5709 cod.

575 5722 688 5795 (19)
710 5723 910 5779 Confer
937 5734 1184 5779 sanctum
1209 5725 1469 5795 Cyrillum
1498 5724 1550 5779 iu
1578 5723 1845 5779 Thesauro
1867 5723 2065 5795 p.221.

521 5794 722 5863 passim
752 5795 897 5851 enim
935 5796 1184 5859 catholici
1209 5794 1397 5852 Patres
1426 5797 1530 5854 bas
1551 5796 1878 5851 Arianorum
1908 5794 2063 5866 obje-

2164 5123 2257 5175 τοῦ
2284 5122 2495 5194 Πατρὸς
2514 5163 2529 5187 ,
2554 5117 2694 5176 οἶδεν
2721 5122 2827 5193 ἄρα
2854 5124 2947 5177 καὶ
2972 5124 3000 5176 6
3034 5122 3177 5186 Υἱὸς,
3204 5122 3261 5175 ἒν
3290 5121 3366 5175 ὢν
3398 5120 3558 5181 αὑτὸς
3588 5119 3679 5171 καὶ
3708 5122 3725 5169 t'

2166 5216 2375 5285 Πατήρ.
2409 5215 2512 5268 Δύο
2542 5216 2606 5286 δὴ
2652 5217 2717 5271 ὲκ
2760 5216 2949 5270 τούτου
2984 5215 3379 5287 κατορθώματα
3421 5211 3735 5283 συμϐέϐηκε

2328 5430 2374 5463 ⁸³
2413 5429 2604 5485 Matth.
2640 5448 2691 5485 ιι
2716 5471 2732 5496 ,
2780 5429 2871 5485 44.
2948 5429 2996 5461 ⁵⁸
3033 5427 3197 5484 Marc.
3230 5439 3326 5481 xm
3350 5458 3366 5487 ,
3402 5423 3490 5478 32.

2168 5589 2379 5643 ctioues
2405 5589 2796 5647 dissolvcrunt.

2242 5659 2352 5731 (20)
2374 5659 2513 5731 Cod.
2536 5660 2857 5731 ὑπερϐολήν.
2882 5657 3181 5717 Videbatur
3199 5660 3543 5717 scribendum
3573 5660 3740 5731 ὑπερ·

2173 5728 2335 5800 ϐολῆς
2366 5741 2458 5785 aut
2487 5728 2873 5802 ὑπερϐολικήν.
