  <div class='ocr_page' id='page_1' title='image "/cluster/home/n/w/nwhite01/storage/ocr_20150623/45/hvd.32044019826437/654.png"; bbox 0 0 4020 6498; ppageno 0'>
   <div class='ocr_carea' id='block_1_1' title="bbox 289 189 418 247">
    <p class='ocr_par' dir='ltr' id='par_1_1' title="bbox 289 189 418 247">
     <span class='ocr_line' id='line_1_1' title="bbox 289 189 418 247; baseline 0 0"><span class='ocrx_word' id='word_1_1' title='bbox 289 189 418 247; x_wconf 66' lang='lat' dir='ltr'><strong>{SOI</strong></span> 
     </span>
    </p>
   </div>
   <div class='ocr_carea' id='block_1_2' title="bbox 1398 206 2397 270">
    <p class='ocr_par' dir='ltr' id='par_1_2' title="bbox 1398 206 2397 270">
     <span class='ocr_line' id='line_1_2' title="bbox 1398 206 2397 270; baseline 0.008 -9"><span class='ocrx_word' id='word_1_2' title='bbox 1398 206 1769 267; x_wconf 80' lang='lat' dir='ltr'><strong>ADVEllSUS</strong></span> <span class='ocrx_word' id='word_1_3' title='bbox 1844 210 2397 270; x_wconf 75' lang='lat' dir='ltr'><strong>MACEDONIANOS.</strong></span> 
     </span>
    </p>
   </div>
   <div class='ocr_carea' id='block_1_3' title="bbox 3384 214 3523 278">
    <p class='ocr_par' dir='ltr' id='par_1_3' title="bbox 3384 214 3523 278">
     <span class='ocr_line' id='line_1_3' title="bbox 3384 214 3523 278; baseline 0.036 -5"><span class='ocrx_word' id='word_1_4' title='bbox 3384 214 3523 278; x_wconf 64' lang='grc' dir='ltr'>ιδοα</span> 
     </span>
    </p>
   </div>
   <div class='ocr_carea' id='block_1_4' title="bbox 288 308 1895 396">
    <p class='ocr_par' dir='ltr' id='par_1_4' title="bbox 288 308 1895 396">
     <span class='ocr_line' id='line_1_4' title="bbox 288 308 1895 396; baseline 0.014 -38"><span class='ocrx_word' id='word_1_5' title='bbox 288 310 354 380; x_wconf 76' lang='grc' dir='ltr'>τῆ</span> <span class='ocrx_word' id='word_1_6' title='bbox 394 308 766 385; x_wconf 85' lang='grc' dir='ltr'>ἀνθρωπότητι</span> <span class='ocrx_word' id='word_1_7' title='bbox 788 357 802 380; x_wconf 93' lang='grc'><strong>,</strong></span> <span class='ocrx_word' id='word_1_8' title='bbox 838 316 1090 383; x_wconf 77' lang='grc' dir='ltr'>ὑπόθεσίς</span> <span class='ocrx_word' id='word_1_9' title='bbox 1128 338 1185 373; x_wconf 90' lang='grc' dir='ltr'><strong>τε</strong></span> <span class='ocrx_word' id='word_1_10' title='bbox 1229 325 1720 396; x_wconf 75' lang='grc' dir='ltr'><strong>ταπεινοφροσύνης</strong></span> <span class='ocrx_word' id='word_1_11' title='bbox 1761 329 1854 380; x_wconf 79' lang='grc' dir='ltr'>καὶ</span> <span class='ocrx_word' id='word_1_12' title='bbox 1883 356 1895 393; x_wconf 60' lang='grc' dir='ltr'><em>λ</em></span> 
     </span>
    </p>
   </div>
   <div class='ocr_carea' id='block_1_5' title="bbox 1965 308 3526 396">
    <p class='ocr_par' dir='ltr' id='par_1_5' title="bbox 1965 330 3526 392">
     <span class='ocr_line' id='line_1_5' title="bbox 1965 330 3526 392; baseline 0.004 -8"><span class='ocrx_word' id='word_1_13' title='bbox 1965 346 2125 384; x_wconf 89' lang='lat' dir='ltr'><strong>unum</strong></span> <span class='ocrx_word' id='word_1_14' title='bbox 2159 346 2281 385; x_wconf 89' lang='lat' dir='ltr'><strong>cum</strong></span> <span class='ocrx_word' id='word_1_15' title='bbox 2313 330 2472 386; x_wconf 88' lang='lat' dir='ltr'><strong>Patre</strong></span> <span class='ocrx_word' id='word_1_16' title='bbox 2500 339 2600 389; x_wconf 89' lang='lat' dir='ltr'><strong>est.</strong></span> <span class='ocrx_word' id='word_1_17' title='bbox 2646 332 2762 386; x_wconf 89' lang='lat' dir='ltr'><strong>Duo</strong></span> <span class='ocrx_word' id='word_1_18' title='bbox 2784 348 2915 388; x_wconf 88' lang='lat' dir='ltr'><strong>vero</strong></span> <span class='ocrx_word' id='word_1_19' title='bbox 2950 333 3078 388; x_wconf 90' lang='lat' dir='ltr'><strong>hinc</strong></span> <span class='ocrx_word' id='word_1_20' title='bbox 3102 334 3246 389; x_wconf 86' lang='lat' dir='ltr'><strong>bona</strong></span> <span class='ocrx_word' id='word_1_21' title='bbox 3287 335 3526 392; x_wconf 82' lang='lat' dir='ltr'><strong>humano</strong></span> 
     </span>
    </p>
   </div>
   <div class='ocr_carea' id='block_1_6' title="bbox 290 400 1856 487">
    <p class='ocr_par' dir='ltr' id='par_1_6' title="bbox 290 400 1856 487">
     <span class='ocr_line' id='line_1_6' title="bbox 290 400 1856 487; baseline 0.011 -36"><span class='ocrx_word' id='word_1_22' title='bbox 290 400 595 466; x_wconf 82' lang='grc' dir='ltr'><strong>συντελείας</strong></span> <span class='ocrx_word' id='word_1_23' title='bbox 627 404 844 471; x_wconf 80' lang='grc' dir='ltr'><strong>ἄγνοια,</strong></span> <span class='ocrx_word' id='word_1_24' title='bbox 873 407 939 460; x_wconf 84' lang='grc' dir='ltr'>δι’</span> <span class='ocrx_word' id='word_1_25' title='bbox 970 410 1035 477; x_wconf 80' lang='grc' dir='ltr'>ἢν</span> <span class='ocrx_word' id='word_1_26' title='bbox 1077 411 1104 461; x_wconf 99' lang='lat'><strong>6</strong></span> <span class='ocrx_word' id='word_1_27' title='bbox 1148 410 1260 480; x_wconf 90' lang='grc' dir='ltr'>βίος</span> <span class='ocrx_word' id='word_1_28' title='bbox 1308 418 1757 487; x_wconf 86' lang='grc' dir='ltr'>συγκεκρότηται.</span> <span class='ocrx_word' id='word_1_29' title='bbox 1792 417 1856 470; x_wconf 88' lang='grc' dir='ltr'>Τί</span> 
     </span>
    </p>
   </div>
   <div class='ocr_carea' id='block_1_7' title="bbox 286 489 1855 575">
    <p class='ocr_par' dir='ltr' id='par_1_7' title="bbox 286 489 1855 575">
     <span class='ocr_line' id='line_1_7' title="bbox 286 489 1855 575; baseline 0.013 -34"><span class='ocrx_word' id='word_1_30' title='bbox 286 489 331 541; x_wconf 82' lang='grc' dir='ltr'>δ’</span> <span class='ocrx_word' id='word_1_31' title='bbox 361 490 426 544; x_wconf 79' lang='grc' dir='ltr'><strong>ἂν</strong></span> <span class='ocrx_word' id='word_1_32' title='bbox 448 491 534 561; x_wconf 77' lang='grc' dir='ltr'><strong>εἴη</strong></span> <span class='ocrx_word' id='word_1_33' title='bbox 556 493 1109 570; x_wconf 81' lang='grc' dir='ltr'>δυσεπιγνωστότερον</span> <span class='ocrx_word' id='word_1_34' title='bbox 1139 504 1171 571; x_wconf 77' lang='grc' dir='ltr'>ἡ</span> <span class='ocrx_word' id='word_1_35' title='bbox 1200 504 1383 573; x_wconf 73' lang='grc' dir='ltr'>ἡμέρα</span> <span class='ocrx_word' id='word_1_36' title='bbox 1408 506 1505 574; x_wconf 81' lang='grc' dir='ltr'>τῆς</span> <span class='ocrx_word' id='word_1_37' title='bbox 1527 507 1855 575; x_wconf 83' lang='grc' dir='ltr'><strong>συντελείας,</strong></span> 
     </span>
    </p>
   </div>
   <div class='ocr_carea' id='block_1_8' title="bbox 288 581 1859 668">
    <p class='ocr_par' dir='ltr' id='par_1_8' title="bbox 288 581 1859 668">
     <span class='ocr_line' id='line_1_8' title="bbox 288 581 1859 668; baseline 0.012 -34"><span class='ocrx_word' id='word_1_38' title='bbox 288 581 321 651; x_wconf 78' lang='grc' dir='ltr'><strong>ἢ</strong></span> <span class='ocrx_word' id='word_1_39' title='bbox 351 582 508 647; x_wconf 84' lang='grc' dir='ltr'>αὐτὸς</span> <span class='ocrx_word' id='word_1_40' title='bbox 536 587 563 637; x_wconf 94' lang='lat'><strong>6</strong></span> <span class='ocrx_word' id='word_1_41' title='bbox 602 585 734 650; x_wconf 84' lang='grc' dir='ltr'>Θεὸς</span> <span class='ocrx_word' id='word_1_42' title='bbox 766 589 858 641; x_wconf 75' lang='grc' dir='ltr'><strong>καὶ</strong></span> <span class='ocrx_word' id='word_1_43' title='bbox 898 590 1084 663; x_wconf 84' lang='grc' dir='ltr'>Πατήρ</span> <span class='ocrx_word' id='word_1_44' title='bbox 1112 608 1126 657; x_wconf 87' lang='lat'><strong>;</strong></span> <span class='ocrx_word' id='word_1_45' title='bbox 1162 594 1223 646; x_wconf 80' lang='grc' dir='ltr'><strong>Εἰ</strong></span> <span class='ocrx_word' id='word_1_46' title='bbox 1260 594 1317 648; x_wconf 80' lang='grc' dir='ltr'><strong>δὲ</strong></span> <span class='ocrx_word' id='word_1_47' title='bbox 1344 595 1431 648; x_wconf 85' lang='grc' dir='ltr'><strong>τὸν</strong></span> <span class='ocrx_word' id='word_1_48' title='bbox 1470 598 1687 668; x_wconf 82' lang='grc' dir='ltr'><strong>Πατέρα</strong></span> <span class='ocrx_word' id='word_1_49' title='bbox 1720 598 1859 665; x_wconf 80' lang='grc' dir='ltr'>ἔγνω</span> 
     </span>
    </p>
   </div>
   <div class='ocr_carea' id='block_1_9' title="bbox 289 673 1860 759">
    <p class='ocr_par' dir='ltr' id='par_1_9' title="bbox 289 673 1860 759">
     <span class='ocr_line' id='line_1_9' title="bbox 289 673 1860 759; baseline 0.013 -35"><span class='ocrx_word' id='word_1_50' title='bbox 289 673 485 726; x_wconf 72' lang='grc' dir='ltr'>εἰπών·</span> <span class='ocrx_word' id='word_1_51' title='bbox 525 693 544 727; x_wconf 74' lang='grc' dir='ltr'><strong>ι</strong></span> <span class='ocrx_word' id='word_1_52' title='bbox 585 676 701 731; x_wconf 86' lang='grc' dir='ltr'>Ἵνα</span> <span class='ocrx_word' id='word_1_53' title='bbox 731 678 1032 752; x_wconf 87' lang='grc' dir='ltr'>γινώσκητέ</span> <span class='ocrx_word' id='word_1_54' title='bbox 1082 702 1171 753; x_wconf 86' lang='grc' dir='ltr'><strong>με,</strong></span> <span class='ocrx_word' id='word_1_55' title='bbox 1216 685 1395 750; x_wconf 87' lang='grc' dir='ltr'>καθὼς</span> <span class='ocrx_word' id='word_1_56' title='bbox 1428 688 1683 757; x_wconf 81' lang='grc' dir='ltr'>γινώσκει</span> <span class='ocrx_word' id='word_1_57' title='bbox 1723 707 1790 759; x_wconf 90' lang='grc' dir='ltr'><strong>με</strong></span> <span class='ocrx_word' id='word_1_58' title='bbox 1831 691 1860 742; x_wconf 87' lang='grc' dir='ltr'>ὁ</span> 
     </span>
    </p>
   </div>
   <div class='ocr_carea' id='block_1_10' title="bbox 289 764 1860 847">
    <p class='ocr_par' dir='ltr' id='par_1_10' title="bbox 289 764 1860 847">
     <span class='ocr_line' id='line_1_10' title="bbox 289 764 1860 847; baseline 0.013 -32"><span class='ocrx_word' id='word_1_59' title='bbox 289 764 499 835; x_wconf 76' lang='grc' dir='ltr'>Πατὴρ,</span> <span class='ocrx_word' id='word_1_60' title='bbox 550 767 702 836; x_wconf 88' lang='grc' dir='ltr'>κάγὼ</span> <span class='ocrx_word' id='word_1_61' title='bbox 730 770 981 837; x_wconf 86' lang='grc' dir='ltr'>γινώσκω</span> <span class='ocrx_word' id='word_1_62' title='bbox 1022 774 1112 827; x_wconf 82' lang='grc' dir='ltr'><strong>τὸν</strong></span> <span class='ocrx_word' id='word_1_63' title='bbox 1149 776 1400 847; x_wconf 76' lang='grc' dir='ltr'>Πατέρα,</span> <span class='ocrx_word' id='word_1_64' title='bbox 1450 798 1469 831; x_wconf 71' lang='grc' dir='ltr'><strong>ι</strong></span> <span class='ocrx_word' id='word_1_65' title='bbox 1516 780 1630 843; x_wconf 83' lang='grc' dir='ltr'>πῶς</span> <span class='ocrx_word' id='word_1_66' title='bbox 1666 780 1764 833; x_wconf 84' lang='grc' dir='ltr'><strong>οὐκ</strong></span> <span class='ocrx_word' id='word_1_67' title='bbox 1794 781 1860 835; x_wconf 81' lang='grc' dir='ltr'><strong>ἀν</strong></span> 
     </span>
    </p>
   </div>
   <div class='ocr_carea' id='block_1_11' title="bbox 289 852 1861 941">
    <p class='ocr_par' dir='ltr' id='par_1_11' title="bbox 289 852 1861 941">
     <span class='ocr_line' id='line_1_11' title="bbox 289 852 1861 941; baseline 0.015 -37"><span class='ocrx_word' id='word_1_68' title='bbox 289 852 430 922; x_wconf 70' lang='grc' dir='ltr'>ἔγνω</span> <span class='ocrx_word' id='word_1_69' title='bbox 466 856 565 926; x_wconf 82' lang='grc' dir='ltr'>τὴν</span> <span class='ocrx_word' id='word_1_70' title='bbox 603 859 811 929; x_wconf 75' lang='grc' dir='ltr'>ἡμέραν</span> <span class='ocrx_word' id='word_1_71' title='bbox 849 858 1027 937; x_wconf 81' lang='grc' dir='ltr'>ἧσπερ</span> <span class='ocrx_word' id='word_1_72' title='bbox 1058 867 1150 919; x_wconf 80' lang='grc' dir='ltr'>καὶ</span> <span class='ocrx_word' id='word_1_73' title='bbox 1196 868 1525 941; x_wconf 85' lang='grc' dir='ltr'>δημιουργὸς</span> <span class='ocrx_word' id='word_1_74' title='bbox 1567 872 1730 936; x_wconf 82' lang='grc' dir='ltr'>αὐτὸς</span> <span class='ocrx_word' id='word_1_75' title='bbox 1770 872 1861 941; x_wconf 83' lang='grc' dir='ltr'><strong>γέ-</strong></span> 
     </span>
    </p>
   </div>
   <div class='ocr_carea' id='block_1_12' title="bbox 292 950 1862 1027">
    <p class='ocr_par' dir='ltr' id='par_1_12' title="bbox 292 950 1862 1027">
     <span class='ocr_line' id='line_1_12' title="bbox 292 950 1862 1027; baseline 0.013 -29"><span class='ocrx_word' id='word_1_76' title='bbox 292 961 453 1013; x_wconf 87' lang='grc' dir='ltr'>γονε;</span> <span class='ocrx_word' id='word_1_77' title='bbox 502 950 685 1020; x_wconf 72' lang='grc' dir='ltr'>Χωρὶς</span> <span class='ocrx_word' id='word_1_78' title='bbox 721 952 828 1024; x_wconf 84' lang='grc' dir='ltr'>γὰρ</span> <span class='ocrx_word' id='word_1_79' title='bbox 865 955 1027 1009; x_wconf 81' lang='grc' dir='ltr'>αὑτοῦ</span> <span class='ocrx_word' id='word_1_80' title='bbox 1070 959 1285 1027; x_wconf 80' lang='grc' dir='ltr'>ἐγένετο</span> <span class='ocrx_word' id='word_1_81' title='bbox 1336 963 1507 1016; x_wconf 78' lang='grc' dir='ltr'>οὐδέν.</span> <span class='ocrx_word' id='word_1_82' title='bbox 1554 965 1662 1017; x_wconf 72' lang='grc' dir='ltr'><strong>Καὶ</strong></span> <span class='ocrx_word' id='word_1_83' title='bbox 1705 964 1862 1018; x_wconf 83' lang='grc' dir='ltr'>τοῦτο</span> 
     </span>
    </p>
   </div>
   <div class='ocr_carea' id='block_1_13' title="bbox 292 1040 1861 1126">
    <p class='ocr_par' dir='ltr' id='par_1_13' title="bbox 292 1040 1861 1126">
     <span class='ocr_line' id='line_1_13' title="bbox 292 1040 1861 1126; baseline 0.015 -37"><span class='ocrx_word' id='word_1_84' title='bbox 292 1041 404 1101; x_wconf 86' lang='grc' dir='ltr'>τοῖς</span> <span class='ocrx_word' id='word_1_85' title='bbox 447 1040 671 1112; x_wconf 82' lang='grc' dir='ltr'>βραχέσι</span> <span class='ocrx_word' id='word_1_86' title='bbox 714 1044 923 1111; x_wconf 79' lang='grc' dir='ltr'>τούτοις</span> <span class='ocrx_word' id='word_1_87' title='bbox 963 1050 1406 1123; x_wconf 84' lang='grc' dir='ltr'>ἀποδεδειγμένος</span> <span class='ocrx_word' id='word_1_88' title='bbox 1447 1057 1476 1108; x_wconf 94' lang='lat'><strong>6</strong></span> <span class='ocrx_word' id='word_1_89' title='bbox 1521 1057 1675 1126; x_wconf 85' lang='grc' dir='ltr'>λόγος</span> <span class='ocrx_word' id='word_1_90' title='bbox 1714 1058 1861 1122; x_wconf 85' lang='grc' dir='ltr'>ὅπως</span> 
     </span>
    </p>
   </div>
   <div class='ocr_carea' id='block_1_14' title="bbox 290 1130 1862 1218">
    <p class='ocr_par' dir='ltr' id='par_1_14' title="bbox 290 1130 1862 1218">
     <span class='ocr_line' id='line_1_14' title="bbox 290 1130 1862 1218; baseline 0.015 -37"><span class='ocrx_word' id='word_1_91' title='bbox 290 1130 439 1200; x_wconf 75' lang='grc' dir='ltr'>ἔχει,</span> <span class='ocrx_word' id='word_1_92' title='bbox 474 1132 550 1203; x_wconf 84' lang='grc' dir='ltr'>μὴ</span> <span class='ocrx_word' id='word_1_93' title='bbox 598 1136 847 1204; x_wconf 80' lang='grc' dir='ltr'>ἐμποδών</span> <span class='ocrx_word' id='word_1_94' title='bbox 894 1156 999 1192; x_wconf 90' lang='grc' dir='ltr'>τινι</span> <span class='ocrx_word' id='word_1_95' title='bbox 1052 1144 1291 1211; x_wconf 89' lang='grc' dir='ltr'>γίγνοιτο</span> <span class='ocrx_word' id='word_1_96' title='bbox 1330 1146 1466 1217; x_wconf 87' lang='grc' dir='ltr'>πρὸς</span> <span class='ocrx_word' id='word_1_97' title='bbox 1515 1150 1613 1218; x_wconf 78' lang='grc' dir='ltr'>τὴν</span> <span class='ocrx_word' id='word_1_98' title='bbox 1649 1150 1862 1203; x_wconf 81' lang='grc' dir='ltr'>εὐθεῖαν</span> 
     </span>
    </p>
   </div>
   <div class='ocr_carea' id='block_1_15' title="bbox 291 1220 1860 1311">
    <p class='ocr_par' dir='ltr' id='par_1_15' title="bbox 291 1220 1860 1311">
     <span class='ocr_line' id='line_1_15' title="bbox 291 1220 1860 1311; baseline 0.015 -40"><span class='ocrx_word' id='word_1_99' title='bbox 291 1220 493 1275; x_wconf 85' lang='grc' dir='ltr'>πίστιν.</span> <span class='ocrx_word' id='word_1_100' title='bbox 530 1223 718 1295; x_wconf 80' lang='grc' dir='ltr'>Ὑμεῖς</span> <span class='ocrx_word' id='word_1_101' title='bbox 740 1223 851 1293; x_wconf 76' lang='grc' dir='ltr'>οὖν,</span> <span class='ocrx_word' id='word_1_102' title='bbox 879 1232 925 1282; x_wconf 81' lang='lat' dir='ltr'><strong>oi</strong></span> <span class='ocrx_word' id='word_1_103' title='bbox 948 1233 1087 1286; x_wconf 86' lang='grc' dir='ltr'><strong>κατά</strong></span> <span class='ocrx_word' id='word_1_104' title='bbox 1115 1235 1398 1291; x_wconf 78' lang='grc' dir='ltr'>Σαὸέλλιόν</span> <span class='ocrx_word' id='word_1_105' title='bbox 1414 1255 1472 1292; x_wconf 88' lang='grc' dir='ltr'><strong>τε</strong></span> <span class='ocrx_word' id='word_1_106' title='bbox 1498 1240 1593 1294; x_wconf 77' lang='grc' dir='ltr'><strong>καὶ</strong></span> <span class='ocrx_word' id='word_1_107' title='bbox 1622 1242 1860 1311; x_wconf 80' lang='grc' dir='ltr'>Ἀρειον,</span> 
     </span>
    </p>
   </div>
   <div class='ocr_carea' id='block_1_16' title="bbox 291 1316 1864 1401">
    <p class='ocr_par' dir='ltr' id='par_1_16' title="bbox 291 1316 1864 1401">
     <span class='ocr_line' id='line_1_16' title="bbox 291 1316 1864 1401; baseline 0.013 -35"><span class='ocrx_word' id='word_1_108' title='bbox 291 1316 339 1367; x_wconf 72' lang='lat' dir='ltr'><strong>oi</strong></span> <span class='ocrx_word' id='word_1_109' title='bbox 363 1316 421 1369; x_wconf 82' lang='grc' dir='ltr'>ὲν</span> <span class='ocrx_word' id='word_1_110' title='bbox 443 1316 739 1392; x_wconf 81' lang='grc' dir='ltr'>τηλικαύτῃ</span> <span class='ocrx_word' id='word_1_111' title='bbox 767 1321 995 1397; x_wconf 85' lang='grc' dir='ltr'>διαφορᾷ</span> <span class='ocrx_word' id='word_1_112' title='bbox 1021 1329 1321 1395; x_wconf 86' lang='grc' dir='ltr'>γεγονότες,</span> <span class='ocrx_word' id='word_1_113' title='bbox 1352 1332 1530 1383; x_wconf 79' lang='grc' dir='ltr'>πᾶσαν</span> <span class='ocrx_word' id='word_1_114' title='bbox 1556 1333 1864 1401; x_wconf 68' lang='grc' dir='ltr'>ὲπεγνωκόυ</span> 
     </span>
    </p>
   </div>
   <div class='ocr_carea' id='block_1_17' title="bbox 290 1406 1865 1495">
    <p class='ocr_par' dir='ltr' id='par_1_17' title="bbox 290 1406 1865 1495">
     <span class='ocr_line' id='line_1_17' title="bbox 290 1406 1865 1495; baseline 0.016 -40"><span class='ocrx_word' id='word_1_115' title='bbox 290 1420 383 1468; x_wconf 85' lang='grc' dir='ltr'><strong>τες</strong></span> <span class='ocrx_word' id='word_1_116' title='bbox 411 1406 475 1458; x_wconf 82' lang='grc' dir='ltr'>ἐκ</span> <span class='ocrx_word' id='word_1_117' title='bbox 500 1407 606 1460; x_wconf 83' lang='grc' dir='ltr'>τῶν</span> <span class='ocrx_word' id='word_1_118' title='bbox 631 1411 935 1482; x_wconf 74' lang='grc' dir='ltr'>εἰρημένων</span> <span class='ocrx_word' id='word_1_119' title='bbox 954 1416 1053 1484; x_wconf 85' lang='grc' dir='ltr'><strong>τὴν</strong></span> <span class='ocrx_word' id='word_1_120' title='bbox 1088 1418 1365 1488; x_wconf 82' lang='grc' dir='ltr'>ἀλήθειαν,</span> <span class='ocrx_word' id='word_1_121' title='bbox 1395 1421 1574 1476; x_wconf 83' lang='grc' dir='ltr'>σύνιτέ</span> <span class='ocrx_word' id='word_1_122' title='bbox 1611 1441 1699 1494; x_wconf 90' lang='grc' dir='ltr'><strong>μοι</strong></span> <span class='ocrx_word' id='word_1_123' title='bbox 1728 1425 1865 1495; x_wconf 83' lang='grc' dir='ltr'>πρὸς</span> 
     </span>
    </p>
   </div>
   <div class='ocr_carea' id='block_1_18' title="bbox 293 1498 1863 1589">
    <p class='ocr_par' dir='ltr' id='par_1_18' title="bbox 293 1498 1863 1589">
     <span class='ocr_line' id='line_1_18' title="bbox 293 1498 1863 1589; baseline 0.014 -41"><span class='ocrx_word' id='word_1_124' title='bbox 293 1498 495 1567; x_wconf 78' lang='grc' dir='ltr'>φιλίαν,</span> <span class='ocrx_word' id='word_1_125' title='bbox 540 1502 632 1555; x_wconf 78' lang='grc' dir='ltr'><strong>καὶ</strong></span> <span class='ocrx_word' id='word_1_126' title='bbox 676 1506 755 1568; x_wconf 85' lang='grc' dir='ltr'><strong>είς</strong></span> <span class='ocrx_word' id='word_1_127' title='bbox 800 1507 862 1560; x_wconf 83' lang='grc' dir='ltr'><strong>τὸ</strong></span> <span class='ocrx_word' id='word_1_128' title='bbox 912 1511 1113 1580; x_wconf 78' lang='grc' dir='ltr'>μεταξὺ</span> <span class='ocrx_word' id='word_1_129' title='bbox 1153 1516 1265 1567; x_wconf 85' lang='grc' dir='ltr'>τοῖν</span> <span class='ocrx_word' id='word_1_130' title='bbox 1297 1517 1496 1586; x_wconf 84' lang='grc' dir='ltr'>ἀμφοῖν</span> <span class='ocrx_word' id='word_1_131' title='bbox 1544 1518 1863 1589; x_wconf 73' lang='grc' dir='ltr'>ἐληλυθότες</span> 
     </span>
    </p>
   </div>
   <div class='ocr_carea' id='block_1_19' title="bbox 292 1591 1866 1682">
    <p class='ocr_par' dir='ltr' id='par_1_19' title="bbox 292 1591 1866 1682">
     <span class='ocr_line' id='line_1_19' title="bbox 292 1591 1866 1682; baseline 0.016 -41"><span class='ocrx_word' id='word_1_132' title='bbox 292 1591 562 1659; x_wconf 85' lang='grc' dir='ltr'>παγίδοιν,</span> <span class='ocrx_word' id='word_1_133' title='bbox 601 1596 861 1667; x_wconf 76' lang='grc' dir='ltr'>εὑρήσετε</span> <span class='ocrx_word' id='word_1_134' title='bbox 896 1602 993 1671; x_wconf 84' lang='grc' dir='ltr'>τὴν</span> <span class='ocrx_word' id='word_1_135' title='bbox 1024 1604 1123 1673; x_wconf 86' lang='grc' dir='ltr'><strong>τῆς</strong></span> <span class='ocrx_word' id='word_1_136' title='bbox 1151 1604 1405 1677; x_wconf 78' lang='grc' dir='ltr'>ἀληθείας</span> <span class='ocrx_word' id='word_1_137' title='bbox 1432 1605 1629 1682; x_wconf 78' lang='grc' dir='ltr'>δδὸν,ᾖ</span> <span class='ocrx_word' id='word_1_138' title='bbox 1666 1626 1866 1681; x_wconf 79' lang='grc' dir='ltr'>πορευο</span> 
     </span>
    </p>
   </div>
   <div class='ocr_carea' id='block_1_20' title="bbox 291 1682 1271 1772">
    <p class='ocr_par' dir='ltr' id='par_1_20' title="bbox 291 1682 1271 1772">
     <span class='ocr_line' id='line_1_20' title="bbox 291 1682 1271 1772; baseline 0.02 -36"><span class='ocrx_word' id='word_1_139' title='bbox 291 1682 495 1752; x_wconf 73' lang='grc' dir='ltr'>θέντες,</span> <span class='ocrx_word' id='word_1_140' title='bbox 521 1686 714 1757; x_wconf 75' lang='grc' dir='ltr'>ὄψεσθε</span> <span class='ocrx_word' id='word_1_141' title='bbox 740 1692 839 1764; x_wconf 76' lang='grc' dir='ltr'><strong>τὴν</strong></span> <span class='ocrx_word' id='word_1_142' title='bbox 866 1695 1082 1751; x_wconf 87' lang='grc' dir='ltr'>αἰώνιον</span> <span class='ocrx_word' id='word_1_143' title='bbox 1107 1700 1271 1772; x_wconf 79' lang='grc' dir='ltr'>ζωήν.</span> 
     </span>
    </p>
   </div>
   <div class='ocr_carea' id='block_1_21' title="bbox 363 1866 834 1939">
    <p class='ocr_par' dir='ltr' id='par_1_21' title="bbox 363 1866 834 1939">
     <span class='ocr_line' id='line_1_21' title="bbox 363 1866 834 1939; baseline 0.019 -17"><span class='ocrx_word' id='word_1_144' title='bbox 363 1868 411 1901; x_wconf 87' lang='grc'><strong><em>⁸⁵</em></strong></span> <span class='ocrx_word' id='word_1_145' title='bbox 441 1866 602 1925; x_wconf 85' lang='lat' dir='ltr'><strong>Joan.</strong></span> <span class='ocrx_word' id='word_1_146' title='bbox 638 1887 673 1926; x_wconf 72' lang='grc' dir='ltr'><strong>ι</strong></span> <span class='ocrx_word' id='word_1_147' title='bbox 696 1912 711 1939; x_wconf 95' lang='grc'><strong>,</strong></span> <span class='ocrx_word' id='word_1_148' title='bbox 744 1873 834 1932; x_wconf 77' lang='grc'><strong>15.</strong></span> 
     </span>
    </p>
   </div>
   <div class='ocr_carea' id='block_1_22' title="bbox 305 2062 1730 2092">
    <p class='ocr_par' dir='ltr' id='par_1_22' title="bbox 305 2062 1730 2092">
     <span class='ocr_line' id='line_1_22' title="bbox 305 2062 1730 2092; baseline -0.001 0"><span class='ocrx_word' id='word_1_149' title='bbox 305 2062 1730 2092; x_wconf 62' lang='lat'><strong>==——__—__—_——___——</strong></span> 
     </span>
    </p>
   </div>
   <div class='ocr_carea' id='block_1_23' title="bbox 1960 422 3523 493">
    <p class='ocr_par' dir='ltr' id='par_1_23' title="bbox 1960 422 3523 493">
     <span class='ocr_line' id='line_1_23' title="bbox 1960 422 3523 493; baseline 0.004 -17"><span class='ocrx_word' id='word_1_150' title='bbox 1960 422 2144 493; x_wconf 78' lang='lat' dir='ltr'><strong>generi</strong></span> <span class='ocrx_word' id='word_1_151' title='bbox 2173 430 2489 485; x_wconf 90' lang='lat' dir='ltr'><strong>evenerunt,</strong></span> <span class='ocrx_word' id='word_1_152' title='bbox 2521 437 2717 492; x_wconf 85' lang='lat' dir='ltr'><strong>nempe</strong></span> <span class='ocrx_word' id='word_1_153' title='bbox 2745 434 2795 477; x_wconf 87' lang='lat' dir='ltr'><strong>et</strong></span> <span class='ocrx_word' id='word_1_154' title='bbox 2828 424 3152 479; x_wconf 74' lang='lat' dir='ltr'><strong>humilitatis</strong></span> <span class='ocrx_word' id='word_1_155' title='bbox 3196 425 3523 481; x_wconf 80' lang='lat' dir='ltr'><strong>fundamen-</strong></span> 
     </span>
    </p>
   </div>
   <div class='ocr_carea' id='block_1_24' title="bbox 1962 513 3528 586">
    <p class='ocr_par' dir='ltr' id='par_1_24' title="bbox 1962 513 3528 586">
     <span class='ocr_line' id='line_1_24' title="bbox 1962 513 3528 586; baseline 0.004 -20"><span class='ocrx_word' id='word_1_156' title='bbox 1962 520 2099 576; x_wconf 93' lang='lat' dir='ltr'><strong>tum,</strong></span> <span class='ocrx_word' id='word_1_157' title='bbox 2127 520 2182 567; x_wconf 90' lang='lat' dir='ltr'><strong>et</strong></span> <span class='ocrx_word' id='word_1_158' title='bbox 2212 513 2501 567; x_wconf 73' lang='lat' dir='ltr'><strong>mundanae</strong></span> <span class='ocrx_word' id='word_1_159' title='bbox 2539 514 2663 568; x_wconf 84' lang='lat' dir='ltr'><strong>linis</strong></span> <span class='ocrx_word' id='word_1_160' title='bbox 2690 514 2981 584; x_wconf 85' lang='lat' dir='ltr'><strong>ignoratio,</strong></span> <span class='ocrx_word' id='word_1_161' title='bbox 3030 531 3150 586; x_wconf 71' lang='lat' dir='ltr'><strong>quae</strong></span> <span class='ocrx_word' id='word_1_162' title='bbox 3184 516 3252 571; x_wconf 91' lang='lat' dir='ltr'><strong>ad</strong></span> <span class='ocrx_word' id='word_1_163' title='bbox 3286 517 3412 571; x_wconf 76' lang='lat' dir='ltr'><strong>vita:</strong></span> <span class='ocrx_word' id='word_1_164' title='bbox 3441 532 3528 573; x_wconf 86' lang='lat' dir='ltr'><strong>re-</strong></span> 
     </span>
    </p>
   </div>
   <div class='ocr_carea' id='block_1_25' title="bbox 1960 605 3529 678">
    <p class='ocr_par' dir='ltr' id='par_1_25' title="bbox 1960 605 3529 678">
     <span class='ocr_line' id='line_1_25' title="bbox 1960 605 3529 678; baseline 0.002 -19"><span class='ocrx_word' id='word_1_165' title='bbox 1960 605 2276 659; x_wconf 91' lang='lat' dir='ltr'><strong>ctitudinem</strong></span> <span class='ocrx_word' id='word_1_166' title='bbox 2302 621 2646 676; x_wconf 84' lang='lat' dir='ltr'><strong>summopere</strong></span> <span class='ocrx_word' id='word_1_167' title='bbox 2671 605 2899 661; x_wconf 81' lang='lat' dir='ltr'><strong>confert.</strong></span> <span class='ocrx_word' id='word_1_168' title='bbox 2929 607 3122 663; x_wconf 85' lang='lat' dir='ltr'><strong>Utrum</strong></span> <span class='ocrx_word' id='word_1_169' title='bbox 3144 623 3309 678; x_wconf 88' lang='lat' dir='ltr'><strong>porro</strong></span> <span class='ocrx_word' id='word_1_170' title='bbox 3337 608 3529 664; x_wconf 50' lang='lat' dir='ltr'><strong>didici.</strong></span> 
     </span>
    </p>
   </div>
   <div class='ocr_carea' id='block_1_26' title="bbox 1960 698 3528 770">
    <p class='ocr_par' dir='ltr' id='par_1_26' title="bbox 1960 698 3528 770">
     <span class='ocr_line' id='line_1_26' title="bbox 1960 698 3528 770; baseline 0.003 -19"><span class='ocrx_word' id='word_1_171' title='bbox 1960 698 2065 752; x_wconf 86' lang='lat' dir='ltr'><strong>lior</strong></span> <span class='ocrx_word' id='word_1_172' title='bbox 2094 698 2315 768; x_wconf 87' lang='lat' dir='ltr'><strong>cognitu</strong></span> <span class='ocrx_word' id='word_1_173' title='bbox 2356 698 2543 761; x_wconf 85' lang='lat' dir='ltr'><strong>fuerit,</strong></span> <span class='ocrx_word' id='word_1_174' title='bbox 2576 699 2695 754; x_wconf 91' lang='lat' dir='ltr'><strong>dies</strong></span> <span class='ocrx_word' id='word_1_175' title='bbox 2732 699 2919 753; x_wconf 90' lang='lat' dir='ltr'><strong>mundi</strong></span> <span class='ocrx_word' id='word_1_176' title='bbox 2968 707 3234 763; x_wconf 82' lang='lat' dir='ltr'><strong>extrema,</strong></span> <span class='ocrx_word' id='word_1_177' title='bbox 3292 715 3362 755; x_wconf 88' lang='lat' dir='ltr'><strong>an</strong></span> <span class='ocrx_word' id='word_1_178' title='bbox 3410 701 3528 770; x_wconf 89' lang='lat' dir='ltr'><strong>ipse</strong></span> 
     </span>
    </p>
   </div>
   <div class='ocr_carea' id='block_1_27' title="bbox 1961 788 3527 863">
    <p class='ocr_par' dir='ltr' id='par_1_27' title="bbox 1961 788 3527 863">
     <span class='ocr_line' id='line_1_27' title="bbox 1961 788 3527 863; baseline 0.003 -22"><span class='ocrx_word' id='word_1_179' title='bbox 1961 788 2105 844; x_wconf 87' lang='lat' dir='ltr'><strong>Deus</strong></span> <span class='ocrx_word' id='word_1_180' title='bbox 2143 788 2342 844; x_wconf 75' lang='lat' dir='ltr'><strong>Pater?</strong></span> <span class='ocrx_word' id='word_1_181' title='bbox 2375 788 2492 843; x_wconf 89' lang='lat' dir='ltr'><strong>Jam</strong></span> <span class='ocrx_word' id='word_1_182' title='bbox 2534 791 2581 846; x_wconf 90' lang='lat' dir='ltr'><strong>si</strong></span> <span class='ocrx_word' id='word_1_183' title='bbox 2626 788 2799 847; x_wconf 88' lang='lat' dir='ltr'><strong>Filius</strong></span> <span class='ocrx_word' id='word_1_184' title='bbox 2846 790 3061 845; x_wconf 84' lang='lat' dir='ltr'><strong>Patrem</strong></span> <span class='ocrx_word' id='word_1_185' title='bbox 3097 802 3344 858; x_wconf 84' lang='lat' dir='ltr'><strong>noverat,</strong></span> <span class='ocrx_word' id='word_1_186' title='bbox 3397 793 3527 863; x_wconf 89' lang='lat' dir='ltr'><strong>quia</strong></span> 
     </span>
    </p>
   </div>
   <div class='ocr_carea' id='block_1_28' title="bbox 1961 880 3525 953">
    <p class='ocr_par' dir='ltr' id='par_1_28' title="bbox 1961 880 3525 953">
     <span class='ocr_line' id='line_1_28' title="bbox 1961 880 3525 953; baseline 0.001 -18"><span class='ocrx_word' id='word_1_187' title='bbox 1961 881 2131 936; x_wconf 78' lang='lat' dir='ltr'><strong>dixit:</strong></span> <span class='ocrx_word' id='word_1_188' title='bbox 2162 901 2179 933; x_wconf 81' lang='grc' dir='ltr'><strong>ι</strong></span> <span class='ocrx_word' id='word_1_189' title='bbox 2206 880 2630 951; x_wconf 88' lang='lat' dir='ltr'><strong>Utcognoscatis</strong></span> <span class='ocrx_word' id='word_1_190' title='bbox 2657 897 2762 945; x_wconf 92' lang='lat' dir='ltr'><strong>me,</strong></span> <span class='ocrx_word' id='word_1_191' title='bbox 2783 882 2925 936; x_wconf 87' lang='lat' dir='ltr'><strong>sicut</strong></span> <span class='ocrx_word' id='word_1_192' title='bbox 2950 883 3230 953; x_wconf 81' lang='lat' dir='ltr'><strong>cognoscit</strong></span> <span class='ocrx_word' id='word_1_193' title='bbox 3250 883 3525 949; x_wconf 85' lang='lat' dir='ltr'><strong>mePater,</strong></span> 
     </span>
    </p>
   </div>
   <div class='ocr_carea' id='block_1_29' title="bbox 1961 972 3527 1043">
    <p class='ocr_par' dir='ltr' id='par_1_29' title="bbox 1961 972 3527 1043">
     <span class='ocr_line' id='line_1_29' title="bbox 1961 972 3527 1043; baseline 0.002 -16"><span class='ocrx_word' id='word_1_194' title='bbox 1961 982 2013 1027; x_wconf 92' lang='lat' dir='ltr'><strong>et</strong></span> <span class='ocrx_word' id='word_1_195' title='bbox 2039 987 2139 1043; x_wconf 81' lang='lat' dir='ltr'><strong>ego</strong></span> <span class='ocrx_word' id='word_1_196' title='bbox 2172 988 2444 1043; x_wconf 81' lang='lat' dir='ltr'><strong>cognosco</strong></span> <span class='ocrx_word' id='word_1_197' title='bbox 2477 972 2692 1027; x_wconf 81' lang='lat' dir='ltr'><strong>Patrem</strong></span> <span class='ocrx_word' id='word_1_198' title='bbox 2717 974 2804 1040; x_wconf 59' lang='lat'><strong>5&quot;;</strong></span> <span class='ocrx_word' id='word_1_199' title='bbox 2848 993 2865 1025; x_wconf 76' lang='grc' dir='ltr'><strong>ι</strong></span> <span class='ocrx_word' id='word_1_200' title='bbox 2893 974 3168 1043; x_wconf 90' lang='lat' dir='ltr'><strong>quomodo</strong></span> <span class='ocrx_word' id='word_1_201' title='bbox 3189 976 3330 1030; x_wconf 89' lang='lat' dir='ltr'><strong>diem</strong></span> <span class='ocrx_word' id='word_1_202' title='bbox 3378 976 3527 1030; x_wconf 84' lang='lat' dir='ltr'><strong>illam</strong></span> 
     </span>
    </p>
   </div>
   <div class='ocr_carea' id='block_1_30' title="bbox 1962 1065 3526 1134">
    <p class='ocr_par' dir='ltr' id='par_1_30' title="bbox 1962 1065 3526 1134">
     <span class='ocr_line' id='line_1_30' title="bbox 1962 1065 3526 1134; baseline 0.002 -16"><span class='ocrx_word' id='word_1_203' title='bbox 1962 1065 2259 1128; x_wconf 81' lang='lat' dir='ltr'><strong>nesciebat,</strong></span> <span class='ocrx_word' id='word_1_204' title='bbox 2307 1065 2466 1133; x_wconf 88' lang='lat' dir='ltr'><strong>cujus</strong></span> <span class='ocrx_word' id='word_1_205' title='bbox 2511 1065 2673 1118; x_wconf 88' lang='lat' dir='ltr'><strong>etiam</strong></span> <span class='ocrx_word' id='word_1_206' title='bbox 2702 1074 2921 1120; x_wconf 82' lang='lat' dir='ltr'><strong>creator</strong></span> <span class='ocrx_word' id='word_1_207' title='bbox 2953 1067 3068 1134; x_wconf 89' lang='lat' dir='ltr'><strong>ipse</strong></span> <span class='ocrx_word' id='word_1_208' title='bbox 3119 1068 3364 1121; x_wconf 80' lang='lat' dir='ltr'><strong>exstitit?</strong></span> <span class='ocrx_word' id='word_1_209' title='bbox 3388 1066 3526 1122; x_wconf 84' lang='lat' dir='ltr'><strong>Nam</strong></span> 
     </span>
    </p>
   </div>
   <div class='ocr_carea' id='block_1_31' title="bbox 1962 1155 3528 1225">
    <p class='ocr_par' dir='ltr' id='par_1_31' title="bbox 1962 1155 3528 1225">
     <span class='ocr_line' id='line_1_31' title="bbox 1962 1155 3528 1225; baseline 0.001 -14"><span class='ocrx_word' id='word_1_210' title='bbox 1962 1157 2081 1212; x_wconf 89' lang='lat' dir='ltr'><strong>sine</strong></span> <span class='ocrx_word' id='word_1_211' title='bbox 2111 1157 2229 1225; x_wconf 90' lang='lat' dir='ltr'><strong>ipso</strong></span> <span class='ocrx_word' id='word_1_212' title='bbox 2262 1155 2462 1211; x_wconf 82' lang='lat' dir='ltr'><strong>factum</strong></span> <span class='ocrx_word' id='word_1_213' title='bbox 2497 1164 2582 1211; x_wconf 91' lang='lat' dir='ltr'><strong>est</strong></span> <span class='ocrx_word' id='word_1_214' title='bbox 2621 1155 2776 1210; x_wconf 86' lang='lat' dir='ltr'><strong>nihil.</strong></span> <span class='ocrx_word' id='word_1_215' title='bbox 2810 1155 2942 1222; x_wconf 66' lang='lat' dir='ltr'><strong>Quae</strong></span> <span class='ocrx_word' id='word_1_216' title='bbox 2969 1171 3093 1210; x_wconf 92' lang='lat' dir='ltr'><strong>cum</strong></span> <span class='ocrx_word' id='word_1_217' title='bbox 3123 1157 3207 1210; x_wconf 79' lang='lat' dir='ltr'><strong>&#39;ita</strong></span> <span class='ocrx_word' id='word_1_218' title='bbox 3238 1158 3473 1213; x_wconf 85' lang='lat' dir='ltr'><strong>breviter</strong></span> <span class='ocrx_word' id='word_1_219' title='bbox 3496 1172 3528 1212; x_wconf 70' lang='grc' dir='ltr'>ι</span> 
     </span>
    </p>
   </div>
   <div class='ocr_carea' id='block_1_32' title="bbox 1961 1246 3530 1312">
    <p class='ocr_par' dir='ltr' id='par_1_32' title="bbox 1961 1246 3530 1312">
     <span class='ocr_line' id='line_1_32' title="bbox 1961 1246 3530 1312; baseline 0.003 -10"><span class='ocrx_word' id='word_1_220' title='bbox 1961 1248 2120 1303; x_wconf 91' lang='lat' dir='ltr'><strong>nobis</strong></span> <span class='ocrx_word' id='word_1_221' title='bbox 2146 1248 2517 1303; x_wconf 86' lang='lat' dir='ltr'><strong>demonstrata</strong></span> <span class='ocrx_word' id='word_1_222' title='bbox 2566 1246 2789 1312; x_wconf 82' lang='lat' dir='ltr'><strong>fuerint,</strong></span> <span class='ocrx_word' id='word_1_223' title='bbox 2836 1264 3000 1303; x_wconf 89' lang='lat' dir='ltr'><strong>nemo</strong></span> <span class='ocrx_word' id='word_1_224' title='bbox 3039 1264 3069 1303; x_wconf 87' lang='lat' dir='ltr'><strong>a</strong></span> <span class='ocrx_word' id='word_1_225' title='bbox 3116 1257 3267 1304; x_wconf 88' lang='lat' dir='ltr'><strong>recta</strong></span> <span class='ocrx_word' id='word_1_226' title='bbox 3300 1248 3402 1305; x_wconf 82' lang='lat' dir='ltr'><strong>ﬁde</strong></span> <span class='ocrx_word' id='word_1_227' title='bbox 3448 1258 3530 1306; x_wconf 90' lang='lat' dir='ltr'><strong>te-</strong></span> 
     </span>
    </p>
   </div>
   <div class='ocr_carea' id='block_1_33' title="bbox 1962 1336 3529 1409">
    <p class='ocr_par' dir='ltr' id='par_1_33' title="bbox 1962 1336 3529 1409">
     <span class='ocr_line' id='line_1_33' title="bbox 1962 1336 3529 1409; baseline 0.001 -15"><span class='ocrx_word' id='word_1_228' title='bbox 1962 1337 2139 1394; x_wconf 91' lang='lat' dir='ltr'><strong>nenda</strong></span> <span class='ocrx_word' id='word_1_229' title='bbox 2168 1337 2515 1409; x_wconf 85' lang='lat' dir='ltr'><strong>impediatur.</strong></span> <span class='ocrx_word' id='word_1_230' title='bbox 2550 1336 2657 1394; x_wconf 87' lang='lat' dir='ltr'><strong>Vos</strong></span> <span class='ocrx_word' id='word_1_231' title='bbox 2688 1339 2893 1409; x_wconf 87' lang='lat' dir='ltr'><strong>itaque,</strong></span> <span class='ocrx_word' id='word_1_232' title='bbox 2939 1340 3053 1392; x_wconf 86' lang='lat' dir='ltr'><strong>Arii</strong></span> <span class='ocrx_word' id='word_1_233' title='bbox 3099 1350 3153 1394; x_wconf 93' lang='lat' dir='ltr'><strong>et</strong></span> <span class='ocrx_word' id='word_1_234' title='bbox 3191 1339 3413 1396; x_wconf 89' lang='lat' dir='ltr'><strong>Sabellil</strong></span> <span class='ocrx_word' id='word_1_235' title='bbox 3444 1356 3529 1396; x_wconf 88' lang='lat' dir='ltr'><strong>as-</strong></span> 
     </span>
    </p>
   </div>
   <div class='ocr_carea' id='block_1_34' title="bbox 1963 1430 3531 1501">
    <p class='ocr_par' dir='ltr' id='par_1_34' title="bbox 1963 1430 3531 1501">
     <span class='ocr_line' id='line_1_34' title="bbox 1963 1430 3531 1501; baseline 0.001 -16"><span class='ocrx_word' id='word_1_236' title='bbox 1963 1430 2142 1493; x_wconf 65' lang='lat' dir='ltr'><strong>seclaa,</strong></span> <span class='ocrx_word' id='word_1_237' title='bbox 2180 1430 2271 1499; x_wconf 76' lang='lat' dir='ltr'><strong>qui</strong></span> <span class='ocrx_word' id='word_1_238' title='bbox 2322 1437 2607 1498; x_wconf 86' lang='lat' dir='ltr'><strong>tantopere</strong></span> <span class='ocrx_word' id='word_1_239' title='bbox 2655 1446 2687 1484; x_wconf 87' lang='lat' dir='ltr'><strong>a</strong></span> <span class='ocrx_word' id='word_1_240' title='bbox 2742 1430 2903 1486; x_wconf 90' lang='lat' dir='ltr'><strong>nobis</strong></span> <span class='ocrx_word' id='word_1_241' title='bbox 2960 1430 3263 1495; x_wconf 89' lang='lat' dir='ltr'><strong>dissidetis,</strong></span> <span class='ocrx_word' id='word_1_242' title='bbox 3312 1433 3531 1501; x_wconf 87' lang='lat' dir='ltr'><strong>cognita</strong></span> 
     </span>
    </p>
   </div>
   <div class='ocr_carea' id='block_1_35' title="bbox 1963 1520 3529 1585">
    <p class='ocr_par' dir='ltr' id='par_1_35' title="bbox 1963 1520 3529 1585">
     <span class='ocr_line' id='line_1_35' title="bbox 1963 1520 3529 1585; baseline 0.001 -9"><span class='ocrx_word' id='word_1_243' title='bbox 1963 1521 2112 1576; x_wconf 93' lang='lat' dir='ltr'><strong>omni</strong></span> <span class='ocrx_word' id='word_1_244' title='bbox 2137 1536 2203 1575; x_wconf 77' lang='lat' dir='ltr'><strong>ex</strong></span> <span class='ocrx_word' id='word_1_245' title='bbox 2240 1520 2403 1575; x_wconf 91' lang='lat' dir='ltr'><strong>dictis</strong></span> <span class='ocrx_word' id='word_1_246' title='bbox 2434 1521 2635 1577; x_wconf 86' lang='lat' dir='ltr'><strong>nostris</strong></span> <span class='ocrx_word' id='word_1_247' title='bbox 2677 1522 2925 1585; x_wconf 83' lang='lat' dir='ltr'><strong>veritate,</strong></span> <span class='ocrx_word' id='word_1_248' title='bbox 2969 1538 3183 1577; x_wconf 90' lang='lat' dir='ltr'><strong>mecum</strong></span> <span class='ocrx_word' id='word_1_249' title='bbox 3213 1521 3269 1575; x_wconf 88' lang='lat' dir='ltr'><strong>in</strong></span> <span class='ocrx_word' id='word_1_250' title='bbox 3298 1536 3529 1577; x_wconf 92' lang='lat' dir='ltr'><strong>concor-</strong></span> 
     </span>
    </p>
   </div>
   <div class='ocr_carea' id='block_1_36' title="bbox 1965 1613 3528 1685">
    <p class='ocr_par' dir='ltr' id='par_1_36' title="bbox 1965 1613 3528 1685">
     <span class='ocr_line' id='line_1_36' title="bbox 1965 1613 3528 1685; baseline 0.001 -17"><span class='ocrx_word' id='word_1_251' title='bbox 1965 1614 2112 1668; x_wconf 85' lang='lat' dir='ltr'><strong>diam</strong></span> <span class='ocrx_word' id='word_1_252' title='bbox 2148 1613 2456 1677; x_wconf 90' lang='lat' dir='ltr'><strong>convenite,</strong></span> <span class='ocrx_word' id='word_1_253' title='bbox 2493 1624 2546 1667; x_wconf 93' lang='lat' dir='ltr'><strong>et</strong></span> <span class='ocrx_word' id='word_1_254' title='bbox 2579 1614 2721 1669; x_wconf 88' lang='lat' dir='ltr'><strong>inter</strong></span> <span class='ocrx_word' id='word_1_255' title='bbox 2751 1624 3045 1685; x_wconf 87' lang='lat' dir='ltr'><strong>utrumque</strong></span> <span class='ocrx_word' id='word_1_256' title='bbox 3089 1614 3342 1685; x_wconf 84' lang='lat' dir='ltr'><strong>laqueum</strong></span> <span class='ocrx_word' id='word_1_257' title='bbox 3377 1616 3528 1671; x_wconf 89' lang='lat' dir='ltr'><strong>ince-</strong></span> 
     </span>
    </p>
   </div>
   <div class='ocr_carea' id='block_1_37' title="bbox 1896 1704 3527 1777">
    <p class='ocr_par' dir='ltr' id='par_1_37' title="bbox 1896 1704 3527 1777">
     <span class='ocr_line' id='line_1_37' title="bbox 1896 1704 3527 1777; baseline 0 -17"><span class='ocrx_word' id='word_1_258' title='bbox 1896 1723 1938 1777; x_wconf 72' lang='grc' dir='ltr'><strong>Β</strong></span> <span class='ocrx_word' id='word_1_259' title='bbox 1963 1706 2175 1766; x_wconf 89' lang='lat' dir='ltr'><strong>dentes,</strong></span> <span class='ocrx_word' id='word_1_260' title='bbox 2214 1704 2462 1761; x_wconf 79' lang='lat' dir='ltr'><strong>veritatis</strong></span> <span class='ocrx_word' id='word_1_261' title='bbox 2508 1705 2651 1759; x_wconf 91' lang='lat' dir='ltr'><strong>viam</strong></span> <span class='ocrx_word' id='word_1_262' title='bbox 2682 1706 3103 1774; x_wconf 86' lang='lat' dir='ltr'><strong>nanciscamini,</strong></span> <span class='ocrx_word' id='word_1_263' title='bbox 3139 1720 3246 1776; x_wconf 87' lang='lat' dir='ltr'><strong>qua</strong></span> <span class='ocrx_word' id='word_1_264' title='bbox 3277 1706 3527 1777; x_wconf 87' lang='lat' dir='ltr'><strong>gradien-</strong></span> 
     </span>
    </p>
   </div>
   <div class='ocr_carea' id='block_1_38' title="bbox 1961 1794 2877 1860">
    <p class='ocr_par' dir='ltr' id='par_1_38' title="bbox 1961 1794 2877 1860">
     <span class='ocr_line' id='line_1_38' title="bbox 1961 1794 2877 1860; baseline 0.001 -10"><span class='ocrx_word' id='word_1_265' title='bbox 1961 1807 2065 1860; x_wconf 89' lang='lat' dir='ltr'><strong>tes,</strong></span> <span class='ocrx_word' id='word_1_266' title='bbox 2105 1804 2365 1850; x_wconf 62' lang='lat' dir='ltr'><strong>aternam</strong></span> <span class='ocrx_word' id='word_1_267' title='bbox 2394 1795 2562 1850; x_wconf 87' lang='lat' dir='ltr'><strong>vitam</strong></span> <span class='ocrx_word' id='word_1_268' title='bbox 2600 1794 2877 1851; x_wconf 85' lang='lat' dir='ltr'><strong>videbitis.</strong></span> 
     </span>
    </p>
   </div>
   <div class='ocr_carea' id='block_1_39' title="bbox 1421 2074 3526 2107">
    <p class='ocr_par' dir='ltr' id='par_1_39' title="bbox 1421 2074 3517 2105">
     <span class='ocr_line' id='line_1_39' title="bbox 1421 2074 3517 2105; baseline 0.001 -29"><span class='ocrx_word' id='word_1_269' title='bbox 1421 2074 2361 2082; x_wconf 25' lang='grc' dir='ltr'><strong>ἡὴ..ἠῂ-</strong></span> <span class='ocrx_word' id='word_1_270' title='bbox 3510 2074 3517 2105; x_wconf 66' lang='grc' dir='ltr'><strong>Ι</strong></span> 
     </span>
    </p>
   </div>
   <div class='ocr_carea' id='block_1_40' title="bbox 1251 2249 2595 2344">
    <p class='ocr_par' dir='ltr' id='par_1_40' title="bbox 1251 2249 2595 2344">
     <span class='ocr_line' id='line_1_40' title="bbox 1251 2249 2595 2344; baseline 0.005 -8"><span class='ocrx_word' id='word_1_271' title='bbox 1251 2249 1477 2337; x_wconf 93' lang='grc' dir='ltr'><strong>ΤΟΥ</strong></span> <span class='ocrx_word' id='word_1_272' title='bbox 1532 2252 1909 2340; x_wconf 88' lang='grc' dir='ltr'>ΑΥΤΟΥ</span> <span class='ocrx_word' id='word_1_273' title='bbox 1978 2256 2595 2344; x_wconf 89' lang='grc' dir='ltr'><strong>ΓΡΗΓΟΡΙΟΥ</strong></span> 
     </span>
    </p>
   </div>
   <div class='ocr_carea' id='block_1_41' title="bbox 1795 2433 2013 2489">
    <p class='ocr_par' dir='ltr' id='par_1_41' title="bbox 1795 2433 2013 2489">
     <span class='ocr_line' id='line_1_41' title="bbox 1795 2433 2013 2489; baseline 0.018 -4"><span class='ocrx_word' id='word_1_274' title='bbox 1795 2433 2013 2489; x_wconf 86' lang='grc' dir='ltr'>ΛΟΓΟΣ</span> 
     </span>
    </p>
   </div>
   <div class='ocr_carea' id='block_1_42' title="bbox 781 2606 3097 2730">
    <p class='ocr_par' dir='ltr' id='par_1_42' title="bbox 781 2606 3097 2730">
     <span class='ocr_line' id='line_1_42' title="bbox 781 2606 3097 2730; baseline 0.004 -13"><span class='ocrx_word' id='word_1_275' title='bbox 781 2607 1137 2719; x_wconf 92' lang='grc' dir='ltr'><strong>ΠΕΡΙ</strong></span> <span class='ocrx_word' id='word_1_276' title='bbox 1232 2606 1533 2723; x_wconf 87' lang='grc' dir='ltr'><strong>ΤΟΥ</strong></span> <span class='ocrx_word' id='word_1_277' title='bbox 1628 2612 2090 2728; x_wconf 89' lang='grc' dir='ltr'><strong>ΑΓΙΟΥ</strong></span> <span class='ocrx_word' id='word_1_278' title='bbox 2164 2613 3097 2730; x_wconf 86' lang='grc' dir='ltr'><strong>ΠΝΕΥΜΑΤΟΣ</strong></span> 
     </span>
    </p>
   </div>
   <div class='ocr_carea' id='block_1_43' title="bbox 571 2827 3265 2965">
    <p class='ocr_par' dir='ltr' id='par_1_43' title="bbox 571 2827 3265 2965">
     <span class='ocr_line' id='line_1_43' title="bbox 571 2827 3265 2965; baseline 0.001 -50"><span class='ocrx_word' id='word_1_279' title='bbox 571 2827 868 2918; x_wconf 83' lang='grc' dir='ltr'><strong>ΚΑΤΑ</strong></span> <span class='ocrx_word' id='word_1_280' title='bbox 941 2831 1825 2965; x_wconf 75' lang='grc' dir='ltr'><strong>ΜΑΚΕΔΟΝΙΑΝΩΝ</strong></span> <span class='ocrx_word' id='word_1_281' title='bbox 1897 2834 2125 2922; x_wconf 81' lang='grc' dir='ltr'><strong>ΤΩΝ</strong></span> <span class='ocrx_word' id='word_1_282' title='bbox 2212 2834 3265 2924; x_wconf 72' lang='grc' dir='ltr'><strong>ΠΝΕΥΜΑΤΟΜΑΧΩΝ.</strong></span> 
     </span>
    </p>
   </div>
   <div class='ocr_carea' id='block_1_44' title="bbox 1210 3205 2600 3300">
    <p class='ocr_par' dir='ltr' id='par_1_44' title="bbox 1210 3205 2600 3300">
     <span class='ocr_line' id='line_1_44' title="bbox 1210 3205 2600 3300; baseline -0.004 0"><span class='ocrx_word' id='word_1_283' title='bbox 1210 3210 1746 3300; x_wconf 89' lang='lat' dir='ltr'><strong>EJUSDEM</strong></span> <span class='ocrx_word' id='word_1_284' title='bbox 1837 3209 1932 3298; x_wconf 92' lang='lat' dir='ltr'><strong>S.</strong></span> <span class='ocrx_word' id='word_1_285' title='bbox 2027 3205 2600 3300; x_wconf 79' lang='lat' dir='ltr'><strong>GREGORII</strong></span> 
     </span>
    </p>
   </div>
   <div class='ocr_carea' id='block_1_45' title="bbox 1815 3400 2039 3457">
    <p class='ocr_par' dir='ltr' id='par_1_45' title="bbox 1815 3400 2039 3457">
     <span class='ocr_line' id='line_1_45' title="bbox 1815 3400 2039 3457; baseline 0.004 -1"><span class='ocrx_word' id='word_1_286' title='bbox 1815 3400 2039 3457; x_wconf 77' lang='lat' dir='ltr'><strong>SERMO</strong></span> 
     </span>
    </p>
   </div>
   <div class='ocr_carea' id='block_1_46' title="bbox 1174 3606 2694 3723">
    <p class='ocr_par' dir='ltr' id='par_1_46' title="bbox 1174 3606 2694 3723">
     <span class='ocr_line' id='line_1_46' title="bbox 1174 3606 2694 3723; baseline 0.002 -6"><span class='ocrx_word' id='word_1_287' title='bbox 1174 3609 1355 3718; x_wconf 87' lang='lat' dir='ltr'><strong>DE</strong></span> <span class='ocrx_word' id='word_1_288' title='bbox 1456 3607 2029 3723; x_wconf 83' lang='lat' dir='ltr'><strong>SPIRITU</strong></span> <span class='ocrx_word' id='word_1_289' title='bbox 2130 3606 2694 3721; x_wconf 86' lang='lat' dir='ltr'><strong>SANCTO</strong></span> 
     </span>
    </p>
   </div>
   <div class='ocr_carea' id='block_1_47' title="bbox 691 3861 3161 3945">
    <p class='ocr_par' dir='ltr' id='par_1_47' title="bbox 691 3861 3161 3945">
     <span class='ocr_line' id='line_1_47' title="bbox 691 3861 3161 3945; baseline 0 -4"><span class='ocrx_word' id='word_1_290' title='bbox 691 3861 1211 3943; x_wconf 80' lang='lat' dir='ltr'><strong>ADVERSUS</strong></span> <span class='ocrx_word' id='word_1_291' title='bbox 1294 3864 2272 3944; x_wconf 82' lang='lat' dir='ltr'><strong>PNEUMATOMACHOS</strong></span> <span class='ocrx_word' id='word_1_292' title='bbox 2335 3864 2530 3943; x_wconf 83' lang='lat' dir='ltr'><strong>MAG</strong></span> <span class='ocrx_word' id='word_1_293' title='bbox 2549 3864 2817 3943; x_wconf 83' lang='lat' dir='ltr'><strong>EDON</strong></span> <span class='ocrx_word' id='word_1_294' title='bbox 2835 3864 3161 3945; x_wconf 83' lang='lat' dir='ltr'><strong>IANOS.</strong></span> 
     </span>
    </p>
   </div>
   <div class='ocr_carea' id='block_1_48' title="bbox 368 4190 1895 4264">
    <p class='ocr_par' dir='ltr' id='par_1_48' title="bbox 368 4190 1871 4264">
     <span class='ocr_line' id='line_1_48' title="bbox 368 4190 1871 4264; baseline 0.001 -18"><span class='ocrx_word' id='word_1_295' title='bbox 368 4190 438 4246; x_wconf 86' lang='grc' dir='ltr'><strong>α’.</strong></span> <span class='ocrx_word' id='word_1_296' title='bbox 464 4192 615 4261; x_wconf 82' lang='grc' dir='ltr'>Τάχα</span> <span class='ocrx_word' id='word_1_297' title='bbox 636 4192 755 4245; x_wconf 80' lang='grc' dir='ltr'>οὐδὲ</span> <span class='ocrx_word' id='word_1_298' title='bbox 782 4192 1174 4261; x_wconf 82' lang='grc' dir='ltr'>ἀποκρίνασθαι</span> <span class='ocrx_word' id='word_1_299' title='bbox 1202 4194 1464 4263; x_wconf 77' lang='grc' dir='ltr'>προσήκει</span> <span class='ocrx_word' id='word_1_300' title='bbox 1491 4195 1599 4255; x_wconf 87' lang='grc' dir='ltr'>τοῖς</span> <span class='ocrx_word' id='word_1_301' title='bbox 1622 4194 1871 4264; x_wconf 77' lang='grc' dir='ltr'>ματαίοις</span> 
     </span>
    </p>
   </div>
   <div class='ocr_carea' id='block_1_49' title="bbox 1965 4190 3539 4264">
    <p class='ocr_par' dir='ltr' id='par_1_49' title="bbox 2053 4192 3539 4264">
     <span class='ocr_line' id='line_1_49' title="bbox 2053 4192 3539 4264; baseline 0.001 -18"><span class='ocrx_word' id='word_1_302' title='bbox 2053 4194 2098 4246; x_wconf 90' lang='lat' dir='ltr'><strong>l.</strong></span> <span class='ocrx_word' id='word_1_303' title='bbox 2133 4192 2391 4247; x_wconf 83' lang='lat' dir='ltr'><strong>Fortasse</strong></span> <span class='ocrx_word' id='word_1_304' title='bbox 2423 4209 2490 4246; x_wconf 90' lang='lat' dir='ltr'><strong>ne</strong></span> <span class='ocrx_word' id='word_1_305' title='bbox 2520 4193 2855 4263; x_wconf 79' lang='lat' dir='ltr'><strong>reSpondere</strong></span> <span class='ocrx_word' id='word_1_306' title='bbox 2900 4194 3118 4263; x_wconf 85' lang='lat' dir='ltr'><strong>quidem</strong></span> <span class='ocrx_word' id='word_1_307' title='bbox 3150 4201 3367 4264; x_wconf 86' lang='lat' dir='ltr'><strong>oportet</strong></span> <span class='ocrx_word' id='word_1_308' title='bbox 3406 4193 3539 4248; x_wconf 82' lang='lat' dir='ltr'><strong>stul-</strong></span> 
     </span>
    </p>
   </div>
   <div class='ocr_carea' id='block_1_50' title="bbox 301 4281 1873 4356">
    <p class='ocr_par' dir='ltr' id='par_1_50' title="bbox 301 4281 1873 4356">
     <span class='ocr_line' id='line_1_50' title="bbox 301 4281 1873 4356; baseline 0.003 -21"><span class='ocrx_word' id='word_1_309' title='bbox 301 4281 409 4335; x_wconf 83' lang='grc' dir='ltr'>τῶν</span> <span class='ocrx_word' id='word_1_310' title='bbox 451 4281 621 4350; x_wconf 85' lang='grc' dir='ltr'>λόγων</span> <span class='ocrx_word' id='word_1_311' title='bbox 642 4297 654 4309; x_wconf 72' lang='grc'><strong><em>⁸</em></strong></span> <span class='ocrx_word' id='word_1_312' title='bbox 697 4284 757 4334; x_wconf 83' lang='grc' dir='ltr'>τὺ</span> <span class='ocrx_word' id='word_1_313' title='bbox 787 4284 894 4353; x_wconf 80' lang='grc' dir='ltr'>γὰρ</span> <span class='ocrx_word' id='word_1_314' title='bbox 935 4285 1097 4353; x_wconf 87' lang='grc' dir='ltr'>σοφὸν</span> <span class='ocrx_word' id='word_1_315' title='bbox 1138 4283 1233 4337; x_wconf 82' lang='grc' dir='ltr'>τοῦ</span> <span class='ocrx_word' id='word_1_316' title='bbox 1274 4283 1615 4354; x_wconf 85' lang='grc' dir='ltr'>Σολομῶντος</span> <span class='ocrx_word' id='word_1_317' title='bbox 1662 4286 1873 4356; x_wconf 85' lang='grc' dir='ltr'>παράγ-</span> 
     </span>
    </p>
   </div>
   <div class='ocr_carea' id='block_1_51' title="bbox 304 4374 1872 4450">
    <p class='ocr_par' dir='ltr' id='par_1_51' title="bbox 304 4374 1872 4450">
     <span class='ocr_line' id='line_1_51' title="bbox 304 4374 1872 4450; baseline 0.003 -25"><span class='ocrx_word' id='word_1_318' title='bbox 304 4374 479 4444; x_wconf 83' lang='grc' dir='ltr'>γελμα</span> <span class='ocrx_word' id='word_1_319' title='bbox 508 4374 644 4442; x_wconf 85' lang='grc' dir='ltr'>πρὸς</span> <span class='ocrx_word' id='word_1_320' title='bbox 673 4375 833 4427; x_wconf 78' lang='grc' dir='ltr'>τοῦτο</span> <span class='ocrx_word' id='word_1_321' title='bbox 862 4374 1003 4429; x_wconf 81' lang='grc' dir='ltr'>ἔοικε</span> <span class='ocrx_word' id='word_1_322' title='bbox 1028 4375 1214 4447; x_wconf 78' lang='grc' dir='ltr'>φέρειν</span> <span class='ocrx_word' id='word_1_323' title='bbox 1239 4376 1299 4429; x_wconf 83' lang='grc' dir='ltr'>τὸ</span> <span class='ocrx_word' id='word_1_324' title='bbox 1323 4376 1765 4447; x_wconf 78' lang='grc' dir='ltr'>διακελευόμενον</span> <span class='ocrx_word' id='word_1_325' title='bbox 1798 4380 1872 4450; x_wconf 83' lang='grc' dir='ltr'>μὴ</span> 
     </span>
    </p>
   </div>
   <div class='ocr_carea' id='block_1_52' title="bbox 305 4467 1869 4541">
    <p class='ocr_par' dir='ltr' id='par_1_52' title="bbox 305 4467 1869 4541">
     <span class='ocr_line' id='line_1_52' title="bbox 305 4467 1869 4541; baseline 0.001 -20"><span class='ocrx_word' id='word_1_326' title='bbox 305 4468 694 4538; x_wconf 86' lang='grc' dir='ltr'>ἀποκρίνεσθαι</span> <span class='ocrx_word' id='word_1_327' title='bbox 738 4467 930 4537; x_wconf 83' lang='grc' dir='ltr'>ἄφρονι</span> <span class='ocrx_word' id='word_1_328' title='bbox 987 4469 1126 4521; x_wconf 85' lang='grc' dir='ltr'><strong>κατά</strong></span> <span class='ocrx_word' id='word_1_329' title='bbox 1178 4469 1276 4538; x_wconf 82' lang='grc' dir='ltr'>τὴν</span> <span class='ocrx_word' id='word_1_330' title='bbox 1324 4468 1637 4541; x_wconf 81' lang='grc' dir='ltr'>ἀφροσύνην</span> <span class='ocrx_word' id='word_1_331' title='bbox 1686 4469 1869 4523; x_wconf 78' lang='grc' dir='ltr'>αὐτοῦ.</span> 
     </span>
    </p>
   </div>
   <div class='ocr_carea' id='block_1_53' title="bbox 316 4561 1874 4633">
    <p class='ocr_par' dir='ltr' id='par_1_53' title="bbox 316 4561 1874 4633">
     <span class='ocr_line' id='line_1_53' title="bbox 316 4561 1874 4633; baseline 0 -18"><span class='ocrx_word' id='word_1_332' title='bbox 316 4562 454 4615; x_wconf 82' lang='grc' dir='ltr'>Ἀλλ’</span> <span class='ocrx_word' id='word_1_333' title='bbox 476 4561 661 4633; x_wconf 81' lang='grc' dir='ltr'>ἐπειδὴ</span> <span class='ocrx_word' id='word_1_334' title='bbox 682 4561 916 4624; x_wconf 84' lang='grc' dir='ltr'>κίνδυνός</span> <span class='ocrx_word' id='word_1_335' title='bbox 944 4562 1057 4613; x_wconf 79' lang='grc' dir='ltr'>ἐστι</span> <span class='ocrx_word' id='word_1_336' title='bbox 1090 4562 1163 4631; x_wconf 80' lang='grc' dir='ltr'>μὴ</span> <span class='ocrx_word' id='word_1_337' title='bbox 1189 4562 1277 4614; x_wconf 80' lang='grc' dir='ltr'><strong>διὰ</strong></span> <span class='ocrx_word' id='word_1_338' title='bbox 1298 4562 1394 4633; x_wconf 84' lang='grc' dir='ltr'>τῆς</span> <span class='ocrx_word' id='word_1_339' title='bbox 1419 4564 1694 4632; x_wconf 77' lang='grc' dir='ltr'>ἡμετέρας</span> <span class='ocrx_word' id='word_1_340' title='bbox 1716 4562 1874 4631; x_wconf 82' lang='grc' dir='ltr'>σιγῆς</span> 
     </span>
    </p>
   </div>
   <div class='ocr_carea' id='block_1_54' title="bbox 305 4652 1871 4725">
    <p class='ocr_par' dir='ltr' id='par_1_54' title="bbox 305 4652 1871 4725">
     <span class='ocr_line' id='line_1_54' title="bbox 305 4652 1871 4725; baseline -0.004 -18"><span class='ocrx_word' id='word_1_341' title='bbox 305 4654 605 4725; x_wconf 78' lang='grc' dir='ltr'>κατισχύσῃ</span> <span class='ocrx_word' id='word_1_342' title='bbox 634 4654 735 4722; x_wconf 84' lang='grc' dir='ltr'>τῆς</span> <span class='ocrx_word' id='word_1_343' title='bbox 762 4653 1017 4722; x_wconf 81' lang='grc' dir='ltr'>ἀληθείας</span> <span class='ocrx_word' id='word_1_344' title='bbox 1044 4654 1105 4705; x_wconf 84' lang='grc' dir='ltr'><strong>τὸ</strong></span> <span class='ocrx_word' id='word_1_345' title='bbox 1131 4652 1342 4721; x_wconf 70' lang='grc' dir='ltr'>ψεῦδος,</span> <span class='ocrx_word' id='word_1_346' title='bbox 1369 4656 1461 4706; x_wconf 79' lang='grc' dir='ltr'><strong>καὶ</strong></span> <span class='ocrx_word' id='word_1_347' title='bbox 1487 4652 1737 4724; x_wconf 84' lang='grc' dir='ltr'>πολλὴνὴ</span> <span class='ocrx_word' id='word_1_348' title='bbox 1776 4670 1871 4722; x_wconf 81' lang='grc' dir='ltr'>ση-</span> 
     </span>
    </p>
   </div>
   <div class='ocr_carea' id='block_1_55' title="bbox 305 4744 1873 4816">
    <p class='ocr_par' dir='ltr' id='par_1_55' title="bbox 305 4744 1873 4816">
     <span class='ocr_line' id='line_1_55' title="bbox 305 4744 1873 4816; baseline -0.001 -17"><span class='ocrx_word' id='word_1_349' title='bbox 305 4745 605 4815; x_wconf 81' lang='grc' dir='ltr'>πεδονώδης</span> <span class='ocrx_word' id='word_1_350' title='bbox 630 4744 768 4814; x_wconf 77' lang='grc' dir='ltr'>αὕτη</span> <span class='ocrx_word' id='word_1_351' title='bbox 798 4745 896 4815; x_wconf 78' lang='grc' dir='ltr'>τῆς</span> <span class='ocrx_word' id='word_1_352' title='bbox 916 4745 1176 4815; x_wconf 78' lang='grc' dir='ltr'>αἱρέσεως</span> <span class='ocrx_word' id='word_1_353' title='bbox 1202 4744 1512 4815; x_wconf 86' lang='grc' dir='ltr'>γάγγραινα</span> <span class='ocrx_word' id='word_1_354' title='bbox 1540 4747 1711 4816; x_wconf 83' lang='grc' dir='ltr'>νομὴν</span> <span class='ocrx_word' id='word_1_355' title='bbox 1732 4746 1873 4799; x_wconf 84' lang='grc' dir='ltr'><strong>κατά</strong></span> 
     </span>
    </p>
   </div>
   <div class='ocr_carea' id='block_1_56' title="bbox 304 4836 1874 4909">
    <p class='ocr_par' dir='ltr' id='par_1_56' title="bbox 304 4836 1874 4909">
     <span class='ocr_line' id='line_1_56' title="bbox 304 4836 1874 4909; baseline -0.001 -19"><span class='ocrx_word' id='word_1_356' title='bbox 304 4838 402 4908; x_wconf 78' lang='grc' dir='ltr'>τῆς</span> <span class='ocrx_word' id='word_1_357' title='bbox 439 4837 693 4909; x_wconf 87' lang='grc' dir='ltr'>ἀληθείας</span> <span class='ocrx_word' id='word_1_358' title='bbox 730 4836 997 4901; x_wconf 79' lang='grc' dir='ltr'>λαϐοῦσα,</span> <span class='ocrx_word' id='word_1_359' title='bbox 1037 4837 1128 4889; x_wconf 74' lang='grc' dir='ltr'>τὸν</span> <span class='ocrx_word' id='word_1_360' title='bbox 1166 4837 1473 4905; x_wconf 81' lang='grc' dir='ltr'>ὑγιαίνοντα</span> <span class='ocrx_word' id='word_1_361' title='bbox 1503 4837 1605 4907; x_wconf 84' lang='grc' dir='ltr'><strong>τῆς</strong></span> <span class='ocrx_word' id='word_1_362' title='bbox 1641 4838 1874 4901; x_wconf 84' lang='grc' dir='ltr'>πίστεως</span> 
     </span>
    </p>
   </div>
   <div class='ocr_carea' id='block_1_57' title="bbox 305 4928 1874 5000">
    <p class='ocr_par' dir='ltr' id='par_1_57' title="bbox 305 4928 1874 5000">
     <span class='ocr_line' id='line_1_57' title="bbox 305 4928 1874 5000; baseline 0 -20"><span class='ocrx_word' id='word_1_363' title='bbox 305 4928 461 4998; x_wconf 81' lang='grc' dir='ltr'>λόγον</span> <span class='ocrx_word' id='word_1_364' title='bbox 493 4928 893 5000; x_wconf 77' lang='grc' dir='ltr'>διαλωεήσηται</span> <span class='ocrx_word' id='word_1_365' title='bbox 913 4970 927 4993; x_wconf 96' lang='grc'><strong>,</strong></span> <span class='ocrx_word' id='word_1_366' title='bbox 968 4929 1263 4996; x_wconf 88' lang='grc' dir='ltr'>ἀναγκαῖον</span> <span class='ocrx_word' id='word_1_367' title='bbox 1292 4929 1463 4998; x_wconf 80' lang='grc' dir='ltr'>ἐφάνη</span> <span class='ocrx_word' id='word_1_368' title='bbox 1492 4946 1581 4999; x_wconf 86' lang='grc' dir='ltr'><strong>μοι</strong></span> <span class='ocrx_word' id='word_1_369' title='bbox 1623 4929 1696 5000; x_wconf 82' lang='grc' dir='ltr'>μὴ</span> <span class='ocrx_word' id='word_1_370' title='bbox 1734 4928 1874 4981; x_wconf 83' lang='grc' dir='ltr'>κατὰ</span> 
     </span>
    </p>
   </div>
   <div class='ocr_carea' id='block_1_58' title="bbox 306 5017 1874 5091">
    <p class='ocr_par' dir='ltr' id='par_1_58' title="bbox 306 5017 1874 5091">
     <span class='ocr_line' id='line_1_58' title="bbox 306 5017 1874 5091; baseline -0.001 -19"><span class='ocrx_word' id='word_1_371' title='bbox 306 5020 404 5090; x_wconf 74' lang='grc' dir='ltr'>τὴν</span> <span class='ocrx_word' id='word_1_372' title='bbox 438 5019 748 5089; x_wconf 86' lang='grc' dir='ltr'>ἀφροσύνην</span> <span class='ocrx_word' id='word_1_373' title='bbox 778 5019 955 5072; x_wconf 77' lang='grc' dir='ltr'>αὐτῶν</span> <span class='ocrx_word' id='word_1_374' title='bbox 986 5017 1383 5091; x_wconf 86' lang='grc' dir='ltr'>ἀποκρίνασθαι</span> <span class='ocrx_word' id='word_1_375' title='bbox 1408 5017 1518 5070; x_wconf 84' lang='grc' dir='ltr'><strong>τῶν</strong></span> <span class='ocrx_word' id='word_1_376' title='bbox 1548 5018 1615 5071; x_wconf 80' lang='grc' dir='ltr'><strong>τά</strong></span> <span class='ocrx_word' id='word_1_377' title='bbox 1652 5017 1874 5071; x_wconf 79' lang='grc' dir='ltr'>τοιαῦτα</span> 
     </span>
    </p>
   </div>
   <div class='ocr_carea' id='block_1_59' title="bbox 306 5108 1875 5180">
    <p class='ocr_par' dir='ltr' id='par_1_59' title="bbox 306 5108 1875 5180">
     <span class='ocr_line' id='line_1_59' title="bbox 306 5108 1875 5180; baseline -0.001 -17"><span class='ocrx_word' id='word_1_378' title='bbox 306 5111 448 5164; x_wconf 78' lang='grc' dir='ltr'>κατὰ</span> <span class='ocrx_word' id='word_1_379' title='bbox 479 5110 579 5180; x_wconf 84' lang='grc' dir='ltr'>τῆς</span> <span class='ocrx_word' id='word_1_380' title='bbox 600 5111 878 5173; x_wconf 78' lang='grc' dir='ltr'>εὐσεϐείας</span> <span class='ocrx_word' id='word_1_381' title='bbox 903 5109 1353 5179; x_wconf 77' lang='grc' dir='ltr'>προτεινομένων,</span> <span class='ocrx_word' id='word_1_382' title='bbox 1389 5108 1502 5161; x_wconf 82' lang='grc' dir='ltr'>ἀλλ’</span> <span class='ocrx_word' id='word_1_383' title='bbox 1541 5110 1633 5163; x_wconf 77' lang='grc' dir='ltr'><strong>ἐπὶ</strong></span> <span class='ocrx_word' id='word_1_384' title='bbox 1658 5108 1875 5180; x_wconf 78' lang='grc' dir='ltr'>διοροώο</span> 
     </span>
    </p>
   </div>
   <div class='ocr_carea' id='block_1_60' title="bbox 308 5200 1874 5275">
    <p class='ocr_par' dir='ltr' id='par_1_60' title="bbox 308 5200 1874 5275">
     <span class='ocr_line' id='line_1_60' title="bbox 308 5200 1874 5275; baseline 0.002 -22"><span class='ocrx_word' id='word_1_385' title='bbox 308 5219 390 5253; x_wconf 88' lang='grc' dir='ltr'><strong>σει</strong></span> <span class='ocrx_word' id='word_1_386' title='bbox 426 5200 535 5253; x_wconf 84' lang='grc' dir='ltr'>τῶν</span> <span class='ocrx_word' id='word_1_387' title='bbox 584 5200 866 5271; x_wconf 85' lang='grc' dir='ltr'>μοχθηρῶν</span> <span class='ocrx_word' id='word_1_388' title='bbox 905 5201 1241 5271; x_wconf 80' lang='grc' dir='ltr'>ὑπολήψεων.</span> <span class='ocrx_word' id='word_1_389' title='bbox 1291 5202 1398 5253; x_wconf 78' lang='grc' dir='ltr'>Καὶ</span> <span class='ocrx_word' id='word_1_390' title='bbox 1435 5201 1543 5272; x_wconf 86' lang='grc' dir='ltr'><strong>γὰρ</strong></span> <span class='ocrx_word' id='word_1_391' title='bbox 1588 5202 1649 5255; x_wconf 85' lang='grc' dir='ltr'>τὸ</span> <span class='ocrx_word' id='word_1_392' title='bbox 1682 5220 1874 5275; x_wconf 86' lang='grc' dir='ltr'>παροι-</span> 
     </span>
    </p>
   </div>
   <div class='ocr_carea' id='block_1_61' title="bbox 310 5292 1877 5366">
    <p class='ocr_par' dir='ltr' id='par_1_61' title="bbox 310 5292 1877 5366">
     <span class='ocr_line' id='line_1_61' title="bbox 310 5292 1877 5366; baseline 0.001 -19"><span class='ocrx_word' id='word_1_393' title='bbox 310 5293 504 5365; x_wconf 88' lang='grc' dir='ltr'>μιῶδες</span> <span class='ocrx_word' id='word_1_394' title='bbox 525 5293 889 5364; x_wconf 87' lang='grc' dir='ltr'>παράγγελμα</span> <span class='ocrx_word' id='word_1_395' title='bbox 914 5294 1061 5347; x_wconf 86' lang='grc' dir='ltr'>δοκεῖ</span> <span class='ocrx_word' id='word_1_396' title='bbox 1086 5311 1173 5364; x_wconf 90' lang='grc' dir='ltr'><strong>μοι</strong></span> <span class='ocrx_word' id='word_1_397' title='bbox 1201 5294 1275 5364; x_wconf 82' lang='grc' dir='ltr'>μὴ</span> <span class='ocrx_word' id='word_1_398' title='bbox 1300 5292 1475 5364; x_wconf 82' lang='grc' dir='ltr'>σιγὴν,</span> <span class='ocrx_word' id='word_1_399' title='bbox 1497 5293 1632 5348; x_wconf 88' lang='grc' dir='ltr'><strong>ἀλλά</strong></span> <span class='ocrx_word' id='word_1_400' title='bbox 1656 5294 1877 5366; x_wconf 85' lang='grc' dir='ltr'>διόρθω-</span> 
     </span>
    </p>
   </div>
   <div class='ocr_carea' id='block_1_62' title="bbox 309 5386 1875 5459">
    <p class='ocr_par' dir='ltr' id='par_1_62' title="bbox 309 5386 1875 5459">
     <span class='ocr_line' id='line_1_62' title="bbox 309 5386 1875 5459; baseline 0.002 -21"><span class='ocrx_word' id='word_1_401' title='bbox 309 5404 393 5439; x_wconf 86' lang='grc' dir='ltr'><strong>σιν</strong></span> <span class='ocrx_word' id='word_1_402' title='bbox 429 5386 536 5439; x_wconf 82' lang='grc' dir='ltr'><strong>τῶν</strong></span> <span class='ocrx_word' id='word_1_403' title='bbox 565 5386 933 5457; x_wconf 80' lang='grc' dir='ltr'>ἀφραινόντων</span> <span class='ocrx_word' id='word_1_404' title='bbox 972 5388 1291 5459; x_wconf 81' lang='grc' dir='ltr'>παρεγγυᾷν</span> <span class='ocrx_word' id='word_1_405' title='bbox 1315 5402 1327 5413; x_wconf 90' lang='grc'><strong>·</strong></span> <span class='ocrx_word' id='word_1_406' title='bbox 1368 5386 1443 5448; x_wconf 84' lang='grc' dir='ltr'>ὡς</span> <span class='ocrx_word' id='word_1_407' title='bbox 1474 5386 1583 5440; x_wconf 89' lang='grc' dir='ltr'>δεῖν</span> <span class='ocrx_word' id='word_1_408' title='bbox 1604 5387 1701 5450; x_wconf 77' lang='grc' dir='ltr'>τὰς</span> <span class='ocrx_word' id='word_1_409' title='bbox 1737 5389 1875 5441; x_wconf 78' lang='grc' dir='ltr'>ἀποο</span> 
     </span>
    </p>
   </div>
   <div class='ocr_carea' id='block_1_63' title="bbox 312 5478 1871 5552">
    <p class='ocr_par' dir='ltr' id='par_1_63' title="bbox 312 5478 1871 5552">
     <span class='ocr_line' id='line_1_63' title="bbox 312 5478 1871 5552; baseline 0.001 -19"><span class='ocrx_word' id='word_1_410' title='bbox 312 5481 516 5550; x_wconf 69' lang='grc' dir='ltr'>ιιρίσεις</span> <span class='ocrx_word' id='word_1_411' title='bbox 543 5480 617 5550; x_wconf 78' lang='grc' dir='ltr'>μὴ</span> <span class='ocrx_word' id='word_1_412' title='bbox 655 5479 962 5551; x_wconf 85' lang='grc' dir='ltr'>συντρέχειν</span> <span class='ocrx_word' id='word_1_413' title='bbox 985 5483 1050 5552; x_wconf 81' lang='grc' dir='ltr'>τῇ</span> <span class='ocrx_word' id='word_1_414' title='bbox 1080 5480 1359 5552; x_wconf 84' lang='grc' dir='ltr'>ἀφροσύνῃ</span> <span class='ocrx_word' id='word_1_415' title='bbox 1395 5478 1503 5533; x_wconf 80' lang='grc' dir='ltr'><strong>τῶν</strong></span> <span class='ocrx_word' id='word_1_416' title='bbox 1525 5478 1871 5551; x_wconf 77' lang='grc' dir='ltr'>ύπολήψεων,</span> 
     </span>
    </p>
   </div>
   <div class='ocr_carea' id='block_1_64' title="bbox 390 5653 893 5723">
    <p class='ocr_par' dir='ltr' id='par_1_64' title="bbox 390 5653 893 5723">
     <span class='ocr_line' id='line_1_64' title="bbox 390 5653 893 5723; baseline 0.004 -15"><span class='ocrx_word' id='word_1_417' title='bbox 390 5659 407 5688; x_wconf 77' lang='grc'><strong>⁸</strong></span> <span class='ocrx_word' id='word_1_418' title='bbox 448 5653 605 5712; x_wconf 82' lang='lat' dir='ltr'><strong>Prov.</strong></span> <span class='ocrx_word' id='word_1_419' title='bbox 646 5673 811 5723; x_wconf 72' lang='lat' dir='ltr'><strong>xxvn,</strong></span> <span class='ocrx_word' id='word_1_420' title='bbox 846 5658 893 5712; x_wconf 69' lang='grc'><strong>4.</strong></span> 
     </span>
    </p>
   </div>
   <div class='ocr_carea' id='block_1_65' title="bbox 1976 4286 3541 4355">
    <p class='ocr_par' dir='ltr' id='par_1_65' title="bbox 1976 4286 3541 4355">
     <span class='ocr_line' id='line_1_65' title="bbox 1976 4286 3541 4355; baseline -0.001 -16"><span class='ocrx_word' id='word_1_421' title='bbox 1976 4286 2047 4341; x_wconf 92' lang='lat' dir='ltr'><strong>tis</strong></span> <span class='ocrx_word' id='word_1_422' title='bbox 2078 4287 2455 4352; x_wconf 86' lang='lat' dir='ltr'><strong>sermonibus;</strong></span> <span class='ocrx_word' id='word_1_423' title='bbox 2483 4301 2608 4338; x_wconf 83' lang='lat' dir='ltr'><strong>nam</strong></span> <span class='ocrx_word' id='word_1_424' title='bbox 2646 4286 2864 4354; x_wconf 91' lang='lat' dir='ltr'><strong>sapiens</strong></span> <span class='ocrx_word' id='word_1_425' title='bbox 2890 4286 3201 4339; x_wconf 82' lang='lat' dir='ltr'><strong>Salomonis</strong></span> <span class='ocrx_word' id='word_1_426' title='bbox 3218 4293 3541 4355; x_wconf 65' lang='lat' dir='ltr'><strong>praeceptum</strong></span> 
     </span>
    </p>
   </div>
   <div class='ocr_carea' id='block_1_66' title="bbox 1975 4376 3537 4447">
    <p class='ocr_par' dir='ltr' id='par_1_66' title="bbox 1975 4376 3537 4447">
     <span class='ocr_line' id='line_1_66' title="bbox 1975 4376 3537 4447; baseline -0.001 -16"><span class='ocrx_word' id='word_1_427' title='bbox 1975 4377 2082 4431; x_wconf 90' lang='lat' dir='ltr'><strong>huc</strong></span> <span class='ocrx_word' id='word_1_428' title='bbox 2136 4383 2384 4447; x_wconf 84' lang='lat' dir='ltr'><strong>spectare</strong></span> <span class='ocrx_word' id='word_1_429' title='bbox 2420 4377 2631 4430; x_wconf 83' lang='lat' dir='ltr'><strong>videtur</strong></span> <span class='ocrx_word' id='word_1_430' title='bbox 2679 4376 2942 4445; x_wconf 86' lang='lat' dir='ltr'><strong>jubentis,</strong></span> <span class='ocrx_word' id='word_1_431' title='bbox 2996 4391 3063 4430; x_wconf 92' lang='lat' dir='ltr'><strong>ne</strong></span> <span class='ocrx_word' id='word_1_432' title='bbox 3102 4377 3273 4431; x_wconf 93' lang='lat' dir='ltr'><strong>stulto</strong></span> <span class='ocrx_word' id='word_1_433' title='bbox 3322 4392 3537 4446; x_wconf 87' lang='lat' dir='ltr'><strong>respon-</strong></span> 
     </span>
    </p>
   </div>
   <div class='ocr_carea' id='block_1_67' title="bbox 1974 4467 3542 4539">
    <p class='ocr_par' dir='ltr' id='par_1_67' title="bbox 1974 4467 3542 4539">
     <span class='ocr_line' id='line_1_67' title="bbox 1974 4467 3542 4539; baseline -0.003 -15"><span class='ocrx_word' id='word_1_434' title='bbox 1974 4469 2346 4538; x_wconf 79' lang='lat' dir='ltr'><strong>deaturjuxta</strong></span> <span class='ocrx_word' id='word_1_435' title='bbox 2384 4469 2679 4524; x_wconf 88' lang='lat' dir='ltr'><strong>stultitiam</strong></span> <span class='ocrx_word' id='word_1_436' title='bbox 2704 4467 2823 4537; x_wconf 85' lang='lat' dir='ltr'><strong>ejus</strong></span> <span class='ocrx_word' id='word_1_437' title='bbox 2855 4468 2893 4520; x_wconf 85' lang='grc'><strong>¹.</strong></span> <span class='ocrx_word' id='word_1_438' title='bbox 2930 4468 3039 4523; x_wconf 81' lang='lat' dir='ltr'><strong>Sed</strong></span> <span class='ocrx_word' id='word_1_439' title='bbox 3076 4468 3206 4538; x_wconf 88' lang='lat' dir='ltr'><strong>quia</strong></span> <span class='ocrx_word' id='word_1_440' title='bbox 3246 4468 3542 4539; x_wconf 83' lang='lat' dir='ltr'><strong>periculum</strong></span> 
     </span>
    </p>
   </div>
   <div class='ocr_carea' id='block_1_68' title="bbox 1973 4554 3559 4624">
    <p class='ocr_par' dir='ltr' id='par_1_68' title="bbox 1973 4554 3559 4624">
     <span class='ocr_line' id='line_1_68' title="bbox 1973 4554 3559 4624; baseline -0.003 -7"><span class='ocrx_word' id='word_1_441' title='bbox 1973 4570 2056 4618; x_wconf 86' lang='lat' dir='ltr'><strong>est</strong></span> <span class='ocrx_word' id='word_1_442' title='bbox 2107 4578 2173 4615; x_wconf 92' lang='lat' dir='ltr'><strong>ne</strong></span> <span class='ocrx_word' id='word_1_443' title='bbox 2222 4561 2423 4615; x_wconf 91' lang='lat' dir='ltr'><strong>silentii</strong></span> <span class='ocrx_word' id='word_1_444' title='bbox 2457 4560 2634 4614; x_wconf 87' lang='lat' dir='ltr'><strong>nostri</strong></span> <span class='ocrx_word' id='word_1_445' title='bbox 2685 4575 2875 4624; x_wconf 85' lang='lat' dir='ltr'><strong>causa,</strong></span> <span class='ocrx_word' id='word_1_446' title='bbox 2930 4560 3277 4616; x_wconf 85' lang='lat' dir='ltr'><strong>mendacium</strong></span> <span class='ocrx_word' id='word_1_447' title='bbox 3329 4554 3559 4615; x_wconf 55' lang='lat' dir='ltr'><strong>veritati</strong></span> 
     </span>
    </p>
   </div>
   <div class='ocr_carea' id='block_1_69' title="bbox 1974 4652 3549 4724">
    <p class='ocr_par' dir='ltr' id='par_1_69' title="bbox 1974 4652 3549 4724">
     <span class='ocr_line' id='line_1_69' title="bbox 1974 4652 3549 4724; baseline -0.003 -17"><span class='ocrx_word' id='word_1_448' title='bbox 1974 4654 2285 4724; x_wconf 65' lang='lat' dir='ltr'><strong>praevaleat,</strong></span> <span class='ocrx_word' id='word_1_449' title='bbox 2319 4653 2663 4722; x_wconf 89' lang='lat' dir='ltr'><strong>multumque</strong></span> <span class='ocrx_word' id='word_1_450' title='bbox 2706 4652 2819 4706; x_wconf 76' lang='lat' dir='ltr'><strong>hzec</strong></span> <span class='ocrx_word' id='word_1_451' title='bbox 2858 4653 3079 4722; x_wconf 85' lang='lat' dir='ltr'><strong>putrida</strong></span> <span class='ocrx_word' id='word_1_452' title='bbox 3111 4654 3385 4708; x_wconf 66' lang='lat' dir='ltr'><strong>haereseos</strong></span> <span class='ocrx_word' id='word_1_453' title='bbox 3421 4666 3549 4721; x_wconf 61' lang='lat' dir='ltr'><strong>gan-</strong></span> 
     </span>
    </p>
   </div>
   <div class='ocr_carea' id='block_1_70' title="bbox 1975 4744 3547 4815">
    <p class='ocr_par' dir='ltr' id='par_1_70' title="bbox 1975 4744 3547 4815">
     <span class='ocr_line' id='line_1_70' title="bbox 1975 4744 3547 4815; baseline -0.003 -16"><span class='ocrx_word' id='word_1_454' title='bbox 1975 4762 2155 4814; x_wconf 61' lang='lat' dir='ltr'><strong>grana</strong></span> <span class='ocrx_word' id='word_1_455' title='bbox 2185 4747 2580 4800; x_wconf 88' lang='lat' dir='ltr'><strong>incrementum</strong></span> <span class='ocrx_word' id='word_1_456' title='bbox 2614 4747 2856 4815; x_wconf 85' lang='lat' dir='ltr'><strong>capiens,</strong></span> <span class='ocrx_word' id='word_1_457' title='bbox 2888 4762 3074 4801; x_wconf 87' lang='lat' dir='ltr'><strong>sanam</strong></span> <span class='ocrx_word' id='word_1_458' title='bbox 3102 4746 3221 4800; x_wconf 85' lang='lat' dir='ltr'><strong>ﬁdei</strong></span> <span class='ocrx_word' id='word_1_459' title='bbox 3246 4744 3547 4799; x_wconf 90' lang='lat' dir='ltr'><strong>doctrinam</strong></span> 
     </span>
    </p>
   </div>
   <div class='ocr_carea' id='block_1_71' title="bbox 1974 4834 3549 4907">
    <p class='ocr_par' dir='ltr' id='par_1_71' title="bbox 1974 4834 3549 4907">
     <span class='ocr_line' id='line_1_71' title="bbox 1974 4834 3549 4907; baseline -0.005 -14"><span class='ocrx_word' id='word_1_460' title='bbox 1974 4848 2309 4907; x_wconf 90' lang='lat' dir='ltr'><strong>corrumpat,</strong></span> <span class='ocrx_word' id='word_1_461' title='bbox 2340 4838 2714 4894; x_wconf 89' lang='lat' dir='ltr'><strong>necessarium</strong></span> <span class='ocrx_word' id='word_1_462' title='bbox 2745 4838 2873 4891; x_wconf 91' lang='lat' dir='ltr'><strong>mihi</strong></span> <span class='ocrx_word' id='word_1_463' title='bbox 2904 4838 3081 4890; x_wconf 89' lang='lat' dir='ltr'><strong>visum</strong></span> <span class='ocrx_word' id='word_1_464' title='bbox 3106 4844 3210 4900; x_wconf 88' lang='lat' dir='ltr'><strong>est,</strong></span> <span class='ocrx_word' id='word_1_465' title='bbox 3232 4835 3374 4888; x_wconf 88' lang='lat' dir='ltr'><strong>haud</strong></span> <span class='ocrx_word' id='word_1_466' title='bbox 3403 4834 3549 4903; x_wconf 85' lang='lat' dir='ltr'><strong>equi-</strong></span> 
     </span>
    </p>
   </div>
   <div class='ocr_carea' id='block_1_72' title="bbox 1974 4924 3547 4995">
    <p class='ocr_par' dir='ltr' id='par_1_72' title="bbox 1974 4924 3547 4995">
     <span class='ocr_line' id='line_1_72' title="bbox 1974 4924 3547 4995; baseline -0.003 -15"><span class='ocrx_word' id='word_1_467' title='bbox 1974 4928 2097 4982; x_wconf 91' lang='lat' dir='ltr'><strong>dem</strong></span> <span class='ocrx_word' id='word_1_468' title='bbox 2131 4927 2433 4982; x_wconf 89' lang='lat' dir='ltr'><strong>secundum</strong></span> <span class='ocrx_word' id='word_1_469' title='bbox 2489 4928 2708 4981; x_wconf 87' lang='lat' dir='ltr'><strong>illorum</strong></span> <span class='ocrx_word' id='word_1_470' title='bbox 2759 4926 3046 4982; x_wconf 89' lang='lat' dir='ltr'><strong>stultitiam</strong></span> <span class='ocrx_word' id='word_1_471' title='bbox 3085 4924 3418 4995; x_wconf 86' lang='lat' dir='ltr'><strong>respondere</strong></span> <span class='ocrx_word' id='word_1_472' title='bbox 3455 4924 3547 4993; x_wconf 87' lang='lat' dir='ltr'><strong>qui</strong></span> 
     </span>
    </p>
   </div>
   <div class='ocr_carea' id='block_1_73' title="bbox 1978 5016 3546 5087">
    <p class='ocr_par' dir='ltr' id='par_1_73' title="bbox 1978 5016 3546 5087">
     <span class='ocr_line' id='line_1_73' title="bbox 1978 5016 3546 5087; baseline -0.002 -14"><span class='ocrx_word' id='word_1_473' title='bbox 1978 5020 2103 5074; x_wconf 91' lang='lat' dir='ltr'><strong>talia</strong></span> <span class='ocrx_word' id='word_1_474' title='bbox 2149 5020 2413 5075; x_wconf 90' lang='lat' dir='ltr'><strong>adversus</strong></span> <span class='ocrx_word' id='word_1_475' title='bbox 2470 5030 2672 5075; x_wconf 87' lang='lat' dir='ltr'><strong>rectam</strong></span> <span class='ocrx_word' id='word_1_476' title='bbox 2732 5018 3047 5087; x_wconf 79' lang='lat' dir='ltr'><strong>religionem</strong></span> <span class='ocrx_word' id='word_1_477' title='bbox 3090 5017 3398 5081; x_wconf 90' lang='lat' dir='ltr'><strong>intendunt,</strong></span> <span class='ocrx_word' id='word_1_478' title='bbox 3454 5016 3546 5070; x_wconf 86' lang='lat' dir='ltr'><strong>sed</strong></span> 
     </span>
    </p>
   </div>
   <div class='ocr_carea' id='block_1_74' title="bbox 1974 5110 3549 5184">
    <p class='ocr_par' dir='ltr' id='par_1_74' title="bbox 1974 5110 3549 5184">
     <span class='ocr_line' id='line_1_74' title="bbox 1974 5110 3549 5184; baseline -0.002 -19"><span class='ocrx_word' id='word_1_479' title='bbox 1974 5128 2269 5184; x_wconf 88' lang='lat' dir='ltr'><strong>pravarum</strong></span> <span class='ocrx_word' id='word_1_480' title='bbox 2305 5112 2450 5183; x_wconf 89' lang='lat' dir='ltr'><strong>apud</strong></span> <span class='ocrx_word' id='word_1_481' title='bbox 2486 5127 2581 5166; x_wconf 90' lang='lat' dir='ltr'><strong>eos</strong></span> <span class='ocrx_word' id='word_1_482' title='bbox 2628 5111 2949 5180; x_wconf 90' lang='lat' dir='ltr'><strong>opinionum</strong></span> <span class='ocrx_word' id='word_1_483' title='bbox 2981 5110 3415 5165; x_wconf 86' lang='lat' dir='ltr'><strong>emendationem</strong></span> <span class='ocrx_word' id='word_1_484' title='bbox 3450 5124 3549 5162; x_wconf 77' lang='lat' dir='ltr'><strong>cu~</strong></span> 
     </span>
    </p>
   </div>
   <div class='ocr_carea' id='block_1_75' title="bbox 1976 5199 3550 5274">
    <p class='ocr_par' dir='ltr' id='par_1_75' title="bbox 1976 5199 3550 5274">
     <span class='ocr_line' id='line_1_75' title="bbox 1976 5199 3550 5274; baseline -0.004 -15"><span class='ocrx_word' id='word_1_485' title='bbox 1976 5220 2120 5259; x_wconf 87' lang='lat' dir='ltr'><strong>rare.</strong></span> <span class='ocrx_word' id='word_1_486' title='bbox 2168 5202 2413 5274; x_wconf 83' lang='lat' dir='ltr'><strong>Namque</strong></span> <span class='ocrx_word' id='word_1_487' title='bbox 2465 5210 2520 5257; x_wconf 92' lang='lat' dir='ltr'><strong>et</strong></span> <span class='ocrx_word' id='word_1_488' title='bbox 2564 5201 2907 5269; x_wconf 87' lang='lat' dir='ltr'><strong>proverbiale</strong></span> <span class='ocrx_word' id='word_1_489' title='bbox 2956 5208 3287 5271; x_wconf 69' lang='lat' dir='ltr'><strong>praeceptum</strong></span> <span class='ocrx_word' id='word_1_490' title='bbox 3335 5199 3550 5253; x_wconf 80' lang='lat' dir='ltr'><strong>videtur</strong></span> 
     </span>
    </p>
   </div>
   <div class='ocr_carea' id='block_1_76' title="bbox 1977 5291 3549 5363">
    <p class='ocr_par' dir='ltr' id='par_1_76' title="bbox 1977 5291 3549 5363">
     <span class='ocr_line' id='line_1_76' title="bbox 1977 5291 3549 5363; baseline -0.003 -16"><span class='ocrx_word' id='word_1_491' title='bbox 1977 5295 2109 5349; x_wconf 89' lang='lat' dir='ltr'><strong>mihi</strong></span> <span class='ocrx_word' id='word_1_492' title='bbox 2145 5310 2254 5348; x_wconf 93' lang='lat' dir='ltr'><strong>non</strong></span> <span class='ocrx_word' id='word_1_493' title='bbox 2298 5295 2364 5347; x_wconf 93' lang='lat' dir='ltr'><strong>ad</strong></span> <span class='ocrx_word' id='word_1_494' title='bbox 2406 5293 2709 5359; x_wconf 87' lang='lat' dir='ltr'><strong>silentium,</strong></span> <span class='ocrx_word' id='word_1_495' title='bbox 2756 5293 2850 5349; x_wconf 90' lang='lat' dir='ltr'><strong>sed</strong></span> <span class='ocrx_word' id='word_1_496' title='bbox 2905 5291 2973 5347; x_wconf 91' lang='lat' dir='ltr'><strong>ad</strong></span> <span class='ocrx_word' id='word_1_497' title='bbox 3020 5291 3393 5363; x_wconf 89' lang='lat' dir='ltr'><strong>insipientium</strong></span> <span class='ocrx_word' id='word_1_498' title='bbox 3428 5306 3549 5343; x_wconf 88' lang='lat' dir='ltr'><strong>cor-</strong></span> 
     </span>
    </p>
   </div>
   <div class='ocr_carea' id='block_1_77' title="bbox 1976 5379 3549 5454">
    <p class='ocr_par' dir='ltr' id='par_1_77' title="bbox 1976 5379 3549 5454">
     <span class='ocr_line' id='line_1_77' title="bbox 1976 5379 3549 5454; baseline -0.005 -12"><span class='ocrx_word' id='word_1_499' title='bbox 1976 5385 2277 5442; x_wconf 85' lang='lat' dir='ltr'><strong>rectionem</strong></span> <span class='ocrx_word' id='word_1_500' title='bbox 2335 5383 2655 5453; x_wconf 88' lang='lat' dir='ltr'><strong>adhortari;</strong></span> <span class='ocrx_word' id='word_1_501' title='bbox 2709 5387 2785 5440; x_wconf 85' lang='lat' dir='ltr'><strong>ita</strong></span> <span class='ocrx_word' id='word_1_502' title='bbox 2854 5394 2912 5438; x_wconf 93' lang='lat' dir='ltr'><strong>ut</strong></span> <span class='ocrx_word' id='word_1_503' title='bbox 2964 5382 3357 5454; x_wconf 80' lang='lat' dir='ltr'><strong>iesponsiones</strong></span> <span class='ocrx_word' id='word_1_504' title='bbox 3404 5379 3549 5434; x_wconf 87' lang='lat' dir='ltr'><strong>haud</strong></span> 
     </span>
    </p>
   </div>
   <div class='ocr_carea' id='block_1_78' title="bbox 1976 5475 3549 5551">
    <p class='ocr_par' dir='ltr' id='par_1_78' title="bbox 1976 5475 3549 5551">
     <span class='ocr_line' id='line_1_78' title="bbox 1976 5475 3549 5551; baseline -0.006 -16"><span class='ocrx_word' id='word_1_505' title='bbox 1976 5479 2409 5551; x_wconf 84' lang='lat' dir='ltr'><strong>propositionum</strong></span> <span class='ocrx_word' id='word_1_506' title='bbox 2464 5478 2715 5535; x_wconf 75' lang='lat' dir='ltr'><strong>stultitia:</strong></span> <span class='ocrx_word' id='word_1_507' title='bbox 2764 5485 3090 5545; x_wconf 87' lang='lat' dir='ltr'><strong>consonent,</strong></span> <span class='ocrx_word' id='word_1_508' title='bbox 3162 5475 3260 5533; x_wconf 86' lang='lat' dir='ltr'><strong>sed</strong></span> <span class='ocrx_word' id='word_1_509' title='bbox 3326 5476 3549 5531; x_wconf 73' lang='lat' dir='ltr'><strong>insanas</strong></span> 
     </span>
    </p>
   </div>
  </div>
