4020 6506
527 204 665 263 1303

525 426 625 467 1188
650 425 919 472 evertant.

594 500 649 555 2.
679 500 820 567 Quid
867 521 996 576 ergo
1034 510 1192 566 nobis
1242 514 1552 585 objiciunt?
1595 522 1766 593 impie
1793 534 1853 581 se
1899 542 2085 598 gerere

522 603 821 649 causantur
865 612 959 653 eos
1014 602 1106 669 qui
1142 603 1209 658 de
1264 604 1471 677 Spiritu
1524 623 1715 669 sancto
1776 618 2085 676 sublimiter

524 680 786 748 sentiunt,
817 691 871 739 et
912 703 1251 761 quaecunque
1300 712 1421 762 nos,
1468 698 1691 759 Patrum
1735 706 2083 777 dogmatibus

522 770 888 841 adhaerentes,
937 780 1006 835 de
1061 781 1265 852 Spiritu
1317 792 1662 861 conﬁtemur,
1701 770 1946 856 haec-iui
1985 820 2083 874 pro

523 876 624 917 suo
653 863 807 920 libito
836 866 1217 943 intelligentes,
1258 894 1446 935 ansam
1477 884 1604 940 inde
1634 891 1852 959 capiunt
1890 894 1958 948 ad
1985 863 2083 949 .di-

523 970 641 1008 cam
676 958 837 1015 nobis
872 961 1291 1035 irreligiositatis
1332 958 1711 1034 scribendam;
1733 983 1944 1040 Etenim
1979 1002 2081 1047 nos

524 1042 785 1114 Spiritum
826 1066 949 1107 eum
985 1056 1145 1113 Patre
1175 1076 1238 1115 ac
1286 1061 1423 1121 Filio
1468 1082 1532 1122 eo
1557 1072 1725 1140 gradu
1768 1042 2078 1144 ponendum

523 1142 866 1207 proﬁtemur,
903 1156 960 1200 ut
1000 1148 1046 1203 is
1078 1152 1227 1208 nulla
1259 1169 1318 1209 re
1344 1156 1556 1215 diil‘erat
1586 1177 1652 1217 ex
1698 1142 1917 1238 iis—quae
1956 1173 2081 1226 reli-

522 1230 675 1297 giose
701 1233 768 1287 de
801 1235 985 1291 divina
1033 1249 1229 1297 natura
1270 1249 1582 1316 cogitantur
1606 1262 1768 1325 atque
1798 1230 2077 1331 dicuntur,

520 1332 751 1393 excepto
800 1328 945 1396 quod
997 1329 1334 1401 bypostasim
1378 1338 1578 1397 habere
1624 1350 1896 1419 propriam
1952 1328 2075 1409 sam

522 1418 668 1465 ctum
709 1412 974 1485 Spiritum
1003 1426 1453 1497 contemplamur,
1483 1412 1855 1501 quiavevaeo
1884 1451 1990 1508 est,
2026 1453 2078 1500 et

524 1502 726 1558 Christi
754 1515 861 1573 est,
906 1519 965 1564 ut
998 1514 1264 1584 scriptum
1308 1519 1539 1590 legimus
1560 1526 1614 1593 ’ς
1651 1545 1830 1600 neque
1857 1502 1987 1589 item
2018 1544 2078 1591 ut

523 1589 705 1660 Pater,
746 1606 832 1654 est
863 1599 1173 1673 ingenitus;
1203 1589 1381 1680 neque
1413 1622 1470 1667 ut
1506 1589 1697 1685 Filius,
1737 1589 2071 1695 unigenitus,

522 1680 602 1735 ita
628 1692 686 1736 ut
730 1700 853 1741 cum
895 1689 965 1746 iis
1000 1695 1173 1761 possit
1212 1700 1505 1757 confundi.
1528 1680 1716 1779 Itaque
1751 1680 2075 1787 obvaliquot
2107 1686 2150 1745 Β

522 1773 826 1839 peculiares
872 1785 1238 1852 proprietates
1271 1790 1388 1861 ipse
1421 1811 1517 1864 per
1567 1773 1641 1855 se—
1669 1773 1974 1874 spectatus:
2020 1811 2073 1866 in

520 1861 753 1933 reliquis
781 1869 1059 1938 omnibus,
1103 1884 1162 1929 ut
1201 1877 1341 1945 dixi,
1368 1861 1729 1954 aequalitatem
1762 1861 2080 1963 paritat'em-

519 1965 625 2021 que
660 1970 883 2014 servare
915 1975 945 2013 a
977 1965 1138 2021 nobis
1171 1970 1459 2040 creditur;
1484 1991 1645 2033 secus
1675 1989 1853 2037 autem
1885 1986 2079 2041 adver-

518 2044 653 2099 sarii
711 2047 948 2105 alienum
999 2054 1177 2125 ipsum
1232 2075 1261 2114 a
1312 2061 1490 2120 Patris
1543 2067 1778 2141 Filiique
1834 2079 2076 2134 naturali

518 2140 901 2198 communione
927 2143 1117 2203 dicunt
1143 2167 1158 2216 ;
1190 2162 1245 2207 et
1287 2167 1509 2227 propter
1538 2140 1752 2220 natura:
1789 2167 2078 2225 diversita-

517 2232 624 2280 tem
658 2226 977 2299 depressum
1034 2226 1410 2314 minoremque
1441 2254 1741 2317 generatim
1787 2263 1931 2321 esSe,
1974 2264 2075 2329 po-

517 2318 684 2372 tantia
711 2321 993 2391 nimirum,
1030 2329 1225 2397 gloria,
1254 2334 1547 2405 dignitate,
1571 2346 1895 2416 cunctisque
1925 2318 2077 2405 sum-

516 2409 704 2465 matim
750 2426 875 2481 quae
924 2414 1036 2472 Deo
1074 2419 1243 2491 digna
1282 2425 1562 2495 dicuntur,
1615 2435 1728 2489 sive
1768 2409 2072 2507 vocabulis,

516 2498 635 2556 sive
675 2505 877 2562 mentis
902 2514 1266 2582 conceptibus
1298 2535 1312 2572 :
1348 2532 1744 2593 proptereaque
1774 2529 2074 2599 majestatis

515 2605 625 2646 non
662 2597 1003 2668 participem,
1050 2612 1216 2674 atque
1249 2607 1532 2681 indignum
1564 2617 1803 2684 parilate
1844 2597 2073 2679 bonoris

512 2697 637 2737 cum
677 2684 836 2744 Patre
865 2687 1114 2761 Filioque
1149 2702 1549 2770 pronuntiant;
1575 2708 1784 2763 tantum
1822 2716 1949 2766 Vero
1984 2720 2076 2785 po-

512 2774 696 2829 tentia:
728 2774 831 2845 ipsi
864 2779 1067 2846 inesse,
1112 2795 1374 2854 quantum
1405 2791 1455 2845 ei
1505 2796 1638 2851 satis
1686 2806 1770 2855 est
1802 2801 1868 2854 ad
1903 2774 2072 2859 desti-

511 2871 671 2919 natas
707 2868 970 2937 quasdam
1022 2874 1325 2941 peculiares
1376 2883 1743 2949 operationes,
1792 2896 2069 2945 Verurnta-

511 2968 633 3010 men
663 2961 885 3015 creandi
913 2970 1061 3018 certe
1106 2970 1346 3036 potentia
1375 2986 1605 3041 prorsus
1653 2993 1777 3033 esse
1804 2981 2063 3037 alienum.

510 3044 645 3112 Quae
700 3064 822 3104 cum
870 3057 1160 3123 praevaleat
1200 3061 1343 3129 apud
1381 3080 1476 3119 eos
1520 3068 1822 3133 sententia,
1876 3087 2069 3129 conse-

509 3150 740 3207 quenter
777 3146 1130 3214 concludunt,
1171 3152 1309 3207 nihil
1360 3154 1412 3209 in
1447 3171 1505 3212 se
1556 3158 1758 3218 habere
1806 3162 2066 3234 Spiritum

508 3240 758 3287 sanctum
790 3251 977 3292 eorum
1019 3256 1140 3311 qua:
1165 3243 1234 3299 de
1264 3244 1447 3302 divina
1478 3260 1671 3307 natura
1700 3248 2069 3324 praedicantur

506 3329 670 3391 atque
701 3326 1020 3384 creduntur.

573 3411 628 3466 5.
670 3412 811 3480 Quid
858 3433 989 3489 ergo
1040 3438 1142 3479 nos
1188 3424 1461 3485 dicimus?
1502 3430 1648 3488 Nihil
1688 3452 1790 3493 nos
1840 3454 2062 3509 novum,

505 3516 684 3572 neque
713 3506 979 3564 arbitratu
1024 3522 1235 3579 nostro,
1272 3517 1363 3573 his
1396 3523 1489 3588 qui
1522 3526 1649 3580 talia
1679 3529 1949 3600 objiciunt
1976 3506 2064 3591 re;

500 3596 937 3663 spondebimus.
997 3605 1091 3660 sed
1142 3608 1340 3663 divinae
1390 3610 1692 3684 Scriptura;
1746 3596 1815 3677 de
1870 3618 2063 3681 sancto

504 3684 713 3757 Spiritu
765 3694 1081 3753 testimonio
1129 3704 1371 3762 contenti
1416 3708 1644 3775 erimus,
1680 3728 1745 3769 ex
1777 3712 1887 3787 quo
1936 3736 2063 3775 san-

500 3786 651 3834 ctum
685 3782 945 3854 Spiritum
990 3799 1043 3843 et
1074 3791 1319 3849 divinum
1354 3814 1477 3855 esse
1522 3809 1576 3856 et
1609 3803 1718 3861 diei
1750 3782 2059 3869 didicimus.

503 3870 562 3927 Si
593 3888 724 3944 ergo
756 3884 810 3931 et
842 3877 931 3933 isti
965 3880 1020 3934 in
1053 3882 1157 3938 hoc
1190 3891 1558 3955 consentiunt,
1590 3911 1764 3967 neque
1800 3901 2061 3962 divinitus

498 3963 785 4035 inspiratis
825 3968 1125 4041 Scripturis
1162 3978 1447 4047 resistunt,
1483 3963 1832 4044 dicant-sane
1869 3992 1927 4054 ii,
1966 3995 2059 4063 qui

496 4052 565 4107 ad
594 4054 792 4110 bellum
821 4067 1012 4112 contra
1045 4076 1144 4117 nos
1180 4072 1308 4118 sunt
1334 4066 1567 4133 alacres,
1599 4085 1699 4124 cur
1727 4090 1836 4128 non
1872 4052 2058 4145 potius

496 4146 761 4203 adversus
806 4148 1144 4220 Seripturam
1192 4171 1354 4226 quam
1413 4170 1602 4216 contra
1643 4179 1745 4220 nos
1799 4169 2058 4236 prmlien-

493 4237 618 4291 tur?
641 4228 824 4309 Neque
857 4243 1001 4297 enim
1044 4261 1144 4301 nos
1174 4247 1468 4319 quidquam
1502 4266 1698 4322 praeter
1726 4257 1867 4313 hanc
1914 4262 2058 4317 θωτ-

1751 228 1808 285 S.
1864 230 2191 292 GREGORII
2240 240 2527 302 NYSSENI

523 322 706 390 potius
731 331 785 379 et
822 338 1085 384 erroneas
1117 331 1333 388 illorum
1372 338 1521 393 circa
1570 340 1823 412 dogmata
1868 348 2068 419 opinio-

2182 357 2501 430 ἀνατρέπειν
2526 364 2582 418 δὲ

3614 270 3755 324 ίῦθδ

2607 369 2805 435 μᾶλλον
2820 371 2913 435 τὰς
2930 375 3190 445 ἀνοήτως
3216 376 3393 430 αὑτῶν
3418 384 3510 433 καὶ
3532 383 3722 455 ὴπατη
3734 414 3753 429 ο

2189 450 2355 519 μένας
2380 457 2503 525 περὶ
2532 456 2640 509 τῶν
2660 460 2944 531 δογμάτων
2972 465 3151 530 δόξας.

2258 542 2321 611 β’.
2354 544 2420 598 Τί
2446 543 2538 600 οὑν
2571 551 2715 602 ἐστιν
2746 553 2774 604 ὃ
2802 554 3165 625 προφέρουσιν
3196 560 3363 630 milia;
3398 560 3639 617 ’Δσεϐεῖν
3666 566 3752 619 al-

2182 633 2401 689 τιῶνται
2434 638 2560 703 τοὺς
2589 642 2715 711 περὶ
2745 642 2837 696 τοῦ
2870 645 3023 714 ἁγίου
3062 648 3377 721 Πνεύματος
3407 654 3752 726 μεγαλοπρε-

2184 724 2304 786 πεῖς
2337 724 2555 794 ἔχοντας
2583 728 2876 801 ὑπολήψεις
2894 750 2909 763 ·
2952 735 3048 788 καὶ
3090 737 3189 791 ὅσα
3214 743 3327 803 τοῖς
3357 742 3463 794 τῶν
3490 724 3757 813 Πατέρων

2182 808 2434 884 ἑπόμενοι
2456 817 2715 889 δόγμασιν
2741 822 3106 895 ὁμολογοῦμεν
3132 829 3259 900 περὶ
3285 830 3378 884 τοῦ
3410 808 3753 903 Πνεύματος,

2180 903 2351 959 ταῦτα
2386 907 2523 977 πρὸς
2547 909 2608 962 τὸ
2645 909 2833 966 δοκοῦν
2860 914 3308 989 ἐκλαμϐάνοντες,
3339 922 3592 994 ἀφορμὴν
3621 927 3754 978 ἐαυ-

2179 996 2291 1057 τοίς
2345 994 2639 1069 παρέχουσι
2688 1004 2809 1056 καθ’
2864 1006 3022 1077 ἡμῶν
3074 1010 3153 1073 είς
3200 1012 3453 1077 ἀσεϐείας
3503 1018 3750 1087 γραφήν.

2193 1084 2377 1156 Ἥμῶν
2418 1090 2526 1161 γὰρ
2562 1095 2911 1166 συντετάχθαι
2957 1098 3035 1169 τῷ
3078 1102 3251 1173 Πατρὶ
3290 1107 3383 1156 καὶ
3422 1106 3499 1176 τῷ
3544 1084 3759 1176 Titine?)

2180 1177 2400 1249 Πνεῦμα
2431 1180 2490 1233 τὸ
2535 1182 2687 1250 ἅγιον
2728 1186 3148 1257 ὁμολογούντων,
3182 1191 3257 1255 ὡς
3293 1195 3561 1266 μηδεμίαν
3602 1191 3755 1252 εἶναι.

2180 1270 2531 1341 παραλλαγὴν
2568 1275 2625 1326 έν
2655 1275 2842 1345 μηδενὶ
2887 1278 2997 1332 τῶν
3033 1282 3271 1347 εὑσεϐῶς
3308 1288 3433 1357 mp1
3466 1288 3564 1361 τὴν
3592 1289 3755 1343 θείαν

2179 1360 2338 1429 φύσιν
2388 1364 2687 1435 νοουμένων
2727 1384 2785 1420 τε
2837 1369 2930 1422 καὶ
2979 1372 3410 1445 ὀνομαζομένων,
3459 1378 3615 1444 ἐκτὸς
3651 1381 3751 1435 τοῦ

2178 1453 2299 1507 καθ’
2331 1454 2624 1509 ὑπόστασιν
2660 1459 2969 1525 ἰδιαζόντως
2999 1462 3316 1534 θεωρεῖσθαι
3344 1468 3404 1519 τὸ
3433 1469 3657 1540 Πνεῦμα
3684 1472 3755 1524 τὸ

2178 1542 2351 1612 ἀγιον,
2381 1546 2464 1598 ὅτι
2502 1548 2566 1600 ὲκ
2602 1547 2694 1600 τοῦ
2724 1548 2857 1602 Θεοῦ
2886 1553 3021 1617 ἐστι,
3070 1555 3163 1606 καὶ
3206 1554 3298 1608 τοῦ
3337 1555 3569 1628 Χριστοῦ
3603 1560 3751 1625 ἐστι,

2177 1634 2357 1699 καθὼς
2386 1636 2687 1708 γέγραπται
2714 1655 2728 1668 ·
2774 1640 2896 1695 οὔτε
2942 1644 3081 1698 κατά
3112 1646 3173 1699 τὸ
3201 1648 3489 1719 ἀγέννητον
3519 1649 3597 1721 τῷ
3628 1652 3748 1705 Πα-

2177 1728 2283 1799 τρὶ,
2315 1727 2438 1783 οὔτε
2466 1731 2606 1784 κατά
2626 1733 2687 1785 τὸ
2715 1736 3001 1804 μονογενὲς
3025 1736 3101 1808 τῷ
3126 1738 3239 1809 Υἱῷ
3262 1743 3745 1812 πναναχεόμενον,

2176 1819 2311 1874 ἀλλά
2338 1837 2481 1875 τισιν
2517 1822 2815 1895 ἐξαιρέτοις
2857 1825 3136 1898 ίδιώμασιν
3165 1831 3247 1898 ἐφ’
3281 1832 3473 1884 ἑαυτοῦ
3508 1833 3749 1906 θεωρού-

2180 1927 2355 1981 μενον,
2392 1913 2451 1965 ὲν
2480 1915 2593 1975 τοῖς
2632 1913 2812 1977 ἀλλοις
2842 1917 2976 1970 πᾶσι
3027 1917 3278 1990 καθάπερ
3323 1921 3455 1990 ἔφην
3503 1924 3562 1975 τὸ
3590 1964 3606 1977 .
3653 1964 3666 1978 .
3725 1964 3744 1980 .

2180 2000 2337 2070 μένον
2390 2003 2484 2067 καὶ
2533 2003 2945 2073 ἀπαράλλακτον
3001 2007 3145 2079 ἔχειν
3192 2011 3593 2079 ὁμολογούντων
3619 2032 3632 2044 ·
3690 2019 3747 2070 οξ

2175 2090 2484 2145 ὑπεναντίοι
2523 2094 2685 2161 φασὶν
2723 2095 3092 2161 ἀπεξενῶσθαι
3138 2100 3237 2170 μὲν
3277 2102 3439 2155 αὑτὸν
3481 2106 3620 2174 πρὸς
3649 2107 3749 2158 τδν

2176 2184 2395 2255 Πατέρα
2419 2186 2513 2239 καὶ
2542 2184 2632 2239 τὸν
2663 2186 2789 2240 Υἱδν
2812 2190 2910 2258 τῆς
2934 2191 3170 2259 φυσικῆς
3200 2193 3499 2258 κοινωνίας,
3530 2197 3626 2249 καὶ
3652 2197 3757 2251 διὰ,

2174 2272 2233 2325 τὸ
2272 2268 2369 2344 τῆς
2410 2273 2623 2344 φύσεως
2669 2276 2974 2333 διαλλάττον
3005 2279 3419 2351 ὑποϐεϐηκέναι,
3450 2287 3542 2337 καὶ
3577 2286 3749 2355 ἠλατ-

2172 2363 2374 2417 τῶσθαι
2398 2367 2510 2429 τοῖς
2540 2369 2703 2420 πᾶσιν
2726 2369 2784 2421 ὲν
2808 2370 3031 2441 δυνάμει
3082 2374 3173 2426 καί
3201 2374 3327 2446 δόξῃ
3350 2377 3439 2428 καὶ
3469 2376 3747 2447 ἀξιώματι

2174 2455 2267 2506 καὶ
2294 2457 2459 2508 πᾶσιν
2500 2456 2650 2522 ἅπαξ
2683 2461 2793 2521 τοῖς
2824 2458 3139 2532 θεοπρεπῶς
3175 2463 3483 2537 λεγομένοις
3514 2468 3747 2538 ὀνόμασί

2170 2560 2230 2596 τε
2257 2545 2352 2597 καὶ
2389 2547 2656 2617 νοήμασι·
2694 2550 2788 2601 καὶ
2818 2550 2906 2603 διὰ
2937 2551 3093 2606 τοῦτο
3128 2554 3284 2625 δόξης
3319 2556 3415 2625 μὲν
3447 2556 3742 2627 ἀμέτοχον,

2170 2634 2387 2702 ἀνάξιον
2410 2637 2466 2690 δὲ
2502 2637 2599 2708 τῆς
2627 2639 2762 2711 πρὸς
2793 2641 2885 2695 τὸν
2914 2643 3128 2715 Πατέρα
3165 2647 3256 2700 καὶ
3290 2647 3414 2699 Υίὸν
3446 2650 3744 2719 ὁμοτιμίας

2170 2727 2302 2795 φασί
2320 2746 2334 2761 ο
2377 2720 2656 2800 δυνάμεως
2686 2731 2744 2785 δὲ
2782 2735 3034 2789 τοσοῦτον
3067 2738 3333 2808 μετέχειν,
3352 2740 3473 2792 ὅσον
3502 2742 3753 2811 ἐπαρκεῖ

2170 2818 2321 2888 αὑτῷ
2358 2819 2492 2889 πρὸς
2524 2822 2973 2893 ἁποτεταγμένας
3008 2827 3159 2891 τινὰς
3189 2829 3285 2882 καὶ
3319 2832 3547 2901 μερικὰς
3586 2836 3743 2903 ὲνερο

2168 2911 2342 2977 γείας,
2373 2914 2471 2981 τῆς
2508 2911 2564 2965 δὲ
2604 2913 3001 2984 δημιουργικῆς
3049 2918 3229 2988 ἰσχύος
3277 2919 3379 2986 ἔξω
3422 2924 3739 2977 παντάπασι

2093 3025 2137 3083 c
2171 2998 2517 3055 καθεστάναι.
2559 3002 2774 3074 Ταύτης
2816 3005 2872 3058 δὲ
2906 3007 3212 3079 κρατούσης
3245 3012 3372 3082 παρ’
3418 3014 3600 3078 αὑτοῖς
3634 3017 3739 3085 τῆς

2172 3089 2511 3160 ὑπολήψεως,
2546 3093 2611 3145 ὲκ
2640 3091 2733 3146 τοῦ
2766 3094 3058 3150 ἀκολούθου
3103 3101 3564 3165 κατασκευάζεται
3602 3107 3738 3177 παρ’

2168 3178 2346 3233 αὑτῶν
2372 3180 2432 3233 τὸ
2467 3182 2633 3251 μηδὲν
2661 3182 2803 3253 ἔχειν
2829 3187 2886 3237 ὲν
2924 3186 3100 3257 ἑαυτῷ
3124 3189 3187 3241 τὸ
3214 3191 3433 3261 Πνεῦμα
3464 3195 3572 3247 τῶν
3605 3198 3739 3267 περὶ

2165 3270 2266 3339 τῆς
2307 3270 2456 3334 θείας
2487 3272 2697 3341 φύσεως
2734 3275 2972 3338 εὐσεϐῶς
3002 3277 3305 3349 λεγομένων
3345 3299 3404 3334 τε
3445 3285 3537 3337 καὶ
3578 3302 3733 3339 νοου-

2170 3363 2368 3433 μένων.

2237 3455 2304 3523 γ’.
2337 3457 2403 3509 Τί
2430 3454 2521 3511 οὖν
2561 3444 2886 3531 δ’ἡμέτερος
2928 3461 3107 3530 λόγος;
3152 3462 3315 3516 Οὐδὲν
3359 3466 3541 3519 καινὸν
3570 3469 3731 3538 ἡμεῖς

2163 3547 2283 3600 οὑδὲ
2315 3550 2445 3618 παρ’
2474 3550 2629 3621 ἡμῶν
2657 3550 2834 3605 αὑτῶν
2871 3554 2984 3616 τοῖς
3014 3552 3080 3606 τὰ
3107 3554 3327 3609 τοιαῦτα
3356 3558 3731 3629 προκαλουμέ-

2164 3653 2276 3699 νοις
2326 3638 2800 3710 ἀποκρινούμεθα,
2855 3640 2993 3694 άλλά
3040 3642 3466 3714 ἀποχρησόμεθα
3512 3650 3579 3718 τῇ
3631 3650 3728 3718 τῆς

2164 3727 2313 3795 θείας
2342 3728 2563 3801 Γραφῆς
2597 3730 2722 3800 περὶ
2753 3729 2847 3784 τοῦ
2884 3731 3039 3800 άγίου
3082 3732 3393 3803 Πνεύματος
3432 3739 3727 3811 μαρτυρίᾳ,

2161 3818 2229 3871 δι’
2249 3816 2317 3892 ἦς
2346 3818 2484 3874 θεῖον
2511 3820 2573 3873 τὸ
2595 3820 2817 3891 Πνεῦμα
2844 3822 2905 3875 τὸ
2927 3823 3081 3892 ἅγιον
3103 3820 3239 3877 εἷναί
3264 3843 3325 3878 τε
3350 3828 3445 3880 καὶ
3475 3827 3729 3898 λέγεσθαι

2165 3909 2579 3983 μεμαθήκαμεν.
2624 3913 2686 3965 Εἰ
2719 3909 2811 3967 οὖν
2848 3915 3179 3970 συντίθενται
3216 3919 3308 3971 καὶ
3344 3920 3497 3973 αὑτοὶ
3532 3923 3724 3992 τούτῳ,

2162 4002 2257 4054 καὶ
2290 4000 2364 4072 μὴ
2411 4002 2772 4056 ἀντιϐαίνουσι
2817 4008 2937 4069 ταῖς
2971 4006 3344 4072 θεοπνεύστοις
3384 4015 3606 4078 φωναῖς,
3650 4015 3722 4065 εί-

2162 4089 2417 4144 πάτωσαν
2465 4092 2514 4143 οί
2552 4091 2687 4163 πρὸς
2731 4093 2822 4147 τὸν
2861 4094 2982 4147 καθ’
3020 4095 3178 4165 ἡμῶν
3214 4096 3446 4166 πόλεμον
3484 4099 3720 4169 ἕτοιμοι,

2160 4182 2301 4244 τίνος
2328 4182 2491 4236 ἕνεκα
2511 4183 2571 4235 οὑ
2602 4183 2738 4254 πρὸς
2758 4184 2857 4255 τὴν
2879 4186 3260 4256 Γραφὴν,ἁλλά
3282 4188 3418 4257 πρὸς
3444 4190 3585 4260 ἡμᾶς
3606 4191 3720 4244 δια-

2164 4270 2459 4339 μάχονται;
2496 4271 2629 4325 Οὐδὲ
2657 4271 2766 4343 γὰρ
2796 4274 2960 4344 ⁴ἡμεῖς
2998 4274 3123 4328 ἄλλο
3158 4292 3210 4327 τι
3254 4278 3403 4348 παρά
3435 4279 3588 4334 τοῦτό
3620 4300 3721 4350 φα-

493 4338 728 4386 mamus.
782 4329 955 4388 Porro
989 4334 1185 4393 divina:
1229 4348 1458 4406 naturae,
1502 4361 1665 4413 quam
1708 4351 2052 4418 conﬁtemur,

496 4417 693 4440 _--Il-_
741 4437 789 4440 --
812 4439 818 4440 κ
855 4439 892 4440 νγ
975 4426 986 4437 '
1450 4433 1479 4440 "'
1554 4437 1563 4440 “

2327 4329 2488 4427 Θείας
2522 4363 2580 4417 δὲ
2616 4329 3255 4436 φύσεωςιὸμολογοὺντες
3303 4329 3555 4440 οὑδεμίαν
3604 4329 3721 4427 ἐπι-

492 4417 708 4473 nullam
732 4426 1116 4494 cognoscimus
1149 4445 1325 4500 neque
1354 4448 1419 4488 ex
1447 4433 1854 4507 Scripturarum
1882 4446 2054 4515 magi-

491 4510 685 4577 Sterio,
714 4526 891 4584 neque
929 4531 995 4572 ex
1024 4524 1407 4579 communibus
1453 4528 1768 4586 notionibus
1798 4534 2053 4602 praedicta

492 4599 545 4652 in
577 4616 636 4656 re
675 4600 1074 4674 did‘erentiam;
1111 4625 1303 4681 nempe
1346 4614 1490 4683 quod
1535 4616 1716 4672 divina
1751 4629 1805 4675 et
1836 4625 2053 4681 excelsa

489 4688 684 4744 natura
734 4708 920 4748 secum
968 4696 1091 4767 ipsa
1127 4699 1198 4754 sit
1231 4700 1522 4762 divisibilis
1555 4723 1651 4777 per
1679 4714 2051 4771 extensionem

488 4780 729 4850 aliquam
759 4780 853 4838 aut
890 4786 1349 4858 contractionem,
1381 4806 1436 4852 et
1462 4798 1532 4853 ob
1573 4801 1832 4870 majorem
1876 4806 2053 4861 mino-

486 4885 673 4927 remve
719 4875 946 4943 gradum
975 4895 1005 4933 a
1033 4881 1215 4952 scipsa
1244 4882 1475 4942 diﬂerat.
1502 4888 1635 4944 Nam
1666 4894 1793 4963 quia
1821 4896 2051 4967 simplex

483 4972 539 5017 et
576 4965 870 5024 uniformis
914 4978 1078 5042 atque
1125 4974 1486 5047 incomposita
1537 4984 1797 5048 creditur,
1839 4965 2050 5046 nullus-

485 5058 591 5126 que
616 5058 813 5115 einnus
844 5071 938 5117 aut
966 5054 1315 5122 dissimilium
1345 5075 1666 5143 compositio
1701 5079 1753 5131 in
1783 5094 1846 5134 ea
1871 5084 2050 5137 cerni-

484 5155 596 5215 tur,
646 5150 929 5223 propterea
966 5164 1257 5228 postquam
1305 5161 1545 5220 divinam
1597 5176 1846 5225 naturam
1880 5176 2050 5230 semel

482 5240 668 5295 animo
704 5242 1152 5315 cogitaverimus,
1189 5250 1480 5320 cujuslibet
1514 5254 1623 5312 Deo
1663 5258 1811 5331 digni
1847 5279 2044 5319 conce-

482 5340 608 5401 ptus
637 5330 1025 5405 perfectiOnem
1053 5343 1155 5398 hac
1194 5341 1292 5400 Dei
1328 5352 1693 5419 appellatione
1727 5358 2044 5428 complecti-

480 5420 603 5480 mur
633 5440 649 5479 :
678 5442 803 5482 nam
835 5430 1008 5487 deitas
1039 5435 1308 5493 universze
1334 5440 1408 5495 rei
1435 5443 1589 5501 bona:
1617 5448 1887 5505 notionem
1920 5467 2044 5521 pcr-

550 5605 574 5635 ³
612 5602 777 5661 ιῐοίιη.
808 5624 900 5671 xv,
931 5611 1036 5677 26:
1076 5612 1253 5671 Galat.
1293 5632 1365 5681 ιγ,
1405 5619 1460 5673 6.

2158 4452 2494 4524 γινώσκομεν
2543 4453 2666 4507 οὔτε
2713 4455 2778 4508 ὲκ
2818 4457 2916 4526 τῆς
2953 4457 3061 4510 τῶν
3108 4458 3337 4528 Γραφῶν
3380 4460 3720 4528 διδασκαλίας

2156 4542 2279 4595 οὕτε
2303 4545 2365 4596 ὲκ
2405 4545 2511 4597 τῶν
2544 4545 2736 4598 κοινῶν
2782 4546 2995 4601 ἐννοιῶν
3023 4550 3145 4601 κατ’
3178 4550 3310 4603 αὑτὸ
3342 4552 3497 4605 τοῦτο
3534 4554 3721 4623 διαφο-

2160 4634 2257 4703 ράν
2282 4654 2293 4666 ε
2323 4634 2460 4687 ὥστε
2494 4635 2817 4707 μεμερίσθαι
2846 4638 2979 4706 πρὸς
3001 4639 3196 4710 ἑαυτὴν
3233 4640 3331 4711 τὴν
3357 4638 3504 4695 θείαν
3539 4660 3596 4694 τε
3624 4644 3721 4695 καὶ

2158 4724 2523 4795 ὑπερέχουσαν
2554 4726 2713 4795 φύσιν
2751 4727 2841 4781 διά
2870 4746 3013 4793 τινος
3049 4732 3349 4794 ἑπιτάσεως
3383 4732 3416 4802 ἦ
3453 4732 3714 4801 ὑφέσεως,

2154 4816 2304 4887 παρά
2339 4816 2399 4869 τὸ
2442 4817 2600 4871 πλέον
2641 4836 2701 4872 τε
2742 4820 2837 4873 καὶ
2876 4819 3089 4872 ἔλαττον
3130 4821 3297 4893 αὑτὴν
3343 4823 3477 4894 πρὸς
3520 4825 3717 4894 ἑαυτὴν

2152 4907 2582 4962 διαλλάττουσαν.
2627 4910 2842 4981 Ἐπειδὴ
2878 4910 2983 4982 γὰρ
3014 4911 3155 4983 ἁπλῆ
3190 4914 3287 4968 καὶ
3318 4913 3592 4984 μονοειδὴς
3619 4914 3717 4967 καὶ

2150 4998 2437 5064 ἀσύνθετος
2464 4995 2602 5053 εἶναι
2624 5002 2998 5065 πεπίστευται,
3030 5005 3123 5056 καὶ
3154 5004 3372 5076 οὐδεμία
3413 5006 3584 5077 πλοκὴ
3618 5007 3715 5060 καὶ

2156 5092 2400 5156 σύνθεσις
2418 5091 2480 5157 ἐξ
2497 5093 2764 5163 ἀνομοίων
2790 5096 2917 5163 περὶ
2936 5095 3104 5165 αὑτὴν
3127 5095 3424 5168 θεωρεῖται,
3446 5097 3535 5151 διὰ
3553 5096 3717 5152 τοῦτο

2152 5180 2370 5234 ἐπειδὰν
2401 5182 2545 5248 ἅπαξ
2571 5182 2718 5236 θείαν
2747 5182 2907 5251 φύσιν
2935 5186 3001 5255 τῇ
3026 5185 3168 5257 ψυχῇ
3193 5189 3547 5258 ἐννοήσωμεν,
3569 5188 3631 5241 τὸ
3651 5190 3717 5242 ὲν

2152 5272 2316 5324 παντὶ
2356 5271 2648 5344 θεοπρεπεῖ
2688 5277 2913 5344 νοήματι
2956 5276 3157 5330 τέλειον
3188 5276 3274 5331 διὰ
3315 5278 3408 5331 τοῦ
3451 5280 3711 5349 ὀνόματος

2150 5362 2337 5414 τούτου
2372 5363 2894 5433 συμπαρεδεξάμεθα
2912 5381 2926 5395 ’
2955 5366 3017 5418 τὸ
3042 5367 3150 5437 γὰρ
3178 5366 3328 5420 Θεῖον
3352 5368 3410 5419 ὲν
3445 5370 3604 5420 παντὶ
3627 5367 3713 5437 τερ

2152 5452 2294 5507 κατὰ
2317 5453 2376 5507 τὸ
2405 5452 2602 5521 ἀγαθὸν
2635 5452 2775 5523 λόγῳ
2804 5452 2864 5507 τὸ
2900 5454 3102 5510 τέλειον
3129 5455 3262 5527 ἔχει.
3292 5456 3352 5510 ΕΞ
3388 5455 3441 5509 δὲ
3472 5456 3711 5509 ἐλλείποι
