4020 6504
254 260 398 319 1505

1406 265 1773 323 ΑΟΫΕΒΞΗΒ
1809 264 2357 321 MACEDON-IANOS.

3360 267 3496 324 £590

255 379 361 434 τινὶ
406 377 497 431 καὶ
531 376 832 449 ῦστερεῖται
874 376 1015 431 κατά
1055 395 1105 430 τι
1148 377 1246 448 τῆς
1282 378 1633 449 τελειότητος,
1680 380 1819 433 κατά

1950 382 2216 437 ectissime
2248 381 2512 437 continet.
2548 380 2705 447 Quod
2736 382 2782 438 si
2810 382 3011 453 partim
3044 381 3189 438 forte
3215 382 3496 450 deficeret,

255 471 319 525 τὸ
360 470 601 523 ἐλλεῖπον
630 470 885 540 χωλεύσει
928 470 1018 523 καὶ
1046 470 1074 521 ό
1116 471 1211 539 τῆς
1254 470 1502 540 θεότητος
1531 472 1707 539 λόγος,
1750 472 1825 535 ὡς

261 564 460 634 μηκέτι
484 562 637 615 Θεῖον
670 564 728 615 ἐν
761 561 954 631 ἐκείνῳ
982 560 1057 630 τῷ
1089 562 1239 631 μέρει
1267 562 1299 633 ἢ
1324 559 1463 615 εἶναι
1492 564 1524 633 ἥ
1552 564 1819 631 λέγεσθαι.

260 658 383 720 Πῶς
426 656 533 727 γὰρ
564 658 629 711 ἀν
674 674 758 720 τις
802 656 880 725 τῷ
912 656 1091 708 ἀτελεῖ
1124 657 1217 708 καὶ
1260 655 1577 721 ἐλλείποντι,
1598 658 1692 710 καὶ
1728 656 1826 725 τῆς

261 749 522 821 ἑτέρωθεν
551 748 863 821 προσθήκης
906 748 1285 821 προτδεομένῳ
1321 749 1417 820 τὴν
1460 749 1827 820 προσηγορίαν

260 841 463 911 ταύτην
489 840 741 911 ἁρμόσειε
765 858 779 906 ;

331 1024 392 1077 δ’.
427 1023 689 1094 Καθάπερ
715 1023 808 1076 καὶ
830 1023 917 1081 διὰ
942 1022 1048 1076 τῶν
1069 1021 1396 1092 σωματικῶν
1420 1022 1532 1076 ἐστι
1556 1023 1649 1077 τὸν
1675 1024 1829 1092 λόγον

263 1112 659 1167 πιστώσασθαι.
707 1112 771 1166 Ἠ
797 1114 904 1184 γάρ
934 1112 1027 1166 τοῦ
1059 1114 1228 1185 πυρὸς
1275 1113 1435 1182 φύσις
1471 1115 1664 1187 ἐπίσης
1698 1118 1830 1170 πᾶσι

263 1207 375 1269 τοῖς
408 1203 818 1275 συμπληροῦσιν
852 1205 1018 1274 αὐτὴν
1064 1205 1255 1275 μορίαν
1277 1246 1291 1265 ,
1337 1206 1436 1276 τὴν
1469 1206 1830 1278 θερμαντικὴν

263 1295 514 1365 αἴσθησιν
555 1297 664 1356 τοῖς
696 1294 1018 1364 ἁπτομένοις
1060 1292 1387 1364 παρέχεται·
1420 1297 1513 1349 καὶ
1546 1296 1605 1348 οὐ
1637 1296 1699 1348 τὸ
1735 1296 1831 1365 μέν

263 1401 317 1437 τι
346 1384 443 1454 τῆς
483 1382 677 1452 φλογὸς
714 1382 1175 1454 ὑπερτεταμένην,
1208 1384 1267 1436 τὸ
1297 1381 1353 1435 δὲ
1396 1384 1690 1455 ὑφειμένην
1721 1383 1832 1454 ἔχει

262 1476 362 1547 τὴν
392 1475 711 1547 θερμασίαν.
758 1474 894 1528 Ἀλλ’
940 1476 1044 1539 ἕως
1078 1474 1145 1530 ἀν
1245 1475 1379 1548 πῦρ,
1421 1476 1539 1529 ὅλον
1565 1474 1735 1528 διόλου
1766 1477 1831 1546 τῆ

264 1567 551 1639 ταύτότητι
579 1569 677 1638 τῆς
710 1567 984 1638 ἐνεργείας
1011 1567 1325 1622 ἀδιάστατον
1354 1568 1489 1640 πρὸς
1519 1568 1708 1621 ἐαυτὸν
1734 1566 1832 1635 τὴν

265 1662 456 1714 ἕνωσιν
499 1660 629 1730 ἔχει.
666 1660 731 1712 El
775 1659 832 1712 δέ
868 1677 921 1713 τι
959 1660 1100 1713 κατά
1144 1674 1195 1712 τι
1245 1659 1407 1731 μέρος
1441 1658 1831 1729 καταψυχθείη,

1925 482 2017 527 aut
2056 488 2246 542 parum
2277 473 2405 542 quid
2442 472 2797 539 perfectionis
2840 474 3199 538 desideraret,
3246 477 3317 531 ob
3352 477 3497 533 hunc

1926 564 2106 632 ipsqu
2153 562 2424 617 defectum
2475 564 2614 618 ratio
2660 565 2879 625 deitatis
2913 565 3270 632 claudicaret,
3325 569 3402 623 ita
3437 578 3501 623 ut

1928 656 2029 708 hac
2076 656 2130 709 in
2164 664 2317 726 parte
2350 656 2527 711 deitas
2565 672 2742 727 neque
2794 667 2939 713 esset
2994 673 3171 729 neque
3199 660 3496 717 diceretur.

1926 746 2209 813 Quomodo
2238 748 2381 801 enim
2410 749 2679 820 quispiam
2705 748 2782 803 rei
2815 748 3151 818 imperfecta
3175 760 3229 805 et
3264 751 3496 815 mutila,

1927 847 1980 892 et
2026 837 2203 891 alieno
2233 822 2603 892 additamenta
2646 837 2936 908 indigenti,
2976 838 3139 893 talem
3182 846 3503 911 tantamque

1930 929 2344 999 appellationem
2372 929 2857 984 accommodaret?

2000 1018 2058 1072 4.
2101 1016 2359 1073 Profecto
2398 1019 2777 1088 corporalibus
2810 1018 2972 1074 etiam
3001 1021 3265 1091 exemplis
3294 1036 3505 1078 sermo-

1931 1125 2052 1163 nem
2100 1108 2245 1163 hunc
2291 1108 2616 1164 continuare
2663 1109 2810 1163 licet.
2856 1109 3104 1181 Namque
3135 1111 3276 1182 ignis
3310 1121 3500 1167 natura

1931 1203 2148 1256 cunctis
2177 1201 2422 1270 ejusdem
2449 1201 2779 1256 conditionis
2806 1202 2968 1257 rebus
2987 1203 3226 1258 calidum
3256 1218 3500 1269 sensum,

1932 1294 1975 1347 si
2008 1292 2166 1348 modo
2196 1294 2264 1346 ab
2292 1293 2376 1349 his
2407 1300 2680 1362 tangatur,
2702 1308 2857 1363 atque
2884 1297 3279 1358 communicat,
3320 1308 3505 1363 neque

1934 1386 2037 1438 alia
2084 1385 2302 1454 quidem
2353 1398 2445 1439 res
2479 1383 2852 1439 vehementem
2900 1383 3172 1440 ﬂammam
3206 1386 3506 1457 experitur,

1934 1478 2038 1530 alia
2089 1490 2218 1532 vero
2254 1477 2621 1531 remissiorem
2676 1477 2845 1533 sentit
2892 1478 3153 1532 calorem.
3200 1476 3305 1532 Sed
3335 1491 3509 1546 quau-

1934 1568 2025 1623 diu
2077 1568 2219 1639 ignis
2273 1576 2380 1632 est,
2431 1576 2577 1624 totus
2638 1569 2939 1623 universim
2990 1576 3214 1639 propter
3252 1567 3509 1623 efﬁcacia:

1935 1660 2225 1731 puritatem
2271 1659 2501 1714 firmiter
2530 1659 2635 1714 sibi
2668 1667 2905 1715 constat.
2950 1658 3110 1725 Quod
3158 1660 3205 1715 si
3252 1659 3508 1729 aliquan-

264 1753 445 1808 οὐκέτι
473 1752 587 1823 πῦρ
614 1752 750 1805 κατά
777 1750 836 1804 τὸ
864 1752 1269 1821 κατεψυγμένον
1292 1750 1734 1821 όνομασθήσεται,
1767 1751 1833 1820 τῇ

1950 1766 2051 1805 ,ιιιη
2091 1752 2271 1821 aliqua
2324 1752 2380 1806 in
2433 1759 2585 1822 parte
2630 1750 2911 1822 frigescat,
2939 1752 3051 1821 jam
3076 1766 3183 1805 non
3228 1751 3512 1806 vocabitur

267 1845 403 1917 πρὸς
432 1844 494 1897 τὸ
532 1844 770 1898 ἐναντίον
817 1842 1098 1913 ὑπαλλαγῇ
1132 1844 1227 1913 τῆς
1271 1843 1637 1914 θερμαντικῆς
1679 1843 1830 1912 ἐνερ-

265 1939 421 2006 γείας
457 1937 1028 2007 συμμεταποιουμένου
1057 1936 1152 1991 καὶ
1188 1936 1281 1992 τοῦ
1318 1936 1596 2006 ὀνόματος.
1644 1935 1834 1988 Ὡσαύ-

264 2046 376 2091 τως
407 2028 499 2081 καὶ
529 2027 620 2080 τοῦ
664 2027 853 2091 ὓδατος
899 2030 990 2081 καὶ
1031 2027 1124 2081 τοῦ
1162 2028 1320 2100 ἀέρος
1353 2029 1445 2081 καὶ
1477 2028 1694 2082 πάντων
1728 2028 1834 2080 τῶν

1936 1845 2079 1914 ignis
2110 1844 2163 1899 id
2190 1843 2338 1915 quod
2378 1842 2588 1914 friguit,
2620 1851 2831 1897 mutato
2867 1856 2988 1898 cum
3024 1843 3213 1898 calida:
3259 1840 3511 1897 cﬂlcacia:

1938 1936 1995 1989 in
2020 1935 2353 1990 contrarium
2387 1934 2671 2005 hypallage
2701 1936 2865 1989 etiam
2905 1937 2984 1989 rei
3019 1934 3261 1988 nomine.
3297 1932 3510 1987 Simili-

1940 2034 2023 2082 ter
2048 2035 2102 2080 et
2133 2026 2201 2082 de
2239 2040 2402 2096 aqua,
2454 2040 2600 2089 aere,
2634 2028 2963 2096 cunctisque
2992 2024 3278 2080 elementis
3318 2022 3513 2093 singil-

270 2119 623 2190 στοιχειωδῶς
661 2120 1112 2189 ὑποὸεὸλημένων
1167 2118 1245 2184 εἷς
1306 2121 1400 2173 καὶ
1448 2120 1476 2174 ό
1529 2120 1692 2183 αὐτὸς
1751 2119 1836 2189 ἐφ’

1950 2120 2091 2174 latim
2126 2119 2416 2173 dicendum
2453 2124 2562 2181 est,
2596 2118 2728 2187 quin
2765 2117 3168 2171 incrementum
3207 2115 3380 2170 ullum
3415 2120 3512 2167 aut

270 2211 501 2265 ἑκάστου
523 2211 698 2280 λόγος,
722 2211 783 2264 ού
814 2212 1247 2283 παραδεχόμενος
1272 2212 1607 2284 πλεονασμὸν
1632 2212 1665 2283 ἢ
1689 2212 1841 2266 ἐλάτ-

268 2319 454 2356 τωσιν.
494 2301 630 2355 Οὔτε
669 2303 775 2373 γὰρ
805 2303 865 2356 τὸ
897 2302 1038 2374 ὕδωρ
1079 2303 1275 2374 μᾶλλον
1305 2302 1339 2377 ἢ
1371 2304 1591 2359 ἔλαττον
1619 2304 1838 2358 δύναται

269 2392 561 2461 λέγεσθαι·
595 2393 700 2455 ἓως
726 2394 832 2463 γὰρ
864 2392 929 2446 ἂν
961 2394 1153 2463 ἐπίσης
1178 2394 1341 2464 ὑγρὸν
1370 2390 1427 2466 ᾖ,
1462 2394 1555 2447 καὶ
1603 2393 1636 2464 ἠ
1668 2408 1838 2462 προσ-

273 2486 471 2556 ⁴ηγορία
490 2484 584 2537 τοῦ
614 2483 800 2546 ῦδατος
828 2484 1087 2538 ἐπάύτοῦ
1121 2484 1473 2556 ἀληθεύεται·
1506 2486 1554 2538 εί
1582 2483 1638 2537 δὲ
1674 2500 1839 2555 μετα-

276 2576 527 2648 ποιηθείη
563 2575 699 2645 πρὸς
729 2576 825 2645 τὴν
863 2575 1107 2629 ἐναντίαν
1144 2577 1435 2646 ποιότητα,
1479 2574 1839 2645 συνηλλοιώθη

276 2668 497 2729 πάντως
531 2666 618 2718 ἐπ’
650 2665 813 2718 αὑτοῦ
860 2667 955 2719 καὶ
997 2666 1056 2719 τὸ
1099 2665 1288 2737 ὄνομα.
1320 2667 1429 2721 Καὶ
1461 2665 1553 2719 τοῦ
1583 2666 1743 2737 ἀέρος
1781 2665 1842 2717 τὸ

282 2760 519 2831 μαλακόν
555 2775 614 2811 τε
658 2758 753 2811 καὶ
789 2757 1067 2828 ἀνωφερὲς
1104 2758 1197 2811 καὶ
1228 2757 1428 2828 κοῦφον
1475 2758 1668 2829 ἐπίσης
1711 2759 1844 2811 πᾶσι

278 2854 390 2915 τοῖς
437 2852 644 2922 μορίοις
668 2850 1007 2920 ἐνθεωρεῖται
1026 2867 1040 2881 ·
1069 2850 1130 2903 τὸ
1153 2850 1208 2903 δὲ
1234 2851 1431 2904 πυκνὸν
1459 2851 1551 2903 καὶ
1590 2850 1846 2921 ἐμόριθές

283 2943 375 2997 καὶ
402 2944 481 3006 είς
507 2942 610 3011 γῆν
658 2941 777 3014 ῥέον
806 2941 1083 3011 διαφεύγει
1115 2942 1177 2994 τὸ
1204 2941 1298 2995 καὶ
1330 2942 1437 3013 ἀὴρ
1470 2940 1845 3011 ὀνομάζεσθαι.

281 3032 468 3097 Οὕτως
505 3036 652 3105 καὶὴ
681 3034 799 3087 θεία
829 3033 1006 3103 φύσις,
1042 3034 1147 3096 ἓως
1186 3034 1283 3103 μὲν
1312 3032 1377 3086 ἂν
1405 3033 1493 3086 διὰ
1520 3032 1717 3096 παντὸς
1754 3031 1847 3083 τοῦ

1941 2209 2244 2265 deminutio
2290 2208 2629 2263 admittatur.
2667 2205 2784 2261 Non
2831 2207 2975 2260 enim
3023 2206 3078 2259 in
3130 2220 3284 2274 aqua:
3318 2212 3515 2259 natura

1943 2301 2068 2372 plus
2110 2301 2195 2355 vel
2246 2302 2428 2354 minus
2472 2300 2583 2355 dici
2632 2305 2848 2369 potest;
2900 2313 3024 2352 nam
3075 2298 3316 2367 quandiu
3363 2311 3516 2366 aeque

1945 2392 2143 2446 humor
2191 2400 2295 2457 est,
2351 2407 2506 2462 aqua:
2552 2406 2774 2461 quoque
2825 2389 3121 2459 appellatio
3184 2390 3241 2443 in
3284 2403 3349 2444 eo
3390 2403 3519 2443 vera

1945 2495 2065 2550 est;
2094 2485 2177 2539 sin
2210 2485 2263 2537 in
2297 2483 2629 2538 contrariam
2659 2482 2980 2552 qualitatem
3014 2488 3284 2546 vertatur,
3316 2495 3517 2535 nomen

1948 2576 2110 2632 simul
2145 2576 2265 2645 ejus
2287 2590 2511 2644 prorsus
2535 2574 2858 2629 mutabitur.
2894 2572 3029 2628 Item
3073 2573 3215 2628 aeris
3259 2572 3521 2627 mollities

1947 2676 2002 2723 et
2055 2668 2108 2722 in
2144 2669 2310 2722 altqu
2347 2668 2509 2723 elatio
2550 2682 2616 2721 ac
2645 2667 2857 2732 levitas,
2893 2680 3049 2738 atque
3094 2668 3150 2720 in
3189 2666 3404 2720 cunctis
3452 2666 3521 2718 il-

1949 2761 2057 2817 lius
2108 2761 2353 2831 partibus
2412 2761 2694 2826 cernitur;
2747 2765 2941 2815 contra
2996 2774 3129 2814 vero
3174 2757 3419 2813 densitas
3467 2762 3523 2812 et

1951 2852 2193 2921 gravitas
2223 2861 2277 2905 et
2306 2852 2360 2904 in
2396 2852 2643 2906 tellurem
2674 2851 2973 2913 devexitas,
3008 2851 3077 2905 ab
3109 2849 3254 2904 aeris
3281 2849 3525 2919 appella-

1952 2942 2099 2996 tione
2131 2942 2444 2997 abhorrent.
2490 2941 2582 2996 Sic
2624 2941 2807 2996 diviua
2841 2957 3062 3012 quoque
3096 2951 3313 3003 natura,
3344 2956 3524 3010 quan-

1954 3034 2047 3088 diu
2075 3042 2394 3090 constanter
2422 3049 2487 3089 ac
2528 3034 2781 3105 religiose
2828 3034 3068 3089 notionis
3116 3041 3526 3103 conceptusque

282 3126 412 3197 περὶ
434 3126 601 3195 αὐτὴν
621 3124 855 3190 εὐσεϐῶς
880 3124 1249 3194 θεωρουμένου
1272 3124 1535 3194 νοήματος
1565 3123 1626 3176 τὸ
1648 3122 1847 3175 τέλειον

1955 3126 2037 3181 sui
2059 3125 2446 3196 perfectionem
2464 3135 2667 3192 tuetur,
2696 3141 2885 3181 verum
2916 3125 3128 3181 obtinet
3150 3138 3348 3179 nomen
3371 3123 3528 3193 juxta

284 3213 416 3284 ἔχῃ,
455 3214 777 3286 ἐπαληθεύει
826 3215 925 3285 τὴν
975 3213 1340 3284 προσηγορίαν
1388 3215 1453 3284 τῇ
1501 3213 1594 3267 τοῦ
1646 3212 1848 3281 ἀγαθοῦ

284 3307 612 3378 τελειότητι·
643 3309 689 3360 εί
732 3306 787 3359 δέ
826 3306 1200 3377 ὑποσπασθείη
1238 3320 1292 3359 τι
1329 3306 1436 3360 τῶν
1472 3306 1850 3360 συντεινόντων

285 3403 365 3463 είς
396 3400 489 3452 τὸν
527 3399 627 3468 τῆς
659 3398 991 3469 τελειότητος
1027 3399 1205 3467 λόγον,
1229 3396 1489 3467 ψεύσεται
1534 3398 1651 3451 κατ’
1679 3398 1852 3449 ἐκεῖνο

282 3489 347 3543 τὸ
374 3488 537 3560 μέρος
563 3488 624 3541 τὸ
652 3490 747 3557 τῆς
785 3487 1033 3557 θεότητος
1068 3484 1257 3557 ὄνομα,
1287 3488 1380 3539 καὶ
1411 3487 1512 3539 οὐκ
1554 3484 1851 3555 ἐφαρμόσει

283 3578 364 3649 τῷ
393 3575 753 3645 ὑποκειμένῳ·
772 3572 885 3627 ἴσον
912 3576 1042 3645 γὰρ,
1069 3575 1102 3644 ἢ
1141 3576 1235 3627 καὶ
1265 3575 1462 3645 μᾶλλόν
1491 3576 1605 3627 ἐστι
1634 3575 1693 3627 τὸ
1725 3572 1853 3627 ἀδύ-

284 3684 465 3733 νατον,
494 3665 641 3738 ξηρῷ
662 3666 872 3736 σώματι
900 3668 995 3735 τὴν
1016 3666 1107 3719 τοῦ
1133 3665 1322 3729 ὓδατος
1343 3668 1655 3737 ἐπωνυμίαν
1677 3666 1851 3737 ἁρμό-

288 3776 400 3824 σαι,
435 3758 529 3812 καὶ
560 3756 671 3828 πῦρ
701 3754 1136 3827 προσαγορεῦσαι
1165 3754 1226 3807 τὸ
1266 3754 1673 3825 κατεψυγμένον
1701 3755 1758 3805 ἐν
1787 3756 1852 3824 τῇ

286 3851 564 3921 ποιότητι·
584 3848 750 3903 καὶτὸ
776 3848 997 3918 στερρὸν
1023 3847 1118 3900 καὶ
1142 3846 1455 3910 ἀντίτυπον,
1490 3846 1628 3918 ἀέρα
1657 3845 1850 3898 εἰπεῖν·

286 3944 385 3998 καὶ
442 3942 595 3995 Θεῖον
651 3940 936 4009 ὀνομάσαι,
992 3932 1035 4007 ᾧ
1068 3938 1141 4011 μὴ
1202 3936 1630 3991 συνυπακούεται
1679 3938 1713 4008 ἡ
1756 3938 1855 4009 τῆς

286 4032 622 4100 τελειότητος
657 4027 849 4081 ἔννοια.

362 4130 423 4176 ε’.
463 4122 525 4175 El
562 4117 655 4173 οὖν
693 4118 905 4189 ἀληθῶς
950 4120 1044 4171 καὶ
1078 4119 1139 4172 οὐ
1181 4118 1372 4190 μέχρις
1411 4119 1671 4190 ὀνόματος
1717 4120 1857 4173 θεῖον

288 4215 351 4268 τὸ
390 4213 613 4283 Πνεῦμα
651 4212 711 4264 τὸ
754 4210 905 4279 ἆγιον
938 4210 1041 4263 ὑπὸ
1076 4210 1176 4280 τῆς
1210 4208 1432 4281 Γραφῆς
1472 4211 1566 4263 καὶ
1603 4211 1707 4263 ὑπὸ
1751 4211 1857 4263 τῶν

291 4305 551 4375 Πατέρων
594 4302 747 4373 ἡμῶν
789 4303 1259 4373 προσηγόρευται,
1308 4300 1391 4363 τίς
1431 4300 1511 4353 ἐτι
1559 4301 1712 4369 λόγος
1743 4303 1859 4356 ἐστὶ

289 4399 402 4457 τοῖς
439 4392 810 4447 ἀντιστατοῦσι
849 4395 916 4463 τῇ
959 4393 1083 4463 δόξῃ
1123 4392 1217 4447 τοῦ
1259 4392 1604 4464 Πνεύματος;
1647 4393 1707 4445 Ei
1750 4392 1859 4464 γὰρ

1954 3217 2213 3273 bonitatis
2252 3232 2366 3273 suae
2410 3218 2831 3288 perfectionem:
2874 3218 2960 3271 sin
2998 3214 3141 3271 forte
3192 3214 3395 3285 aliquid
3430 3213 3528 3268 de-

1952 3308 2205 3363 trahatur
2228 3323 2437 3375 eorum,
2464 3323 2583 3381 qua:
2623 3310 2689 3363 ad
2718 3307 3111 3380 perfectionem
3146 3307 3325 3376 ipsius
3356 3305 3529 3375 perti-

1956 3408 2107 3466 nent,
2151 3399 2262 3469 jam
2298 3397 2435 3456 falsa
2462 3402 2585 3467 erit,
2622 3399 2767 3470 quod
2795 3398 2859 3452 ad
2901 3413 3020 3454 eam
3077 3405 3309 3468 partem,
3347 3395 3531 3466 appel—

1958 3493 2087 3546 latio
2112 3490 2350 3557 deitatis,
2385 3506 2562 3562 neque
2603 3491 2851 3561 subjecto
2892 3506 2994 3545 suo
3031 3498 3335 3560 congruet:
3378 3503 3533 3557 aeque

1956 3584 2121 3649 enim,
2153 3583 2237 3639 vel
2270 3584 2443 3655 magis
2471 3584 2635 3638 etiam
2664 3582 3013 3655 impossibile
3040 3589 3126 3638 est
3158 3580 3328 3636 Deum
3354 3578 3535 3634 nomi-

1958 3689 2090 3729 nare
2148 3674 2199 3728 id
2252 3676 2395 3745 quod
2450 3674 2801 3745 perfectionis
2854 3676 3007 3729 notio
3056 3689 3165 3729 non
3217 3674 3532 3739 comitetur,

1958 3778 2121 3833 quam
2153 3763 2308 3818 arido
2331 3766 2549 3834 corpori
2571 3779 2725 3835 aqua).
2752 3765 3174 3835 appellationem
3198 3765 3498 3819 attribuere
3516 3802 3531 3827 ,

1961 3861 2015 3909 et
2049 3854 2230 3925 ignem
2275 3854 2455 3909 dicere
2484 3854 2535 3909 id
2560 3856 2718 3924 oujus
2764 3855 3024 3925 frigescat
3053 3856 3327 3925 qualitas;
3357 3863 3406 3910 et
3443 3870 3535 3910 ae-

1960 3959 2073 4000 rem
2105 3945 2341 4016 denique
2371 3945 2613 4001 vocitare
2641 3961 2756 4001 rem
2786 3944 2977 3999 duram
3006 3961 3071 3999 ac
3098 3946 3462 4001 resistentem.

2032 4124 2085 4185 5.
2125 4128 2181 4184 Si
2207 4144 2338 4199 ergo
2384 4144 2511 4183 vere
2559 4137 2614 4183 et
2664 4143 2775 4183 non
2823 4128 3049 4183 nomine
3084 4137 3245 4184 tenus
3295 4128 3535 4199 Spiritus

1962 4231 2188 4279 sanctus
2212 4236 2241 4274 a
2277 4219 2557 4290 Scriptura
2582 4218 2946 4291 Patribusque
2974 4221 3185 4275 nostris
3221 4220 3363 4275 Deus
3394 4238 3538 4277 nun-

1962 4322 2216 4385 cupatur,
2256 4314 2385 4383 quid
2412 4314 2524 4382 jam
2560 4312 2742 4368 dicere
2771 4314 2974 4367 habent
2995 4312 3031 4367 ii
3065 4315 3158 4383 qui
3193 4314 3386 4369 honori
3414 4313 3536 4387 Spi-

1964 4407 2102 4457 ritus
2150 4402 2553 4458 adversantur?
2597 4403 2732 4455 Nam
2785 4402 2832 4457 si
2872 4400 3017 4457 Deus
3055 4412 3163 4467 est,
3209 4419 3440 4481 prorsus
3484 4414 3539 4461 et

293 4488 466 4550 Θεῖον,
496 4486 589 4540 καὶ
620 4485 820 4554 ἀγαθὸν
847 4484 1061 4548 πάντως
1092 4486 1185 4539 καὶ
1206 4486 1429 4540 δυνατὸν
1460 4486 1553 4541 καὶ
1588 4485 1750 4554 σοφὸν
1778 4485 1847 4539 ἔν-

1966 4496 2140 4549 bonus
2165 4502 2248 4549 est
2284 4502 2338 4549 et
2381 4503 2575 4564 potens
2604 4505 2657 4549 et
2695 4494 2938 4563 sapiens,
2975 4470 3230 4563 itemque.
3263 4496 3540 4564 gloriosus

292 4568 443 4646 δοξόν
473 4596 532 4631 τε
560 4579 653 4631 καὶ
680 4577 867 4639 ἀΐδιον,
902 4578 995 4630 καὶ
1029 4578 1202 4631 πάντα
1236 4578 1335 4631 ὃσα
1371 4578 1464 4631 τοῦ
1496 4577 1734 4631 τοιούτου
1769 4576 1864 4645 γέ-

293 4688 417 4734 νους
446 4672 593 4723 ἐστὶν
618 4669 855 4739 ὀνόματα
894 4670 1027 4740 πρὸς
1063 4671 1123 4723 τὸ
1155 4671 1568 4743 μεγαλοπρεπὲς
1606 4670 1705 4735 τάς
1736 4672 1867 4724 ὑπο-

294 4765 485 4835 λήψεις
529 4764 687 4835 ἡμῶν
733 4763 1043 4834 ἐπαίροντα.
1092 4763 1272 4817 Ταῦτα
1316 4765 1417 4817 οὐκ
1470 4766 1533 4818 ἐκ
1583 4764 1866 4836 μετουσίας

295 4853 441 4923 ἔχειν
465 4855 498 4925 ἡ
532 4853 771 4923 ἀπλότης
799 4852 893 4906 τοῦ
929 4853 1285 4923 ὑποκειμένου
1308 4854 1754 4926 διαμαρτύρεται,
1791 4855 1867 4919 ὡς

296 4946 426 5001 ἄλλο
461 4945 559 5016 μέν
589 4963 640 4999 τι
686 4948 750 5016 τῇ
791 4944 982 4998 ἐαυτοῦ
1023 4944 1180 5013 φύσει
1211 4946 1454 4998 ὑπονοεῖν
1481 4942 1641 5007 εἶναι.
1683 4947 1868 5018 ἕτερον

297 5037 351 5090 δέ
389 5054 442 5090 τι
469 5036 719 5105 γενέσθαι
744 5039 809 5107 τῇ
844 5036 1116 5108 παρουσίᾳ
1138 5035 1247 5089 τῶν
1273 5038 1593 5108 εἰρημένων·
1631 5039 1737 5094 ίδια
1761 5039 1866 5112 γὰρ

298 5128 472 5181 ταῦτα
513 5126 622 5180 τῶν
670 5126 919 5180 σύνθετον
957 5126 1245 5197 εἰληχότων
1278 5128 1375 5198 τὴν
1406 5127 1588 5197 φύσιν.
1638 5129 1868 5183 Ἀπλοῦν

303 5222 361 5274 δὲ
390 5220 453 5271 τὺ
493 5217 718 5287 Πνεῦμα
754 5218 815 5270 τὸ
852 5217 1006 5285 ἆγιον
1047 5218 1200 5289 παρά
1230 5218 1447 5272 πάντων
1505 5220 1701 5289 ἐπίσης
1744 5237 1867 5273 συν-

300 5312 670 5382 ωμολόγηται,
701 5314 794 5364 καὶ
812 5314 840 5365 ὁ
864 5312 1157 5381 ἀντιλέγων
1175 5310 1274 5364 οὐκ
1295 5310 1432 5365 ἐστι.
1454 5312 1515 5365 El
1542 5308 1634 5365 οὖν
1664 5313 1866 5377 ἁπλοῦς

301 5401 333 5454 ό
356 5401 456 5470 τῆς
484 5400 695 5469 φύσεως
718 5401 880 5453 αὑτοῦ
899 5401 1073 5469 λόγος,
1092 5401 1191 5455 οὐκ
1213 5401 1502 5472 ἐπίκτητον
1522 5402 1632 5473 ἐχει
1656 5401 1715 5454 τὸ
1733 5404 1868 5471 ἀγα-

305 5490 417 5553 θὸν,
443 5492 554 5544 ἀλλ’
591 5491 725 5547 αὐτὸ
756 5492 785 5545 ὃ
815 5492 867 5544 τί
899 5492 1032 5545 ποτέ
1056 5495 1192 5556 ἐστι,
1218 5492 1489 5564 ἀγαθότης
1515 5494 1652 5559 ἐστὶ,
1682 5494 1863 5563 σοφία,

302 5583 553 5652 δύναμις.
583 5583 870 5653 ἁγιασμὸς,
903 5584 1235 5655 δικαιοσύνη,
1277 5585 1533 5654 ἀῗδιότης,
1570 5585 1863 5657 ἀφθαρσία,

1967 4599 2032 4639 ac
2071 4586 2438 4654 sempiternus
2472 4593 2581 4653 est,
2612 4592 2665 4639 et
2694 4583 2962 4655 quidquid
3002 4583 3317 4653 hujusmodi
3351 4586 3540 4639 titulo—-

1968 4692 2086 4730 rum
2121 4684 2354 4730 mentem
2402 4685 2650 4729 nostram
2693 4674 2760 4728 ad
2807 4670 3268 4745 magnificentiam
3307 4676 3538 4731 extollit.

1970 4765 2139 4821 Porro
2185 4767 2300 4820 hazc
2346 4781 2690 4836 nequaquam
2738 4780 2805 4821 ex
2838 4764 3255 4835 participatione
3303 4766 3546 4833 quadam

1965 4874 2089 4913 eum
2124 4858 2345 4923 habere,
2399 4858 2728 4928 simplicitas
2758 4857 3004 4927 ejusdem
3050 4864 3436 4921 contestatur;
3476 4872 3548 4911 ne

1971 4950 2113 5005 forte
2146 4950 2294 5005 aliud
2328 4950 2588 5021 quiddam
2617 4950 2963 5005 existimetur
2993 4949 3114 5018 ejus
3145 4958 3363 5015 natura,
3396 4949 3544 5002 aliud

1970 5057 2099 5097 vero
2132 5044 2181 5097 ei
2220 5042 2469 5098 accidere
2500 5043 2575 5097 ob
2614 5043 2997 5112 praedictarum
3026 5041 3355 5109 qualitatum
3406 5056 3545 5111 pra:-

1972 5135 2224 5187 sentiam.
2256 5132 2353 5189 Est
2371 5135 2519 5189 enim
2556 5134 2608 5188 id
2636 5134 2913 5203 proprium
2946 5147 3133 5186 earum
3167 5145 3373 5195 rerum,
3425 5147 3551 5201 quae

1970 5223 2331 5294 compositam
2360 5231 2610 5278 naturam
2656 5223 2867 5276 sortitae
2902 5229 3049 5278 sunt.
3086 5220 3402 5290 Simplicem
3443 5236 3543 5275 au-

1972 5322 2078 5368 tem
2099 5329 2220 5369 esse
2249 5325 2496 5369 sanctum
2525 5309 2812 5382 Spiritum,
2844 5328 2952 5366 uno
2979 5311 3160 5366 cuncti
3184 5326 3301 5374 ore,
3328 5310 3553 5365 nemine

1973 5407 2403 5470 contradicente,
2434 5406 2691 5459 fatentur.
2729 5403 2784 5457 Si
2807 5418 2937 5473 ergo
2972 5403 3201 5472 simplex
3230 5410 3317 5458 est
3340 5410 3550 5456 natura:

1974 5500 2096 5569 ejus
2124 5500 2286 5563 ratio,
2342 5514 2451 5551 non
2504 5498 2669 5551 habet
2716 5496 3041 5566 acquisitam
3092 5496 3411 5558 bonitatem,
3451 5494 3551 5549 sed

1971 5593 2089 5661 ipse
2114 5592 2292 5661 qualis
2331 5599 2676 5661 quantusque
2708 5600 2813 5652 est,
2853 5589 3069 5645 bonitas
3109 5596 3213 5650 est,
3253 5587 3546 5657 sapientia,

308 5675 484 5731 πάντα
515 5674 582 5729 τά
621 5675 799 5747 ὑψηλὰ
831 5676 937 5731 τῶν
974 5677 1247 5747 ὀνομάτων
1280 5679 1371 5732 καὶ
1410 5679 1785 5750 ὑπεραίροντα·
1818 5697 1844 5733 τ

1984 5686 2243 5755 potentia,
2278 5682 2561 5750 sanctitas,
2614 5680 2841 5753 iustitia,
2893 5680 3320 5751 sempiternitas,
3355 5680 3541 5735 incor-
