4020 6516
525 259 663 318 £307

1804 259 1863 314 S.
1892 256 2216 313 GREGORII
2240 256 2529 312 NYSSENI

3632 255 3773 313 1508

526 375 879 446 raptibilitas,
929 372 1144 429 excelsa
1186 372 1370 428 omnia
1414 378 1469 427 et
1501 371 1965 443 supereminentia
1998 387 2099 426 no-

2206 367 2292 425 οὗν
2313 372 2538 435 τοιοῦτο,
2556 371 2621 425 ἐκ
2642 372 2799 435 ποίας
2812 372 3046 438 διανοίας
3063 373 3246 439 ἄδοξον
3263 368 3399 428 εἶναι
3424 376 3773 429 κατασκευάο

526 470 675 524 mina
708 466 1019 538 possidens.
1054 464 1238 519 Talem
1263 479 1393 535 ergo
1418 472 1760 533 tantumque,
1786 480 1893 534 qua
1922 472 2103 518 mente

527 559 846 629 conﬂngunt
879 572 989 611 non
1040 572 1161 611 esse
1197 556 1494 625 gloriosum
1546 555 1581 608 ii
1618 555 1709 625 qui
1744 554 1917 609 diram
1956 555 2101 608 blas-

529 649 900 719 phemantium
952 648 1007 702 in
1047 646 1314 717 Spiritum
1357 646 1766 701 damnationem
1820 662 1923 700 nou
1974 662 2100 715 per-

529 741 903 797 horrescunt?
950 738 1242 797 Manifeste
1297 740 1443 794 enim
1499 738 1606 793 hoc
1649 740 1938 801 aﬂirmant,
1991 754 2100 792 non

528 850 652 890 esse
688 838 835 888 hunc
862 831 1285 888 existimandum
1319 831 1490 902 gloria
1515 830 1758 902 dignum.
1783 827 1889 883 Sed
1916 830 2101 885 nescio

2206 466 2388 529 ζουσιν
2433 467 2481 517 οί
2519 464 2593 535 μὴ
2630 464 2950 536 φοϐούμενοι
2984 466 3046 519 τὸ
3082 466 3317 536 χαλεπὸν
3348 468 3446 538 τῆς
3491 467 3631 521 κατά
3676 467 3773 520 τοῦ

2205 539 2344 611 Πνεύ
2353 574 2518 628 ματος
2541 557 2885 627 βλασφημίας
2910 558 3248 629 κατάκριμας
3272 559 3462 626 Σαφῶς
3488 559 3596 633 γὰρ
3615 559 3775 611 τοῦτο

2205 649 2565 719 προτείνουσι,
2587 648 2648 701 τὸ
2673 648 2746 719 μὴ
2767 649 2874 702 δεῖν
2892 649 3024 702 αὐτὸ
3044 649 3295 715 δοξαστὸν
3318 646 3454 703 εἶναι
3474 649 3771 703 πιστεύειν·

2202 742 2302 795 οὐκ
2328 737 2444 795 οἴδα
2474 743 2535 794 τὸ
2566 745 2630 813 τῇ
2661 742 2818 811 φύσει
2852 742 3057 807 ἔνδοξον
3084 784 3098 807 ,
3130 745 3236 797 τίνι
3264 742 3507 813 λογισμῷ
3538 742 3615 813 μὴ
3641 744 3776 811 δμο-

2202 830 2377 900 λογεῖν
2400 832 2427 884 ὅ
2454 833 2587 897 ἐστι,
2618 832 2891 896 λυσιτελὲς
2919 829 3054 887 εἶναι
3088 835 3382 907 κρίνοντες.

530 940 700 994 certe,
732 947 838 1000 qua
865 931 1073 984 ratione
1098 929 1155 984 hi
1190 926 1314 983 freti
1353 928 1486 982 utile
1518 941 1627 981 non
1668 925 1934 997 judicent,
2004 940 2128 981 eum
2167 930 2257 997 qui
2289 938 2479 999 suapte
2532 938 2729 984 natura
2770 930 3044 1001 gloriosus
3091 941 3197 998 est,
3259 947 3358 1004 pro
3437 930 3635 986 merito
3668 942 3775 983 suo

529 1022 807 1077 conﬂteri.

600 1186 655 1240 (ἰ.
685 1185 870 1255 Neque
901 1183 1045 1237 enim
1084 1182 1300 1237 illorum
1334 1180 1637 1237 defensioni
1685 1179 1903 1246 suﬂicit,
1947 1182 2095 1253 quod

532 1280 663 1351 quia
695 1279 871 1348 ipsum
906 1274 1068 1331 tertio
1110 1275 1229 1329 loco
1272 1274 1535 1331 Dominus
1557 1274 1843 1345 discipulis
1891 1276 2097 1330 revela-

532 1370 690 1433 verit,
738 1367 945 1422 idcirco
977 1380 1007 1419 a
1039 1364 1237 1419 divina:
1286 1364 1567 1435 dignitatis
1614 1366 1836 1421 notione
1888 1367 2099 1421 alienus

532 1459 802 1514 videatur.
837 1456 1082 1526 (Etenim
1106 1460 1159 1512 in
1188 1457 1386 1525 quibus
1414 1458 1675 1513 bonitatis
1704 1459 1950 1528 operatio
1978 1458 2099 1511 nul-

534 1552 639 1604 lam
663 1550 1090 1605 deminutionem
1114 1557 1208 1603 aut
1226 1549 1595 1605 diversitatem
1620 1550 1805 1617 habet,
1828 1549 2101 1620 quomodo

533 1650 961 1697 consentaneum
988 1641 1184 1695 rationi
1217 1640 1380 1695 fuerit
1408 1641 1725 1698 existimare
1760 1642 1977 1697 numeri
2010 1655 2103 1695 or-

2273 1190 2346 1247 g'.
2378 1182 2510 1236 Ούδὲ
2528 1181 2636 1254 γάρ
2662 1182 2839 1235 ἐκεῖνο
2857 1178 3126 1253 αύταρκες
3147 1182 3225 1261 είς
3252 1182 3543 1250 ἀπολογίαν
3568 1184 3775 1249 αὐτῶν,

2202 1277 2285 1329 ὅτι
2314 1276 2499 1344 ἐπειδὴ
2531 1274 2674 1327 κατὰ
2709 1273 2810 1344 τὴν
2840 1273 2993 1339 τάξιν
3031 1273 3222 1342 τρίτην
3262 1272 3365 1325 ὑπὸ
3405 1274 3607 1344 Κυρίου
3658 1278 3777 1337 τοῖς

2208 1365 2470 1436 μαθηταῖς
2525 1362 2880 1433 παραδέδοται
2904 1401 2919 1425 ,
2965 1360 3051 1413 διὰ
3093 1360 3249 1412 τοῦτο
3287 1360 3387 1430 τῆς
3436 1360 3778 1430 θεοπρεποῦς

2207 1456 2409 1517 ἑννοίας
2455 1453 2889 1525 ἀπηλλοτρίωται
2932 1453 3029 1521 (l).
3071 1452 3089 1520 (
3107 1453 3219 1521 Ἐφ’
3248 1445 3322 1505 ὧν
3350 1453 3455 1522 γὰρ
3481 1454 3514 1522 ὴ
3553 1452 3693 1504 κατὰ
3714 1451 3780 1504 τὸ

2206 1548 2407 1617 ἀγαθὸν
2444 1548 2693 1617 ἐνέργεια
2720 1544 2971 1616 οὐδεμίαν
3004 1545 3294 1599 ἐλάττωσιν
3335 1546 3369 1615 ἢ
3418 1544 3779 1615 παραλλαγὴν

2208 1640 2339 1710 ἔχει,
2364 1640 2479 1702 πῶς
2505 1641 2651 1691 ἐστιν
2673 1637 2910 1706 εὔλογον,
2941 1638 3040 1707 τὴν
3066 1637 3206 1690 κατά
3232 1636 3321 1690 τὸν
3346 1636 3576 1707 ἀριθμὸν
3595 1637 3777 1701 τάξιν,

531 1734 717 1788 dinem
750 1748 873 1788 esse
901 1732 1163 1788 indicium
1193 1732 1573 1788 minorationis
1624 1732 1855 1802 alicujus
1888 1732 1972 1788 vel
2001 1731 2101 1787 dif-

2208 1729 2551 1793 ἐλαττώσεως
2594 1746 2770 1794 τινος,
2822 1730 2855 1801 ἢ
2894 1728 2994 1798 τῆς
3036 1729 3172 1782 κατά
3210 1728 3369 1799 φύσιν
3418 1728 3779 1799 παραλλαγῆς

536 1822 823 1879 ferentia}?
852 1820 1028 1877 Veluti
1054 1824 1099 1878 si
1134 1824 1259 1892 quis
1290 1823 1471 1879 tribus
1504 1825 1560 1877 in
1611 1823 1951 1894 lampadibus
1979 1823 2108 1878 sub-

534 1915 764 1968 divisam
786 1912 1058 1967 ﬂammam
1081 1930 1313 1970 cernens
1339 1914 1745 1986 [supponamus
1769 1926 1970 1978 autem,
2002 1924 2109 1971 ter-

536 2005 596 2057 tii
628 2002 850 2057 luminis
881 2018 1103 2057 causam
1135 2018 1255 2059 esse
1294 2004 1523 2073 primam
1547 2002 1842 2066 ﬂammam.
1872 2019 1993 2074 qua:
2014 2018 2108 2073 per

537 2092 768 2148 mediam
798 2093 1053 2161 inﬂuens,
1086 2094 1344 2148 accendat
1367 2092 1724 2164 extremam].
1763 2097 2105 2163 postmodum

534 2184 875 2238 existimaret
904 2184 1079 2253 prima
1116 2186 1171 2239 in
1209 2184 1427 2239 ﬂamma
1453 2184 1733 2241 abundare
1761 2187 2018 2249 calorem,
2051 2188 2107 2241 in

536 2276 779 2331 secunda
809 2292 941 2330 vero
980 2276 1322 2341 decrescere,
1363 2284 1526 2347 atque
1571 2279 1626 2332 in
1653 2278 1918 2333 minorem
1955 2293 2107 2333 com-

540 2368 738 2422 mutari
764 2385 779 2434 ;
811 2367 1044 2437 denique
1068 2367 1281 2421 tertiam
1310 2384 1378 2422 ne
1400 2368 1580 2438 ignem
1610 2368 1829 2438 quidem
1856 2369 1963 2437 iam
1986 2385 2107 2426 esse

539 2458 941 2529 appellandam,
964 2460 1177 2515 etiamsi
1202 2474 1356 2528 atque
1378 2458 1587 2520 ardeat.
1616 2461 1816 2520 luceat,
1840 2469 1893 2515 et
1911 2470 2108 2515 cuncta

539 2549 682 2619 ignis
711 2548 885 2604 oﬂicia
918 2550 1194 2619 praastet.)
1225 2548 1345 2603 Jam
1384 2550 1432 2606 si
1478 2550 1615 2604 nihil
1666 2550 1911 2620 impedit,
1966 2567 2106 2621 quo-

540 2643 723 2698 minus
744 2642 887 2713 ignis
913 2643 983 2698 sit
1014 2642 1173 2697 tertia
1196 2642 1425 2713 lampas,
1447 2645 1661 2698 etiamsi
1684 2659 1749 2698 ex
1775 2644 2108 2713 praecedente

538 2732 851 2788 incenditur
880 2733 1119 2800 ﬂamma,
1167 2750 1415 2804 quamam
1446 2736 1714 2805 sapientia
1755 2749 1839 2792 est
1868 2738 2105 2799 illorum.

538 2825 629 2891 qui
657 2826 775 2880 ideo
809 2825 985 2881 sancti
1016 2824 1254 2895 Spiritus
1282 2825 1598 2897 dignitatem
1628 2828 1792 2897 impie
1823 2828 2106 2883 delendam

539 2913 883 2980 existimant,
918 2915 1044 2984 quia
1079 2916 1125 2970 is
1153 2928 1276 2985 post
1304 2918 1518 2972 Patrem
1546 2926 1599 2973 et
1630 2918 1825 2973 Filium
1856 2936 1884 2973 a
1923 2920 2107 2975 divino

538 3006 762 3060 oraculo
786 3014 1104 3061 numeratus
1138 3006 1241 3061 fuit
1282 3008 1305 3061 ?
1359 3007 1502 3063 Sane
1530 3009 1575 3063 si
1597 3026 1703 3079 qua
1734 3010 1885 3065 deest
1915 3012 2107 3082 digna-

548 3114 666 3151 rum
695 3097 805 3152 Deo
835 3113 1018 3153 rerum
1056 3099 1111 3153 in
1154 3100 1493 3155 naturalibus
1525 3100 1761 3171 Spiritus
1803 3104 2102 3169 attributis,

550 3198 698 3241 recte
710 3186 830 3257 ejus
846 3186 1184 3256 majestatem
1205 3199 1495 3259 negarent;
1513 3190 1593 3243 sin
1612 3191 1991 3261 potiusmagna
2012 3208 2105 3245 un-

540 3278 706 3347 dique
737 3287 962 3346 apparet
986 3279 1162 3332 saucti
1191 3278 1431 3347 Spiritus
1460 3279 1822 3347 dignitas,cur
1845 3284 2105 3337 cavillan-

536 3377 628 3421 tur
656 3368 723 3421 de
778 3367 1083 3436 majestatis
1117 3368 1502 3424 conlessione?
1536 3369 1768 3427 Perinde
1815 3382 1902 3429 est
1942 3390 2007 3429 ac
2055 3376 2101 3429 si

535 3458 683 3527 quis.
719 3464 1004 3527 postquam
1032 3459 1267 3529 aliquem
1301 3475 1426 3515 esse
1459 3462 1731 3517 hominem
1756 3463 2101 3529 aﬂirmasset,

535 3549 765 3604 minime
801 3557 977 3602 tutum
1004 3548 1121 3604 fore
1148 3550 1422 3619 judicaret
1451 3550 1606 3606 fateri
1627 3554 1787 3608 simul
1811 3554 1954 3609 hunc
1983 3572 2108 3611 esse

538 3640 861 3694 rationalem
903 3648 1063 3710 atque
1094 3640 1403 3707 mortalem,
1440 3652 1495 3698 et
1523 3645 1787 3715 quidquid
1816 3647 1963 3701 aliud
2003 3648 2103 3702 ho-

537 3732 700 3787 minis
728 3732 1008 3801 prOprium
1037 3729 1277 3799 dicitur;
1338 3740 1500 3803 atque
1530 3736 1605 3789 ita
1644 3738 1788 3806 quod
1812 3738 1922 3807 jam
1968 3754 2096 3794 con~

534 3832 797 3889 cesserat,
848 3824 1027 3879 denuo
1056 3825 1418 3881 subverteret.
1462 3827 1597 3883 Nam
1654 3829 1761 3885 nisi
1817 3833 2105 3889 rationalis

606 3996 836 4074 (_l_)__Non
887 3997 1055 4051 semel
1102 3997 1236 4051 mihi
1282 4003 1509 4074 contigit
1556 4013 1617 4057 ut
1669 4014 2011 4074 repertorum
2052 4007 2106 4061 in

535 4068 1098 4141 codicibusoperuni,
1139 4084 1259 4141 qua).
1292 4068 1569 4140 deperdita
1608 4068 1836 4129 eatenus
1873 4078 2103 4141 luerant,

530 4138 1003 4192 continuationem
1037 4137 1499 4207 deprehenderem
1544 4145 1598 4196 in
1632 4144 1787 4199 libris
1820 4137 2103 4201 auctorum

533 4208 717 4269 editis.
753 4208 852 4287 qui
891 4222 956 4260 ea
1004 4208 1328 4287 olim_manu
1377 4210 1576 4278 scripta
1624 4214 1885 4283 legerant,
1916 4224 1991 4287 'e_t_
2008 4233 2104 4287 pro

540 4294 600 4331 re
630 4288 756 4331 nata
786 4278 1107 4347 citaverant.
1144 4276 1329 4347 Itaque
1377 4290 1432 4334 et
1467 4276 1610 4336 nunc
1640 4276 1837 4340 nactus
1865 4276 1919 4340 in
1949 4276 2103 4341 Vati-

534 4361 674 4399 cauo
738 4345 951 4418 codice;
981 4346 1126 4400 hunc
1174 4345 1402 4418 Nisseni
1450 4362 1636 4406 contra
1685 4352 2099 4412 Macedoniam:

545 4429 879 4495 sermonem,
929 4414 1067 4469 forte
1104 4414 1312 4495 postea
1337 4421 1583 4495 __l'ortuna
1632 4426 1860 4493 cognovi
1907 4436 2099 4495 quater

535 4486 729 4538 saltem
768 4486 822 4537 in
868 4485 1151 4553 impressis
1188 4490 1256 4543 ab
1289 4490 1486 4543 Allatio
1514 4485 2096 4551 neotericorum'Graz-

534 4569 726 4629 eorum
752 4554 971 4629 _libellis
1003 4557 1353 4625 appellatum,
1388 4576 1511 4613 cum
1555 4562 1798 4629 ejusdem
1830 4569 2097 4622 sermonis

2206 1821 2409 1875 οἴεσθαι
2432 1824 2657 1892 σημεῖον
2682 1814 2820 1872 εἶναι
2842 1834 2857 1883 ;
2886 1819 3094 1890 Ὥσπερ
3113 1819 3177 1897 ἀν
3203 1821 3257 1872 εί
3272 1836 3353 1882 τις
3376 1821 3433 1873 εν
3459 1819 3607 1891 τρισὶ⁸
3637 1818 3781 1888 λαμ-

2208 1912 2338 1966 πάσι
2366 1912 2699 1984 διῃρημένην
2740 1909 2949 1981 βλέπων
2984 1910 3083 1981 τὴν
3123 1909 3295 1978 φλόγα
3326 1908 3434 1978 (2),
3474 1907 3691 1978 [αἰτίαν
3719 1908 3781 1960 δὲ

2205 2002 2299 2057 τοῦ
2324 2003 2505 2073 τρίτου
2529 2002 2705 2072 φωτὸς
2726 1999 3049 2070 ὑποθώμεθα
3076 1994 3329 2069 εἶναιτὴν
3354 1998 3572 2070 πρώτην
3600 1998 3780 2067 φλόγα

2207 2098 2271 2149 ὲκ
2298 2094 2579 2156 διαδόσεως
2616 2092 2703 2145 διὰ
2730 2090 2823 2144 τοῦ
2864 2093 3030 2162 μέσου
3061 2093 3136 2161 (5)
3168 2092 3228 2143 τὸ
3254 2091 3419 2162 ἀκρον
3450 2090 3776 2163 timidum]

2206 2187 2397 2240 ἔπειτα
2436 2183 2830 2248 κατασκευάζοι
2864 2183 3176 2247 πλεονάζειν
3206 2184 3262 2235 ὲν
3286 2185 3352 2254 τῇ
3388 2182 3575 2254 πρώτῃ
3616 2183 3782 2251 φλογὶ

2205 2276 2304 2346 τὴν
2341 2274 2671 2346 θερμασίαν,
2704 2276 2769 2344 τῇ
2806 2274 2879 2345 (ι)
2913 2273 2971 2326 δὲ
3016 2274 3211 2344 ἐφεξῆς
3245 2272 3638 2343 ὑποδεδηκέναι
3682 2273 3785 2327 καὶ

2207 2366 2341 2437 πρὸς
2362 2365 2423 2417 τὸ
2453 2364 2670 2418 ἔλαττον
2701 2363 2843 2433 ἔχειν
2880 2362 2978 2433 τὴν
3014 2362 3366 2434 παραλλαγήν
3389 2380 3403 2393 ·
3436 2365 3533 2434 τὴν
3570 2364 3633 2416 δὲ
3660 2364 3787 2433 τρί-

2206 2474 2304 2525 την
2347 2456 2481 2527 μηδὲ
2524 2457 2635 2527 πῦρ
2678 2455 2761 2509 ἔτι
2800 2455 3049 2524 λέγεσθαι
3092 2456 3191 2526 (5),
3237 2456 3339 2509 κᾶν
3382 2456 3784 2527 παραπλησίως

2209 2551 2335 2620 καίῃ
2374 2551 2467 2603 καὶ
2496 2550 2660 2620 φαίνῃ
2694 2551 2789 2604 καὶ
2816 2551 2992 2605 πάντα
3018 2549 3086 2603 τὰ
3110 2549 3203 2602 τοῦ
3233 2550 3401 2619 πυρὸς
3430 2549 3785 2619 κατεργάζη-

2206 2658 2295 2694 ται
2327 2639 2460 2712 [6.])
2506 2641 2570 2693 Ei
2614 2640 2669 2693 δὲ
2698 2639 2897 2694 κωλύει
2944 2641 3093 2694 οὐδὲν
3130 2639 3241 2710 πῦρ
3289 2637 3424 2693 εἶναι
3459 2640 3556 2710 τὴν
3585 2640 3784 2711 τρίτην

2207 2734 2482 2803 λαμπάδα,
2511 2732 2614 2785 κᾶν
2636 2735 2701 2786 ἐκ
2730 2733 3099 2804 προλαϐούσης
3126 2732 3416 2805 ἀναλάμψει
3441 2734 3659 2801 φλογὸς,
3694 2734 3782 2795 τίς

2208 2828 2240 2896 ὴ
2290 2826 2451 2895 σοφία
2494 2826 2600 2878 τῶν
2642 2825 2733 2879 διά
2776 2824 2947 2878 ταῦτα
2987 2825 3084 2894 τὴν
3126 2824 3219 2877 τοῦ
3258 2824 3413 2893 ἁγίου
3459 2823 3782 2893 Πνεύματος

2208 2916 2363 2982 ἀξίαν
2408 2916 2617 2970 ἀθετεῖν
2663 2916 2873 2980 ἀσεϐῶς
2913 2915 3271 2986 νομιζόντων,
3306 2914 3599 2985 ἐπειδήπερ
3635 2914 3780 2984 μετά

2210 3008 2429 3077 Πατέρα
2450 3008 2543 3061 καὶ
2562 3007 2689 3060 Υἱδν
2722 3006 2996 3078 ἠριθμήθη
3017 3006 3169 3077 παρὰ
3185 3007 3285 3077 τῆς
3304 3006 3450 3069 Θείας
3472 3005 3653 3074 φωνῆς
3676 3023 3691 3071 ;
3715 3006 3779 3058 Ei

2213 3100 2309 3169 μὲν
2338 3100 2444 3171 γὰρ
2483 3099 2657 3151 λείπει
2688 3116 2740 3151 τι
2773 3100 2878 3151 τῶν
2915 3097 3230 3169 θεοπρεπῶν
3257 3098 3539 3167 νοημάτων
3578 3100 3636 3149 ὲν
3662 3100 3779 3160 τοῖς

2208 3187 2689 3258 ὲπιθεωρουμένοις
2718 3192 2785 3259 τῇ
2817 3187 2974 3257 φύσει
2998 3188 3089 3242 τοῦ
3118 3188 3447 3257 Πνεύματος,
3476 3187 3655 3250 καλῶς
3680 3189 3780 3240 αὺ-

2208 3280 2286 3350 τῷ
2324 3281 2799 3352 προσμαρτυροῦσι
2836 3282 2898 3334 τὸ
2934 3281 3148 3345 ἄδοξον·
3176 3282 3223 3333 εί
3253 3280 3309 3333 δὲ
3351 3279 3440 3332 διά
3474 3278 3693 3332 πάντων
3718 3278 3777 3330 τὸ

2213 3376 2495 3444 μεγαλεῖον
2518 3376 2618 3444 τῆς
2655 3374 2748 3428 τοῦ
2784 3376 2935 3443 ἁγίου
2975 3375 3286 3444 Πνεύματος
3310 3373 3464 3437 ἀξίας
3496 3375 3777 3426 κατανοεῖ-

2208 3483 2317 3529 ται,
2348 3466 2399 3517 τί
2430 3467 2809 3539 μικρολογοῦσι
2852 3468 2977 3537 περὶ
3000 3468 3099 3538 τὴν
3126 3465 3411 3536 ὁμολογίαν
3448 3465 3547 3533 τῆς
3575 3464 3770 3533 δόξηςς

2214 3559 2423 3630 Ὥσπερ
2454 3560 2518 3613 ἂν
2546 3559 2706 3624 εἴτις
2728 3560 3008 3629 ἄνθρωπον
3037 3560 3157 3612 τινὰ
3184 3558 3353 3626 λέγων
3380 3552 3539 3618 εἷναι,
3576 3556 3772 3625 μηκέτι

2209 3651 2446 3719 ἀσφαλὲς
2479 3653 2661 3722 ἡγοῖτο
2702 3652 3073 3721 συνομολογεῖν
3119 3650 3211 3703 ἐπὶ
3245 3648 3433 3702 τούτου
3469 3648 3530 3700 τὸ
3559 3648 3772 3715 λογικὸν

2208 3743 2241 3812 ἢ
2281 3741 2471 3812 θνητὸν
2509 3743 2542 3812 ἢ
2588 3744 2639 3795 ετ
2672 3761 2722 3796 τι
2761 3743 2887 3796 ἄλλο
2917 3746 3043 3814 περὶ
3078 3742 3168 3796 τὸν
3196 3741 3476 3813 ἄνθρωπον
3518 3740 3770 3807 λέγεται,

2211 3834 2303 3886 καὶ
2328 3832 2416 3886 διά
2455 3833 2609 3887 τοῦτο
2638 3834 2928 3905 ἀνατρέποι
2957 3835 3117 3887 πάλιν
3150 3834 3179 3891 ὂ
3214 3834 3429 3887 ἔδωκεν.
3464 3832 3528 3885 Ei
3568 3833 3677 3902 γάρ
3710 3832 3772 3885 οὐ

2210 4027 2299 4086 τος
2334 4011 2475 4063 κατά
2502 4012 2919 4086 Μακεδονιανῶν
2945 4014 3085 4085 λόγῳ
3114 4024 3218 4071 etc.
3252 4016 3470 4086 Tertius
3498 4016 3768 4086 Georgius

2209 4080 2606 4155 Tr_apezu_r_t_ti_us
2634 4084 2701 4155 de
2730 4084 2921 4155 eodem
2970 4080 3288 4155 argumento
3334 4089 3386 4141 in
3421 4084 3591 4140 Gra'c.
3623 4080 3764 4143 orth.

2208 4149 2321 4225 i._l,
2358 4167 2411 4220 p.
2453 4152 2554 4206 550
2584 4170 2615 4225 :A
2633 4153 2692 4205 '0
2729 4154 2950 4222 Νύσσης
2989 4149 3057 4207 ἐν
3072 4155 3148 4225 τῷ
3178 4157 3317 4209 κατά
3352 4156 3766 4211 Μακεδονιανῶν

2207 4219 2372 4295 ὶργῳ,
2414 4230 2527 4295 _e_t_c.
2582 4221 2825 4295 Quartus
2870 4219 3252 4295 deniquevipse
3300 4226 3407 4280 Leo
3436 4228 3665 4282 Allatius
3706 4232 3762 4282 in

2204 4289 2528 4368 Euclu'rjdia
2547 4306 2646 4347 suo
2682 4293 2746 4368 de
2797 4289 3033 4368 Spiritus
3075 4296 3134 4350 S.
3159 4289 3171 4295 ’
3191 4313 3333 4364 proc.
3363 4338 3379 4361 ,
3411 4313 3461 4367 p.
3494 4297 3618 4363 105,
3668 4301 3763 4368 qui

2204 4360 2566 4437 praecedentia
2590 4360 2923 4437 _testimonia
2965 4368 3081 4421 sine
3108 4360 3276 4422 dubio
3307 4360 3615 4437 exscripsit,
3653 4360 3761 4423 non

2204 4438 2382 4511 autem
2437 4431 2555 4511 ipso
2588 4432 2817 4511 Nysseui
2867 4452 2933 4511 es
2981 4454 3230 4511 sermone
3282 4431 3505 4507 hausit;-
3559 4439 3763 4508 alioqui

2210 4501 2295 4552 vir
2323 4500 3024 4578 eruditissimus(notitiam
3062 4509 3221 4562 nobis
3268 4519 3321 4563 et
3358 4500 3542 4563 inediti
3578 4500 3765 4578 opei‘is

2202 4578 2257 4624 et
2272 4570 2487 4647 _codicis
2521 4571 2766 4647 Vaticani
2802 4591 2908 4629 non
2947 4578 3263 4644 invidisset;
3290 4581 3380 4647 qui
3414 4588 3563 4634 certe
3583 4570 3763 4635 codex

444 4631 465 4657 ⁸
855 4624 1249 4715 ψξεξῂςξιῇιξιψξὶξ
1276 4629 1484 4715 cadem
1535 4624 1677 4713 apud
1722 4651 1932 4715 omnes,
1979 4651 2093 4715 per-
2131 4628 2175 4683 D
2204 4641 2288 4694 vel
2334 4624 3763 4715 eju’s‘chﬂ'sWhéii,"{Si{cﬁ'ﬁbi'ewnBii'EJdiES

535 4693 786 4771 spicuum
810 4695 1245 4771 est_puster_iores
1272 4708 1522 4771 auctores
1544 4693 1585 4753 a'
1602 4705 1876 4771 prioribus
1899 4693 2101 4760 exscri-

533 4763 731 4831 psisse,
784 4770 841 4816 ut
886 4762 1171 4838 Byzantini
1213 4766 1469 4838 factitare
1504 4762 1704 4838 passim
1750 4778 1945 4829 solent.
1976 4777 2098 4830 Pri-

535 4847 658 4912 mus
702 4848 852 4912 ergo,
897 4836 992 4912 qui
1023 4836 1176 4912 hunc
1212 4834 1445 4905 Nysseui
1496 4834 1695 4905 locum,
1736 4860 1765 4896 a
1799 4847 1957 4900 nobis
1993 4864 2097 4901 un-

534 4902 804 4983 c_i.uncul_i_s
861 4902 1390 4983 circumscriptum,_
1443 4902 1701 4983 protulit,
1762 4914 2095 4983 Ni'cephorus

534 4971 860 5045 Blemmides
908 4983 1027 5045 est,
1060 4990 1157 5028 xm
1185 4971 1391 5030 'saaculi
1443 4971 1623 5045 homo,
1661 4971 1716 5036 in
1756 4971 1995 5040 secunda
2025 4987 2095 5042 de

538 5042 887 5123 processigne
939 5043 1173 5123 Spiritus
1194 5047 1384 5123 sancti
1418 5042 1894 5123 pratioiie,rapud
1948 5058 2094 5110 Alla-

535 5111 670 5188 tiu_m
704 5110 756 5162 in
785 5110 994 5188 Grarcia
1018 5114 1311 5188 ονιξιοάραα
1337 5126 1383 5188 _t.
1416 5116 1457 5181 Ι,
1491 5135 1539 5188 ρ.
1572 5119 1638 5175 56
1669 5110 1700 5174 ε’
1725 5110 1918 5177 ⁹Ο’τῶν
1948 5126 2095 5179 Nuc-

535 5180 855 5260 aaéawjrapi
879 5183 979 5260 τού
1021 5185 1176 5252 ἁγίου
1209 5180 1523 5260 ῌνεύματος
1567 5188 1943 5260 διαλαμόάνων
1962 5235 1977 5257 .
2000 5197 2095 5249 καὶ

533 5248 672 5335 κτατά
717 5248 1043 5335 Μακεδονίου
1071 5248 1405 5335 φερόμενος,
1430 5248 1570 5335 οὕτω
1605 5248 1852 5315 διατυποῖ

534 5318 665 5399 λ’ἰοξ)
700 5320 949 5399 γέννησιν
972 5364 985 5384 ,
1003 5318 1114 5399 μκαῖ
1139 5318 1242 5399 τῂν
1266 5318 1375 5399 τοῦς
1398 5328 1707 5399 Πνεύματος
1746 5318 1996 5399 πρόοδον·
2026 5318 2095 5377 σέ-

530 5381 941 5472 ὲφ¹ὦνἠ“κατά
967 5381 1028 5447 τὸ
1057 5381 1258 5472 ἀγα-οὗν
1276 5381 1975 5472 ,ἐνέργεια
2001 5410 2096 5459 καὶ

532 5459 709 5538 πάντα
735 5459 802 5512 τὰ
820 5461 923 5538 ,τοῦ
953 5459 1137 5538 πυρδς-
1158 5459 1476 5538 ἐργάζηται.
1506 5459 1940 5528 δεουιίᾱυέιιοὴ.
1968 5474 2098 5531 Vec-

531 5532 716 5608 (ψέξῃ
746 5532 1041 5608 epigraphe
1064 5532 1406 5608 ldeSpiritu
1435 5550 1648 5608 sancto,
1676 5544 1798 5598 eod.
1828 5545 1945 5599 Vat.
1969 5548 2093 5607 606,

530 5598 739 5683 μειβ.
778 5598 1440 5683 ειίεειῑυιιλιιιιιξσεωσ.
1487 5598 1711 5683 ari/agi.
1763 5612 1827 5676 ιι,
1864 5630 1913 5683 ρ.
1944 5598 2089 5671 55ϊέ

556 5670 598 5720 υ
628 5668 847 5740 Νύσσης
876 5672 915 5723 Γ
922 5668 1173 5743 ρηγόριος
1207 5674 1264 5729 ὲν
1287 5674 1365 5745 τῷ
1391 5681 1516 5749 περὶ
1547 5682 1638 5735 τοῦ
1669 5668 1825 5751 ἁγίου
1854 5668 2096 5755 Ῐινεύμαλ

2204 4724 2315 4763 rem
2355 4714 2671 4777 occultavit,
2715 4714 2807 4770 vel
2836 4720 3074 4772 nondum
3124 4718 3377 4779 fortasse,
3409 4720 3622 4775 vivente
3664 4723 3766 4772 Al-

2204 4780 2353 4851 l_atio,
2408 4782 2461 4835 in
2506 4785 2842 4851 pontificiam
2890 4788 3271 4841 bibliothecam
3329 4788 3504 4843 fuerat
3554 4792 3759 4844 illatus.

2203 4848 2398 4972 Ealdem
2440 4848 2553 4908 fere
2581 4856 2648 4910 de
2676 4856 2783 4911 alio
2811 4854 3043 4927 Nysseni
3079 4859 3382 4927 fragmento
3416 4871 3601 4930 postea
3636 4876 3765 4913 nar-

2203 4935 2255 4972 ra
2287 4937 2414 4972 υνυς
2442 4938 2582 4972 Slllll.

2197 4935 2414 4974 raturus
2442 4938 2582 4977 sum.

2268 4989 2346 5066 (ἓ)
2376 4994 2460 5066 A_l.
2497 4993 2720 5066 πρώτην
2746 4995 2937 5064 φλόγα.

2269 5060 2346 5130 (5)
2388 5062 2465 5139 En
2503 5060 2906 5139 processionem
2956 5067 3175 5139 ai’atre
3220 5086 3316 5139 per
3343 5069 3572 5137 Filium;
3600 5070 3760 5138 cujus

2199 5144 2365 5210 causa
2399 5131 2535 5210 hanc
2565 5138 2949 5210 auctoritatem
2970 5137 3199 5210 Nysseui
3220 5131 3483 5195 'auctores
3513 5131 3757 5210 praedicti

2200 5204 2451 5281 reeitant.
2498 5204 2638 5258 Sane
2667 5206 2799 5259 nihil
2833 5204 3137 5281 evidentius
3168 5210 3271 5264 hoc
3312 5204 3563 5281 exemplo
3592 5212 3760 5264 trium

2202 5270 2547 5390 lqcernarum
2602 5285 2687 5329 est
2739 5292 2837 5344 pro
2882 5277 3132 5347 dogmate
3173 5282 3241 5336 de
3290 5270 3638 5351 processione
3686 5286 3760 5334 ab

2202 5354 2232 5390 ll
2265 5355 2447 5390 roaue.

2199 5354 2447 5409 utroque.

2383 5412 2766 5536 illinznkriani
2801 5485 2944 5553 apud
2977 5487 3353 5545 Luculentium
3386 5508 3415 5545 a
3451 5495 3612 5549 nobis
3638 5492 3755 5547 edi-

2200 5552 2559 5629 tnum.dicunt
2619 5552 2851 5608 Patrem’
2893 5560 3167 5629 majorem,
3228 5560 3427 5616 Filium
3479 5569 3753 5629 utmorem,

2202 5619 2461 5693 Spiritum
2496 5633 2736 5677 sanctum
2771 5619 3133 5693 permitterem.

2271 5691 2346 5759 (6)
2378 5692 2466 5750 Al.
2499 5691 2813 5767 ἐργάζηται.
