  <div class='ocr_page' id='page_1' title='image "/cluster/home/n/w/nwhite01/storage/ocr_20150623/45/hvd.32044019826437/658.png"; bbox 0 0 4020 6494; ppageno 0'>
   <div class='ocr_carea' id='block_1_1' title="bbox 269 302 407 357">
    <p class='ocr_par' dir='ltr' id='par_1_1' title="bbox 269 302 407 357">
     <span class='ocr_line' id='line_1_1' title="bbox 269 302 407 357; baseline 0 0"><span class='ocrx_word' id='word_1_1' title='bbox 269 302 407 357; x_wconf 68' lang='grc' dir='ltr'>Ιδυθ</span> 
     </span>
    </p>
   </div>
   <div class='ocr_carea' id='block_1_2' title="bbox 1381 296 2325 355">
    <p class='ocr_par' dir='ltr' id='par_1_2' title="bbox 1381 296 2325 355">
     <span class='ocr_line' id='line_1_2' title="bbox 1381 296 2325 355; baseline -0.003 0"><span class='ocrx_word' id='word_1_2' title='bbox 1381 297 1746 355; x_wconf 75' lang='lat' dir='ltr'><strong>ADVERSUS</strong></span> <span class='ocrx_word' id='word_1_3' title='bbox 1782 296 2325 354; x_wconf 74' lang='lat' dir='ltr'><strong>MACEDONIANOS.</strong></span> 
     </span>
    </p>
   </div>
   <div class='ocr_carea' id='block_1_3' title="bbox 3380 298 3517 356">
    <p class='ocr_par' dir='ltr' id='par_1_3' title="bbox 3380 298 3517 356">
     <span class='ocr_line' id='line_1_3' title="bbox 3380 298 3517 356; baseline 0.015 -3"><span class='ocrx_word' id='word_1_4' title='bbox 3380 298 3517 356; x_wconf 69' lang='grc' dir='ltr'>ιεεθ</span> 
     </span>
    </p>
   </div>
   <div class='ocr_carea' id='block_1_4' title="bbox 264 406 1842 492">
    <p class='ocr_par' dir='ltr' id='par_1_4' title="bbox 264 406 1842 492">
     <span class='ocr_line' id='line_1_4' title="bbox 264 406 1842 492; baseline -0.001 -19"><span class='ocrx_word' id='word_1_5' title='bbox 264 422 505 489; x_wconf 77' lang='grc' dir='ltr'>λογικὸς,</span> <span class='ocrx_word' id='word_1_6' title='bbox 531 420 650 473; x_wconf 81' lang='grc' dir='ltr'>οὑδὲ</span> <span class='ocrx_word' id='word_1_7' title='bbox 684 406 985 492; x_wconf 79' lang='grc' dir='ltr'>ἄνθρωπος.</span> <span class='ocrx_word' id='word_1_8' title='bbox 1018 420 1081 474; x_wconf 68' lang='lat' dir='ltr'><strong>Et</strong></span> <span class='ocrx_word' id='word_1_9' title='bbox 1113 418 1170 473; x_wconf 82' lang='grc' dir='ltr'>δὲ</span> <span class='ocrx_word' id='word_1_10' title='bbox 1197 418 1355 473; x_wconf 82' lang='grc' dir='ltr'>τοῦτο</span> <span class='ocrx_word' id='word_1_11' title='bbox 1383 418 1612 484; x_wconf 83' lang='grc' dir='ltr'>δέδοται,</span> <span class='ocrx_word' id='word_1_12' title='bbox 1643 418 1760 481; x_wconf 85' lang='grc' dir='ltr'>πῶς</span> <span class='ocrx_word' id='word_1_13' title='bbox 1783 418 1842 471; x_wconf 84' lang='grc' dir='ltr'><strong>τὸ</strong></span> 
     </span>
    </p>
   </div>
   <div class='ocr_carea' id='block_1_5' title="bbox 1943 406 3520 492">
    <p class='ocr_par' dir='ltr' id='par_1_5' title="bbox 1945 412 3520 485">
     <span class='ocr_line' id='line_1_5' title="bbox 1945 412 3520 485; baseline -0.001 -13"><span class='ocrx_word' id='word_1_14' title='bbox 1945 426 2048 479; x_wconf 91' lang='lat' dir='ltr'><strong>est,</strong></span> <span class='ocrx_word' id='word_1_15' title='bbox 2081 432 2150 470; x_wconf 88' lang='lat' dir='ltr'><strong>ne</strong></span> <span class='ocrx_word' id='word_1_16' title='bbox 2178 416 2341 469; x_wconf 88' lang='lat' dir='ltr'><strong>homo</strong></span> <span class='ocrx_word' id='word_1_17' title='bbox 2366 412 2585 484; x_wconf 84' lang='lat' dir='ltr'><strong>quidem</strong></span> <span class='ocrx_word' id='word_1_18' title='bbox 2614 428 2843 485; x_wconf 80' lang='lat' dir='ltr'><strong>prorsus</strong></span> <span class='ocrx_word' id='word_1_19' title='bbox 2900 424 3005 471; x_wconf 88' lang='lat' dir='ltr'><strong>est.</strong></span> <span class='ocrx_word' id='word_1_20' title='bbox 3063 414 3220 481; x_wconf 84' lang='lat' dir='ltr'><strong>Quod</strong></span> <span class='ocrx_word' id='word_1_21' title='bbox 3254 416 3300 472; x_wconf 89' lang='lat' dir='ltr'><strong>si</strong></span> <span class='ocrx_word' id='word_1_22' title='bbox 3342 416 3520 472; x_wconf 83' lang='lat' dir='ltr'><strong>homi-</strong></span> 
     </span>
    </p>
   </div>
   <div class='ocr_carea' id='block_1_6' title="bbox 269 507 1839 584">
    <p class='ocr_par' dir='ltr' id='par_1_6' title="bbox 269 507 1839 584">
     <span class='ocr_line' id='line_1_6' title="bbox 269 507 1839 584; baseline -0.003 -19"><span class='ocrx_word' id='word_1_23' title='bbox 269 512 613 583; x_wconf 75' lang='grc' dir='ltr'><strong>συνημμένον</strong></span> <span class='ocrx_word' id='word_1_24' title='bbox 642 513 776 583; x_wconf 82' lang='grc' dir='ltr'>μετὰ</span> <span class='ocrx_word' id='word_1_25' title='bbox 820 512 913 566; x_wconf 82' lang='grc' dir='ltr'>τοῦ</span> <span class='ocrx_word' id='word_1_26' title='bbox 940 512 1225 584; x_wconf 86' lang='grc' dir='ltr'>ἀνθρώπου</span> <span class='ocrx_word' id='word_1_27' title='bbox 1260 510 1543 579; x_wconf 84' lang='grc' dir='ltr'><strong>νοούμενον</strong></span> <span class='ocrx_word' id='word_1_28' title='bbox 1568 507 1839 578; x_wconf 85' lang='grc' dir='ltr'>ἀμφιϐάλ-</span> 
     </span>
    </p>
   </div>
   <div class='ocr_carea' id='block_1_7' title="bbox 265 599 1840 674">
    <p class='ocr_par' dir='ltr' id='par_1_7' title="bbox 265 599 1840 674">
     <span class='ocr_line' id='line_1_7' title="bbox 265 599 1840 674; baseline -0.002 -20"><span class='ocrx_word' id='word_1_29' title='bbox 265 603 452 669; x_wconf 89' lang='grc' dir='ltr'>λεται;</span> <span class='ocrx_word' id='word_1_30' title='bbox 488 602 642 656; x_wconf 85' lang='grc' dir='ltr'>Οὑτω</span> <span class='ocrx_word' id='word_1_31' title='bbox 670 604 847 657; x_wconf 80' lang='grc' dir='ltr'>τοίνυν</span> <span class='ocrx_word' id='word_1_32' title='bbox 881 606 929 656; x_wconf 85' lang='grc' dir='ltr'>εἰ</span> <span class='ocrx_word' id='word_1_33' title='bbox 962 602 1213 674; x_wconf 79' lang='grc' dir='ltr'><strong>ἀληθεύει</strong></span> <span class='ocrx_word' id='word_1_34' title='bbox 1252 602 1379 673; x_wconf 56' lang='grc' dir='ltr'><strong>περὶ⁸</strong></span> <span class='ocrx_word' id='word_1_35' title='bbox 1406 599 1499 653; x_wconf 81' lang='grc' dir='ltr'>τοῦ</span> <span class='ocrx_word' id='word_1_36' title='bbox 1529 600 1840 670; x_wconf 87' lang='grc' dir='ltr'>Πνεύματος</span> 
     </span>
    </p>
   </div>
   <div class='ocr_carea' id='block_1_8' title="bbox 264 688 1842 762">
    <p class='ocr_par' dir='ltr' id='par_1_8' title="bbox 264 688 1842 762">
     <span class='ocr_line' id='line_1_8' title="bbox 264 688 1842 762; baseline -0.003 -17"><span class='ocrx_word' id='word_1_37' title='bbox 264 695 293 745; x_wconf 84' lang='grc' dir='ltr'><strong>ὁ</strong></span> <span class='ocrx_word' id='word_1_38' title='bbox 330 692 482 745; x_wconf 87' lang='grc' dir='ltr'>Θεῖον</span> <span class='ocrx_word' id='word_1_39' title='bbox 515 692 707 761; x_wconf 81' lang='grc' dir='ltr'>λέγων,</span> <span class='ocrx_word' id='word_1_40' title='bbox 748 693 866 746; x_wconf 85' lang='grc' dir='ltr'><strong>οὑδέ</strong></span> <span class='ocrx_word' id='word_1_41' title='bbox 895 695 922 746; x_wconf 87' lang='grc' dir='ltr'>ὀ</span> <span class='ocrx_word' id='word_1_42' title='bbox 964 692 1140 762; x_wconf 89' lang='grc' dir='ltr'>τίμιόν</span> <span class='ocrx_word' id='word_1_43' title='bbox 1180 708 1238 744; x_wconf 88' lang='grc' dir='ltr'><strong>τε</strong></span> <span class='ocrx_word' id='word_1_44' title='bbox 1269 692 1361 745; x_wconf 78' lang='grc' dir='ltr'>καὶ</span> <span class='ocrx_word' id='word_1_45' title='bbox 1400 690 1605 757; x_wconf 77' lang='grc' dir='ltr'>ἔνδοξον</span> <span class='ocrx_word' id='word_1_46' title='bbox 1640 688 1842 757; x_wconf 86' lang='grc' dir='ltr'>ἀγαθόν</span> 
     </span>
    </p>
   </div>
   <div class='ocr_carea' id='block_1_9' title="bbox 262 780 1837 859">
    <p class='ocr_par' dir='ltr' id='par_1_9' title="bbox 262 780 1837 859">
     <span class='ocr_line' id='line_1_9' title="bbox 262 780 1837 859; baseline -0.002 -22"><span class='ocrx_word' id='word_1_47' title='bbox 262 802 327 859; x_wconf 80' lang='grc' dir='ltr'><strong>τε</strong></span> <span class='ocrx_word' id='word_1_48' title='bbox 378 785 472 837; x_wconf 76' lang='grc' dir='ltr'><strong>καὶ</strong></span> <span class='ocrx_word' id='word_1_49' title='bbox 515 784 736 838; x_wconf 84' lang='grc' dir='ltr'>δυνατὸν</span> <span class='ocrx_word' id='word_1_50' title='bbox 772 780 909 838; x_wconf 73' lang='grc' dir='ltr'>εἶναι</span> <span class='ocrx_word' id='word_1_51' title='bbox 947 784 1104 836; x_wconf 80' lang='grc' dir='ltr'>τοῦτο</span> <span class='ocrx_word' id='word_1_52' title='bbox 1148 781 1529 853; x_wconf 84' lang='grc' dir='ltr'>διοριζόμενος,</span> <span class='ocrx_word' id='word_1_53' title='bbox 1566 781 1837 852; x_wconf 73' lang='grc' dir='ltr'>ψεύδεταιο</span> 
     </span>
    </p>
   </div>
   <div class='ocr_carea' id='block_1_10' title="bbox 262 872 1843 945">
    <p class='ocr_par' dir='ltr' id='par_1_10' title="bbox 262 872 1843 945">
     <span class='ocr_line' id='line_1_10' title="bbox 262 872 1843 945; baseline -0.001 -18"><span class='ocrx_word' id='word_1_54' title='bbox 262 877 332 944; x_wconf 82' lang='grc' dir='ltr'>τῇ</span> <span class='ocrx_word' id='word_1_55' title='bbox 370 874 478 945; x_wconf 86' lang='grc' dir='ltr'>γὰρ</span> <span class='ocrx_word' id='word_1_56' title='bbox 504 875 601 944; x_wconf 82' lang='grc' dir='ltr'>τῆς</span> <span class='ocrx_word' id='word_1_57' title='bbox 628 874 900 945; x_wconf 81' lang='grc' dir='ltr'>Θειότητος</span> <span class='ocrx_word' id='word_1_58' title='bbox 942 874 1119 945; x_wconf 68' lang='grc' dir='ltr'>ἐννοίᾳ</span> <span class='ocrx_word' id='word_1_59' title='bbox 1151 875 1326 928; x_wconf 87' lang='grc' dir='ltr'>πάντα</span> <span class='ocrx_word' id='word_1_60' title='bbox 1364 873 1431 927; x_wconf 79' lang='grc' dir='ltr'><strong>τὰ</strong></span> <span class='ocrx_word' id='word_1_61' title='bbox 1456 872 1678 927; x_wconf 84' lang='grc' dir='ltr'>τοιαῦτα</span> <span class='ocrx_word' id='word_1_62' title='bbox 1718 874 1843 944; x_wconf 81' lang='grc' dir='ltr'>νοή-</span> 
     </span>
    </p>
   </div>
   <div class='ocr_carea' id='block_1_11' title="bbox 266 962 1843 1035">
    <p class='ocr_par' dir='ltr' id='par_1_11' title="bbox 266 962 1843 1035">
     <span class='ocr_line' id='line_1_11' title="bbox 266 962 1843 1035; baseline 0.001 -18"><span class='ocrx_word' id='word_1_63' title='bbox 266 982 415 1035; x_wconf 90' lang='grc' dir='ltr'>ματα</span> <span class='ocrx_word' id='word_1_64' title='bbox 465 965 898 1035; x_wconf 73' lang='grc' dir='ltr'>συνεισέρχεταιο</span> <span class='ocrx_word' id='word_1_65' title='bbox 927 964 1066 1019; x_wconf 83' lang='grc' dir='ltr'>ὥστε</span> <span class='ocrx_word' id='word_1_66' title='bbox 1117 965 1411 1033; x_wconf 87' lang='grc' dir='ltr'>ἀναγκαῖον</span> <span class='ocrx_word' id='word_1_67' title='bbox 1435 962 1573 1017; x_wconf 78' lang='grc' dir='ltr'>εἶναι</span> <span class='ocrx_word' id='word_1_68' title='bbox 1601 964 1710 1017; x_wconf 84' lang='grc' dir='ltr'>τῶν</span> <span class='ocrx_word' id='word_1_69' title='bbox 1748 963 1843 1018; x_wconf 84' lang='grc' dir='ltr'><strong>δύο</strong></span> 
     </span>
    </p>
   </div>
   <div class='ocr_carea' id='block_1_12' title="bbox 260 1054 1843 1127">
    <p class='ocr_par' dir='ltr' id='par_1_12' title="bbox 260 1054 1843 1127">
     <span class='ocr_line' id='line_1_12' title="bbox 260 1054 1843 1127; baseline -0.001 -19"><span class='ocrx_word' id='word_1_70' title='bbox 260 1056 328 1109; x_wconf 77' lang='grc' dir='ltr'><strong>τὸ</strong></span> <span class='ocrx_word' id='word_1_71' title='bbox 354 1057 539 1127; x_wconf 73' lang='grc' dir='ltr'>ἕτερον</span> <span class='ocrx_word' id='word_1_72' title='bbox 565 1098 580 1121; x_wconf 93' lang='grc'><strong>,</strong></span> <span class='ocrx_word' id='word_1_73' title='bbox 609 1055 642 1126; x_wconf 83' lang='grc' dir='ltr'>ἢ</span> <span class='ocrx_word' id='word_1_74' title='bbox 673 1056 807 1126; x_wconf 86' lang='grc' dir='ltr'>μηδὲ</span> <span class='ocrx_word' id='word_1_75' title='bbox 836 1056 988 1108; x_wconf 87' lang='grc' dir='ltr'>Θεῖον</span> <span class='ocrx_word' id='word_1_76' title='bbox 1012 1055 1211 1123; x_wconf 86' lang='grc' dir='ltr'>λέγειν,</span> <span class='ocrx_word' id='word_1_77' title='bbox 1243 1055 1275 1127; x_wconf 80' lang='grc' dir='ltr'>ἢ</span> <span class='ocrx_word' id='word_1_78' title='bbox 1305 1055 1468 1126; x_wconf 86' lang='grc' dir='ltr'>μηδὲν</span> <span class='ocrx_word' id='word_1_79' title='bbox 1488 1054 1595 1108; x_wconf 84' lang='grc' dir='ltr'>τῶν</span> <span class='ocrx_word' id='word_1_80' title='bbox 1619 1055 1843 1126; x_wconf 84' lang='grc' dir='ltr'>θεοπρε-</span> 
     </span>
    </p>
   </div>
   <div class='ocr_carea' id='block_1_13' title="bbox 264 1145 1843 1218">
    <p class='ocr_par' dir='ltr' id='par_1_13' title="bbox 264 1145 1843 1218">
     <span class='ocr_line' id='line_1_13' title="bbox 264 1145 1843 1218; baseline 0.001 -20"><span class='ocrx_word' id='word_1_81' title='bbox 264 1146 386 1198; x_wconf 86' lang='grc' dir='ltr'>πῶν</span> <span class='ocrx_word' id='word_1_82' title='bbox 412 1146 697 1216; x_wconf 82' lang='grc' dir='ltr'>νοημάτων</span> <span class='ocrx_word' id='word_1_83' title='bbox 728 1147 974 1218; x_wconf 77' lang='grc' dir='ltr'>ὑποσπᾷν</span> <span class='ocrx_word' id='word_1_84' title='bbox 1002 1147 1100 1216; x_wconf 83' lang='grc' dir='ltr'><strong>τῆς</strong></span> <span class='ocrx_word' id='word_1_85' title='bbox 1126 1146 1417 1216; x_wconf 88' lang='grc' dir='ltr'>θειότητος.</span> <span class='ocrx_word' id='word_1_86' title='bbox 1448 1146 1546 1199; x_wconf 80' lang='grc' dir='ltr'><strong>Διὰ</strong></span> <span class='ocrx_word' id='word_1_87' title='bbox 1584 1145 1741 1199; x_wconf 80' lang='grc' dir='ltr'>τοῦτο</span> <span class='ocrx_word' id='word_1_88' title='bbox 1764 1147 1843 1199; x_wconf 86' lang='grc' dir='ltr'><strong>δεῖ</strong></span> 
     </span>
    </p>
   </div>
   <div class='ocr_carea' id='block_1_14' title="bbox 266 1236 1842 1308">
    <p class='ocr_par' dir='ltr' id='par_1_14' title="bbox 266 1236 1842 1308">
     <span class='ocr_line' id='line_1_14' title="bbox 266 1236 1842 1308; baseline 0.001 -19"><span class='ocrx_word' id='word_1_89' title='bbox 266 1238 486 1300; x_wconf 83' lang='grc' dir='ltr'>πάντως</span> <span class='ocrx_word' id='word_1_90' title='bbox 521 1237 637 1307; x_wconf 84' lang='grc' dir='ltr'>μετ’</span> <span class='ocrx_word' id='word_1_91' title='bbox 672 1237 915 1308; x_wconf 83' lang='grc' dir='ltr'>ἀλλήλων</span> <span class='ocrx_word' id='word_1_92' title='bbox 947 1236 1014 1291; x_wconf 85' lang='grc' dir='ltr'>τὰ</span> <span class='ocrx_word' id='word_1_93' title='bbox 1046 1236 1140 1291; x_wconf 90' lang='grc' dir='ltr'><strong>δύο</strong></span> <span class='ocrx_word' id='word_1_94' title='bbox 1167 1237 1713 1307; x_wconf 87' lang='grc' dir='ltr'>καταλαμϐάνεσθαι,</span> <span class='ocrx_word' id='word_1_95' title='bbox 1749 1240 1842 1291; x_wconf 78' lang='grc' dir='ltr'>καὶ</span> 
     </span>
    </p>
   </div>
   <div class='ocr_carea' id='block_1_15' title="bbox 261 1329 1839 1402">
    <p class='ocr_par' dir='ltr' id='par_1_15' title="bbox 261 1329 1839 1402">
     <span class='ocr_line' id='line_1_15' title="bbox 261 1329 1839 1402; baseline 0.001 -19"><span class='ocrx_word' id='word_1_96' title='bbox 261 1332 367 1401; x_wconf 84' lang='grc' dir='ltr'>τὴν</span> <span class='ocrx_word' id='word_1_97' title='bbox 409 1330 559 1384; x_wconf 82' lang='grc' dir='ltr'>θείαν</span> <span class='ocrx_word' id='word_1_98' title='bbox 607 1329 769 1400; x_wconf 81' lang='grc' dir='ltr'>φύσιν</span> <span class='ocrx_word' id='word_1_99' title='bbox 821 1330 957 1401; x_wconf 81' lang='grc' dir='ltr'>μετὰ</span> <span class='ocrx_word' id='word_1_100' title='bbox 1002 1332 1102 1402; x_wconf 85' lang='grc' dir='ltr'>τῆς</span> <span class='ocrx_word' id='word_1_101' title='bbox 1149 1331 1460 1401; x_wconf 65' lang='grc' dir='ltr'>προσφυῶς</span> <span class='ocrx_word' id='word_1_102' title='bbox 1501 1331 1839 1401; x_wconf 81' lang='grc' dir='ltr'><strong>ὑπολήψεως,</strong></span> 
     </span>
    </p>
   </div>
   <div class='ocr_carea' id='block_1_16' title="bbox 265 1420 1844 1493">
    <p class='ocr_par' dir='ltr' id='par_1_16' title="bbox 265 1420 1844 1493">
     <span class='ocr_line' id='line_1_16' title="bbox 265 1420 1844 1493; baseline 0.001 -22"><span class='ocrx_word' id='word_1_103' title='bbox 265 1420 362 1473; x_wconf 74' lang='grc' dir='ltr'><strong>καὶ</strong></span> <span class='ocrx_word' id='word_1_104' title='bbox 385 1420 482 1484; x_wconf 82' lang='grc' dir='ltr'>τὰς</span> <span class='ocrx_word' id='word_1_105' title='bbox 503 1420 745 1484; x_wconf 84' lang='grc' dir='ltr'>εὑσεϐεῖς</span> <span class='ocrx_word' id='word_1_106' title='bbox 763 1420 973 1484; x_wconf 83' lang='grc' dir='ltr'>ἐννοίας</span> <span class='ocrx_word' id='word_1_107' title='bbox 997 1420 1125 1492; x_wconf 68' lang='grc' dir='ltr'>περὶ</span> <span class='ocrx_word' id='word_1_108' title='bbox 1148 1420 1247 1491; x_wconf 81' lang='grc' dir='ltr'><strong>τὴν</strong></span> <span class='ocrx_word' id='word_1_109' title='bbox 1276 1420 1426 1474; x_wconf 84' lang='grc' dir='ltr'>Θείαν</span> <span class='ocrx_word' id='word_1_110' title='bbox 1446 1437 1506 1474; x_wconf 87' lang='grc' dir='ltr'><strong>τε</strong></span> <span class='ocrx_word' id='word_1_111' title='bbox 1563 1421 1657 1475; x_wconf 81' lang='grc' dir='ltr'>καὶ</span> <span class='ocrx_word' id='word_1_112' title='bbox 1684 1422 1844 1493; x_wconf 85' lang='grc' dir='ltr'>ὑπερ-</span> 
     </span>
    </p>
   </div>
   <div class='ocr_carea' id='block_1_17' title="bbox 270 1512 723 1582">
    <p class='ocr_par' dir='ltr' id='par_1_17' title="bbox 270 1512 723 1582">
     <span class='ocr_line' id='line_1_17' title="bbox 270 1512 723 1582; baseline 0.004 -18"><span class='ocrx_word' id='word_1_113' title='bbox 270 1512 503 1582; x_wconf 84' lang='grc' dir='ltr'>έχουσαν</span> <span class='ocrx_word' id='word_1_114' title='bbox 543 1512 723 1582; x_wconf 81' lang='grc' dir='ltr'>φύσιν.</span> 
     </span>
    </p>
   </div>
   <div class='ocr_carea' id='block_1_18' title="bbox 337 1598 1843 1677">
    <p class='ocr_par' dir='ltr' id='par_1_18' title="bbox 337 1598 1843 1677">
     <span class='ocr_line' id='line_1_18' title="bbox 337 1598 1843 1677; baseline -0.001 -20"><span class='ocrx_word' id='word_1_115' title='bbox 337 1604 399 1666; x_wconf 77' lang='grc' dir='ltr'><strong>ζ’.</strong></span> <span class='ocrx_word' id='word_1_116' title='bbox 451 1606 600 1658; x_wconf 78' lang='grc' dir='ltr'>Ἐπεὶ</span> <span class='ocrx_word' id='word_1_117' title='bbox 642 1600 735 1660; x_wconf 78' lang='grc' dir='ltr'><strong>οὖν</strong></span> <span class='ocrx_word' id='word_1_118' title='bbox 778 1607 990 1677; x_wconf 82' lang='grc' dir='ltr'>εῖρηται</span> <span class='ocrx_word' id='word_1_119' title='bbox 1026 1604 1126 1675; x_wconf 83' lang='grc' dir='ltr'><strong>τῆς</strong></span> <span class='ocrx_word' id='word_1_120' title='bbox 1159 1602 1309 1667; x_wconf 82' lang='grc' dir='ltr'>θείας</span> <span class='ocrx_word' id='word_1_121' title='bbox 1359 1603 1573 1673; x_wconf 86' lang='grc' dir='ltr'>φύσεως</span> <span class='ocrx_word' id='word_1_122' title='bbox 1613 1598 1843 1657; x_wconf 75' lang='grc' dir='ltr'>εἶναιτὸ</span> 
     </span>
    </p>
   </div>
   <div class='ocr_carea' id='block_1_19' title="bbox 265 1694 1842 1768">
    <p class='ocr_par' dir='ltr' id='par_1_19' title="bbox 265 1694 1842 1768">
     <span class='ocr_line' id='line_1_19' title="bbox 265 1694 1842 1768; baseline -0.001 -20"><span class='ocrx_word' id='word_1_123' title='bbox 265 1696 512 1767; x_wconf 70' lang='grc' dir='ltr'>Πνεῦμα,</span> <span class='ocrx_word' id='word_1_124' title='bbox 550 1698 644 1750; x_wconf 74' lang='grc' dir='ltr'><strong>καὶ</strong></span> <span class='ocrx_word' id='word_1_125' title='bbox 684 1697 864 1760; x_wconf 86' lang='grc' dir='ltr'>καλῶς</span> <span class='ocrx_word' id='word_1_126' title='bbox 892 1698 1124 1768; x_wconf 73' lang='grc' dir='ltr'>εἴρηται,</span> <span class='ocrx_word' id='word_1_127' title='bbox 1158 1697 1304 1749; x_wconf 81' lang='grc' dir='ltr'>πᾶσα</span> <span class='ocrx_word' id='word_1_128' title='bbox 1332 1695 1389 1748; x_wconf 83' lang='grc' dir='ltr'>δὲ</span> <span class='ocrx_word' id='word_1_129' title='bbox 1425 1694 1842 1766; x_wconf 82' lang='grc' dir='ltr'>μεγαλοπρεπὴς</span> 
     </span>
    </p>
   </div>
   <div class='ocr_carea' id='block_1_20' title="bbox 1941 505 3520 577">
    <p class='ocr_par' dir='ltr' id='par_1_20' title="bbox 1941 505 3520 577">
     <span class='ocr_line' id='line_1_20' title="bbox 1941 505 3520 577; baseline -0.001 -13"><span class='ocrx_word' id='word_1_130' title='bbox 1941 525 2063 564; x_wconf 88' lang='lat' dir='ltr'><strong>nem</strong></span> <span class='ocrx_word' id='word_1_131' title='bbox 2102 523 2226 564; x_wconf 90' lang='lat' dir='ltr'><strong>esse</strong></span> <span class='ocrx_word' id='word_1_132' title='bbox 2250 505 2590 570; x_wconf 76' lang='lat' dir='ltr'><strong>conceditur,</strong></span> <span class='ocrx_word' id='word_1_133' title='bbox 2615 522 2716 560; x_wconf 90' lang='lat' dir='ltr'><strong>cur</strong></span> <span class='ocrx_word' id='word_1_134' title='bbox 2748 509 2816 561; x_wconf 90' lang='lat' dir='ltr'><strong>de</strong></span> <span class='ocrx_word' id='word_1_135' title='bbox 2854 506 2948 560; x_wconf 86' lang='lat' dir='ltr'><strong>illa</strong></span> <span class='ocrx_word' id='word_1_136' title='bbox 2971 522 3029 561; x_wconf 90' lang='lat' dir='ltr'><strong>re</strong></span> <span class='ocrx_word' id='word_1_137' title='bbox 3055 507 3359 571; x_wconf 73' lang='lat' dir='ltr'><strong>dubitatur,</strong></span> <span class='ocrx_word' id='word_1_138' title='bbox 3396 524 3520 577; x_wconf 76' lang='lat' dir='ltr'><strong>qua:</strong></span> 
     </span>
    </p>
   </div>
   <div class='ocr_carea' id='block_1_21' title="bbox 1941 598 3519 670">
    <p class='ocr_par' dir='ltr' id='par_1_21' title="bbox 1941 598 3519 670">
     <span class='ocr_line' id='line_1_21' title="bbox 1941 598 3519 670; baseline -0.001 -15"><span class='ocrx_word' id='word_1_139' title='bbox 1941 601 2149 656; x_wconf 84' lang='lat' dir='ltr'><strong>homini</strong></span> <span class='ocrx_word' id='word_1_140' title='bbox 2185 600 2461 654; x_wconf 61' lang='lat' dir='ltr'><strong>inhagreus</strong></span> <span class='ocrx_word' id='word_1_141' title='bbox 2496 613 2620 654; x_wconf 90' lang='lat' dir='ltr'><strong>esse</strong></span> <span class='ocrx_word' id='word_1_142' title='bbox 2649 599 3011 669; x_wconf 79' lang='lat' dir='ltr'><strong>intelligitur?</strong></span> <span class='ocrx_word' id='word_1_143' title='bbox 3041 598 3133 655; x_wconf 88' lang='lat' dir='ltr'><strong>Sic</strong></span> <span class='ocrx_word' id='word_1_144' title='bbox 3159 615 3291 670; x_wconf 88' lang='lat' dir='ltr'><strong>ergo</strong></span> <span class='ocrx_word' id='word_1_145' title='bbox 3315 601 3363 656; x_wconf 93' lang='lat' dir='ltr'><strong>si</strong></span> <span class='ocrx_word' id='word_1_146' title='bbox 3393 616 3519 654; x_wconf 81' lang='lat' dir='ltr'><strong>vere</strong></span> 
     </span>
    </p>
   </div>
   <div class='ocr_carea' id='block_1_22' title="bbox 1939 690 3517 762">
    <p class='ocr_par' dir='ltr' id='par_1_22' title="bbox 1939 690 3517 762">
     <span class='ocr_line' id='line_1_22' title="bbox 1939 690 3517 762; baseline -0.001 -14"><span class='ocrx_word' id='word_1_147' title='bbox 1939 693 2007 748; x_wconf 91' lang='lat' dir='ltr'><strong>de</strong></span> <span class='ocrx_word' id='word_1_148' title='bbox 2036 690 2244 762; x_wconf 81' lang='lat' dir='ltr'><strong>Spiritu</strong></span> <span class='ocrx_word' id='word_1_149' title='bbox 2292 692 2554 761; x_wconf 84' lang='lat' dir='ltr'><strong>loquitur,</strong></span> <span class='ocrx_word' id='word_1_150' title='bbox 2580 692 2674 760; x_wconf 89' lang='lat' dir='ltr'><strong>qui</strong></span> <span class='ocrx_word' id='word_1_151' title='bbox 2720 690 2886 746; x_wconf 91' lang='lat' dir='ltr'><strong>Deum</strong></span> <span class='ocrx_word' id='word_1_152' title='bbox 2920 692 3065 747; x_wconf 86' lang='lat' dir='ltr'><strong>hunc</strong></span> <span class='ocrx_word' id='word_1_153' title='bbox 3102 692 3258 755; x_wconf 88' lang='lat' dir='ltr'><strong>dicit,</strong></span> <span class='ocrx_word' id='word_1_154' title='bbox 3294 708 3363 747; x_wconf 90' lang='lat' dir='ltr'><strong>ne</strong></span> <span class='ocrx_word' id='word_1_155' title='bbox 3424 692 3517 748; x_wconf 91' lang='lat' dir='ltr'><strong>ille</strong></span> 
     </span>
    </p>
   </div>
   <div class='ocr_carea' id='block_1_23' title="bbox 1940 782 3516 853">
    <p class='ocr_par' dir='ltr' id='par_1_23' title="bbox 1940 782 3516 853">
     <span class='ocr_line' id='line_1_23' title="bbox 1940 782 3516 853; baseline -0.001 -16"><span class='ocrx_word' id='word_1_156' title='bbox 1940 782 2157 853; x_wconf 86' lang='lat' dir='ltr'><strong>quidem</strong></span> <span class='ocrx_word' id='word_1_157' title='bbox 2193 783 2478 846; x_wconf 85' lang='lat' dir='ltr'><strong>mentitur,</strong></span> <span class='ocrx_word' id='word_1_158' title='bbox 2503 782 2594 852; x_wconf 89' lang='lat' dir='ltr'><strong>qui</strong></span> <span class='ocrx_word' id='word_1_159' title='bbox 2626 783 2772 836; x_wconf 90' lang='lat' dir='ltr'><strong>hunc</strong></span> <span class='ocrx_word' id='word_1_160' title='bbox 2800 782 3120 852; x_wconf 87' lang='lat' dir='ltr'><strong>gloriosum,</strong></span> <span class='ocrx_word' id='word_1_161' title='bbox 3153 784 3381 847; x_wconf 88' lang='lat' dir='ltr'><strong>bonum,</strong></span> <span class='ocrx_word' id='word_1_162' title='bbox 3418 800 3516 853; x_wconf 82' lang='lat' dir='ltr'><strong>p0-</strong></span> 
     </span>
    </p>
   </div>
   <div class='ocr_carea' id='block_1_24' title="bbox 1939 873 3515 944">
    <p class='ocr_par' dir='ltr' id='par_1_24' title="bbox 1939 873 3515 944">
     <span class='ocr_line' id='line_1_24' title="bbox 1939 873 3515 944; baseline 0.001 -16"><span class='ocrx_word' id='word_1_163' title='bbox 1939 881 2255 944; x_wconf 89' lang='lat' dir='ltr'><strong>tentemque</strong></span> <span class='ocrx_word' id='word_1_164' title='bbox 2306 889 2431 929; x_wconf 89' lang='lat' dir='ltr'><strong>esse</strong></span> <span class='ocrx_word' id='word_1_165' title='bbox 2477 873 2708 929; x_wconf 87' lang='lat' dir='ltr'><strong>deﬁnit:</strong></span> <span class='ocrx_word' id='word_1_166' title='bbox 2772 890 2897 928; x_wconf 79' lang='lat' dir='ltr'><strong>nam</strong></span> <span class='ocrx_word' id='word_1_167' title='bbox 2958 874 3179 931; x_wconf 87' lang='lat' dir='ltr'><strong>deitatis</strong></span> <span class='ocrx_word' id='word_1_168' title='bbox 3229 875 3515 929; x_wconf 88' lang='lat' dir='ltr'><strong>notionem</strong></span> 
     </span>
    </p>
   </div>
   <div class='ocr_carea' id='block_1_25' title="bbox 1940 966 3512 1038">
    <p class='ocr_par' dir='ltr' id='par_1_25' title="bbox 1940 966 3512 1038">
     <span class='ocr_line' id='line_1_25' title="bbox 1940 966 3512 1038; baseline 0 -17"><span class='ocrx_word' id='word_1_169' title='bbox 1940 974 2138 1021; x_wconf 91' lang='lat' dir='ltr'><strong>cuncta</strong></span> <span class='ocrx_word' id='word_1_170' title='bbox 2173 966 2288 1021; x_wconf 68' lang='lat' dir='ltr'><strong>haec</strong></span> <span class='ocrx_word' id='word_1_171' title='bbox 2315 966 2552 1038; x_wconf 85' lang='lat' dir='ltr'><strong>cogitata</strong></span> <span class='ocrx_word' id='word_1_172' title='bbox 2578 966 2913 1020; x_wconf 82' lang='lat' dir='ltr'><strong>comitantur</strong></span> <span class='ocrx_word' id='word_1_173' title='bbox 2944 985 2959 1021; x_wconf 90' lang='lat'><strong>:</strong></span> <span class='ocrx_word' id='word_1_174' title='bbox 2996 966 3075 1020; x_wconf 88' lang='lat' dir='ltr'><strong>ita</strong></span> <span class='ocrx_word' id='word_1_175' title='bbox 3098 977 3154 1020; x_wconf 90' lang='lat' dir='ltr'><strong>ut</strong></span> <span class='ocrx_word' id='word_1_176' title='bbox 3187 967 3512 1023; x_wconf 85' lang='lat' dir='ltr'><strong>alterutrum</strong></span> 
     </span>
    </p>
   </div>
   <div class='ocr_carea' id='block_1_26' title="bbox 1940 1060 3516 1128">
    <p class='ocr_par' dir='ltr' id='par_1_26' title="bbox 1940 1060 3516 1128">
     <span class='ocr_line' id='line_1_26' title="bbox 1940 1060 3516 1128; baseline 0 -11"><span class='ocrx_word' id='word_1_177' title='bbox 1940 1076 1971 1117; x_wconf 88' lang='lat' dir='ltr'><strong>e</strong></span> <span class='ocrx_word' id='word_1_178' title='bbox 1995 1060 2211 1115; x_wconf 91' lang='lat' dir='ltr'><strong>duobus</strong></span> <span class='ocrx_word' id='word_1_179' title='bbox 2246 1061 2317 1116; x_wconf 85' lang='lat' dir='ltr'><strong>sit</strong></span> <span class='ocrx_word' id='word_1_180' title='bbox 2342 1061 2735 1123; x_wconf 88' lang='lat' dir='ltr'><strong>necessarium,</strong></span> <span class='ocrx_word' id='word_1_181' title='bbox 2766 1062 2849 1116; x_wconf 91' lang='lat' dir='ltr'><strong>vel</strong></span> <span class='ocrx_word' id='word_1_182' title='bbox 2876 1060 3044 1116; x_wconf 86' lang='lat' dir='ltr'><strong>Deum</strong></span> <span class='ocrx_word' id='word_1_183' title='bbox 3067 1077 3177 1117; x_wconf 89' lang='lat' dir='ltr'><strong>non</strong></span> <span class='ocrx_word' id='word_1_184' title='bbox 3206 1062 3408 1128; x_wconf 88' lang='lat' dir='ltr'><strong>dicere,</strong></span> <span class='ocrx_word' id='word_1_185' title='bbox 3429 1063 3516 1117; x_wconf 83' lang='lat' dir='ltr'><strong>vel</strong></span> 
     </span>
    </p>
   </div>
   <div class='ocr_carea' id='block_1_27' title="bbox 1941 1150 3515 1221">
    <p class='ocr_par' dir='ltr' id='par_1_27' title="bbox 1941 1150 3515 1221">
     <span class='ocr_line' id='line_1_27' title="bbox 1941 1150 3515 1221; baseline 0.001 -17"><span class='ocrx_word' id='word_1_186' title='bbox 1941 1151 2145 1205; x_wconf 89' lang='lat' dir='ltr'><strong>nullam</strong></span> <span class='ocrx_word' id='word_1_187' title='bbox 2175 1150 2285 1206; x_wconf 91' lang='lat' dir='ltr'><strong>Deo</strong></span> <span class='ocrx_word' id='word_1_188' title='bbox 2342 1151 2629 1221; x_wconf 87' lang='lat' dir='ltr'><strong>dignarum</strong></span> <span class='ocrx_word' id='word_1_189' title='bbox 2676 1151 2961 1206; x_wconf 80' lang='lat' dir='ltr'><strong>notionum</strong></span> <span class='ocrx_word' id='word_1_190' title='bbox 2996 1152 3337 1208; x_wconf 80' lang='lat' dir='ltr'><strong>subtrahere.</strong></span> <span class='ocrx_word' id='word_1_191' title='bbox 3377 1150 3515 1206; x_wconf 83' lang='lat' dir='ltr'><strong>Pro-</strong></span> 
     </span>
    </p>
   </div>
   <div class='ocr_carea' id='block_1_28' title="bbox 1940 1241 3517 1311">
    <p class='ocr_par' dir='ltr' id='par_1_28' title="bbox 1940 1241 3517 1311">
     <span class='ocr_line' id='line_1_28' title="bbox 1940 1241 3517 1311; baseline 0 -16"><span class='ocrx_word' id='word_1_192' title='bbox 1940 1249 2124 1311; x_wconf 87' lang='lat' dir='ltr'><strong>pterea</strong></span> <span class='ocrx_word' id='word_1_193' title='bbox 2151 1249 2365 1310; x_wconf 89' lang='lat' dir='ltr'><strong>oportet</strong></span> <span class='ocrx_word' id='word_1_194' title='bbox 2392 1250 2680 1311; x_wconf 89' lang='lat' dir='ltr'><strong>utramque</strong></span> <span class='ocrx_word' id='word_1_195' title='bbox 2704 1256 2819 1295; x_wconf 90' lang='lat' dir='ltr'><strong>rem</strong></span> <span class='ocrx_word' id='word_1_196' title='bbox 2846 1241 3008 1296; x_wconf 84' lang='lat' dir='ltr'><strong>simul</strong></span> <span class='ocrx_word' id='word_1_197' title='bbox 3027 1242 3338 1311; x_wconf 88' lang='lat' dir='ltr'><strong>complecti,</strong></span> <span class='ocrx_word' id='word_1_198' title='bbox 3368 1257 3517 1297; x_wconf 85' lang='lat' dir='ltr'><strong>nem-</strong></span> 
     </span>
    </p>
   </div>
   <div class='ocr_carea' id='block_1_29' title="bbox 1940 1329 3513 1401">
    <p class='ocr_par' dir='ltr' id='par_1_29' title="bbox 1940 1329 3513 1401">
     <span class='ocr_line' id='line_1_29' title="bbox 1940 1329 3513 1401; baseline 0.002 -18"><span class='ocrx_word' id='word_1_199' title='bbox 1940 1343 2008 1399; x_wconf 87' lang='lat' dir='ltr'><strong>pe</strong></span> <span class='ocrx_word' id='word_1_200' title='bbox 2025 1337 2081 1382; x_wconf 82' lang='lat' dir='ltr'><strong>et</strong></span> <span class='ocrx_word' id='word_1_201' title='bbox 2108 1329 2345 1382; x_wconf 88' lang='lat' dir='ltr'><strong>divinam</strong></span> <span class='ocrx_word' id='word_1_202' title='bbox 2376 1338 2626 1382; x_wconf 84' lang='lat' dir='ltr'><strong>naturam</strong></span> <span class='ocrx_word' id='word_1_203' title='bbox 2657 1344 2781 1383; x_wconf 87' lang='lat' dir='ltr'><strong>cum</strong></span> <span class='ocrx_word' id='word_1_204' title='bbox 2806 1344 3051 1400; x_wconf 85' lang='lat' dir='ltr'><strong>congruo</strong></span> <span class='ocrx_word' id='word_1_205' title='bbox 3080 1331 3149 1385; x_wconf 89' lang='lat' dir='ltr'><strong>de</strong></span> <span class='ocrx_word' id='word_1_206' title='bbox 3176 1345 3239 1386; x_wconf 91' lang='lat' dir='ltr'><strong>ea</strong></span> <span class='ocrx_word' id='word_1_207' title='bbox 3281 1330 3513 1401; x_wconf 89' lang='lat' dir='ltr'><strong>judicio,</strong></span> 
     </span>
    </p>
   </div>
   <div class='ocr_carea' id='block_1_30' title="bbox 1938 1422 3516 1493">
    <p class='ocr_par' dir='ltr' id='par_1_30' title="bbox 1938 1422 3516 1493">
     <span class='ocr_line' id='line_1_30' title="bbox 1938 1422 3516 1493; baseline 0.003 -17"><span class='ocrx_word' id='word_1_208' title='bbox 1938 1430 1993 1476; x_wconf 92' lang='lat' dir='ltr'><strong>et</strong></span> <span class='ocrx_word' id='word_1_209' title='bbox 2019 1422 2354 1477; x_wconf 80' lang='lat' dir='ltr'><strong>orthodoxas</strong></span> <span class='ocrx_word' id='word_1_210' title='bbox 2375 1423 2523 1477; x_wconf 87' lang='lat' dir='ltr'><strong>circa</strong></span> <span class='ocrx_word' id='word_1_211' title='bbox 2552 1422 2792 1477; x_wconf 84' lang='lat' dir='ltr'><strong>divinam</strong></span> <span class='ocrx_word' id='word_1_212' title='bbox 2837 1432 3007 1493; x_wconf 83' lang='lat' dir='ltr'><strong>atque</strong></span> <span class='ocrx_word' id='word_1_213' title='bbox 3025 1424 3210 1479; x_wconf 83' lang='lat' dir='ltr'><strong>omnia</strong></span> <span class='ocrx_word' id='word_1_214' title='bbox 3245 1425 3516 1481; x_wconf 79' lang='lat' dir='ltr'><strong>exceden-</strong></span> 
     </span>
    </p>
   </div>
   <div class='ocr_carea' id='block_1_31' title="bbox 1940 1515 2655 1569">
    <p class='ocr_par' dir='ltr' id='par_1_31' title="bbox 1940 1515 2655 1569">
     <span class='ocr_line' id='line_1_31' title="bbox 1940 1515 2655 1569; baseline 0.001 -1"><span class='ocrx_word' id='word_1_215' title='bbox 1940 1520 2048 1568; x_wconf 87' lang='lat' dir='ltr'><strong>tem</strong></span> <span class='ocrx_word' id='word_1_216' title='bbox 2082 1522 2335 1568; x_wconf 88' lang='lat' dir='ltr'><strong>naturam</strong></span> <span class='ocrx_word' id='word_1_217' title='bbox 2373 1515 2655 1569; x_wconf 88' lang='lat' dir='ltr'><strong>notiones.</strong></span> 
     </span>
    </p>
   </div>
   <div class='ocr_carea' id='block_1_32' title="bbox 2010 1603 3514 1678">
    <p class='ocr_par' dir='ltr' id='par_1_32' title="bbox 2010 1603 3514 1678">
     <span class='ocr_line' id='line_1_32' title="bbox 2010 1603 3514 1678; baseline 0.005 -22"><span class='ocrx_word' id='word_1_218' title='bbox 2010 1604 2061 1658; x_wconf 88' lang='lat'><strong>7.</strong></span> <span class='ocrx_word' id='word_1_219' title='bbox 2088 1604 2222 1669; x_wconf 89' lang='lat' dir='ltr'><strong>Quia</strong></span> <span class='ocrx_word' id='word_1_220' title='bbox 2242 1603 2619 1675; x_wconf 90' lang='lat' dir='ltr'><strong>igiturdictum</strong></span> <span class='ocrx_word' id='word_1_221' title='bbox 2648 1613 2752 1673; x_wconf 89' lang='lat' dir='ltr'><strong>est,</strong></span> <span class='ocrx_word' id='word_1_222' title='bbox 2784 1616 2838 1661; x_wconf 92' lang='lat' dir='ltr'><strong>et</strong></span> <span class='ocrx_word' id='word_1_223' title='bbox 2873 1616 3020 1663; x_wconf 83' lang='lat' dir='ltr'><strong>recte</strong></span> <span class='ocrx_word' id='word_1_224' title='bbox 3052 1608 3295 1678; x_wconf 87' lang='lat' dir='ltr'><strong>quidem,</strong></span> <span class='ocrx_word' id='word_1_225' title='bbox 3329 1610 3514 1665; x_wconf 88' lang='lat' dir='ltr'><strong>divina</strong></span> 
     </span>
    </p>
   </div>
   <div class='ocr_carea' id='block_1_33' title="bbox 1948 1690 3513 1769">
    <p class='ocr_par' dir='ltr' id='par_1_33' title="bbox 1948 1690 3513 1769">
     <span class='ocr_line' id='line_1_33' title="bbox 1948 1690 3513 1769; baseline 0.007 -25"><span class='ocrx_word' id='word_1_226' title='bbox 1948 1690 2211 1761; x_wconf 88' lang='lat' dir='ltr'><strong>Spiritum</strong></span> <span class='ocrx_word' id='word_1_227' title='bbox 2241 1694 2445 1761; x_wconf 83' lang='lat' dir='ltr'><strong>pollere</strong></span> <span class='ocrx_word' id='word_1_228' title='bbox 2472 1701 2694 1761; x_wconf 87' lang='lat' dir='ltr'><strong>natura,</strong></span> <span class='ocrx_word' id='word_1_229' title='bbox 2723 1697 2980 1766; x_wconf 68' lang='lat' dir='ltr'><strong>quaalibet</strong></span> <span class='ocrx_word' id='word_1_230' title='bbox 3009 1709 3189 1754; x_wconf 90' lang='lat' dir='ltr'><strong>autem</strong></span> <span class='ocrx_word' id='word_1_231' title='bbox 3222 1698 3513 1769; x_wconf 70' lang='lat' dir='ltr'><strong>magnifica</strong></span> 
     </span>
    </p>
   </div>
   <div class='ocr_carea' id='block_1_34' title="bbox 266 1778 1842 1859">
    <p class='ocr_par' dir='ltr' id='par_1_34' title="bbox 266 1783 1842 1857">
     <span class='ocr_line' id='line_1_34' title="bbox 266 1783 1842 1857; baseline -0.002 -18"><span class='ocrx_word' id='word_1_232' title='bbox 266 1786 446 1841; x_wconf 77' lang='grc' dir='ltr'>ἔννοια</span> <span class='ocrx_word' id='word_1_233' title='bbox 475 1786 551 1857; x_wconf 80' lang='grc' dir='ltr'><strong>τῷ</strong></span> <span class='ocrx_word' id='word_1_234' title='bbox 573 1787 794 1857; x_wconf 83' lang='grc' dir='ltr'>ὀνόματι</span> <span class='ocrx_word' id='word_1_235' title='bbox 834 1786 1007 1857; x_wconf 86' lang='grc' dir='ltr'>τούτῳ</span> <span class='ocrx_word' id='word_1_236' title='bbox 1038 1785 1217 1848; x_wconf 87' lang='grc' dir='ltr'>καθὼς</span> <span class='ocrx_word' id='word_1_237' title='bbox 1248 1784 1461 1855; x_wconf 78' lang='grc' dir='ltr'>εἴρηται</span> <span class='ocrx_word' id='word_1_238' title='bbox 1494 1783 1842 1854; x_wconf 85' lang='grc' dir='ltr'>συνεμφαίνε-</span> 
     </span>
    </p>
   </div>
   <div class='ocr_carea' id='block_1_35' title="bbox 1943 1778 3510 1859">
    <p class='ocr_par' dir='ltr' id='par_1_35' title="bbox 1947 1782 3510 1859">
     <span class='ocr_line' id='line_1_35' title="bbox 1947 1782 3510 1859; baseline 0.008 -24"><span class='ocrx_word' id='word_1_239' title='bbox 1947 1782 2096 1836; x_wconf 89' lang='lat' dir='ltr'><strong>notio</strong></span> <span class='ocrx_word' id='word_1_240' title='bbox 2127 1798 2251 1836; x_wconf 91' lang='lat' dir='ltr'><strong>cum</strong></span> <span class='ocrx_word' id='word_1_241' title='bbox 2286 1783 2598 1853; x_wconf 70' lang='lat' dir='ltr'><strong>huiusmodi</strong></span> <span class='ocrx_word' id='word_1_242' title='bbox 2628 1787 3013 1857; x_wconf 87' lang='lat' dir='ltr'><strong>appellatione,</strong></span> <span class='ocrx_word' id='word_1_243' title='bbox 3045 1798 3207 1859; x_wconf 83' lang='lat' dir='ltr'><strong>prout</strong></span> <span class='ocrx_word' id='word_1_244' title='bbox 3246 1789 3510 1856; x_wconf 78' lang='lat' dir='ltr'><strong>diximus,</strong></span> 
     </span>
    </p>
   </div>
   <div class='ocr_carea' id='block_1_36' title="bbox 265 1876 1843 1949">
    <p class='ocr_par' dir='ltr' id='par_1_36' title="bbox 265 1876 1843 1949">
     <span class='ocr_line' id='line_1_36' title="bbox 265 1876 1843 1949; baseline -0.004 -15"><span class='ocrx_word' id='word_1_245' title='bbox 265 1899 377 1946; x_wconf 89' lang='grc' dir='ltr'>ται,</span> <span class='ocrx_word' id='word_1_246' title='bbox 400 1883 427 1934; x_wconf 86' lang='grc' dir='ltr'>ὁ</span> <span class='ocrx_word' id='word_1_247' title='bbox 451 1881 624 1933; x_wconf 85' lang='grc' dir='ltr'>ἐκεῖνο</span> <span class='ocrx_word' id='word_1_248' title='bbox 656 1878 778 1941; x_wconf 77' lang='grc' dir='ltr'>δοὺς</span> <span class='ocrx_word' id='word_1_249' title='bbox 808 1881 874 1949; x_wconf 80' lang='grc' dir='ltr'>τῇ</span> <span class='ocrx_word' id='word_1_250' title='bbox 901 1877 1125 1948; x_wconf 82' lang='grc' dir='ltr'><strong>δυνάμει</strong></span> <span class='ocrx_word' id='word_1_251' title='bbox 1146 1918 1161 1941; x_wconf 93' lang='grc'><strong>,</strong></span> <span class='ocrx_word' id='word_1_252' title='bbox 1194 1878 1603 1947; x_wconf 84' lang='grc' dir='ltr'>συνωμολόγησε</span> <span class='ocrx_word' id='word_1_253' title='bbox 1633 1878 1701 1930; x_wconf 83' lang='grc' dir='ltr'><strong>τά</strong></span> <span class='ocrx_word' id='word_1_254' title='bbox 1736 1876 1843 1929; x_wconf 89' lang='grc' dir='ltr'>λει-</span> 
     </span>
    </p>
   </div>
   <div class='ocr_carea' id='block_1_37' title="bbox 266 1966 1843 2041">
    <p class='ocr_par' dir='ltr' id='par_1_37' title="bbox 266 1966 1843 2041">
     <span class='ocr_line' id='line_1_37' title="bbox 266 1966 1843 2041; baseline -0.003 -16"><span class='ocrx_word' id='word_1_255' title='bbox 266 1972 499 2041; x_wconf 83' lang='grc' dir='ltr'>πόμενα,</span> <span class='ocrx_word' id='word_1_256' title='bbox 527 1970 587 2023; x_wconf 81' lang='grc' dir='ltr'><strong>τὸ</strong></span> <span class='ocrx_word' id='word_1_257' title='bbox 618 1970 708 2023; x_wconf 78' lang='grc' dir='ltr'>καὶ</span> <span class='ocrx_word' id='word_1_258' title='bbox 741 1969 947 2034; x_wconf 76' lang='grc' dir='ltr'>ἔνδοξον</span> <span class='ocrx_word' id='word_1_259' title='bbox 990 1966 1126 2023; x_wconf 74' lang='grc' dir='ltr'>εἶναι</span> <span class='ocrx_word' id='word_1_260' title='bbox 1161 1968 1255 2023; x_wconf 74' lang='grc' dir='ltr'>καὶ</span> <span class='ocrx_word' id='word_1_261' title='bbox 1304 1968 1525 2022; x_wconf 79' lang='grc' dir='ltr'>δυνατὸν</span> <span class='ocrx_word' id='word_1_262' title='bbox 1557 1968 1650 2021; x_wconf 65' lang='grc' dir='ltr'><strong>καλ⁸</strong></span> <span class='ocrx_word' id='word_1_263' title='bbox 1698 1968 1751 2020; x_wconf 81' lang='grc' dir='ltr'>εἴ</span> <span class='ocrx_word' id='word_1_264' title='bbox 1790 1984 1843 2020; x_wconf 85' lang='grc' dir='ltr'><strong>τι</strong></span> 
     </span>
    </p>
   </div>
   <div class='ocr_carea' id='block_1_38' title="bbox 267 2056 1843 2134">
    <p class='ocr_par' dir='ltr' id='par_1_38' title="bbox 267 2056 1843 2134">
     <span class='ocr_line' id='line_1_38' title="bbox 267 2056 1843 2134; baseline -0.004 -19"><span class='ocrx_word' id='word_1_265' title='bbox 267 2063 406 2134; x_wconf 72' lang='grc' dir='ltr'>πρὸς</span> <span class='ocrx_word' id='word_1_266' title='bbox 443 2062 502 2115; x_wconf 80' lang='grc' dir='ltr'><strong>τὸ</strong></span> <span class='ocrx_word' id='word_1_267' title='bbox 531 2064 774 2133; x_wconf 85' lang='grc' dir='ltr'>κρεῖττον</span> <span class='ocrx_word' id='word_1_268' title='bbox 802 2060 954 2129; x_wconf 83' lang='grc' dir='ltr'>φέρει</span> <span class='ocrx_word' id='word_1_269' title='bbox 974 2059 1071 2131; x_wconf 83' lang='grc' dir='ltr'><strong>τὴν</strong></span> <span class='ocrx_word' id='word_1_270' title='bbox 1109 2058 1404 2130; x_wconf 86' lang='grc' dir='ltr'>σημασίαν.</span> <span class='ocrx_word' id='word_1_271' title='bbox 1434 2058 1568 2111; x_wconf 84' lang='grc' dir='ltr'><strong>Οὐδὲ</strong></span> <span class='ocrx_word' id='word_1_272' title='bbox 1608 2058 1715 2129; x_wconf 84' lang='grc' dir='ltr'>γὰρ</span> <span class='ocrx_word' id='word_1_273' title='bbox 1741 2056 1843 2126; x_wconf 76' lang='grc' dir='ltr'>φύ-</span> 
     </span>
    </p>
   </div>
   <div class='ocr_carea' id='block_1_39' title="bbox 268 2147 1846 2221">
    <p class='ocr_par' dir='ltr' id='par_1_39' title="bbox 268 2147 1846 2221">
     <span class='ocr_line' id='line_1_39' title="bbox 268 2147 1846 2221; baseline -0.001 -18"><span class='ocrx_word' id='word_1_274' title='bbox 268 2170 354 2204; x_wconf 86' lang='grc' dir='ltr'><strong>σιν</strong></span> <span class='ocrx_word' id='word_1_275' title='bbox 378 2151 491 2221; x_wconf 77' lang='grc' dir='ltr'>ἔχει</span> <span class='ocrx_word' id='word_1_276' title='bbox 527 2150 599 2221; x_wconf 85' lang='grc' dir='ltr'>μὴ</span> <span class='ocrx_word' id='word_1_277' title='bbox 628 2150 1002 2220; x_wconf 80' lang='grc' dir='ltr'>ὁμολογεῖσθαι</span> <span class='ocrx_word' id='word_1_278' title='bbox 1027 2148 1199 2203; x_wconf 79' lang='grc' dir='ltr'>ταῦτα</span> <span class='ocrx_word' id='word_1_279' title='bbox 1237 2148 1365 2217; x_wconf 75' lang='grc' dir='ltr'>περὶ</span> <span class='ocrx_word' id='word_1_280' title='bbox 1402 2147 1495 2201; x_wconf 84' lang='grc' dir='ltr'>τοῦ</span> <span class='ocrx_word' id='word_1_281' title='bbox 1530 2147 1846 2219; x_wconf 88' lang='grc' dir='ltr'>Πνεύματος</span> 
     </span>
    </p>
   </div>
   <div class='ocr_carea' id='block_1_40' title="bbox 267 2240 1847 2312">
    <p class='ocr_par' dir='ltr' id='par_1_40' title="bbox 267 2240 1847 2312">
     <span class='ocr_line' id='line_1_40' title="bbox 267 2240 1847 2312; baseline -0.001 -16"><span class='ocrx_word' id='word_1_282' title='bbox 267 2243 357 2296; x_wconf 75' lang='grc' dir='ltr'>διὰ</span> <span class='ocrx_word' id='word_1_283' title='bbox 383 2244 443 2296; x_wconf 81' lang='grc' dir='ltr'><strong>τὸ</strong></span> <span class='ocrx_word' id='word_1_284' title='bbox 473 2244 812 2312; x_wconf 81' lang='grc' dir='ltr'>ἀπεμφαῖνον</span> <span class='ocrx_word' id='word_1_285' title='bbox 847 2242 954 2296; x_wconf 84' lang='grc' dir='ltr'><strong>τῶν</strong></span> <span class='ocrx_word' id='word_1_286' title='bbox 992 2240 1571 2311; x_wconf 86' lang='grc' dir='ltr'>ἀντιδιαστελλομένων</span> <span class='ocrx_word' id='word_1_287' title='bbox 1597 2242 1710 2305; x_wconf 87' lang='grc' dir='ltr'>τοῖς</span> <span class='ocrx_word' id='word_1_288' title='bbox 1743 2258 1847 2295; x_wconf 84' lang='grc' dir='ltr'>τοι·</span> 
     </span>
    </p>
   </div>
   <div class='ocr_carea' id='block_1_41' title="bbox 266 2331 1847 2405">
    <p class='ocr_par' dir='ltr' id='par_1_41' title="bbox 266 2331 1847 2405">
     <span class='ocr_line' id='line_1_41' title="bbox 266 2331 1847 2405; baseline -0.001 -17"><span class='ocrx_word' id='word_1_289' title='bbox 266 2336 446 2398; x_wconf 88' lang='grc' dir='ltr'>οὑτοις</span> <span class='ocrx_word' id='word_1_290' title='bbox 468 2334 723 2405; x_wconf 85' lang='grc' dir='ltr'>ὀνόμασιν</span> <span class='ocrx_word' id='word_1_291' title='bbox 752 2351 767 2365; x_wconf 89' lang='grc'><strong>·</strong></span> <span class='ocrx_word' id='word_1_292' title='bbox 796 2335 824 2387; x_wconf 81' lang='grc' dir='ltr'>ὁ</span> <span class='ocrx_word' id='word_1_293' title='bbox 851 2334 959 2404; x_wconf 73' lang='grc' dir='ltr'><strong>γάρ</strong></span> <span class='ocrx_word' id='word_1_294' title='bbox 981 2333 1188 2399; x_wconf 79' lang='grc' dir='ltr'>ἔνδοξον</span> <span class='ocrx_word' id='word_1_295' title='bbox 1216 2333 1291 2404; x_wconf 86' lang='grc' dir='ltr'>μὴ</span> <span class='ocrx_word' id='word_1_296' title='bbox 1320 2334 1513 2399; x_wconf 86' lang='grc' dir='ltr'>διδοὺς,</span> <span class='ocrx_word' id='word_1_297' title='bbox 1538 2333 1722 2400; x_wconf 79' lang='grc' dir='ltr'>ἄδοξον</span> <span class='ocrx_word' id='word_1_298' title='bbox 1742 2331 1847 2386; x_wconf 81' lang='grc' dir='ltr'><strong>δώο</strong></span> 
     </span>
    </p>
   </div>
   <div class='ocr_carea' id='block_1_42' title="bbox 270 2422 1846 2493">
    <p class='ocr_par' dir='ltr' id='par_1_42' title="bbox 270 2422 1846 2493">
     <span class='ocr_line' id='line_1_42' title="bbox 270 2422 1846 2493; baseline -0.001 -17"><span class='ocrx_word' id='word_1_299' title='bbox 270 2440 383 2476; x_wconf 88' lang='grc' dir='ltr'>σει·</span> <span class='ocrx_word' id='word_1_300' title='bbox 405 2424 498 2477; x_wconf 77' lang='grc' dir='ltr'>καὶ</span> <span class='ocrx_word' id='word_1_301' title='bbox 521 2424 628 2476; x_wconf 84' lang='grc' dir='ltr'>ὁτὸ</span> <span class='ocrx_word' id='word_1_302' title='bbox 665 2422 883 2477; x_wconf 83' lang='grc' dir='ltr'>δυνατὸν</span> <span class='ocrx_word' id='word_1_303' title='bbox 922 2424 1127 2477; x_wconf 84' lang='grc' dir='ltr'>ἀθετῶν</span> <span class='ocrx_word' id='word_1_304' title='bbox 1168 2424 1253 2476; x_wconf 76' lang='grc' dir='ltr'>ἐπ’</span> <span class='ocrx_word' id='word_1_305' title='bbox 1284 2423 1469 2486; x_wconf 81' lang='grc' dir='ltr'>αὑτοῦ,</span> <span class='ocrx_word' id='word_1_306' title='bbox 1505 2422 1583 2493; x_wconf 87' lang='grc' dir='ltr'>τῷ</span> <span class='ocrx_word' id='word_1_307' title='bbox 1621 2422 1846 2493; x_wconf 76' lang='grc' dir='ltr'>ἐναντίῳ</span> 
     </span>
    </p>
   </div>
   <div class='ocr_carea' id='block_1_43' title="bbox 270 2512 1845 2585">
    <p class='ocr_par' dir='ltr' id='par_1_43' title="bbox 270 2512 1845 2585">
     <span class='ocr_line' id='line_1_43' title="bbox 270 2512 1845 2585; baseline 0 -19"><span class='ocrx_word' id='word_1_308' title='bbox 270 2514 615 2585; x_wconf 83' lang='grc' dir='ltr'>συνθήσεται.</span> <span class='ocrx_word' id='word_1_309' title='bbox 648 2512 918 2575; x_wconf 82' lang='grc' dir='ltr'>Ὡσαύτως</span> <span class='ocrx_word' id='word_1_310' title='bbox 947 2515 1041 2567; x_wconf 79' lang='grc' dir='ltr'>καὶ</span> <span class='ocrx_word' id='word_1_311' title='bbox 1075 2515 1201 2584; x_wconf 76' lang='grc' dir='ltr'>περὶ</span> <span class='ocrx_word' id='word_1_312' title='bbox 1232 2512 1326 2566; x_wconf 82' lang='grc' dir='ltr'>τοῦ</span> <span class='ocrx_word' id='word_1_313' title='bbox 1355 2514 1537 2584; x_wconf 83' lang='grc' dir='ltr'>τιμίου</span> <span class='ocrx_word' id='word_1_314' title='bbox 1582 2515 1677 2567; x_wconf 79' lang='grc' dir='ltr'><strong>καὶ</strong></span> <span class='ocrx_word' id='word_1_315' title='bbox 1707 2515 1845 2581; x_wconf 85' lang='grc' dir='ltr'>ἁγα-</span> 
     </span>
    </p>
   </div>
   <div class='ocr_carea' id='block_1_44' title="bbox 269 2602 1842 2675">
    <p class='ocr_par' dir='ltr' id='par_1_44' title="bbox 269 2602 1842 2675">
     <span class='ocr_line' id='line_1_44' title="bbox 269 2602 1842 2675; baseline -0.001 -18"><span class='ocrx_word' id='word_1_316' title='bbox 269 2604 365 2657; x_wconf 85' lang='grc' dir='ltr'>θοῦ</span> <span class='ocrx_word' id='word_1_317' title='bbox 394 2621 407 2633; x_wconf 91' lang='grc'><strong>·</strong></span> <span class='ocrx_word' id='word_1_318' title='bbox 438 2605 532 2658; x_wconf 75' lang='grc' dir='ltr'><strong>καὶ</strong></span> <span class='ocrx_word' id='word_1_319' title='bbox 561 2603 631 2657; x_wconf 77' lang='grc' dir='ltr'><strong>τά</strong></span> <span class='ocrx_word' id='word_1_320' title='bbox 672 2603 807 2675; x_wconf 86' lang='grc' dir='ltr'>πρὸς</span> <span class='ocrx_word' id='word_1_321' title='bbox 852 2602 920 2655; x_wconf 83' lang='grc' dir='ltr'>τὰ</span> <span class='ocrx_word' id='word_1_322' title='bbox 960 2604 1244 2674; x_wconf 82' lang='grc' dir='ltr'>κρείττονα</span> <span class='ocrx_word' id='word_1_323' title='bbox 1274 2606 1322 2657; x_wconf 85' lang='grc' dir='ltr'>εἰ</span> <span class='ocrx_word' id='word_1_324' title='bbox 1356 2605 1429 2674; x_wconf 85' lang='grc' dir='ltr'>μὴ</span> <span class='ocrx_word' id='word_1_325' title='bbox 1466 2605 1842 2675; x_wconf 84' lang='grc' dir='ltr'>παραδέχοιτο,</span> 
     </span>
    </p>
   </div>
   <div class='ocr_carea' id='block_1_45' title="bbox 266 2694 1842 2765">
    <p class='ocr_par' dir='ltr' id='par_1_45' title="bbox 266 2694 1842 2765">
     <span class='ocr_line' id='line_1_45' title="bbox 266 2694 1842 2765; baseline -0.001 -17"><span class='ocrx_word' id='word_1_326' title='bbox 266 2697 339 2749; x_wconf 81' lang='grc' dir='ltr'><strong>τά</strong></span> <span class='ocrx_word' id='word_1_327' title='bbox 367 2695 582 2750; x_wconf 78' lang='grc' dir='ltr'>ἐναντία</span> <span class='ocrx_word' id='word_1_328' title='bbox 613 2696 828 2758; x_wconf 87' lang='grc' dir='ltr'>πάντως</span> <span class='ocrx_word' id='word_1_329' title='bbox 849 2694 1188 2765; x_wconf 85' lang='grc' dir='ltr'>ὁμολογήσει.</span> <span class='ocrx_word' id='word_1_330' title='bbox 1223 2696 1285 2748; x_wconf 83' lang='lat' dir='ltr'><strong>El</strong></span> <span class='ocrx_word' id='word_1_331' title='bbox 1316 2695 1372 2749; x_wconf 85' lang='grc' dir='ltr'>δὲ</span> <span class='ocrx_word' id='word_1_332' title='bbox 1399 2695 1625 2764; x_wconf 79' lang='grc' dir='ltr'>φρικτὸν</span> <span class='ocrx_word' id='word_1_333' title='bbox 1652 2695 1808 2748; x_wconf 83' lang='grc' dir='ltr'>τοῦτο</span> <span class='ocrx_word' id='word_1_334' title='bbox 1826 2735 1842 2760; x_wconf 96' lang='grc'><strong>,</strong></span> 
     </span>
    </p>
   </div>
   <div class='ocr_carea' id='block_1_46' title="bbox 270 2786 1846 2857">
    <p class='ocr_par' dir='ltr' id='par_1_46' title="bbox 270 2786 1846 2857">
     <span class='ocr_line' id='line_1_46' title="bbox 270 2786 1846 2857; baseline -0.001 -17"><span class='ocrx_word' id='word_1_335' title='bbox 270 2789 366 2842; x_wconf 76' lang='grc' dir='ltr'><strong>καὶ</strong></span> <span class='ocrx_word' id='word_1_336' title='bbox 395 2787 574 2857; x_wconf 84' lang='grc' dir='ltr'>πάσης</span> <span class='ocrx_word' id='word_1_337' title='bbox 605 2786 831 2850; x_wconf 82' lang='grc' dir='ltr'>ἀτοπίας</span> <span class='ocrx_word' id='word_1_338' title='bbox 860 2786 953 2840; x_wconf 79' lang='grc' dir='ltr'>καὶ</span> <span class='ocrx_word' id='word_1_339' title='bbox 985 2786 1333 2857; x_wconf 82' lang='grc' dir='ltr'>βλασφημίας</span> <span class='ocrx_word' id='word_1_340' title='bbox 1370 2787 1622 2839; x_wconf 80' lang='grc' dir='ltr'>ἐπέκεινα</span> <span class='ocrx_word' id='word_1_341' title='bbox 1642 2825 1657 2850; x_wconf 87' lang='grc'><strong>,</strong></span> <span class='ocrx_word' id='word_1_342' title='bbox 1689 2786 1846 2857; x_wconf 86' lang='grc' dir='ltr'>δῆλον</span> 
     </span>
    </p>
   </div>
   <div class='ocr_carea' id='block_1_47' title="bbox 268 2877 1845 2948">
    <p class='ocr_par' dir='ltr' id='par_1_47' title="bbox 268 2877 1845 2948">
     <span class='ocr_line' id='line_1_47' title="bbox 268 2877 1845 2948; baseline -0.001 -17"><span class='ocrx_word' id='word_1_343' title='bbox 268 2880 351 2931; x_wconf 84' lang='grc' dir='ltr'>ὅτι</span> <span class='ocrx_word' id='word_1_344' title='bbox 392 2881 502 2941; x_wconf 85' lang='grc' dir='ltr'>τοῖς</span> <span class='ocrx_word' id='word_1_345' title='bbox 539 2877 921 2948; x_wconf 86' lang='grc' dir='ltr'>εὑσημοτέροις</span> <span class='ocrx_word' id='word_1_346' title='bbox 967 2877 1192 2947; x_wconf 84' lang='grc' dir='ltr'>ὀνόμασί</span> <span class='ocrx_word' id='word_1_347' title='bbox 1227 2894 1286 2930; x_wconf 90' lang='grc' dir='ltr'><strong>τε</strong></span> <span class='ocrx_word' id='word_1_348' title='bbox 1328 2877 1422 2930; x_wconf 80' lang='grc' dir='ltr'><strong>καὶ</strong></span> <span class='ocrx_word' id='word_1_349' title='bbox 1455 2878 1687 2947; x_wconf 86' lang='grc' dir='ltr'>νοήμασι</span> <span class='ocrx_word' id='word_1_350' title='bbox 1718 2877 1845 2947; x_wconf 79' lang='grc' dir='ltr'>περὶ</span> 
     </span>
    </p>
   </div>
   <div class='ocr_carea' id='block_1_48' title="bbox 268 2967 1841 3040">
    <p class='ocr_par' dir='ltr' id='par_1_48' title="bbox 268 2967 1841 3040">
     <span class='ocr_line' id='line_1_48' title="bbox 268 2967 1841 3040; baseline 0 -18"><span class='ocrx_word' id='word_1_351' title='bbox 268 2969 363 3023; x_wconf 80' lang='grc' dir='ltr'>τοῦ</span> <span class='ocrx_word' id='word_1_352' title='bbox 400 2970 554 3038; x_wconf 64' lang='grc' dir='ltr'>ἀντίου</span> <span class='ocrx_word' id='word_1_353' title='bbox 605 2969 915 3040; x_wconf 88' lang='grc' dir='ltr'>Πνεύματος</span> <span class='ocrx_word' id='word_1_354' title='bbox 966 2970 1014 3021; x_wconf 78' lang='lat' dir='ltr'><strong>oi</strong></span> <span class='ocrx_word' id='word_1_355' title='bbox 1056 2967 1402 3033; x_wconf 79' lang='grc' dir='ltr'>εὐσεϐοῦντες</span> <span class='ocrx_word' id='word_1_356' title='bbox 1457 2969 1841 3039; x_wconf 87' lang='grc' dir='ltr'>συνθήσονται,</span> 
     </span>
    </p>
   </div>
   <div class='ocr_carea' id='block_1_49' title="bbox 269 3058 1841 3133">
    <p class='ocr_par' dir='ltr' id='par_1_49' title="bbox 269 3058 1841 3133">
     <span class='ocr_line' id='line_1_49' title="bbox 269 3058 1841 3133; baseline -0.002 -16"><span class='ocrx_word' id='word_1_357' title='bbox 269 3064 364 3117; x_wconf 81' lang='grc' dir='ltr'><strong>καὶ</strong></span> <span class='ocrx_word' id='word_1_358' title='bbox 419 3062 635 3133; x_wconf 84' lang='grc' dir='ltr'>ἐροῦσιν</span> <span class='ocrx_word' id='word_1_359' title='bbox 676 3058 814 3116; x_wconf 75' lang='grc' dir='ltr'>εἶναι</span> <span class='ocrx_word' id='word_1_360' title='bbox 858 3060 1028 3114; x_wconf 80' lang='grc' dir='ltr'>ταῦτα</span> <span class='ocrx_word' id='word_1_361' title='bbox 1063 3059 1101 3114; x_wconf 79' lang='grc' dir='ltr'><strong>ἃ.</strong></span> <span class='ocrx_word' id='word_1_362' title='bbox 1132 3060 1197 3132; x_wconf 80' lang='grc' dir='ltr'>δὴ</span> <span class='ocrx_word' id='word_1_363' title='bbox 1232 3060 1489 3125; x_wconf 81' lang='grc' dir='ltr'>πολλάκις</span> <span class='ocrx_word' id='word_1_364' title='bbox 1522 3063 1841 3133; x_wconf 74' lang='grc' dir='ltr'>εἰρήκαμεν,</span> 
     </span>
    </p>
   </div>
   <div class='ocr_carea' id='block_1_50' title="bbox 268 3152 1842 3225">
    <p class='ocr_par' dir='ltr' id='par_1_50' title="bbox 268 3152 1842 3225">
     <span class='ocr_line' id='line_1_50' title="bbox 268 3152 1842 3225; baseline 0.001 -18"><span class='ocrx_word' id='word_1_365' title='bbox 268 3154 470 3225; x_wconf 87' lang='grc' dir='ltr'>τίμιον,</span> <span class='ocrx_word' id='word_1_366' title='bbox 503 3153 745 3217; x_wconf 89' lang='grc' dir='ltr'>δυνατὸν,</span> <span class='ocrx_word' id='word_1_367' title='bbox 785 3152 991 3217; x_wconf 73' lang='grc' dir='ltr'>ἔνδοξον</span> <span class='ocrx_word' id='word_1_368' title='bbox 1012 3193 1027 3217; x_wconf 92' lang='grc'><strong>,</strong></span> <span class='ocrx_word' id='word_1_369' title='bbox 1055 3152 1277 3221; x_wconf 82' lang='grc' dir='ltr'>ἀγαθὸν,</span> <span class='ocrx_word' id='word_1_370' title='bbox 1304 3154 1399 3207; x_wconf 79' lang='grc' dir='ltr'><strong>καὶ</strong></span> <span class='ocrx_word' id='word_1_371' title='bbox 1428 3154 1481 3206; x_wconf 80' lang='grc' dir='ltr'><strong>εί</strong></span> <span class='ocrx_word' id='word_1_372' title='bbox 1497 3170 1547 3207; x_wconf 90' lang='grc' dir='ltr'><strong>τι</strong></span> <span class='ocrx_word' id='word_1_373' title='bbox 1580 3152 1708 3207; x_wconf 75' lang='grc' dir='ltr'>ἄλλο</span> <span class='ocrx_word' id='word_1_374' title='bbox 1733 3154 1842 3208; x_wconf 86' lang='grc' dir='ltr'><strong>τῶν</strong></span> 
     </span>
    </p>
   </div>
   <div class='ocr_carea' id='block_1_51' title="bbox 272 3242 1842 3315">
    <p class='ocr_par' dir='ltr' id='par_1_51' title="bbox 272 3242 1842 3315">
     <span class='ocr_line' id='line_1_51' title="bbox 272 3242 1842 3315; baseline 0.001 -19"><span class='ocrx_word' id='word_1_375' title='bbox 272 3244 408 3315; x_wconf 84' lang='grc' dir='ltr'>πρὸς</span> <span class='ocrx_word' id='word_1_376' title='bbox 432 3242 707 3297; x_wconf 84' lang='grc' dir='ltr'>εὐσέϐειαν</span> <span class='ocrx_word' id='word_1_377' title='bbox 746 3243 1120 3297; x_wconf 84' lang='grc' dir='ltr'>συντεινόντων</span> <span class='ocrx_word' id='word_1_378' title='bbox 1158 3242 1395 3312; x_wconf 84' lang='grc' dir='ltr'>λέγεται.</span> <span class='ocrx_word' id='word_1_379' title='bbox 1435 3242 1620 3298; x_wconf 79' lang='grc' dir='ltr'>Ταῦτα</span> <span class='ocrx_word' id='word_1_380' title='bbox 1644 3244 1703 3297; x_wconf 83' lang='grc' dir='ltr'>δὲ</span> <span class='ocrx_word' id='word_1_381' title='bbox 1743 3246 1842 3299; x_wconf 87' lang='grc' dir='ltr'><strong>οὑκ</strong></span> 
     </span>
    </p>
   </div>
   <div class='ocr_carea' id='block_1_52' title="bbox 268 3334 1841 3408">
    <p class='ocr_par' dir='ltr' id='par_1_52' title="bbox 268 3334 1841 3408">
     <span class='ocr_line' id='line_1_52' title="bbox 268 3334 1841 3408; baseline 0 -19"><span class='ocrx_word' id='word_1_382' title='bbox 268 3335 474 3398; x_wconf 79' lang='grc' dir='ltr'>ἀτελῶς</span> <span class='ocrx_word' id='word_1_383' title='bbox 499 3337 781 3407; x_wconf 89' lang='grc' dir='ltr'>προσεῖναι</span> <span class='ocrx_word' id='word_1_384' title='bbox 813 3335 892 3406; x_wconf 83' lang='grc' dir='ltr'>τῷ</span> <span class='ocrx_word' id='word_1_385' title='bbox 919 3335 1217 3405; x_wconf 86' lang='grc' dir='ltr'>Πνεύματι,</span> <span class='ocrx_word' id='word_1_386' title='bbox 1249 3334 1370 3388; x_wconf 83' lang='grc' dir='ltr'>οὑδὲ</span> <span class='ocrx_word' id='word_1_387' title='bbox 1404 3337 1841 3408; x_wconf 82' lang='grc' dir='ltr'>περιωρισμένην</span> 
     </span>
    </p>
   </div>
   <div class='ocr_carea' id='block_1_53' title="bbox 268 3428 1843 3501">
    <p class='ocr_par' dir='ltr' id='par_1_53' title="bbox 268 3428 1843 3501">
     <span class='ocr_line' id='line_1_53' title="bbox 268 3428 1843 3501; baseline -0.003 -17"><span class='ocrx_word' id='word_1_388' title='bbox 268 3429 460 3501; x_wconf 71' lang='grc' dir='ltr'>ἔχοντα</span> <span class='ocrx_word' id='word_1_389' title='bbox 482 3428 576 3482; x_wconf 78' lang='grc' dir='ltr'>τοῦ</span> <span class='ocrx_word' id='word_1_390' title='bbox 610 3428 776 3483; x_wconf 78' lang='grc' dir='ltr'>καλοῦ</span> <span class='ocrx_word' id='word_1_391' title='bbox 808 3430 903 3500; x_wconf 79' lang='grc' dir='ltr'><strong>τὴν</strong></span> <span class='ocrx_word' id='word_1_392' title='bbox 928 3430 1218 3499; x_wconf 87' lang='grc' dir='ltr'>ποσότητα,</span> <span class='ocrx_word' id='word_1_393' title='bbox 1248 3428 1363 3481; x_wconf 83' lang='grc' dir='ltr'>ἀλλ’</span> <span class='ocrx_word' id='word_1_394' title='bbox 1394 3428 1488 3481; x_wconf 75' lang='grc' dir='ltr'><strong>ἐπὶ</strong></span> <span class='ocrx_word' id='word_1_395' title='bbox 1524 3428 1584 3481; x_wconf 81' lang='grc' dir='ltr'>τὸ</span> <span class='ocrx_word' id='word_1_396' title='bbox 1618 3428 1843 3499; x_wconf 81' lang='grc' dir='ltr'>ἄπειρον</span> 
     </span>
    </p>
   </div>
   <div class='ocr_carea' id='block_1_54' title="bbox 267 3517 1844 3588">
    <p class='ocr_par' dir='ltr' id='par_1_54' title="bbox 267 3517 1844 3588">
     <span class='ocr_line' id='line_1_54' title="bbox 267 3517 1844 3588; baseline -0.001 -17"><span class='ocrx_word' id='word_1_397' title='bbox 267 3522 388 3582; x_wconf 86' lang='grc' dir='ltr'>ταῖς</span> <span class='ocrx_word' id='word_1_398' title='bbox 428 3517 649 3587; x_wconf 82' lang='grc' dir='ltr'>κλήσεσι</span> <span class='ocrx_word' id='word_1_399' title='bbox 696 3517 1059 3586; x_wconf 88' lang='grc' dir='ltr'>συμϐαίνοντα</span> <span class='ocrx_word' id='word_1_400' title='bbox 1087 3535 1099 3545; x_wconf 93' lang='grc'><strong>·</strong></span> <span class='ocrx_word' id='word_1_401' title='bbox 1136 3518 1195 3570; x_wconf 91' lang='grc' dir='ltr'><strong>οὑ</strong></span> <span class='ocrx_word' id='word_1_402' title='bbox 1247 3518 1355 3588; x_wconf 87' lang='grc' dir='ltr'><strong>γὰρ</strong></span> <span class='ocrx_word' id='word_1_403' title='bbox 1391 3518 1549 3587; x_wconf 83' lang='grc' dir='ltr'>μέχρι</span> <span class='ocrx_word' id='word_1_404' title='bbox 1580 3517 1723 3580; x_wconf 84' lang='grc' dir='ltr'>τινὸς</span> <span class='ocrx_word' id='word_1_405' title='bbox 1762 3517 1844 3569; x_wconf 87' lang='grc' dir='ltr'>τί-</span> 
     </span>
    </p>
   </div>
   <div class='ocr_carea' id='block_1_55' title="bbox 271 3606 1845 3683">
    <p class='ocr_par' dir='ltr' id='par_1_55' title="bbox 271 3606 1845 3683">
     <span class='ocr_line' id='line_1_55' title="bbox 271 3606 1845 3683; baseline -0.001 -19"><span class='ocrx_word' id='word_1_406' title='bbox 271 3629 393 3683; x_wconf 88' lang='grc' dir='ltr'>μιον</span> <span class='ocrx_word' id='word_1_407' title='bbox 418 3654 431 3678; x_wconf 89' lang='grc'><strong>,</strong></span> <span class='ocrx_word' id='word_1_408' title='bbox 457 3606 575 3665; x_wconf 84' lang='grc' dir='ltr'>εἶτα</span> <span class='ocrx_word' id='word_1_409' title='bbox 613 3609 741 3665; x_wconf 78' lang='grc' dir='ltr'>ἄλλο</span> <span class='ocrx_word' id='word_1_410' title='bbox 778 3627 830 3663; x_wconf 89' lang='grc' dir='ltr'><strong>τι</strong></span> <span class='ocrx_word' id='word_1_411' title='bbox 868 3614 1065 3663; x_wconf 85' lang='grc' dir='ltr'>νοεῖται</span> <span class='ocrx_word' id='word_1_412' title='bbox 1100 3610 1249 3681; x_wconf 83' lang='grc' dir='ltr'>παρὰ</span> <span class='ocrx_word' id='word_1_413' title='bbox 1282 3611 1343 3664; x_wconf 87' lang='grc' dir='ltr'><strong>τὸ</strong></span> <span class='ocrx_word' id='word_1_414' title='bbox 1390 3611 1595 3680; x_wconf 89' lang='grc' dir='ltr'>τίμιον,</span> <span class='ocrx_word' id='word_1_415' title='bbox 1621 3609 1733 3662; x_wconf 83' lang='grc' dir='ltr'>ἀλλ’</span> <span class='ocrx_word' id='word_1_416' title='bbox 1756 3610 1845 3663; x_wconf 77' lang='grc' dir='ltr'>ἀεὶ</span> 
     </span>
    </p>
   </div>
   <div class='ocr_carea' id='block_1_56' title="bbox 268 3702 1844 3771">
    <p class='ocr_par' dir='ltr' id='par_1_56' title="bbox 268 3702 1844 3771">
     <span class='ocr_line' id='line_1_56' title="bbox 268 3702 1844 3771; baseline -0.004 -12"><span class='ocrx_word' id='word_1_417' title='bbox 268 3706 528 3759; x_wconf 75' lang='grc' dir='ltr'>τοιοῦτον.</span> <span class='ocrx_word' id='word_1_418' title='bbox 558 3706 664 3758; x_wconf 74' lang='grc' dir='ltr'><strong>Καὶ</strong></span> <span class='ocrx_word' id='word_1_419' title='bbox 714 3704 762 3756; x_wconf 82' lang='grc' dir='ltr'><strong>εί</strong></span> <span class='ocrx_word' id='word_1_420' title='bbox 801 3703 1027 3756; x_wconf 84' lang='grc' dir='ltr'>κατόπιν</span> <span class='ocrx_word' id='word_1_421' title='bbox 1072 3702 1180 3757; x_wconf 85' lang='grc' dir='ltr'>τῶν</span> <span class='ocrx_word' id='word_1_422' title='bbox 1219 3702 1430 3756; x_wconf 76' lang='grc' dir='ltr'>αἰώνων</span> <span class='ocrx_word' id='word_1_423' title='bbox 1471 3702 1721 3771; x_wconf 63' lang='grc' dir='ltr'>Μγίζοιο,</span> <span class='ocrx_word' id='word_1_424' title='bbox 1750 3703 1844 3754; x_wconf 75' lang='grc' dir='ltr'><strong>καὶ</strong></span> 
     </span>
    </p>
   </div>
   <div class='ocr_carea' id='block_1_57' title="bbox 267 3793 1844 3867">
    <p class='ocr_par' dir='ltr' id='par_1_57' title="bbox 267 3793 1844 3867">
     <span class='ocr_line' id='line_1_57' title="bbox 267 3793 1844 3867; baseline -0.004 -17"><span class='ocrx_word' id='word_1_425' title='bbox 267 3800 319 3850; x_wconf 83' lang='grc' dir='ltr'>εἰ</span> <span class='ocrx_word' id='word_1_426' title='bbox 346 3797 480 3867; x_wconf 77' lang='grc' dir='ltr'>πρὸς</span> <span class='ocrx_word' id='word_1_427' title='bbox 501 3796 562 3849; x_wconf 79' lang='grc' dir='ltr'>τὸ</span> <span class='ocrx_word' id='word_1_428' title='bbox 585 3794 780 3866; x_wconf 77' lang='grc' dir='ltr'>ἐφεξῆς</span> <span class='ocrx_word' id='word_1_429' title='bbox 814 3794 1150 3867; x_wconf 80' lang='grc' dir='ltr'>ἁποϐλὲπῃς,</span> <span class='ocrx_word' id='word_1_430' title='bbox 1183 3796 1243 3848; x_wconf 88' lang='grc' dir='ltr'><strong>ἐν</strong></span> <span class='ocrx_word' id='word_1_431' title='bbox 1274 3793 1522 3847; x_wconf 82' lang='grc' dir='ltr'>οὑδενὶτὸ</span> <span class='ocrx_word' id='word_1_432' title='bbox 1559 3793 1740 3845; x_wconf 85' lang='grc' dir='ltr'>λεῖπον</span> <span class='ocrx_word' id='word_1_433' title='bbox 1763 3793 1844 3855; x_wconf 80' lang='grc' dir='ltr'><strong>εἰς</strong></span> 
     </span>
    </p>
   </div>
   <div class='ocr_carea' id='block_1_58' title="bbox 263 3885 1843 3962">
    <p class='ocr_par' dir='ltr' id='par_1_58' title="bbox 263 3885 1843 3962">
     <span class='ocr_line' id='line_1_58' title="bbox 263 3885 1843 3962; baseline -0.004 -18"><span class='ocrx_word' id='word_1_434' title='bbox 263 3890 431 3962; x_wconf 78' lang='grc' dir='ltr'>τιμὴν</span> <span class='ocrx_word' id='word_1_435' title='bbox 455 3890 487 3961; x_wconf 87' lang='grc' dir='ltr'>ἢ</span> <span class='ocrx_word' id='word_1_436' title='bbox 507 3889 663 3956; x_wconf 82' lang='grc' dir='ltr'>δόξαν</span> <span class='ocrx_word' id='word_1_437' title='bbox 684 3889 717 3959; x_wconf 81' lang='grc' dir='ltr'>ἢ</span> <span class='ocrx_word' id='word_1_438' title='bbox 744 3888 969 3959; x_wconf 89' lang='grc' dir='ltr'>δύναμιν</span> <span class='ocrx_word' id='word_1_439' title='bbox 998 3888 1331 3960; x_wconf 85' lang='grc' dir='ltr'>ἐξευρήσεις,</span> <span class='ocrx_word' id='word_1_440' title='bbox 1352 3887 1427 3950; x_wconf 83' lang='grc' dir='ltr'>ὡς</span> <span class='ocrx_word' id='word_1_441' title='bbox 1454 3886 1486 3957; x_wconf 85' lang='grc' dir='ltr'>ἢ</span> <span class='ocrx_word' id='word_1_442' title='bbox 1509 3885 1649 3939; x_wconf 81' lang='grc' dir='ltr'>κατὰ</span> <span class='ocrx_word' id='word_1_443' title='bbox 1676 3901 1843 3957; x_wconf 86' lang='grc' dir='ltr'>προσ-</span> 
     </span>
    </p>
   </div>
   <div class='ocr_carea' id='block_1_59' title="bbox 269 3978 1842 4054">
    <p class='ocr_par' dir='ltr' id='par_1_59' title="bbox 269 3978 1842 4054">
     <span class='ocr_line' id='line_1_59' title="bbox 269 3978 1842 4054; baseline -0.003 -19"><span class='ocrx_word' id='word_1_444' title='bbox 269 3982 445 4054; x_wconf 67' lang='grc' dir='ltr'>θήκην</span> <span class='ocrx_word' id='word_1_445' title='bbox 478 3980 810 4051; x_wconf 79' lang='grc' dir='ltr'>αὑξεσθαι,ἢ</span> <span class='ocrx_word' id='word_1_446' title='bbox 849 3980 1200 4034; x_wconf 79' lang='grc' dir='ltr'>ἐλαττοῦσθαι</span> <span class='ocrx_word' id='word_1_447' title='bbox 1224 3979 1289 4033; x_wconf 86' lang='grc' dir='ltr'>δι’</span> <span class='ocrx_word' id='word_1_448' title='bbox 1320 3978 1677 4050; x_wconf 80' lang='grc' dir='ltr'>ὑφαιρέσεως.</span> <span class='ocrx_word' id='word_1_449' title='bbox 1699 3978 1842 4031; x_wconf 73' lang='lat' dir='ltr'><strong>06x-</strong></span> 
     </span>
    </p>
   </div>
   <div class='ocr_carea' id='block_1_60' title="bbox 268 4069 1843 4141">
    <p class='ocr_par' dir='ltr' id='par_1_60' title="bbox 268 4069 1843 4141">
     <span class='ocr_line' id='line_1_60' title="bbox 268 4069 1843 4141; baseline -0.005 -11"><span class='ocrx_word' id='word_1_450' title='bbox 268 4076 363 4130; x_wconf 80' lang='grc' dir='ltr'>οὖν</span> <span class='ocrx_word' id='word_1_451' title='bbox 393 4077 441 4128; x_wconf 83' lang='grc' dir='ltr'><strong>εί</strong></span> <span class='ocrx_word' id='word_1_452' title='bbox 490 4074 611 4128; x_wconf 84' lang='grc' dir='ltr'>ὅλον</span> <span class='ocrx_word' id='word_1_453' title='bbox 658 4074 725 4127; x_wconf 82' lang='grc' dir='ltr'>δι’</span> <span class='ocrx_word' id='word_1_454' title='bbox 766 4073 888 4127; x_wconf 86' lang='grc' dir='ltr'>ὅλου</span> <span class='ocrx_word' id='word_1_455' title='bbox 921 4073 1145 4138; x_wconf 82' lang='grc' dir='ltr'>τέλειον,</span> <span class='ocrx_word' id='word_1_456' title='bbox 1189 4074 1248 4125; x_wconf 86' lang='grc' dir='ltr'><strong>ἐν</strong></span> <span class='ocrx_word' id='word_1_457' title='bbox 1278 4072 1454 4126; x_wconf 75' lang='grc' dir='ltr'>οὐδενὶ</span> <span class='ocrx_word' id='word_1_458' title='bbox 1491 4070 1707 4141; x_wconf 80' lang='grc' dir='ltr'>δέχεται</span> <span class='ocrx_word' id='word_1_459' title='bbox 1743 4069 1843 4140; x_wconf 83' lang='grc' dir='ltr'>τὴν</span> 
     </span>
    </p>
   </div>
   <div class='ocr_carea' id='block_1_61' title="bbox 267 4162 1840 4235">
    <p class='ocr_par' dir='ltr' id='par_1_61' title="bbox 267 4162 1840 4235">
     <span class='ocr_line' id='line_1_61' title="bbox 267 4162 1840 4235; baseline -0.004 -15"><span class='ocrx_word' id='word_1_460' title='bbox 267 4168 584 4221; x_wconf 79' lang='grc' dir='ltr'>ἐλάττωσιν.</span> <span class='ocrx_word' id='word_1_461' title='bbox 616 4164 752 4218; x_wconf 84' lang='grc' dir='ltr'>Καθ’</span> <span class='ocrx_word' id='word_1_462' title='bbox 782 4165 811 4218; x_wconf 84' lang='grc' dir='ltr'><strong>ὃ</strong></span> <span class='ocrx_word' id='word_1_463' title='bbox 854 4163 963 4235; x_wconf 77' lang='grc' dir='ltr'><strong>γάρ</strong></span> <span class='ocrx_word' id='word_1_464' title='bbox 1000 4164 1066 4218; x_wconf 80' lang='grc' dir='ltr'>ἂν</span> <span class='ocrx_word' id='word_1_465' title='bbox 1117 4162 1320 4234; x_wconf 85' lang='grc' dir='ltr'>μειωθῇ</span> <span class='ocrx_word' id='word_1_466' title='bbox 1367 4164 1497 4234; x_wconf 74' lang='grc' dir='ltr'>περὶ</span> <span class='ocrx_word' id='word_1_467' title='bbox 1527 4164 1628 4232; x_wconf 77' lang='grc' dir='ltr'>τὴν</span> <span class='ocrx_word' id='word_1_468' title='bbox 1658 4162 1840 4215; x_wconf 89' lang='grc' dir='ltr'>τοιαύ-</span> 
     </span>
    </p>
   </div>
   <div class='ocr_carea' id='block_1_62' title="bbox 265 4252 1843 4329">
    <p class='ocr_par' dir='ltr' id='par_1_62' title="bbox 265 4252 1843 4329">
     <span class='ocr_line' id='line_1_62' title="bbox 265 4252 1843 4329; baseline -0.006 -16"><span class='ocrx_word' id='word_1_469' title='bbox 265 4277 368 4329; x_wconf 90' lang='grc' dir='ltr'><strong>την</strong></span> <span class='ocrx_word' id='word_1_470' title='bbox 415 4258 666 4311; x_wconf 80' lang='grc' dir='ltr'>ὑπόνοιαν</span> <span class='ocrx_word' id='word_1_471' title='bbox 696 4258 729 4328; x_wconf 84' lang='grc' dir='ltr'><strong>ἡ</strong></span> <span class='ocrx_word' id='word_1_472' title='bbox 767 4256 1058 4327; x_wconf 83' lang='grc' dir='ltr'>τελειότης,</span> <span class='ocrx_word' id='word_1_473' title='bbox 1090 4255 1209 4309; x_wconf 84' lang='grc' dir='ltr'>κατ’</span> <span class='ocrx_word' id='word_1_474' title='bbox 1233 4256 1406 4307; x_wconf 82' lang='grc' dir='ltr'>ἐκεῖνο</span> <span class='ocrx_word' id='word_1_475' title='bbox 1450 4252 1609 4305; x_wconf 87' lang='grc' dir='ltr'>δώσει</span> <span class='ocrx_word' id='word_1_476' title='bbox 1660 4252 1843 4323; x_wconf 84' lang='grc' dir='ltr'>χώραν</span> 
     </span>
    </p>
   </div>
   <div class='ocr_carea' id='block_1_63' title="bbox 266 4340 1843 4417">
    <p class='ocr_par' dir='ltr' id='par_1_63' title="bbox 266 4340 1843 4417">
     <span class='ocr_line' id='line_1_63' title="bbox 266 4340 1843 4417; baseline -0.006 -17"><span class='ocrx_word' id='word_1_477' title='bbox 266 4349 391 4410; x_wconf 86' lang='grc' dir='ltr'>ταῖς</span> <span class='ocrx_word' id='word_1_478' title='bbox 418 4344 768 4417; x_wconf 50' lang='grc' dir='ltr'>ἀτιμοτέροις</span> <span class='ocrx_word' id='word_1_479' title='bbox 794 4344 902 4397; x_wconf 86' lang='grc' dir='ltr'><strong>τῶν</strong></span> <span class='ocrx_word' id='word_1_480' title='bbox 927 4343 1242 4414; x_wconf 74' lang='grc' dir='ltr'>ὑπολήψεων</span> <span class='ocrx_word' id='word_1_481' title='bbox 1261 4342 1353 4395; x_wconf 76' lang='grc' dir='ltr'>’τὸ</span> <span class='ocrx_word' id='word_1_482' title='bbox 1384 4341 1490 4411; x_wconf 86' lang='grc' dir='ltr'>γὰρ</span> <span class='ocrx_word' id='word_1_483' title='bbox 1524 4341 1597 4411; x_wconf 87' lang='grc' dir='ltr'>μὴ</span> <span class='ocrx_word' id='word_1_484' title='bbox 1626 4340 1843 4403; x_wconf 87' lang='grc' dir='ltr'>τελείως</span> 
     </span>
    </p>
   </div>
   <div class='ocr_carea' id='block_1_64' title="bbox 1943 1874 3517 1946">
    <p class='ocr_par' dir='ltr' id='par_1_64' title="bbox 1943 1874 3517 1946">
     <span class='ocr_line' id='line_1_64' title="bbox 1943 1874 3517 1946; baseline 0.005 -18"><span class='ocrx_word' id='word_1_485' title='bbox 1943 1874 2159 1928; x_wconf 88' lang='lat' dir='ltr'><strong>elucet:</strong></span> <span class='ocrx_word' id='word_1_486' title='bbox 2193 1875 2287 1944; x_wconf 91' lang='lat' dir='ltr'><strong>qui</strong></span> <span class='ocrx_word' id='word_1_487' title='bbox 2326 1876 2465 1930; x_wconf 91' lang='lat' dir='ltr'><strong>hanc</strong></span> <span class='ocrx_word' id='word_1_488' title='bbox 2496 1877 2548 1931; x_wconf 91' lang='lat' dir='ltr'><strong>ei</strong></span> <span class='ocrx_word' id='word_1_489' title='bbox 2602 1877 2857 1932; x_wconf 75' lang='lat' dir='ltr'><strong>concedit</strong></span> <span class='ocrx_word' id='word_1_490' title='bbox 2897 1878 3176 1946; x_wconf 85' lang='lat' dir='ltr'><strong>virtutem,</strong></span> <span class='ocrx_word' id='word_1_491' title='bbox 3225 1882 3517 1936; x_wconf 88' lang='lat' dir='ltr'><strong>conﬁtetur</strong></span> 
     </span>
    </p>
   </div>
   <div class='ocr_carea' id='block_1_65' title="bbox 1944 1967 3512 2043">
    <p class='ocr_par' dir='ltr' id='par_1_65' title="bbox 1944 1967 3512 2043">
     <span class='ocr_line' id='line_1_65' title="bbox 1944 1967 3512 2043; baseline 0.006 -24"><span class='ocrx_word' id='word_1_492' title='bbox 1944 1974 2001 2019; x_wconf 89' lang='lat' dir='ltr'><strong>et</strong></span> <span class='ocrx_word' id='word_1_493' title='bbox 2031 1967 2269 2037; x_wconf 88' lang='lat' dir='ltr'><strong>reliqua,</strong></span> <span class='ocrx_word' id='word_1_494' title='bbox 2305 1984 2503 2039; x_wconf 84' lang='lat' dir='ltr'><strong>nempe</strong></span> <span class='ocrx_word' id='word_1_495' title='bbox 2541 1978 2597 2025; x_wconf 89' lang='lat' dir='ltr'><strong>et</strong></span> <span class='ocrx_word' id='word_1_496' title='bbox 2634 1971 2933 2040; x_wconf 90' lang='lat' dir='ltr'><strong>gloriosum</strong></span> <span class='ocrx_word' id='word_1_497' title='bbox 2958 1988 3080 2028; x_wconf 87' lang='lat' dir='ltr'><strong>esse</strong></span> <span class='ocrx_word' id='word_1_498' title='bbox 3108 1983 3160 2028; x_wconf 92' lang='lat' dir='ltr'><strong>et</strong></span> <span class='ocrx_word' id='word_1_499' title='bbox 3215 1983 3512 2043; x_wconf 84' lang='lat' dir='ltr'><strong>potentem,</strong></span> 
     </span>
    </p>
   </div>
   <div class='ocr_carea' id='block_1_66' title="bbox 1938 2058 3511 2134">
    <p class='ocr_par' dir='ltr' id='par_1_66' title="bbox 1938 2058 3511 2134">
     <span class='ocr_line' id='line_1_66' title="bbox 1938 2058 3511 2134; baseline 0.007 -22"><span class='ocrx_word' id='word_1_500' title='bbox 1938 2068 1999 2113; x_wconf 87' lang='lat' dir='ltr'><strong>et</strong></span> <span class='ocrx_word' id='word_1_501' title='bbox 2030 2058 2248 2128; x_wconf 89' lang='lat' dir='ltr'><strong>quidvis</strong></span> <span class='ocrx_word' id='word_1_502' title='bbox 2280 2059 2433 2114; x_wconf 88' lang='lat' dir='ltr'><strong>aliud</strong></span> <span class='ocrx_word' id='word_1_503' title='bbox 2487 2061 2731 2116; x_wconf 88' lang='lat' dir='ltr'><strong>melioris</strong></span> <span class='ocrx_word' id='word_1_504' title='bbox 2783 2063 2861 2117; x_wconf 87' lang='lat' dir='ltr'><strong>rei</strong></span> <span class='ocrx_word' id='word_1_505' title='bbox 2915 2064 3278 2134; x_wconf 87' lang='lat' dir='ltr'><strong>signiﬁcatum</strong></span> <span class='ocrx_word' id='word_1_506' title='bbox 3328 2067 3511 2123; x_wconf 89' lang='lat' dir='ltr'><strong>habet.</strong></span> 
     </span>
    </p>
   </div>
   <div class='ocr_carea' id='block_1_67' title="bbox 1941 2150 3514 2230">
    <p class='ocr_par' dir='ltr' id='par_1_67' title="bbox 1941 2150 3514 2230">
     <span class='ocr_line' id='line_1_67' title="bbox 1941 2150 3514 2230; baseline 0.006 -25"><span class='ocrx_word' id='word_1_507' title='bbox 1941 2150 2129 2221; x_wconf 86' lang='lat' dir='ltr'><strong>Neque</strong></span> <span class='ocrx_word' id='word_1_508' title='bbox 2154 2153 2299 2207; x_wconf 92' lang='lat' dir='ltr'><strong>enim</strong></span> <span class='ocrx_word' id='word_1_509' title='bbox 2325 2154 2586 2223; x_wconf 90' lang='lat' dir='ltr'><strong>possibile</strong></span> <span class='ocrx_word' id='word_1_510' title='bbox 2618 2161 2703 2209; x_wconf 91' lang='lat' dir='ltr'><strong>est</strong></span> <span class='ocrx_word' id='word_1_511' title='bbox 2725 2170 2834 2208; x_wconf 89' lang='lat' dir='ltr'><strong>non</strong></span> <span class='ocrx_word' id='word_1_512' title='bbox 2870 2155 3117 2211; x_wconf 75' lang='lat' dir='ltr'><strong>confiteri</strong></span> <span class='ocrx_word' id='word_1_513' title='bbox 3150 2158 3264 2212; x_wconf 76' lang='lat' dir='ltr'><strong>haec</strong></span> <span class='ocrx_word' id='word_1_514' title='bbox 3291 2159 3366 2213; x_wconf 88' lang='lat' dir='ltr'><strong>de</strong></span> <span class='ocrx_word' id='word_1_515' title='bbox 3386 2160 3514 2230; x_wconf 74' lang='lat' dir='ltr'><strong>Spi-</strong></span> 
     </span>
    </p>
   </div>
   <div class='ocr_carea' id='block_1_68' title="bbox 1944 2241 3513 2319">
    <p class='ocr_par' dir='ltr' id='par_1_68' title="bbox 1944 2241 3513 2319">
     <span class='ocr_line' id='line_1_68' title="bbox 1944 2241 3513 2319; baseline 0.006 -25"><span class='ocrx_word' id='word_1_516' title='bbox 1944 2241 2073 2306; x_wconf 91' lang='lat' dir='ltr'><strong>ritu,</strong></span> <span class='ocrx_word' id='word_1_517' title='bbox 2101 2252 2323 2311; x_wconf 88' lang='lat' dir='ltr'><strong>propter</strong></span> <span class='ocrx_word' id='word_1_518' title='bbox 2353 2243 2848 2298; x_wconf 88' lang='lat' dir='ltr'><strong>contradictionem</strong></span> <span class='ocrx_word' id='word_1_519' title='bbox 2879 2245 3096 2300; x_wconf 92' lang='lat' dir='ltr'><strong>illorum</strong></span> <span class='ocrx_word' id='word_1_520' title='bbox 3129 2262 3251 2316; x_wconf 67' lang='lat' dir='ltr'><strong>qua:</strong></span> <span class='ocrx_word' id='word_1_521' title='bbox 3286 2248 3370 2306; x_wconf 89' lang='lat' dir='ltr'><strong>his</strong></span> <span class='ocrx_word' id='word_1_522' title='bbox 3414 2266 3513 2319; x_wconf 86' lang='lat' dir='ltr'><strong>op-</strong></span> 
     </span>
    </p>
   </div>
   <div class='ocr_carea' id='block_1_69' title="bbox 1944 2334 3515 2408">
    <p class='ocr_par' dir='ltr' id='par_1_69' title="bbox 1944 2334 3515 2408">
     <span class='ocr_line' id='line_1_69' title="bbox 1944 2334 3515 2408; baseline 0.008 -23"><span class='ocrx_word' id='word_1_523' title='bbox 1944 2343 2223 2402; x_wconf 90' lang='lat' dir='ltr'><strong>ponuntur</strong></span> <span class='ocrx_word' id='word_1_524' title='bbox 2256 2334 2671 2390; x_wconf 87' lang='lat' dir='ltr'><strong>vocabulorum.</strong></span> <span class='ocrx_word' id='word_1_525' title='bbox 2736 2334 2871 2389; x_wconf 84' lang='lat' dir='ltr'><strong>Nam</strong></span> <span class='ocrx_word' id='word_1_526' title='bbox 2900 2338 2992 2407; x_wconf 89' lang='lat' dir='ltr'><strong>qui</strong></span> <span class='ocrx_word' id='word_1_527' title='bbox 3038 2338 3342 2408; x_wconf 89' lang='lat' dir='ltr'><strong>gloriosum</strong></span> <span class='ocrx_word' id='word_1_528' title='bbox 3393 2357 3515 2397; x_wconf 86' lang='lat' dir='ltr'><strong>esse</strong></span> 
     </span>
    </p>
   </div>
   <div class='ocr_carea' id='block_1_70' title="bbox 1944 2423 3514 2500">
    <p class='ocr_par' dir='ltr' id='par_1_70' title="bbox 1944 2423 3514 2500">
     <span class='ocr_line' id='line_1_70' title="bbox 1944 2423 3514 2500; baseline 0.007 -24"><span class='ocrx_word' id='word_1_529' title='bbox 1944 2438 2054 2478; x_wconf 90' lang='lat' dir='ltr'><strong>non</strong></span> <span class='ocrx_word' id='word_1_530' title='bbox 2079 2423 2362 2484; x_wconf 90' lang='lat' dir='ltr'><strong>concedet.</strong></span> <span class='ocrx_word' id='word_1_531' title='bbox 2398 2424 2690 2494; x_wconf 78' lang='lat' dir='ltr'><strong>inglorium</strong></span> <span class='ocrx_word' id='word_1_532' title='bbox 2723 2426 3052 2495; x_wconf 89' lang='lat' dir='ltr'><strong>alIirmahit;</strong></span> <span class='ocrx_word' id='word_1_533' title='bbox 3088 2432 3177 2499; x_wconf 91' lang='lat' dir='ltr'><strong>qui</strong></span> <span class='ocrx_word' id='word_1_534' title='bbox 3216 2433 3514 2500; x_wconf 77' lang='lat' dir='ltr'><strong>potentiam</strong></span> 
     </span>
    </p>
   </div>
   <div class='ocr_carea' id='block_1_71' title="bbox 1942 2515 3519 2584">
    <p class='ocr_par' dir='ltr' id='par_1_71' title="bbox 1942 2515 3519 2584">
     <span class='ocr_line' id='line_1_71' title="bbox 1942 2515 3519 2584; baseline 0.007 -16"><span class='ocrx_word' id='word_1_535' title='bbox 1942 2516 1992 2568; x_wconf 89' lang='lat' dir='ltr'><strong>ei</strong></span> <span class='ocrx_word' id='word_1_536' title='bbox 2025 2515 2323 2584; x_wconf 88' lang='lat' dir='ltr'><strong>negaverit,</strong></span> <span class='ocrx_word' id='word_1_537' title='bbox 2350 2517 2688 2570; x_wconf 90' lang='lat' dir='ltr'><strong>contrarium</strong></span> <span class='ocrx_word' id='word_1_538' title='bbox 2707 2525 2931 2573; x_wconf 84' lang='lat' dir='ltr'><strong>annuet.</strong></span> <span class='ocrx_word' id='word_1_539' title='bbox 2955 2519 3095 2574; x_wconf 90' lang='lat' dir='ltr'><strong>Idem</strong></span> <span class='ocrx_word' id='word_1_540' title='bbox 3114 2521 3204 2575; x_wconf 85' lang='lat' dir='ltr'><strong>ﬁet</strong></span> <span class='ocrx_word' id='word_1_541' title='bbox 3222 2524 3291 2577; x_wconf 91' lang='lat' dir='ltr'><strong>de</strong></span> <span class='ocrx_word' id='word_1_542' title='bbox 3309 2523 3519 2580; x_wconf 84' lang='lat' dir='ltr'><strong>honore</strong></span> 
     </span>
    </p>
   </div>
   <div class='ocr_carea' id='block_1_72' title="bbox 1942 2605 3517 2677">
    <p class='ocr_par' dir='ltr' id='par_1_72' title="bbox 1942 2605 3517 2677">
     <span class='ocr_line' id='line_1_72' title="bbox 1942 2605 3517 2677; baseline 0.006 -18"><span class='ocrx_word' id='word_1_543' title='bbox 1942 2620 2007 2659; x_wconf 87' lang='lat' dir='ltr'><strong>ac</strong></span> <span class='ocrx_word' id='word_1_544' title='bbox 2042 2605 2318 2671; x_wconf 86' lang='lat' dir='ltr'><strong>bonitate;</strong></span> <span class='ocrx_word' id='word_1_545' title='bbox 2352 2620 2417 2660; x_wconf 88' lang='lat' dir='ltr'><strong>ac</strong></span> <span class='ocrx_word' id='word_1_546' title='bbox 2449 2606 2556 2662; x_wconf 88' lang='lat' dir='ltr'><strong>nisi</strong></span> <span class='ocrx_word' id='word_1_547' title='bbox 2588 2608 2795 2675; x_wconf 85' lang='lat' dir='ltr'><strong>majora</strong></span> <span class='ocrx_word' id='word_1_548' title='bbox 2828 2610 2951 2677; x_wconf 90' lang='lat' dir='ltr'><strong>quis</strong></span> <span class='ocrx_word' id='word_1_549' title='bbox 2979 2610 3253 2675; x_wconf 89' lang='lat' dir='ltr'><strong>admittat,</strong></span> <span class='ocrx_word' id='word_1_550' title='bbox 3295 2621 3517 2668; x_wconf 52' lang='lat' dir='ltr'><strong>contr-as</strong></span> 
     </span>
    </p>
   </div>
   <div class='ocr_carea' id='block_1_73' title="bbox 1944 2695 3511 2769">
    <p class='ocr_par' dir='ltr' id='par_1_73' title="bbox 1944 2695 3511 2769">
     <span class='ocr_line' id='line_1_73' title="bbox 1944 2695 3511 2769; baseline 0.006 -19"><span class='ocrx_word' id='word_1_551' title='bbox 1944 2698 2023 2750; x_wconf 90' lang='lat' dir='ltr'><strong>ria</strong></span> <span class='ocrx_word' id='word_1_552' title='bbox 2050 2697 2275 2751; x_wconf 91' lang='lat' dir='ltr'><strong>omnino</strong></span> <span class='ocrx_word' id='word_1_553' title='bbox 2306 2695 2586 2753; x_wconf 77' lang='lat' dir='ltr'><strong>fatebitur.</strong></span> <span class='ocrx_word' id='word_1_554' title='bbox 2617 2697 2774 2765; x_wconf 85' lang='lat' dir='ltr'><strong>Quod</strong></span> <span class='ocrx_word' id='word_1_555' title='bbox 2804 2701 2850 2756; x_wconf 92' lang='lat' dir='ltr'><strong>si</strong></span> <span class='ocrx_word' id='word_1_556' title='bbox 2890 2701 2992 2756; x_wconf 91' lang='lat' dir='ltr'><strong>hoc</strong></span> <span class='ocrx_word' id='word_1_557' title='bbox 3033 2702 3367 2758; x_wconf 87' lang='lat' dir='ltr'><strong>horrendum</strong></span> <span class='ocrx_word' id='word_1_558' title='bbox 3405 2714 3511 2769; x_wconf 63' lang='lat' dir='ltr'><strong>est,</strong></span> 
     </span>
    </p>
   </div>
   <div class='ocr_carea' id='block_1_74' title="bbox 1942 2788 3519 2863">
    <p class='ocr_par' dir='ltr' id='par_1_74' title="bbox 1942 2788 3519 2863">
     <span class='ocr_line' id='line_1_74' title="bbox 1942 2788 3519 2863; baseline 0.004 -19"><span class='ocrx_word' id='word_1_559' title='bbox 1942 2800 1997 2844; x_wconf 84' lang='lat' dir='ltr'><strong>et</strong></span> <span class='ocrx_word' id='word_1_560' title='bbox 2028 2804 2197 2857; x_wconf 90' lang='lat' dir='ltr'><strong>supra</strong></span> <span class='ocrx_word' id='word_1_561' title='bbox 2220 2803 2435 2843; x_wconf 89' lang='lat' dir='ltr'><strong>omnem</strong></span> <span class='ocrx_word' id='word_1_562' title='bbox 2462 2788 2859 2846; x_wconf 89' lang='lat' dir='ltr'><strong>absurditatem</strong></span> <span class='ocrx_word' id='word_1_563' title='bbox 2890 2800 3055 2861; x_wconf 87' lang='lat' dir='ltr'><strong>atque</strong></span> <span class='ocrx_word' id='word_1_564' title='bbox 3094 2794 3519 2863; x_wconf 83' lang='lat' dir='ltr'><strong>blasphemiam,</strong></span> 
     </span>
    </p>
   </div>
   <div class='ocr_carea' id='block_1_75' title="bbox 1942 2880 3522 2955">
    <p class='ocr_par' dir='ltr' id='par_1_75' title="bbox 1942 2880 3522 2955">
     <span class='ocr_line' id='line_1_75' title="bbox 1942 2880 3522 2955; baseline 0.006 -23"><span class='ocrx_word' id='word_1_565' title='bbox 1942 2886 2161 2933; x_wconf 88' lang='lat' dir='ltr'><strong>constat</strong></span> <span class='ocrx_word' id='word_1_566' title='bbox 2188 2892 2407 2947; x_wconf 83' lang='lat' dir='ltr'><strong>aequum</strong></span> <span class='ocrx_word' id='word_1_567' title='bbox 2440 2893 2565 2933; x_wconf 89' lang='lat' dir='ltr'><strong>esse</strong></span> <span class='ocrx_word' id='word_1_568' title='bbox 2593 2887 2650 2933; x_wconf 92' lang='lat' dir='ltr'><strong>ut</strong></span> <span class='ocrx_word' id='word_1_569' title='bbox 2680 2880 3101 2950; x_wconf 86' lang='lat' dir='ltr'><strong>gloriosioribus</strong></span> <span class='ocrx_word' id='word_1_570' title='bbox 3130 2883 3307 2939; x_wconf 90' lang='lat' dir='ltr'><strong>titulis</strong></span> <span class='ocrx_word' id='word_1_571' title='bbox 3350 2893 3522 2955; x_wconf 87' lang='lat' dir='ltr'><strong>atque</strong></span> 
     </span>
    </p>
   </div>
   <div class='ocr_carea' id='block_1_76' title="bbox 1942 2955 3516 3039">
    <p class='ocr_par' dir='ltr' id='par_1_76' title="bbox 1942 2955 3516 3039">
     <span class='ocr_line' id='line_1_76' title="bbox 1942 2955 3516 3039; baseline 0.004 -15"><span class='ocrx_word' id='word_1_572' title='bbox 1942 2969 2302 3039; x_wconf 86' lang='lat' dir='ltr'><strong>conceptibus</strong></span> <span class='ocrx_word' id='word_1_573' title='bbox 2320 2969 2466 3024; x_wconf 90' lang='lat' dir='ltr'><strong>circa</strong></span> <span class='ocrx_word' id='word_1_574' title='bbox 2486 2968 2753 3039; x_wconf 85' lang='lat' dir='ltr'><strong>Spiritum</strong></span> <span class='ocrx_word' id='word_1_575' title='bbox 2768 2982 3018 3027; x_wconf 88' lang='lat' dir='ltr'><strong>sanctum</strong></span> <span class='ocrx_word' id='word_1_576' title='bbox 3041 2975 3333 3029; x_wconf 81' lang='lat' dir='ltr'><strong>orthodoxi</strong></span> <span class='ocrx_word' id='word_1_577' title='bbox 3353 2955 3516 3031; x_wconf 81' lang='lat' dir='ltr'><strong>utan-</strong></span> 
     </span>
    </p>
   </div>
   <div class='ocr_carea' id='block_1_77' title="bbox 1945 3060 3515 3133">
    <p class='ocr_par' dir='ltr' id='par_1_77' title="bbox 1945 3060 3515 3133">
     <span class='ocr_line' id='line_1_77' title="bbox 1945 3060 3515 3133; baseline 0.007 -22"><span class='ocrx_word' id='word_1_578' title='bbox 1945 3068 2070 3125; x_wconf 84' lang='lat' dir='ltr'><strong>tur;</strong></span> <span class='ocrx_word' id='word_1_579' title='bbox 2120 3060 2417 3129; x_wconf 91' lang='lat' dir='ltr'><strong>dicantque</strong></span> <span class='ocrx_word' id='word_1_580' title='bbox 2476 3061 2531 3114; x_wconf 93' lang='lat' dir='ltr'><strong>id</strong></span> <span class='ocrx_word' id='word_1_581' title='bbox 2563 3061 2708 3131; x_wconf 89' lang='lat' dir='ltr'><strong>quod</strong></span> <span class='ocrx_word' id='word_1_582' title='bbox 2762 3077 2863 3117; x_wconf 90' lang='lat' dir='ltr'><strong>nos</strong></span> <span class='ocrx_word' id='word_1_583' title='bbox 2922 3063 3341 3133; x_wconf 83' lang='lat' dir='ltr'><strong>inculcavimus,</strong></span> <span class='ocrx_word' id='word_1_584' title='bbox 3387 3083 3515 3122; x_wconf 89' lang='lat' dir='ltr'><strong>eum</strong></span> 
     </span>
    </p>
   </div>
   <div class='ocr_carea' id='block_1_78' title="bbox 1943 3151 3511 3225">
    <p class='ocr_par' dir='ltr' id='par_1_78' title="bbox 1943 3151 3511 3225">
     <span class='ocr_line' id='line_1_78' title="bbox 1943 3151 3511 3225; baseline 0.005 -20"><span class='ocrx_word' id='word_1_585' title='bbox 1943 3167 2066 3206; x_wconf 87' lang='lat' dir='ltr'><strong>esse</strong></span> <span class='ocrx_word' id='word_1_586' title='bbox 2098 3151 2504 3217; x_wconf 86' lang='lat' dir='ltr'><strong>honorabilem,</strong></span> <span class='ocrx_word' id='word_1_587' title='bbox 2555 3160 2854 3224; x_wconf 84' lang='lat' dir='ltr'><strong>potentem,</strong></span> <span class='ocrx_word' id='word_1_588' title='bbox 2908 3155 3234 3225; x_wconf 88' lang='lat' dir='ltr'><strong>gloriosum,</strong></span> <span class='ocrx_word' id='word_1_589' title='bbox 3286 3158 3511 3222; x_wconf 85' lang='lat' dir='ltr'><strong>bonum,</strong></span> 
     </span>
    </p>
   </div>
   <div class='ocr_carea' id='block_1_79' title="bbox 1942 3246 3514 3320">
    <p class='ocr_par' dir='ltr' id='par_1_79' title="bbox 1942 3246 3514 3320">
     <span class='ocr_line' id='line_1_79' title="bbox 1942 3246 3514 3320; baseline 0.005 -21"><span class='ocrx_word' id='word_1_590' title='bbox 1942 3254 1997 3300; x_wconf 75' lang='lat' dir='ltr'><strong>ot</strong></span> <span class='ocrx_word' id='word_1_591' title='bbox 2025 3246 2293 3317; x_wconf 83' lang='lat' dir='ltr'><strong>quidquid</strong></span> <span class='ocrx_word' id='word_1_592' title='bbox 2326 3246 2473 3301; x_wconf 87' lang='lat' dir='ltr'><strong>aliud</strong></span> <span class='ocrx_word' id='word_1_593' title='bbox 2503 3247 2570 3301; x_wconf 90' lang='lat' dir='ltr'><strong>ad</strong></span> <span class='ocrx_word' id='word_1_594' title='bbox 2600 3256 2810 3302; x_wconf 88' lang='lat' dir='ltr'><strong>rectum</strong></span> <span class='ocrx_word' id='word_1_595' title='bbox 2841 3249 3051 3302; x_wconf 85' lang='lat' dir='ltr'><strong>cultum</strong></span> <span class='ocrx_word' id='word_1_596' title='bbox 3082 3260 3334 3320; x_wconf 85' lang='lat' dir='ltr'><strong>spectare</strong></span> <span class='ocrx_word' id='word_1_597' title='bbox 3358 3251 3514 3307; x_wconf 86' lang='lat' dir='ltr'><strong>vide-</strong></span> 
     </span>
    </p>
   </div>
   <div class='ocr_carea' id='block_1_80' title="bbox 1943 3337 3513 3415">
    <p class='ocr_par' dir='ltr' id='par_1_80' title="bbox 1943 3337 3513 3415">
     <span class='ocr_line' id='line_1_80' title="bbox 1943 3337 3513 3415; baseline 0.005 -25"><span class='ocrx_word' id='word_1_598' title='bbox 1943 3344 2056 3391; x_wconf 89' lang='lat' dir='ltr'><strong>tur.</strong></span> <span class='ocrx_word' id='word_1_599' title='bbox 2091 3337 2217 3394; x_wconf 74' lang='lat' dir='ltr'><strong>Haec</strong></span> <span class='ocrx_word' id='word_1_600' title='bbox 2243 3348 2424 3393; x_wconf 90' lang='lat' dir='ltr'><strong>autem</strong></span> <span class='ocrx_word' id='word_1_601' title='bbox 2472 3339 2615 3393; x_wconf 90' lang='lat' dir='ltr'><strong>haud</strong></span> <span class='ocrx_word' id='word_1_602' title='bbox 2667 3341 2986 3410; x_wconf 89' lang='lat' dir='ltr'><strong>imperfecta</strong></span> <span class='ocrx_word' id='word_1_603' title='bbox 3020 3341 3249 3415; x_wconf 86' lang='lat' dir='ltr'><strong>Spiritui</strong></span> <span class='ocrx_word' id='word_1_604' title='bbox 3302 3343 3513 3410; x_wconf 80' lang='lat' dir='ltr'><strong>insunt,</strong></span> 
     </span>
    </p>
   </div>
   <div class='ocr_carea' id='block_1_81' title="bbox 1943 3428 3515 3504">
    <p class='ocr_par' dir='ltr' id='par_1_81' title="bbox 1943 3428 3515 3504">
     <span class='ocr_line' id='line_1_81' title="bbox 1943 3428 3515 3504; baseline 0.004 -22"><span class='ocrx_word' id='word_1_605' title='bbox 1943 3444 2125 3498; x_wconf 90' lang='lat' dir='ltr'><strong>neque</strong></span> <span class='ocrx_word' id='word_1_606' title='bbox 2172 3428 2453 3484; x_wconf 80' lang='lat' dir='ltr'><strong>definitam</strong></span> <span class='ocrx_word' id='word_1_607' title='bbox 2489 3429 2693 3485; x_wconf 87' lang='lat' dir='ltr'><strong>habent</strong></span> <span class='ocrx_word' id='word_1_608' title='bbox 2740 3432 3080 3487; x_wconf 66' lang='lat' dir='ltr'><strong>excellentiae</strong></span> <span class='ocrx_word' id='word_1_609' title='bbox 3129 3432 3515 3504; x_wconf 89' lang='lat' dir='ltr'><strong>quantitatem,</strong></span> 
     </span>
    </p>
   </div>
   <div class='ocr_carea' id='block_1_82' title="bbox 1943 3519 3512 3590">
    <p class='ocr_par' dir='ltr' id='par_1_82' title="bbox 1943 3519 3512 3590">
     <span class='ocr_line' id='line_1_82' title="bbox 1943 3519 3512 3590; baseline 0.004 -17"><span class='ocrx_word' id='word_1_610' title='bbox 1943 3519 2039 3573; x_wconf 87' lang='lat' dir='ltr'><strong>sed</strong></span> <span class='ocrx_word' id='word_1_611' title='bbox 2065 3519 2121 3573; x_wconf 92' lang='lat' dir='ltr'><strong>in</strong></span> <span class='ocrx_word' id='word_1_612' title='bbox 2168 3520 2495 3575; x_wconf 91' lang='lat' dir='ltr'><strong>immensum</strong></span> <span class='ocrx_word' id='word_1_613' title='bbox 2545 3520 2940 3590; x_wconf 90' lang='lat' dir='ltr'><strong>appellationes</strong></span> <span class='ocrx_word' id='word_1_614' title='bbox 2991 3537 3122 3577; x_wconf 90' lang='lat' dir='ltr'><strong>suas</strong></span> <span class='ocrx_word' id='word_1_615' title='bbox 3168 3524 3512 3580; x_wconf 84' lang='lat' dir='ltr'><strong>extendunt:</strong></span> 
     </span>
    </p>
   </div>
   <div class='ocr_carea' id='block_1_83' title="bbox 1944 3611 3514 3684">
    <p class='ocr_par' dir='ltr' id='par_1_83' title="bbox 1944 3611 3514 3684">
     <span class='ocr_line' id='line_1_83' title="bbox 1944 3611 3514 3684; baseline 0.003 -19"><span class='ocrx_word' id='word_1_616' title='bbox 1944 3627 2054 3666; x_wconf 91' lang='lat' dir='ltr'><strong>non</strong></span> <span class='ocrx_word' id='word_1_617' title='bbox 2091 3613 2236 3666; x_wconf 89' lang='lat' dir='ltr'><strong>enim</strong></span> <span class='ocrx_word' id='word_1_618' title='bbox 2272 3613 2621 3682; x_wconf 89' lang='lat' dir='ltr'><strong>aliquatenus</strong></span> <span class='ocrx_word' id='word_1_619' title='bbox 2656 3611 2991 3669; x_wconf 90' lang='lat' dir='ltr'><strong>honorabilis</strong></span> <span class='ocrx_word' id='word_1_620' title='bbox 3024 3613 3269 3684; x_wconf 86' lang='lat' dir='ltr'><strong>Spiritus</strong></span> <span class='ocrx_word' id='word_1_621' title='bbox 3313 3625 3419 3679; x_wconf 89' lang='lat' dir='ltr'><strong>est,</strong></span> <span class='ocrx_word' id='word_1_622' title='bbox 3457 3622 3514 3670; x_wconf 86' lang='lat' dir='ltr'><strong>et</strong></span> 
     </span>
    </p>
   </div>
   <div class='ocr_carea' id='block_1_84' title="bbox 1944 3702 3516 3777">
    <p class='ocr_par' dir='ltr' id='par_1_84' title="bbox 1944 3702 3516 3777">
     <span class='ocr_line' id='line_1_84' title="bbox 1944 3702 3516 3777; baseline 0.003 -20"><span class='ocrx_word' id='word_1_623' title='bbox 1944 3702 2141 3757; x_wconf 87' lang='lat' dir='ltr'><strong>deinde</strong></span> <span class='ocrx_word' id='word_1_624' title='bbox 2170 3703 2318 3757; x_wconf 91' lang='lat' dir='ltr'><strong>aliud</strong></span> <span class='ocrx_word' id='word_1_625' title='bbox 2351 3703 2484 3773; x_wconf 92' lang='lat' dir='ltr'><strong>quid</strong></span> <span class='ocrx_word' id='word_1_626' title='bbox 2518 3703 2571 3757; x_wconf 92' lang='lat' dir='ltr'><strong>in</strong></span> <span class='ocrx_word' id='word_1_627' title='bbox 2601 3718 2669 3757; x_wconf 91' lang='lat' dir='ltr'><strong>eo</strong></span> <span class='ocrx_word' id='word_1_628' title='bbox 2702 3704 2842 3758; x_wconf 89' lang='lat' dir='ltr'><strong>citra</strong></span> <span class='ocrx_word' id='word_1_629' title='bbox 2875 3704 3288 3760; x_wconf 88' lang='lat' dir='ltr'><strong>honorationem</strong></span> <span class='ocrx_word' id='word_1_630' title='bbox 3329 3707 3516 3777; x_wconf 85' lang='lat' dir='ltr'><strong>sequi-</strong></span> 
     </span>
    </p>
   </div>
   <div class='ocr_carea' id='block_1_85' title="bbox 1944 3793 3514 3862">
    <p class='ocr_par' dir='ltr' id='par_1_85' title="bbox 1944 3793 3514 3862">
     <span class='ocr_line' id='line_1_85' title="bbox 1944 3793 3514 3862; baseline 0.004 -14"><span class='ocrx_word' id='word_1_631' title='bbox 1944 3802 2053 3855; x_wconf 88' lang='lat' dir='ltr'><strong>tur,</strong></span> <span class='ocrx_word' id='word_1_632' title='bbox 2088 3794 2182 3849; x_wconf 91' lang='lat' dir='ltr'><strong>sed</strong></span> <span class='ocrx_word' id='word_1_633' title='bbox 2215 3809 2433 3862; x_wconf 90' lang='lat' dir='ltr'><strong>semper</strong></span> <span class='ocrx_word' id='word_1_634' title='bbox 2471 3793 2784 3862; x_wconf 88' lang='lat' dir='ltr'><strong>hujusmodi</strong></span> <span class='ocrx_word' id='word_1_635' title='bbox 2818 3802 2920 3850; x_wconf 90' lang='lat' dir='ltr'><strong>est.</strong></span> <span class='ocrx_word' id='word_1_636' title='bbox 2969 3794 3034 3849; x_wconf 88' lang='lat' dir='ltr'><strong>Et</strong></span> <span class='ocrx_word' id='word_1_637' title='bbox 3062 3796 3109 3852; x_wconf 90' lang='lat' dir='ltr'><strong>si</strong></span> <span class='ocrx_word' id='word_1_638' title='bbox 3139 3797 3338 3852; x_wconf 64' lang='lat' dir='ltr'><strong>saecula</strong></span> <span class='ocrx_word' id='word_1_639' title='bbox 3365 3806 3514 3854; x_wconf 87' lang='lat' dir='ltr'><strong>retro</strong></span> 
     </span>
    </p>
   </div>
   <div class='ocr_carea' id='block_1_86' title="bbox 1942 3883 3512 3953">
    <p class='ocr_par' dir='ltr' id='par_1_86' title="bbox 1942 3883 3512 3953">
     <span class='ocr_line' id='line_1_86' title="bbox 1942 3883 3512 3953; baseline 0 -14"><span class='ocrx_word' id='word_1_640' title='bbox 1942 3894 2190 3953; x_wconf 89' lang='lat' dir='ltr'><strong>reputes,</strong></span> <span class='ocrx_word' id='word_1_641' title='bbox 2244 3885 2372 3938; x_wconf 90' lang='lat' dir='ltr'><strong>etsi</strong></span> <span class='ocrx_word' id='word_1_642' title='bbox 2433 3883 2615 3937; x_wconf 84' lang='lat' dir='ltr'><strong>futura</strong></span> <span class='ocrx_word' id='word_1_643' title='bbox 2647 3883 2973 3953; x_wconf 83' lang='lat' dir='ltr'><strong>prospicias,</strong></span> <span class='ocrx_word' id='word_1_644' title='bbox 3026 3885 3339 3941; x_wconf 88' lang='lat' dir='ltr'><strong>nullatenus</strong></span> <span class='ocrx_word' id='word_1_645' title='bbox 3385 3901 3512 3941; x_wconf 91' lang='lat' dir='ltr'><strong>eum</strong></span> 
     </span>
    </p>
   </div>
   <div class='ocr_carea' id='block_1_87' title="bbox 1942 3975 3510 4045">
    <p class='ocr_par' dir='ltr' id='par_1_87' title="bbox 1942 3975 3510 4045">
     <span class='ocr_line' id='line_1_87' title="bbox 1942 3975 3510 4045; baseline 0.002 -16"><span class='ocrx_word' id='word_1_646' title='bbox 1942 3976 2287 4031; x_wconf 88' lang='lat' dir='ltr'><strong>desiderasse</strong></span> <span class='ocrx_word' id='word_1_647' title='bbox 2325 3975 2587 4029; x_wconf 83' lang='lat' dir='ltr'><strong>honorem</strong></span> <span class='ocrx_word' id='word_1_648' title='bbox 2634 3982 2731 4028; x_wconf 89' lang='lat' dir='ltr'><strong>aut</strong></span> <span class='ocrx_word' id='word_1_649' title='bbox 2764 3975 2990 4045; x_wconf 88' lang='lat' dir='ltr'><strong>gloriam</strong></span> <span class='ocrx_word' id='word_1_650' title='bbox 3041 3984 3135 4030; x_wconf 90' lang='lat' dir='ltr'><strong>aut</strong></span> <span class='ocrx_word' id='word_1_651' title='bbox 3184 3984 3510 4045; x_wconf 89' lang='lat' dir='ltr'><strong>potestatem</strong></span> 
     </span>
    </p>
   </div>
   <div class='ocr_carea' id='block_1_88' title="bbox 1942 4065 3511 4137">
    <p class='ocr_par' dir='ltr' id='par_1_88' title="bbox 1942 4065 3511 4137">
     <span class='ocr_line' id='line_1_88' title="bbox 1942 4065 3511 4137; baseline -0.001 -14"><span class='ocrx_word' id='word_1_652' title='bbox 1942 4067 2271 4137; x_wconf 86' lang='lat' dir='ltr'><strong>comperies,</strong></span> <span class='ocrx_word' id='word_1_653' title='bbox 2305 4067 2380 4121; x_wconf 91' lang='lat' dir='ltr'><strong>ita</strong></span> <span class='ocrx_word' id='word_1_654' title='bbox 2410 4072 2469 4120; x_wconf 94' lang='lat' dir='ltr'><strong>ut</strong></span> <span class='ocrx_word' id='word_1_655' title='bbox 2493 4066 2574 4120; x_wconf 86' lang='lat' dir='ltr'><strong>vel</strong></span> <span class='ocrx_word' id='word_1_656' title='bbox 2608 4065 2984 4121; x_wconf 89' lang='lat' dir='ltr'><strong>additamento</strong></span> <span class='ocrx_word' id='word_1_657' title='bbox 3012 4068 3219 4137; x_wconf 86' lang='lat' dir='ltr'><strong>augeri,</strong></span> <span class='ocrx_word' id='word_1_658' title='bbox 3248 4067 3330 4121; x_wconf 90' lang='lat' dir='ltr'><strong>vel</strong></span> <span class='ocrx_word' id='word_1_659' title='bbox 3374 4068 3511 4123; x_wconf 85' lang='lat' dir='ltr'><strong>sub-</strong></span> 
     </span>
    </p>
   </div>
   <div class='ocr_carea' id='block_1_89' title="bbox 1944 4156 3510 4227">
    <p class='ocr_par' dir='ltr' id='par_1_89' title="bbox 1944 4156 3510 4227">
     <span class='ocr_line' id='line_1_89' title="bbox 1944 4156 3510 4227; baseline 0.001 -14"><span class='ocrx_word' id='word_1_660' title='bbox 1944 4158 2217 4213; x_wconf 87' lang='lat' dir='ltr'><strong>tractione</strong></span> <span class='ocrx_word' id='word_1_661' title='bbox 2248 4158 2420 4212; x_wconf 82' lang='lat' dir='ltr'><strong>minui</strong></span> <span class='ocrx_word' id='word_1_662' title='bbox 2470 4158 2731 4227; x_wconf 90' lang='lat' dir='ltr'><strong>potuerit.</strong></span> <span class='ocrx_word' id='word_1_663' title='bbox 2782 4156 2926 4227; x_wconf 87' lang='lat' dir='ltr'><strong>Ergo</strong></span> <span class='ocrx_word' id='word_1_664' title='bbox 2990 4157 3036 4212; x_wconf 90' lang='lat' dir='ltr'><strong>si</strong></span> <span class='ocrx_word' id='word_1_665' title='bbox 3094 4173 3510 4227; x_wconf 89' lang='lat' dir='ltr'><strong>quaqueversus</strong></span> 
     </span>
    </p>
   </div>
   <div class='ocr_carea' id='block_1_90' title="bbox 1944 4248 3511 4319">
    <p class='ocr_par' dir='ltr' id='par_1_90' title="bbox 1944 4248 3511 4319">
     <span class='ocr_line' id='line_1_90' title="bbox 1944 4248 3511 4319; baseline 0.001 -18"><span class='ocrx_word' id='word_1_666' title='bbox 1944 4248 2220 4319; x_wconf 83' lang='lat' dir='ltr'><strong>perfectus</strong></span> <span class='ocrx_word' id='word_1_667' title='bbox 2251 4255 2361 4311; x_wconf 83' lang='lat' dir='ltr'><strong>est,</strong></span> <span class='ocrx_word' id='word_1_668' title='bbox 2390 4248 2541 4301; x_wconf 89' lang='lat' dir='ltr'><strong>nulla</strong></span> <span class='ocrx_word' id='word_1_669' title='bbox 2568 4248 2623 4302; x_wconf 87' lang='lat' dir='ltr'><strong>in</strong></span> <span class='ocrx_word' id='word_1_670' title='bbox 2655 4263 2715 4303; x_wconf 91' lang='lat' dir='ltr'><strong>re</strong></span> <span class='ocrx_word' id='word_1_671' title='bbox 2758 4248 3019 4302; x_wconf 89' lang='lat' dir='ltr'><strong>minorari</strong></span> <span class='ocrx_word' id='word_1_672' title='bbox 3054 4257 3249 4316; x_wconf 81' lang='lat' dir='ltr'><strong>potest.</strong></span> <span class='ocrx_word' id='word_1_673' title='bbox 3297 4248 3511 4304; x_wconf 85' lang='lat' dir='ltr'><strong>Etenim</strong></span> 
     </span>
    </p>
   </div>
   <div class='ocr_carea' id='block_1_91' title="bbox 1945 4339 3510 4411">
    <p class='ocr_par' dir='ltr' id='par_1_91' title="bbox 1945 4339 3510 4411">
     <span class='ocr_line' id='line_1_91' title="bbox 1945 4339 3510 4411; baseline 0.001 -16"><span class='ocrx_word' id='word_1_674' title='bbox 1945 4342 1999 4396; x_wconf 93' lang='lat' dir='ltr'><strong>in</strong></span> <span class='ocrx_word' id='word_1_675' title='bbox 2022 4356 2132 4411; x_wconf 92' lang='lat' dir='ltr'><strong>quo</strong></span> <span class='ocrx_word' id='word_1_676' title='bbox 2164 4342 2315 4395; x_wconf 88' lang='lat' dir='ltr'><strong>circa</strong></span> <span class='ocrx_word' id='word_1_677' title='bbox 2350 4340 2492 4395; x_wconf 89' lang='lat' dir='ltr'><strong>hanc</strong></span> <span class='ocrx_word' id='word_1_678' title='bbox 2522 4342 2607 4395; x_wconf 90' lang='lat' dir='ltr'><strong>sui</strong></span> <span class='ocrx_word' id='word_1_679' title='bbox 2645 4339 2924 4395; x_wconf 90' lang='lat' dir='ltr'><strong>notionem</strong></span> <span class='ocrx_word' id='word_1_680' title='bbox 2958 4340 3346 4406; x_wconf 88' lang='lat' dir='ltr'><strong>minorabitur,</strong></span> <span class='ocrx_word' id='word_1_681' title='bbox 3395 4342 3510 4397; x_wconf 91' lang='lat' dir='ltr'><strong>illic</strong></span> 
     </span>
    </p>
   </div>
   <div class='ocr_carea' id='block_1_92' title="bbox 267 4428 1842 4510">
    <p class='ocr_par' dir='ltr' id='par_1_92' title="bbox 267 4433 1837 4510">
     <span class='ocr_line' id='line_1_92' title="bbox 267 4433 1837 4510; baseline -0.006 -17"><span class='ocrx_word' id='word_1_682' title='bbox 267 4440 468 4510; x_wconf 83' lang='grc' dir='ltr'>τίμιον,</span> <span class='ocrx_word' id='word_1_683' title='bbox 514 4437 668 4509; x_wconf 85' lang='grc' dir='ltr'>μέρει</span> <span class='ocrx_word' id='word_1_684' title='bbox 699 4436 808 4489; x_wconf 74' lang='grc' dir='ltr'>τινὶ</span> <span class='ocrx_word' id='word_1_685' title='bbox 833 4436 928 4488; x_wconf 84' lang='grc' dir='ltr'>τοῦ</span> <span class='ocrx_word' id='word_1_686' title='bbox 958 4434 1200 4489; x_wconf 85' lang='grc' dir='ltr'>ἐναντίου</span> <span class='ocrx_word' id='word_1_687' title='bbox 1234 4433 1479 4504; x_wconf 83' lang='grc' dir='ltr'>μετέχειν</span> <span class='ocrx_word' id='word_1_688' title='bbox 1513 4433 1837 4485; x_wconf 86' lang='grc' dir='ltr'>ὑπονοείται.</span> 
     </span>
    </p>
   </div>
   <div class='ocr_carea' id='block_1_93' title="bbox 1943 4428 3510 4510">
    <p class='ocr_par' dir='ltr' id='par_1_93' title="bbox 1946 4428 3510 4499">
     <span class='ocr_line' id='line_1_93' title="bbox 1946 4428 3510 4499; baseline 0.001 -16"><span class='ocrx_word' id='word_1_689' title='bbox 1946 4444 2141 4484; x_wconf 87' lang='lat' dir='ltr'><strong>ansam</strong></span> <span class='ocrx_word' id='word_1_690' title='bbox 2198 4429 2462 4499; x_wconf 72' lang='lat' dir='ltr'><strong>praebebit</strong></span> <span class='ocrx_word' id='word_1_691' title='bbox 2509 4428 2804 4499; x_wconf 87' lang='lat' dir='ltr'><strong>indigniori</strong></span> <span class='ocrx_word' id='word_1_692' title='bbox 2836 4428 2906 4483; x_wconf 88' lang='lat' dir='ltr'><strong>de</strong></span> <span class='ocrx_word' id='word_1_693' title='bbox 2944 4444 3004 4484; x_wconf 89' lang='lat' dir='ltr'><strong>se</strong></span> <span class='ocrx_word' id='word_1_694' title='bbox 3053 4429 3333 4499; x_wconf 89' lang='lat' dir='ltr'><strong>opinioni;</strong></span> <span class='ocrx_word' id='word_1_695' title='bbox 3383 4445 3510 4485; x_wconf 93' lang='lat' dir='ltr'><strong>nam</strong></span> 
     </span>
    </p>
   </div>
   <div class='ocr_carea' id='block_1_94' title="bbox 268 4522 1837 4595">
    <p class='ocr_par' dir='ltr' id='par_1_94' title="bbox 268 4522 1837 4595">
     <span class='ocr_line' id='line_1_94' title="bbox 268 4522 1837 4595; baseline -0.006 -12"><span class='ocrx_word' id='word_1_696' title='bbox 268 4532 333 4583; x_wconf 81' lang='lat' dir='ltr'><strong>Ei</strong></span> <span class='ocrx_word' id='word_1_697' title='bbox 359 4530 416 4582; x_wconf 87' lang='grc' dir='ltr'><strong>δέ</strong></span> <span class='ocrx_word' id='word_1_698' title='bbox 445 4528 603 4581; x_wconf 75' lang='grc' dir='ltr'>τοῦτο</span> <span class='ocrx_word' id='word_1_699' title='bbox 642 4526 734 4580; x_wconf 82' lang='grc' dir='ltr'><strong>καὶ</strong></span> <span class='ocrx_word' id='word_1_700' title='bbox 772 4524 962 4595; x_wconf 79' lang='grc' dir='ltr'>μέχρις</span> <span class='ocrx_word' id='word_1_701' title='bbox 1003 4524 1209 4587; x_wconf 85' lang='grc' dir='ltr'>ἐννοίας</span> <span class='ocrx_word' id='word_1_702' title='bbox 1249 4524 1452 4586; x_wconf 87' lang='grc' dir='ltr'>λαϐεῖν,</span> <span class='ocrx_word' id='word_1_703' title='bbox 1478 4523 1574 4593; x_wconf 81' lang='grc' dir='ltr'>τῆς</span> <span class='ocrx_word' id='word_1_704' title='bbox 1604 4522 1837 4591; x_wconf 79' lang='grc' dir='ltr'>ἐσχάτης</span> 
     </span>
    </p>
   </div>
   <div class='ocr_carea' id='block_1_95' title="bbox 268 4610 1838 4689">
    <p class='ocr_par' dir='ltr' id='par_1_95' title="bbox 268 4610 1838 4689">
     <span class='ocr_line' id='line_1_95' title="bbox 268 4610 1838 4689; baseline -0.005 -18"><span class='ocrx_word' id='word_1_705' title='bbox 268 4617 647 4689; x_wconf 83' lang='grc' dir='ltr'>παραπληξίας</span> <span class='ocrx_word' id='word_1_706' title='bbox 674 4618 808 4679; x_wconf 75' lang='grc' dir='ltr'>ἐστὶ,</span> <span class='ocrx_word' id='word_1_707' title='bbox 831 4613 1007 4676; x_wconf 84' lang='grc' dir='ltr'>καλῶς</span> <span class='ocrx_word' id='word_1_708' title='bbox 1036 4613 1147 4683; x_wconf 74' lang='grc' dir='ltr'>ἔχει</span> <span class='ocrx_word' id='word_1_709' title='bbox 1176 4613 1387 4677; x_wconf 83' lang='grc' dir='ltr'>πάντως</span> <span class='ocrx_word' id='word_1_710' title='bbox 1416 4614 1661 4684; x_wconf 82' lang='grc' dir='ltr'>ἀόριστον</span> <span class='ocrx_word' id='word_1_711' title='bbox 1689 4610 1838 4680; x_wconf 87' lang='grc' dir='ltr'>αὑτῷ</span> 
     </span>
    </p>
   </div>
   <div class='ocr_carea' id='block_1_96' title="bbox 269 4703 1836 4780">
    <p class='ocr_par' dir='ltr' id='par_1_96' title="bbox 269 4703 1836 4780">
     <span class='ocr_line' id='line_1_96' title="bbox 269 4703 1836 4780; baseline -0.006 -15"><span class='ocrx_word' id='word_1_712' title='bbox 269 4713 364 4765; x_wconf 76' lang='grc' dir='ltr'><strong>καὶ</strong></span> <span class='ocrx_word' id='word_1_713' title='bbox 416 4711 827 4780; x_wconf 84' lang='grc' dir='ltr'>ἀπερίγραπτον</span> <span class='ocrx_word' id='word_1_714' title='bbox 878 4708 977 4761; x_wconf 79' lang='grc' dir='ltr'>καὶ</span> <span class='ocrx_word' id='word_1_715' title='bbox 1024 4708 1147 4759; x_wconf 83' lang='grc' dir='ltr'>κατ’</span> <span class='ocrx_word' id='word_1_716' title='bbox 1180 4706 1333 4758; x_wconf 77' lang='grc' dir='ltr'>οὐδὲν</span> <span class='ocrx_word' id='word_1_717' title='bbox 1379 4706 1543 4776; x_wconf 79' lang='grc' dir='ltr'>μέρος</span> <span class='ocrx_word' id='word_1_718' title='bbox 1592 4703 1836 4774; x_wconf 75' lang='grc' dir='ltr'>ἠλαττω-</span> 
     </span>
    </p>
   </div>
   <div class='ocr_carea' id='block_1_97' title="bbox 273 4793 1837 4873">
    <p class='ocr_par' dir='ltr' id='par_1_97' title="bbox 273 4793 1837 4873">
     <span class='ocr_line' id='line_1_97' title="bbox 273 4793 1837 4873; baseline -0.006 -18"><span class='ocrx_word' id='word_1_719' title='bbox 273 4802 442 4873; x_wconf 80' lang='grc' dir='ltr'>μένην</span> <span class='ocrx_word' id='word_1_720' title='bbox 493 4800 928 4873; x_wconf 78' lang='grc' dir='ltr'>προσμαρτυρεῖν</span> <span class='ocrx_word' id='word_1_721' title='bbox 966 4796 1064 4867; x_wconf 84' lang='grc' dir='ltr'>τὴν</span> <span class='ocrx_word' id='word_1_722' title='bbox 1112 4799 1169 4849; x_wconf 87' lang='grc' dir='ltr'><strong>ἐν</strong></span> <span class='ocrx_word' id='word_1_723' title='bbox 1218 4798 1328 4859; x_wconf 89' lang='grc' dir='ltr'>τοῖς</span> <span class='ocrx_word' id='word_1_724' title='bbox 1372 4795 1592 4865; x_wconf 82' lang='grc' dir='ltr'>ἀγαθοῖς</span> <span class='ocrx_word' id='word_1_725' title='bbox 1636 4793 1837 4847; x_wconf 88' lang='grc' dir='ltr'>τελειό-</span> 
     </span>
    </p>
   </div>
   <div class='ocr_carea' id='block_1_98' title="bbox 266 4911 426 4965">
    <p class='ocr_par' dir='ltr' id='par_1_98' title="bbox 266 4911 426 4965">
     <span class='ocr_line' id='line_1_98' title="bbox 266 4911 426 4965; baseline -0.013 -18"><span class='ocrx_word' id='word_1_726' title='bbox 266 4911 426 4965; x_wconf 85' lang='grc' dir='ltr'>τητα.</span> 
     </span>
    </p>
   </div>
   <div class='ocr_carea' id='block_1_99' title="bbox 337 5068 1836 5146">
    <p class='ocr_par' dir='ltr' id='par_1_99' title="bbox 337 5068 1836 5146">
     <span class='ocr_line' id='line_1_99' title="bbox 337 5068 1836 5146; baseline -0.006 -16"><span class='ocrx_word' id='word_1_727' title='bbox 337 5076 408 5146; x_wconf 90' lang='grc' dir='ltr'><strong>η’.</strong></span> <span class='ocrx_word' id='word_1_728' title='bbox 484 5076 549 5128; x_wconf 85' lang='grc' dir='ltr'><strong>Εἰ</strong></span> <span class='ocrx_word' id='word_1_729' title='bbox 575 5074 640 5145; x_wconf 79' lang='grc' dir='ltr'><strong>δὴ</strong></span> <span class='ocrx_word' id='word_1_730' title='bbox 669 5072 909 5127; x_wconf 80' lang='grc' dir='ltr'>τοιοῦτόν</span> <span class='ocrx_word' id='word_1_731' title='bbox 945 5073 1111 5138; x_wconf 90' lang='grc' dir='ltr'>ἐστιν,</span> <span class='ocrx_word' id='word_1_732' title='bbox 1142 5068 1337 5140; x_wconf 81' lang='grc' dir='ltr'>ἐφεξῆς</span> <span class='ocrx_word' id='word_1_733' title='bbox 1356 5071 1385 5122; x_wconf 86' lang='grc' dir='ltr'>ὁ</span> <span class='ocrx_word' id='word_1_734' title='bbox 1410 5068 1564 5138; x_wconf 86' lang='grc' dir='ltr'>λόγος</span> <span class='ocrx_word' id='word_1_735' title='bbox 1587 5068 1682 5122; x_wconf 77' lang='grc' dir='ltr'>καὶ</span> <span class='ocrx_word' id='word_1_736' title='bbox 1709 5069 1836 5140; x_wconf 77' lang='grc' dir='ltr'>περὶ</span> 
     </span>
    </p>
   </div>
   <div class='ocr_carea' id='block_1_100' title="bbox 268 5161 1838 5234">
    <p class='ocr_par' dir='ltr' id='par_1_100' title="bbox 268 5161 1838 5234">
     <span class='ocr_line' id='line_1_100' title="bbox 268 5161 1838 5234; baseline -0.006 -10"><span class='ocrx_word' id='word_1_737' title='bbox 268 5170 364 5224; x_wconf 80' lang='grc' dir='ltr'>τοῦ</span> <span class='ocrx_word' id='word_1_738' title='bbox 399 5166 530 5221; x_wconf 88' lang='grc' dir='ltr'>Υίοὺ</span> <span class='ocrx_word' id='word_1_739' title='bbox 559 5166 620 5220; x_wconf 80' lang='grc' dir='ltr'>τὸ</span> <span class='ocrx_word' id='word_1_740' title='bbox 639 5162 755 5220; x_wconf 82' lang='grc' dir='ltr'>ῐσον</span> <span class='ocrx_word' id='word_1_741' title='bbox 791 5162 1194 5233; x_wconf 78' lang='grc' dir='ltr'>διασκεψάσθω,</span> <span class='ocrx_word' id='word_1_742' title='bbox 1228 5162 1471 5234; x_wconf 77' lang='grc' dir='ltr'>καὶπερὶ</span> <span class='ocrx_word' id='word_1_743' title='bbox 1498 5161 1591 5215; x_wconf 79' lang='grc' dir='ltr'>τοῦ</span> <span class='ocrx_word' id='word_1_744' title='bbox 1627 5162 1838 5231; x_wconf 75' lang='grc' dir='ltr'>[ἰατρὸς</span> 
     </span>
    </p>
   </div>
   <div class='ocr_carea' id='block_1_101' title="bbox 268 5252 1838 5327">
    <p class='ocr_par' dir='ltr' id='par_1_101' title="bbox 268 5252 1838 5327">
     <span class='ocr_line' id='line_1_101' title="bbox 268 5252 1838 5327; baseline -0.007 -12"><span class='ocrx_word' id='word_1_745' title='bbox 268 5261 551 5321; x_wconf 80' lang='grc' dir='ltr'>ὡσαύτως.</span> <span class='ocrx_word' id='word_1_746' title='bbox 579 5253 651 5311; x_wconf 65' lang='grc' dir='ltr'><strong>*Α</strong></span> <span class='ocrx_word' id='word_1_747' title='bbox 660 5259 705 5327; x_wconf 86' lang='grc' dir='ltr'>ρ’</span> <span class='ocrx_word' id='word_1_748' title='bbox 725 5257 845 5327; x_wconf 77' lang='grc' dir='ltr'>οὐχὶ</span> <span class='ocrx_word' id='word_1_749' title='bbox 863 5256 925 5309; x_wconf 87' lang='grc' dir='ltr'><strong>τὸ</strong></span> <span class='ocrx_word' id='word_1_750' title='bbox 943 5256 1147 5308; x_wconf 82' lang='grc' dir='ltr'>τέλειον</span> <span class='ocrx_word' id='word_1_751' title='bbox 1165 5252 1414 5324; x_wconf 83' lang='grc' dir='ltr'>ὁμολογεῖ</span> <span class='ocrx_word' id='word_1_752' title='bbox 1441 5253 1539 5324; x_wconf 84' lang='grc' dir='ltr'>τῆς</span> <span class='ocrx_word' id='word_1_753' title='bbox 1561 5254 1722 5324; x_wconf 82' lang='grc' dir='ltr'>τιμῆς</span> <span class='ocrx_word' id='word_1_754' title='bbox 1745 5253 1838 5305; x_wconf 77' lang='grc' dir='ltr'>καὶ</span> 
     </span>
    </p>
   </div>
   <div class='ocr_carea' id='block_1_102' title="bbox 271 5341 1837 5415">
    <p class='ocr_par' dir='ltr' id='par_1_102' title="bbox 271 5341 1837 5415">
     <span class='ocr_line' id='line_1_102' title="bbox 271 5341 1837 5415; baseline -0.008 -9"><span class='ocrx_word' id='word_1_755' title='bbox 271 5351 577 5406; x_wconf 74' lang='grc' dir='ltr'>ἐπὶτούτου</span> <span class='ocrx_word' id='word_1_756' title='bbox 622 5350 714 5402; x_wconf 78' lang='grc' dir='ltr'>καὶ</span> <span class='ocrx_word' id='word_1_757' title='bbox 741 5348 826 5401; x_wconf 84' lang='grc' dir='ltr'>ἐπ’</span> <span class='ocrx_word' id='word_1_758' title='bbox 857 5349 1097 5412; x_wconf 84' lang='grc' dir='ltr'>ἐκείνου;</span> <span class='ocrx_word' id='word_1_759' title='bbox 1134 5348 1348 5409; x_wconf 85' lang='grc' dir='ltr'>Πάντας</span> <span class='ocrx_word' id='word_1_760' title='bbox 1376 5341 1528 5415; x_wconf 78' lang='grc' dir='ltr'>οἶμαι</span> <span class='ocrx_word' id='word_1_761' title='bbox 1557 5347 1681 5407; x_wconf 79' lang='grc' dir='ltr'>τοὺς</span> <span class='ocrx_word' id='word_1_762' title='bbox 1715 5345 1837 5397; x_wconf 77' lang='grc' dir='ltr'>νοῦν</span> 
     </span>
    </p>
   </div>
   <div class='ocr_carea' id='block_1_103' title="bbox 270 5434 1839 5515">
    <p class='ocr_par' dir='ltr' id='par_1_103' title="bbox 270 5434 1839 5515">
     <span class='ocr_line' id='line_1_103' title="bbox 270 5434 1839 5515; baseline -0.006 -16"><span class='ocrx_word' id='word_1_763' title='bbox 270 5446 495 5515; x_wconf 68' lang='grc' dir='ltr'>ἔχοντας</span> <span class='ocrx_word' id='word_1_764' title='bbox 538 5442 651 5510; x_wconf 83' lang='grc' dir='ltr'>τοῖς</span> <span class='ocrx_word' id='word_1_765' title='bbox 688 5441 999 5513; x_wconf 82' lang='grc' dir='ltr'>εἰρημένοις</span> <span class='ocrx_word' id='word_1_766' title='bbox 1028 5438 1403 5509; x_wconf 86' lang='grc' dir='ltr'>συνθήσεσθαι.</span> <span class='ocrx_word' id='word_1_767' title='bbox 1446 5439 1508 5492; x_wconf 82' lang='lat' dir='ltr'><strong>Ei</strong></span> <span class='ocrx_word' id='word_1_768' title='bbox 1535 5434 1629 5491; x_wconf 79' lang='grc' dir='ltr'><strong>οὖν</strong></span> <span class='ocrx_word' id='word_1_769' title='bbox 1657 5436 1839 5490; x_wconf 86' lang='grc' dir='ltr'>τελεία</span> 
     </span>
    </p>
   </div>
   <div class='ocr_carea' id='block_1_104' title="bbox 271 5528 1838 5606">
    <p class='ocr_par' dir='ltr' id='par_1_104' title="bbox 271 5528 1838 5606">
     <span class='ocr_line' id='line_1_104' title="bbox 271 5528 1838 5606; baseline -0.007 -15"><span class='ocrx_word' id='word_1_770' title='bbox 271 5534 367 5592; x_wconf 81' lang='grc' dir='ltr'>τοῦ</span> <span class='ocrx_word' id='word_1_771' title='bbox 408 5534 620 5606; x_wconf 80' lang='grc' dir='ltr'>Πατρὺς</span> <span class='ocrx_word' id='word_1_772' title='bbox 651 5534 685 5604; x_wconf 84' lang='grc' dir='ltr'><strong>ή</strong></span> <span class='ocrx_word' id='word_1_773' title='bbox 727 5533 880 5603; x_wconf 84' lang='grc' dir='ltr'>τιμὴ,</span> <span class='ocrx_word' id='word_1_774' title='bbox 913 5530 1093 5583; x_wconf 86' lang='grc' dir='ltr'>τελεία</span> <span class='ocrx_word' id='word_1_775' title='bbox 1131 5529 1187 5582; x_wconf 76' lang='grc' dir='ltr'>δὲ</span> <span class='ocrx_word' id='word_1_776' title='bbox 1231 5530 1325 5583; x_wconf 70' lang='grc' dir='ltr'><strong>καὶ</strong></span> <span class='ocrx_word' id='word_1_777' title='bbox 1359 5529 1452 5583; x_wconf 84' lang='grc' dir='ltr'>τοῦ</span> <span class='ocrx_word' id='word_1_778' title='bbox 1485 5528 1636 5590; x_wconf 79' lang='grc' dir='ltr'>Υίοῦ,</span> <span class='ocrx_word' id='word_1_779' title='bbox 1666 5544 1838 5598; x_wconf 80' lang='grc' dir='ltr'>προσ-</span> 
     </span>
    </p>
   </div>
   <div class='ocr_carea' id='block_1_105' title="bbox 275 5620 1838 5700">
    <p class='ocr_par' dir='ltr' id='par_1_105' title="bbox 275 5620 1838 5700">
     <span class='ocr_line' id='line_1_105' title="bbox 275 5620 1838 5700; baseline -0.006 -19"><span class='ocrx_word' id='word_1_780' title='bbox 275 5626 634 5700; x_wconf 84' lang='grc' dir='ltr'>εμαρτυρήθη</span> <span class='ocrx_word' id='word_1_781' title='bbox 658 5625 714 5677; x_wconf 87' lang='grc' dir='ltr'>δὲ</span> <span class='ocrx_word' id='word_1_782' title='bbox 755 5625 848 5678; x_wconf 75' lang='grc' dir='ltr'><strong>καὶ</strong></span> <span class='ocrx_word' id='word_1_783' title='bbox 880 5623 956 5693; x_wconf 84' lang='grc' dir='ltr'><strong>τῷ</strong></span> <span class='ocrx_word' id='word_1_784' title='bbox 978 5622 1118 5693; x_wconf 83' lang='grc' dir='ltr'>ἁγίῳ</span> <span class='ocrx_word' id='word_1_785' title='bbox 1152 5622 1427 5693; x_wconf 84' lang='grc' dir='ltr'>Πνεύματι</span> <span class='ocrx_word' id='word_1_786' title='bbox 1459 5621 1559 5690; x_wconf 83' lang='grc' dir='ltr'><strong>τῆς</strong></span> <span class='ocrx_word' id='word_1_787' title='bbox 1586 5620 1750 5689; x_wconf 76' lang='grc' dir='ltr'>τιμῆς</span> <span class='ocrx_word' id='word_1_788' title='bbox 1778 5620 1838 5672; x_wconf 84' lang='grc' dir='ltr'><strong>τὸ</strong></span> 
     </span>
    </p>
   </div>
   <div class='ocr_carea' id='block_1_106' title="bbox 272 5712 1874 5789">
    <p class='ocr_par' dir='ltr' id='par_1_106' title="bbox 272 5712 1874 5789">
     <span class='ocr_line' id='line_1_106' title="bbox 272 5712 1874 5789; baseline -0.007 -12"><span class='ocrx_word' id='word_1_789' title='bbox 272 5721 495 5788; x_wconf 76' lang='grc' dir='ltr'>τέλειον,</span> <span class='ocrx_word' id='word_1_790' title='bbox 522 5718 610 5773; x_wconf 69' lang='grc' dir='ltr'><strong>διὰ</strong></span> <span class='ocrx_word' id='word_1_791' title='bbox 640 5718 690 5772; x_wconf 82' lang='grc' dir='ltr'><strong>τί</strong></span> <span class='ocrx_word' id='word_1_792' title='bbox 728 5714 1103 5789; x_wconf 75' lang='grc' dir='ltr'>νομοθετοῦσιν</span> <span class='ocrx_word' id='word_1_793' title='bbox 1138 5716 1266 5786; x_wconf 77' lang='grc' dir='ltr'>ἡμῖν</span> <span class='ocrx_word' id='word_1_794' title='bbox 1306 5716 1352 5767; x_wconf 79' lang='lat' dir='ltr'><strong>oi</strong></span> <span class='ocrx_word' id='word_1_795' title='bbox 1385 5714 1557 5768; x_wconf 71' lang='grc' dir='ltr'>καινοὶ</span> <span class='ocrx_word' id='word_1_796' title='bbox 1582 5712 1838 5783; x_wconf 83' lang='grc' dir='ltr'>δογματι-</span> <span class='ocrx_word' id='word_1_797' title='bbox 1866 5776 1874 5781; x_wconf 28' lang='grc' dir='ltr'><strong><em>ο</em></strong></span> 
     </span>
    </p>
   </div>
   <div class='ocr_carea' id='block_1_107' title="bbox 1943 4519 3510 4593">
    <p class='ocr_par' dir='ltr' id='par_1_107' title="bbox 1943 4519 3510 4593">
     <span class='ocr_line' id='line_1_107' title="bbox 1943 4519 3510 4593; baseline -0.001 -16"><span class='ocrx_word' id='word_1_798' title='bbox 1943 4522 2091 4593; x_wconf 87' lang='lat' dir='ltr'><strong>quod</strong></span> <span class='ocrx_word' id='word_1_799' title='bbox 2124 4522 2361 4591; x_wconf 90' lang='lat' dir='ltr'><strong>perfecte</strong></span> <span class='ocrx_word' id='word_1_800' title='bbox 2391 4536 2500 4574; x_wconf 88' lang='lat' dir='ltr'><strong>non</strong></span> <span class='ocrx_word' id='word_1_801' title='bbox 2529 4528 2613 4575; x_wconf 90' lang='lat' dir='ltr'><strong>est</strong></span> <span class='ocrx_word' id='word_1_802' title='bbox 2642 4519 2976 4584; x_wconf 87' lang='lat' dir='ltr'><strong>honorabile,</strong></span> <span class='ocrx_word' id='word_1_803' title='bbox 3011 4535 3125 4575; x_wconf 89' lang='lat' dir='ltr'><strong>rem</strong></span> <span class='ocrx_word' id='word_1_804' title='bbox 3175 4522 3510 4576; x_wconf 88' lang='lat' dir='ltr'><strong>contrariam</strong></span> 
     </span>
    </p>
   </div>
   <div class='ocr_carea' id='block_1_108' title="bbox 1946 4612 3511 4684">
    <p class='ocr_par' dir='ltr' id='par_1_108' title="bbox 1946 4612 3511 4684">
     <span class='ocr_line' id='line_1_108' title="bbox 1946 4612 3511 4684; baseline 0.002 -16"><span class='ocrx_word' id='word_1_805' title='bbox 1946 4614 2289 4684; x_wconf 78' lang='lat' dir='ltr'><strong>aliquantum</strong></span> <span class='ocrx_word' id='word_1_806' title='bbox 2323 4614 2650 4683; x_wconf 88' lang='lat' dir='ltr'><strong>participare</strong></span> <span class='ocrx_word' id='word_1_807' title='bbox 2673 4613 2967 4668; x_wconf 84' lang='lat' dir='ltr'><strong>videbitur.</strong></span> <span class='ocrx_word' id='word_1_808' title='bbox 3007 4612 3166 4680; x_wconf 90' lang='lat' dir='ltr'><strong>Quod</strong></span> <span class='ocrx_word' id='word_1_809' title='bbox 3201 4616 3247 4671; x_wconf 93' lang='lat' dir='ltr'><strong>si</strong></span> <span class='ocrx_word' id='word_1_810' title='bbox 3277 4615 3382 4669; x_wconf 90' lang='lat' dir='ltr'><strong>hoc</strong></span> <span class='ocrx_word' id='word_1_811' title='bbox 3426 4615 3511 4671; x_wconf 81' lang='lat' dir='ltr'><strong>vel</strong></span> 
     </span>
    </p>
   </div>
   <div class='ocr_carea' id='block_1_109' title="bbox 1944 4702 3507 4773">
    <p class='ocr_par' dir='ltr' id='par_1_109' title="bbox 1944 4702 3507 4773">
     <span class='ocr_line' id='line_1_109' title="bbox 1944 4702 3507 4773; baseline 0.003 -16"><span class='ocrx_word' id='word_1_812' title='bbox 1944 4704 1999 4758; x_wconf 93' lang='lat' dir='ltr'><strong>in</strong></span> <span class='ocrx_word' id='word_1_813' title='bbox 2025 4711 2259 4759; x_wconf 87' lang='lat' dir='ltr'><strong>mentem</strong></span> <span class='ocrx_word' id='word_1_814' title='bbox 2297 4710 2510 4758; x_wconf 90' lang='lat' dir='ltr'><strong>tantum</strong></span> <span class='ocrx_word' id='word_1_815' title='bbox 2564 4702 2855 4760; x_wconf 87' lang='lat' dir='ltr'><strong>admittere</strong></span> <span class='ocrx_word' id='word_1_816' title='bbox 2891 4720 3116 4760; x_wconf 61' lang='lat' dir='ltr'><strong>summa:</strong></span> <span class='ocrx_word' id='word_1_817' title='bbox 3152 4705 3376 4760; x_wconf 84' lang='lat' dir='ltr'><strong>insaniae</strong></span> <span class='ocrx_word' id='word_1_818' title='bbox 3402 4715 3507 4773; x_wconf 91' lang='lat' dir='ltr'><strong>est,</strong></span> 
     </span>
    </p>
   </div>
   <div class='ocr_carea' id='block_1_110' title="bbox 1945 4795 3507 4854">
    <p class='ocr_par' dir='ltr' id='par_1_110' title="bbox 1945 4795 3507 4854">
     <span class='ocr_line' id='line_1_110' title="bbox 1945 4795 3507 4854; baseline 0.001 -2"><span class='ocrx_word' id='word_1_819' title='bbox 1945 4796 2082 4852; x_wconf 90' lang='lat' dir='ltr'><strong>bene</strong></span> <span class='ocrx_word' id='word_1_820' title='bbox 2104 4805 2190 4852; x_wconf 89' lang='lat' dir='ltr'><strong>est</strong></span> <span class='ocrx_word' id='word_1_821' title='bbox 2222 4805 2283 4851; x_wconf 90' lang='lat' dir='ltr'><strong>ut</strong></span> <span class='ocrx_word' id='word_1_822' title='bbox 2310 4795 2535 4850; x_wconf 89' lang='lat' dir='ltr'><strong>omnino</strong></span> <span class='ocrx_word' id='word_1_823' title='bbox 2574 4797 2937 4852; x_wconf 87' lang='lat' dir='ltr'><strong>confiteamur</strong></span> <span class='ocrx_word' id='word_1_824' title='bbox 2982 4797 3250 4852; x_wconf 88' lang='lat' dir='ltr'><strong>inﬁnitam</strong></span> <span class='ocrx_word' id='word_1_825' title='bbox 3279 4813 3403 4854; x_wconf 90' lang='lat' dir='ltr'><strong>esse</strong></span> <span class='ocrx_word' id='word_1_826' title='bbox 3450 4799 3507 4853; x_wconf 91' lang='lat' dir='ltr'><strong>in</strong></span> 
     </span>
    </p>
   </div>
   <div class='ocr_carea' id='block_1_111' title="bbox 1946 4888 3505 4960">
    <p class='ocr_par' dir='ltr' id='par_1_111' title="bbox 1946 4888 3505 4960">
     <span class='ocr_line' id='line_1_111' title="bbox 1946 4888 3505 4960; baseline 0.002 -17"><span class='ocrx_word' id='word_1_827' title='bbox 1946 4888 2152 4960; x_wconf 89' lang='lat' dir='ltr'><strong>Spiritu</strong></span> <span class='ocrx_word' id='word_1_828' title='bbox 2186 4900 2240 4944; x_wconf 87' lang='lat' dir='ltr'><strong>et</strong></span> <span class='ocrx_word' id='word_1_829' title='bbox 2272 4890 2823 4960; x_wconf 89' lang='lat' dir='ltr'><strong>incircumscriptam,</strong></span> <span class='ocrx_word' id='word_1_830' title='bbox 2849 4905 2911 4943; x_wconf 93' lang='lat' dir='ltr'><strong>ac</strong></span> <span class='ocrx_word' id='word_1_831' title='bbox 2929 4890 3505 4946; x_wconf 82' lang='lat' dir='ltr'><strong>nullatenusmutilam</strong></span> 
     </span>
    </p>
   </div>
   <div class='ocr_carea' id='block_1_112' title="bbox 1944 4980 2924 5051">
    <p class='ocr_par' dir='ltr' id='par_1_112' title="bbox 1944 4980 2924 5051">
     <span class='ocr_line' id='line_1_112' title="bbox 1944 4980 2924 5051; baseline -0.002 -14"><span class='ocrx_word' id='word_1_832' title='bbox 1944 4982 2210 5037; x_wconf 91' lang='lat' dir='ltr'><strong>bonorum</strong></span> <span class='ocrx_word' id='word_1_833' title='bbox 2241 4982 2484 5035; x_wconf 90' lang='lat' dir='ltr'><strong>omnium</strong></span> <span class='ocrx_word' id='word_1_834' title='bbox 2514 4980 2924 5051; x_wconf 89' lang='lat' dir='ltr'><strong>perfectionem.</strong></span> 
     </span>
    </p>
   </div>
   <div class='ocr_carea' id='block_1_113' title="bbox 2020 5068 3506 5141">
    <p class='ocr_par' dir='ltr' id='par_1_113' title="bbox 2020 5068 3506 5141">
     <span class='ocr_line' id='line_1_113' title="bbox 2020 5068 3506 5141; baseline 0.001 -16"><span class='ocrx_word' id='word_1_835' title='bbox 2020 5073 2073 5125; x_wconf 84' lang='lat'><strong>8.</strong></span> <span class='ocrx_word' id='word_1_836' title='bbox 2107 5070 2262 5135; x_wconf 88' lang='lat' dir='ltr'><strong>Quod</strong></span> <span class='ocrx_word' id='word_1_837' title='bbox 2300 5070 2347 5126; x_wconf 80' lang='lat' dir='ltr'><strong>si</strong></span> <span class='ocrx_word' id='word_1_838' title='bbox 2377 5072 2502 5126; x_wconf 88' lang='lat' dir='ltr'><strong>talis</strong></span> <span class='ocrx_word' id='word_1_839' title='bbox 2531 5080 2615 5126; x_wconf 91' lang='lat' dir='ltr'><strong>est</strong></span> <span class='ocrx_word' id='word_1_840' title='bbox 2645 5068 2901 5139; x_wconf 88' lang='lat' dir='ltr'><strong>Spiritus,</strong></span> <span class='ocrx_word' id='word_1_841' title='bbox 2954 5069 3214 5141; x_wconf 90' lang='lat' dir='ltr'><strong>deinceps</strong></span> <span class='ocrx_word' id='word_1_842' title='bbox 3252 5070 3319 5126; x_wconf 89' lang='lat' dir='ltr'><strong>de</strong></span> <span class='ocrx_word' id='word_1_843' title='bbox 3366 5069 3506 5127; x_wconf 82' lang='lat' dir='ltr'><strong>Filio</strong></span> 
     </span>
    </p>
   </div>
   <div class='ocr_carea' id='block_1_114' title="bbox 1947 5160 3507 5234">
    <p class='ocr_par' dir='ltr' id='par_1_114' title="bbox 1947 5160 3507 5234">
     <span class='ocr_line' id='line_1_114' title="bbox 1947 5160 3507 5234; baseline 0.001 -17"><span class='ocrx_word' id='word_1_844' title='bbox 1947 5178 2168 5233; x_wconf 90' lang='lat' dir='ltr'><strong>quoque</strong></span> <span class='ocrx_word' id='word_1_845' title='bbox 2197 5163 2314 5232; x_wconf 91' lang='lat' dir='ltr'><strong>pari</strong></span> <span class='ocrx_word' id='word_1_846' title='bbox 2360 5166 2594 5224; x_wconf 86' lang='lat' dir='ltr'><strong>ratione,</strong></span> <span class='ocrx_word' id='word_1_847' title='bbox 2629 5162 2865 5231; x_wconf 88' lang='lat' dir='ltr'><strong>itemque</strong></span> <span class='ocrx_word' id='word_1_848' title='bbox 2895 5161 2963 5217; x_wconf 91' lang='lat' dir='ltr'><strong>de</strong></span> <span class='ocrx_word' id='word_1_849' title='bbox 3010 5160 3191 5229; x_wconf 88' lang='lat' dir='ltr'><strong>Patre,</strong></span> <span class='ocrx_word' id='word_1_850' title='bbox 3247 5162 3507 5234; x_wconf 81' lang='lat' dir='ltr'><strong>dispicia-</strong></span> 
     </span>
    </p>
   </div>
   <div class='ocr_carea' id='block_1_115' title="bbox 1946 5250 3507 5321">
    <p class='ocr_par' dir='ltr' id='par_1_115' title="bbox 1946 5250 3507 5321">
     <span class='ocr_line' id='line_1_115' title="bbox 1946 5250 3507 5321; baseline 0.001 -15"><span class='ocrx_word' id='word_1_851' title='bbox 1946 5267 2092 5306; x_wconf 86' lang='lat' dir='ltr'><strong>mus.</strong></span> <span class='ocrx_word' id='word_1_852' title='bbox 2121 5250 2310 5306; x_wconf 87' lang='lat' dir='ltr'><strong>Nonne</strong></span> <span class='ocrx_word' id='word_1_853' title='bbox 2337 5253 2634 5321; x_wconf 83' lang='lat' dir='ltr'><strong>perfectum</strong></span> <span class='ocrx_word' id='word_1_854' title='bbox 2664 5259 2775 5303; x_wconf 89' lang='lat' dir='ltr'><strong>tum</strong></span> <span class='ocrx_word' id='word_1_855' title='bbox 2806 5250 2970 5319; x_wconf 86' lang='lat' dir='ltr'><strong>hujus</strong></span> <span class='ocrx_word' id='word_1_856' title='bbox 3003 5262 3116 5304; x_wconf 91' lang='lat' dir='ltr'><strong>tum</strong></span> <span class='ocrx_word' id='word_1_857' title='bbox 3159 5252 3322 5306; x_wconf 88' lang='lat' dir='ltr'><strong>etiam</strong></span> <span class='ocrx_word' id='word_1_858' title='bbox 3360 5253 3507 5309; x_wconf 85' lang='lat' dir='ltr'><strong>illius</strong></span> 
     </span>
    </p>
   </div>
   <div class='ocr_carea' id='block_1_116' title="bbox 1945 5339 3511 5413">
    <p class='ocr_par' dir='ltr' id='par_1_116' title="bbox 1945 5339 3511 5413">
     <span class='ocr_line' id='line_1_116' title="bbox 1945 5339 3511 5413; baseline 0.001 -16"><span class='ocrx_word' id='word_1_859' title='bbox 1945 5343 2205 5398; x_wconf 85' lang='lat' dir='ltr'><strong>honorem</strong></span> <span class='ocrx_word' id='word_1_860' title='bbox 2237 5358 2359 5398; x_wconf 87' lang='lat' dir='ltr'><strong>esse</strong></span> <span class='ocrx_word' id='word_1_861' title='bbox 2384 5342 2654 5396; x_wconf 87' lang='lat' dir='ltr'><strong>fatemur?</strong></span> <span class='ocrx_word' id='word_1_862' title='bbox 2684 5339 2885 5397; x_wconf 90' lang='lat' dir='ltr'><strong>Omnes</strong></span> <span class='ocrx_word' id='word_1_863' title='bbox 2907 5342 3178 5407; x_wconf 81' lang='lat' dir='ltr'><strong>existimo,</strong></span> <span class='ocrx_word' id='word_1_864' title='bbox 3203 5344 3297 5413; x_wconf 90' lang='lat' dir='ltr'><strong>qui</strong></span> <span class='ocrx_word' id='word_1_865' title='bbox 3328 5352 3511 5399; x_wconf 74' lang='lat' dir='ltr'><strong>mente</strong></span> 
     </span>
    </p>
   </div>
   <div class='ocr_carea' id='block_1_117' title="bbox 1946 5434 3509 5507">
    <p class='ocr_par' dir='ltr' id='par_1_117' title="bbox 1946 5434 3509 5507">
     <span class='ocr_line' id='line_1_117' title="bbox 1946 5434 3509 5507; baseline -0.001 -16"><span class='ocrx_word' id='word_1_866' title='bbox 1946 5446 2076 5491; x_wconf 87' lang='lat' dir='ltr'><strong>sunt</strong></span> <span class='ocrx_word' id='word_1_867' title='bbox 2107 5434 2339 5505; x_wconf 78' lang='lat' dir='ltr'><strong>praediti,</strong></span> <span class='ocrx_word' id='word_1_868' title='bbox 2380 5435 2531 5488; x_wconf 90' lang='lat' dir='ltr'><strong>dicto</strong></span> <span class='ocrx_word' id='word_1_869' title='bbox 2556 5435 2696 5488; x_wconf 84' lang='lat' dir='ltr'><strong>huic</strong></span> <span class='ocrx_word' id='word_1_870' title='bbox 2734 5449 3082 5491; x_wconf 86' lang='lat' dir='ltr'><strong>assensuros.</strong></span> <span class='ocrx_word' id='word_1_871' title='bbox 3133 5434 3189 5491; x_wconf 90' lang='lat' dir='ltr'><strong>Si</strong></span> <span class='ocrx_word' id='word_1_872' title='bbox 3219 5451 3349 5507; x_wconf 90' lang='lat' dir='ltr'><strong>ergo</strong></span> <span class='ocrx_word' id='word_1_873' title='bbox 3381 5451 3509 5506; x_wconf 91' lang='lat' dir='ltr'><strong>per-</strong></span> 
     </span>
    </p>
   </div>
   <div class='ocr_carea' id='block_1_118' title="bbox 1946 5525 3509 5597">
    <p class='ocr_par' dir='ltr' id='par_1_118' title="bbox 1946 5525 3509 5597">
     <span class='ocr_line' id='line_1_118' title="bbox 1946 5525 3509 5597; baseline 0.003 -16"><span class='ocrx_word' id='word_1_874' title='bbox 1946 5527 2123 5584; x_wconf 90' lang='lat' dir='ltr'><strong>fectus</strong></span> <span class='ocrx_word' id='word_1_875' title='bbox 2156 5536 2239 5581; x_wconf 91' lang='lat' dir='ltr'><strong>est</strong></span> <span class='ocrx_word' id='word_1_876' title='bbox 2288 5525 2470 5581; x_wconf 88' lang='lat' dir='ltr'><strong>Patris</strong></span> <span class='ocrx_word' id='word_1_877' title='bbox 2501 5526 2696 5590; x_wconf 90' lang='lat' dir='ltr'><strong>honor,</strong></span> <span class='ocrx_word' id='word_1_878' title='bbox 2755 5527 3027 5597; x_wconf 89' lang='lat' dir='ltr'><strong>perfectus</strong></span> <span class='ocrx_word' id='word_1_879' title='bbox 3081 5529 3207 5584; x_wconf 92' lang='lat' dir='ltr'><strong>item</strong></span> <span class='ocrx_word' id='word_1_880' title='bbox 3261 5528 3403 5594; x_wconf 81' lang='lat' dir='ltr'><strong>Filii,</strong></span> <span class='ocrx_word' id='word_1_881' title='bbox 3453 5539 3509 5585; x_wconf 73' lang='lat' dir='ltr'><strong>et</strong></span> 
     </span>
    </p>
   </div>
   <div class='ocr_carea' id='block_1_119' title="bbox 1947 5618 3513 5690">
    <p class='ocr_par' dir='ltr' id='par_1_119' title="bbox 1947 5618 3513 5690">
     <span class='ocr_line' id='line_1_119' title="bbox 1947 5618 3513 5690; baseline 0 -15"><span class='ocrx_word' id='word_1_882' title='bbox 1947 5630 2136 5676; x_wconf 89' lang='lat' dir='ltr'><strong>sancto</strong></span> <span class='ocrx_word' id='word_1_883' title='bbox 2163 5634 2380 5688; x_wconf 90' lang='lat' dir='ltr'><strong>quoque</strong></span> <span class='ocrx_word' id='word_1_884' title='bbox 2406 5618 2631 5690; x_wconf 85' lang='lat' dir='ltr'><strong>Spiritui</strong></span> <span class='ocrx_word' id='word_1_885' title='bbox 2664 5620 2937 5689; x_wconf 87' lang='lat' dir='ltr'><strong>perfectus</strong></span> <span class='ocrx_word' id='word_1_886' title='bbox 2968 5621 3144 5675; x_wconf 89' lang='lat' dir='ltr'><strong>honor</strong></span> <span class='ocrx_word' id='word_1_887' title='bbox 3159 5620 3513 5676; x_wconf 81' lang='lat' dir='ltr'><strong>confessione</strong></span> 
     </span>
    </p>
   </div>
   <div class='ocr_carea' id='block_1_120' title="bbox 1946 5710 3518 5783">
    <p class='ocr_par' dir='ltr' id='par_1_120' title="bbox 1946 5710 3518 5783">
     <span class='ocr_line' id='line_1_120' title="bbox 1946 5710 3518 5783; baseline -0.001 -17"><span class='ocrx_word' id='word_1_888' title='bbox 1946 5718 2135 5767; x_wconf 86' lang='lat' dir='ltr'><strong>nostra</strong></span> <span class='ocrx_word' id='word_1_889' title='bbox 2163 5710 2454 5772; x_wconf 89' lang='lat' dir='ltr'><strong>tribuitur,</strong></span> <span class='ocrx_word' id='word_1_890' title='bbox 2482 5726 2582 5766; x_wconf 87' lang='lat' dir='ltr'><strong>cur</strong></span> <span class='ocrx_word' id='word_1_891' title='bbox 2608 5710 2661 5766; x_wconf 91' lang='lat' dir='ltr'><strong>hi</strong></span> <span class='ocrx_word' id='word_1_892' title='bbox 2689 5712 2949 5769; x_wconf 80' lang='lat' dir='ltr'><strong>neoterici</strong></span> <span class='ocrx_word' id='word_1_893' title='bbox 2978 5711 3317 5783; x_wconf 76' lang='lat' dir='ltr'><strong>dogmatista:</strong></span> <span class='ocrx_word' id='word_1_894' title='bbox 3347 5711 3518 5767; x_wconf 71' lang='lat' dir='ltr'><strong>nobis</strong></span> 
     </span>
    </p>
   </div>
  </div>
