4020 6498
603 269 735 326 1511

1772 281 1830 339 S.
1857 282 2185 340 GREGORII
2211 283 2505 340 NYSSENI

3716 306 3855 362 13ἱὲ

601 390 926 461 prmeipiunt
959 407 1066 447 non
1094 402 1347 464 Oportere
1378 413 1562 468 parem
1595 401 1670 454 illi
1698 401 1959 456 honorem
1982 401 2142 457 decer

2273 402 2395 455 arcti.
2451 402 2525 475 μὴ
2552 404 2661 457 δεῖν
2707 407 2987 478 ὁμολογεῖν
3033 412 3121 463 ἐπ’
3150 412 3313 466 αὑτοῦ
3346 417 3482 487 πρὸς
3513 419 3736 493 Πατέρα
3761 426 3855 478 καὶ

601 496 735 536 nere
782 496 845 536 ac
874 481 1025 537 Patri
1052 494 1106 538 et
1132 485 1269 541 Filio
1294 488 1317 543 ?
1350 490 1459 545 l\os
1484 500 1632 546 certe
1661 491 2029 561 disquisitioni
2074 507 2172 546 no-

603 582 733 627 atra:
778 577 1156 641 consentanei,
1190 578 1242 632 id
1275 580 1419 648 quod
1483 582 1632 635 nullo
1686 582 2055 637 additamento
2102 582 2170 637 ad

601 661 991 732 perfectionem
1052 666 1313 738 indigeat,
1383 673 1570 728 minus
1624 672 1940 727 honorabile
2008 688 2168 742 quam

600 754 836 823 quodvis
881 758 1137 823 alterum,
1197 777 1376 831 neque
1424 763 1605 819 dicere
1647 778 1940 833 possumus
1994 780 2170 835 neque

596 849 860 916 cogitare.
888 848 1060 919 Cujus
1081 853 1226 906 enim
1254 869 1538 913 excessum
1561 856 1907 909 ratiocinium
1922 866 2167 912 nostrum

598 953 708 992 non
747 940 975 1004 invenit,
1003 958 1317 1013 quanquam
1347 947 1483 1000 nihil
1521 947 1571 1002 ei
1607 948 1965 1016 perfectionis
1988 951 2163 1014 deest,

596 1048 833 1101 quanam
878 1034 936 1089 in
996 1051 1052 1090 re
1087 1038 1446 1093 minutionem
1506 1041 1632 1109 ejus
1678 1043 2002 1112 eomperiet,
2056 1059 2164 1099 non

596 1124 777 1180 video.
833 1123 939 1191 Qui
1005 1136 1186 1182 autem
1245 1130 1472 1186 honoris
1525 1133 1813 1202 paritatem
1860 1146 2077 1204 negant,
2127 1137 2163 1190 ii

595 1230 824 1284 prorsus
859 1219 1124 1273 minorem
1162 1220 1389 1278 honoris
1433 1224 1663 1292 gradum
1693 1229 2016 1281 decernunt.
2075 1227 2164 1283 Si—

594 1306 800 1367 militer
842 1320 1377 1381 consequenterque,
1410 1313 1694 1393 deminuta
1748 1332 1816 1373 ex
1881 1333 2161 1389 compara—

590 1398 744 1453 tione
792 1414 916 1453 euin
963 1401 1191 1470 reliquis
1237 1420 1471 1474 persona
1518 1405 1780 1476 Spiritus,
1829 1419 2061 1466 cunctas
2094 1411 2161 1468 de

592 1502 657 1541 eo
696 1487 976 1558 religiosas
1009 1494 1310 1549 sententias
1348 1496 1406 1549 in
1463 1499 1795 1553 contrarium
1831 1509 2063 1564 vertent,
2106 1511 2160 1557 et

592 1592 771 1646 neque
857 1579 1141 1647 bonitatis,
1204 1599 1381 1654 neque
1444 1590 1721 1654 potentia},
1785 1605 1960 1659 neque
2017 1591 2159 1647 alius

590 1669 861 1739 cujusvis,
895 1674 1041 1743 quod
1076 1675 1165 1745 pie
1191 1676 1259 1731 de
1291 1676 1483 1731 eodem
1508 1677 1731 1747 dicitur,
1765 1681 2011 1736 attributi
2033 1698 2155 1754 per-

2272 490 2400 543 Υἱὺν
2434 491 2493 545 τὸ
2518 494 2810 565 όμότιμον;
2847 497 3032 569 Ἡμεῖς
3065 502 3162 570 μὲν
3191 502 3296 576 γὰρ
3321 508 3428 569 τοῖς
3463 490 3855 582 ὲξητασνμένοις

2270 583 2524 653 ἑπόμενοι
2542 626 2555 649 ,
2570 584 2630 638 τὺ
2661 588 2928 659 μηδεμιᾶς
2949 593 3262 665 προσθήκης
3288 598 3367 661 εἰς
3386 599 3663 655 τελείωσιν
3684 623 3852 676 προσ-

2267 670 2518 743 δεόμενον
2540 714 2555 737 ,
2585 677 2903 750 ἀτιμότερον
2943 682 3128 755 ἑτέρου
3172 688 3315 752 τινὸς
3347 690 3470 744 οὔτε
3502 692 3682 763 λέγειν
3727 670 3853 752 οὔτε

2268 765 2406 815 νοεῖν
2426 764 2719 836 δυνάμεθα.
2751 764 2825 823 Οὗ
2854 771 2962 843 γὰρ
2989 776 3050 827 τὸ
3078 776 3371 843 πλεονάζον
3399 783 3501 836 οὐκ
3542 787 3852 859 ἐξευρίσκει

2265 1128 2602 1202 ἀτιμότερον.
2632 1134 2740 1188 Καὶ
2765 1134 2995 1209 π[ἀσ]ας
3023 1141 3117 1193 καὶ
3148 1142 3407 1211 ὡσαύτως
3445 1152 3585 1204 κατά
3613 1153 3716 1223 τὴν
3742 1156 3846 1208 ac-

2264 1219 2363 1289 τὴν
2387 1221 2705 1278 ἀκολουθίαν
2737 1225 2825 1282 διὰ
2849 1229 2947 1299 τῆς
2974 1231 3116 1285 κατὰ
3154 1234 3254 1313 τὴν
3294 1237 3576 1310 σύγκρισιν
3600 1219 3847 1299 ἐλαττώ-

2266 1328 2422 1376 σεως,
2455 1314 2547 1367 ἐπὶ
2586 1316 2651 1369 τδ
2698 1318 2937 1375 ἐναντίον
2980 1323 3080 1389 τὰς
3107 1326 3351 1396 εὐσεϐεῖς
3384 1317 3682 1405 ὑπόλήψεις
3714 1340 3846 1407 περὶ

2259 1399 2353 1451 τοῦ
2378 1402 2690 1474 Πνεύματος
2712 1411 3139 1483 παρατρέφουσι,
3168 1417 3243 1488 μὴ
3270 1420 3327 1473 ἐν
3357 1399 3676 1493 ἀγαθότητι,
3702 1399 3841 1497 μηδὲ

2260 1491 2318 1543 ἐν
2364 1491 2607 1565 δυνάμει,
2634 1498 2708 1570 μὴ
2733 1501 2790 1551 ὲν
2828 1501 2970 1573 ἄλλῳ
2988 1506 3094 1558 τινὶ
3118 1506 3226 1560 τῶν
3250 1509 3486 1576 εὐσεϐῶς
3512 1491 3641 1585 περὶ
3668 1491 3840 1573 aii-r06

2259 1581 2563 1654 λεγομένων
2625 1592 3138 1664 συμμαρτυροῦντες
3184 1597 3245 1651 τὸ
3283 1599 3505 1657 τέλειον.
3547 1581 3611 1658 Eii
3657 1606 3713 1659 δὲ
3770 1609 3833 1661 τὸ

2261 1676 2521 1748 πρόδηλον
2554 1679 2652 1751 τῆς
2685 1683 2936 1749 ἀσεϐείας
2979 1687 3331 1757 ἐκκλίνοντες,
3367 1693 3427 1747 τὸ
3456 1697 3515 1749 ὲν
3558 1700 3727 1751 παντὶ
3756 1701 3837 1773 τῷ

592 1762 885 1820 fectionem
915 1767 1345 1826 confitebuntur.
1378 1770 1533 1838 Quod
1567 1774 1614 1828 si
1659 1775 2007 1832 manifestam
2051 1778 2142 1832 im-

2258 1766 2398 1820 κατά
2424 1769 2483 1823 τὸ
2514 1770 2713 1839 ἀγαθὸν
2741 1772 3015 1849 λεγομένῳ
3049 1782 3278 1851 νοήματι
3310 1785 3511 1841 τέλειον
3539 1762 3811 1860 όμολογοῦ

589 1855 848 1923 pietatem
883 1858 1148 1925 vitantes,
1199 1863 1252 1917 id
1278 1864 1423 1933 quod
1451 1865 1754 1936 generatim
1800 1866 2003 1924 bonum
2036 1883 2158 1925 esse

587 1956 895 2015 reputatur,
932 1953 1232 2020 perfectum
1262 1954 1505 2011 fatentur
1530 1976 1545 2025 ;
1578 1958 1767 2014 dicant
1797 1958 1853 2014 hi
1882 1961 2158 2031 sapientes

585 2041 860 2105 quomodo
876 2041 1059 2097 haberi
1076 2046 1251 2112 possit
1284 2048 1509 2116 perfecti
1528 2049 1949 2119 perfectum,vel
1982 2053 2158 2123 perfe-

583 2128 836 2196 ctius,vel
854 2134 1026 2204 magis
1038 2137 1499 2206 sempiternum.N
1505 2156 1589 2195 am
1604 2144 1861 2211 quamdiu
1877 2144 2161 2214 perfectio-

583 2220 673 2271 nis
706 2219 953 2275 definitio
972 2223 1031 2277 in
1052 2240 1163 2279 rem
1186 2229 1498 2298 quampiam
1528 2232 1700 2296 cadit,
1746 2233 1821 2288 ibi
1844 2250 2022 2305 neque
2039 2237 2158 2306 plus

582 2325 763 2380 neque
821 2312 1004 2370 minus
1048 2316 1104 2371 in
1174 2318 1527 2388 perfectionis
1578 2324 1805 2380 notione
1859 2327 2002 2382 ratio
2061 2329 2158 2384 ad-

582 2402 773 2457 mittit.

652 2492 708 2550 9.
759 2493 819 2550 Si
884 2511 1014 2568 ergo
1075 2513 1171 2568 per
1239 2503 1423 2557 omnia
1466 2504 1765 2574 perfectum
1813 2524 1937 2565 esse
1990 2509 2158 2581 Spiri-

582 2588 700 2638 tum
750 2593 999 2641 sanctum
1057 2592 1368 2647 concedunt
1397 2633 1413 2660 ,
1460 2596 1734 2668 simulque
1786 2599 1842 2654 in
1901 2600 2155 2657 confesso

579 2686 664 2731 est
723 2679 1088 2736 orthodoxam
1174 2699 1298 2739 esse
1374 2687 1598 2743 credere
1684 2688 1865 2745 Patris
1939 2708 2155 2764 quoque

575 2782 645 2821 ac
674 2766 797 2823 Filii
846 2771 903 2826 in
958 2773 1106 2828 omni
1158 2790 1219 2830 re
1263 2777 1404 2831 bona
1458 2778 1879 2849 perfectionem;
1926 2799 2152 2839 curnam

578 2867 1012 2917 consentaneum
1046 2865 1244 2920 rationi
1268 2867 1516 2937 judicent
1549 2869 1812 2940 Spiritum
1862 2876 2150 2944 perimere,

575 2948 691 3019 jam
742 2950 1225 3017 dentonstrarunt;
1277 2974 1402 3013 nam
1450 2962 1719 3032 perimere
1772 2966 1889 3035 pari
1943 2966 2152 3026 honore

570 3039 865 3108 fruentem,
894 3046 1121 3113 perinde
1153 3058 1239 3103 est
1265 3061 1427 3119 atque
1454 3053 1673 3123 opinari
1696 3070 1819 3110 eum
1852 3056 2146 3127 perfectio-

574 3132 663 3187 nis
712 3148 820 3189 non
860 3137 1198 3208 participem.
1234 3138 1418 3198 Genus
1449 3152 1630 3199 autem
1682 3148 1913 3203 honoris
1944 3148 2145 3207 divina:

570 3231 782 3279 natura:
810 3228 1085 3285 tribuendi
1110 3232 1386 3302 quodnam
1405 3251 1530 3292 esse
1562 3240 1885 3308 opinantur,
1916 3260 2027 3315 quo
2050 3261 2143 3300 ea-

567 3328 693 3370 rere
722 3314 983 3387 Spiritum
1012 3331 1261 3379 sanetum
1298 3326 1526 3382 volunt?
1548 3327 1741 3386 Utrum
1775 3314 2139 3405 huncipsum

568 3406 853 3473 honorem,
903 3426 1066 3479 quem
1116 3414 1345 3471 invicem
1384 3417 1634 3476 homines
1676 3422 1983 3495 largiuntur
2023 3417 2140 3482 ser-

570 3510 732 3552 mone
781 3497 1125 3564 blandientes
1175 3512 1232 3559 et
1279 3508 1527 3576 corporis
1581 3519 1759 3580 gestu,
1810 3514 2135 3585 obsequium

562 3587 837 3643 comitatu
872 3591 1200 3659 praebentes,
1250 3603 1306 3650 et
1351 3606 1617 3668 quotquot
1661 3603 1766 3657 alia
1805 3620 1899 3674 per
1940 3622 2133 3664 vanam

564 3679 690 3732 vita:
714 3680 1168 3739 consuetudinem
1200 3686 1427 3744 honoris
1454 3690 1630 3746 ollicia
1676 3697 2136 3765 frequentantur?

565 3786 688 3840 qua:
726 3772 944 3841 quidem
1005 3777 1193 3831 omnia
1243 3788 1548 3848 spontaneo
1610 3782 1951 3855 fungentium
1983 3802 2130 3845 motu

563 3862 736 3930 tiunt;
773 3880 1004 3935 qumque
1042 3868 1088 3923 si
1127 3870 1379 3926 omittere
1434 3873 1624 3941 velint,
1671 3878 1853 3933 nullus
1904 3895 1969 3935 ex
2011 3897 2131 3951 pro-

552 3956 680 4025 Apris
711 3965 904 4011 natura
936 3958 1101 4013 homo
1130 3975 1355 4016 causam
1383 3962 1568 4029 habet,
1600 3974 1659 4020 ut
1687 3970 1759 4023 sit
1786 3985 1897 4038 pra:
1933 3976 2130 4029 ceteris

554 4046 920 4114 honorabilis,
971 4052 1066 4122 qui
1121 4053 1379 4110 similiter
1418 4072 1613 4114 omnes
1657 4061 1848 4117 eodem
1919 4074 2129 4123 natura:

557 4140 780 4195 modulo
812 4144 1372 4212 comprehenduntur.
1402 4147 1516 4206 Res
1541 4159 1625 4206 est
1660 4154 1961 4223 explorata,
2005 4159 2128 4213 nul-

545 4230 706 4305 .lique
730 4231 1061 4316 d'ubitationi
1088 4236 1364 4301 obnoxia;
1417 4255 1541 4294 nam
1574 4243 1667 4312 qui
1710 4244 1870 4300 hodie
1904 4257 2126 4319 propter

555 4309 932 4390 magistratum
968 4342 1127 4395 quem
1168 4329 1307 4397 gerit
1338 4309 1707 4388 honorabilior
1736 4339 1949 4395 caeteris
1972 4309 2125 4396 vide-

548 4418 665 4472 tur,
700 4427 825 4466 eum
850 4424 1040 4485 postea
1068 4421 1477 4489 comperiemus
1524 4424 1579 4479 in
1620 4425 1838 4485 illorum
1890 4446 2120 4489 numero
2152 4444 2196 4500 D
2222 4418 2332 4499 τῶν

552 4499 647 4567 qui
677 4501 1000 4573 obsequium
1032 4507 1312 4577 exhibent,
1337 4512 1601 4583 dignitate
1631 4517 1685 4573 in
1716 4521 1881 4576 alium
1936 4532 2119 4581 trans~

550 4591 685 4645 lata.
710 4590 851 4647 Num
884 4595 987 4650 hoc
1010 4597 1174 4667 igitur
1209 4600 1433 4660 honoris
1468 4620 1640 4677 genus
1672 4612 1726 4666 in
1764 4613 1945 4669 divina
1984 4633 2120 4687 quo-

549 4698 656 4751 que
684 4693 883 4739 natura
918 4701 1043 4742 esse
1076 4698 1292 4759 putant,
1353 4696 1427 4749 ita
1484 4708 1543 4753 ut
1591 4703 1898 4762 volentibus
1960 4710 2118 4766 nobis

548 4774 814 4831 honorem
859 4778 1137 4845 exhibere,
1170 4784 1257 4839 vel
1287 4786 1355 4840 ab
1390 4788 1717 4849 honorando
1749 4800 2113 4867 cessantibus,

542 4876 649 4930 pro
684 4864 952 4921 arbitratu
987 4878 1180 4925 nostro
1208 4883 1388 4930 cesset
1415 4877 1635 4936 divinus
1662 4883 1879 4942 honor?
1921 4864 2116 4949 Nonne

547 4952 842 5010 ridiculum
897 4962 1080 5029 potius
1133 4964 1467 5038 impiumque
1517 4971 1657 5028 foret
1692 4979 1819 5033 talia
1868 4985 2114 5053 opinari?

536 5042 663 5100 Non
695 5048 840 5103 enim
882 5063 1105 5123 propter
1131 5072 1232 5114 nos
1292 5061 1431 5118 Deus
1489 5066 1864 5127 honorabilior
1905 5042 2109 5147 evadit,

542 5135 642 5192 sed
676 5151 891 5208 semper
915 5142 970 5196 in
997 5146 1188 5202 eodem
1217 5158 1361 5207 statu
1389 5162 1494 5223 est,
1526 5173 1705 5229 neque
1737 5162 1789 5217 in
1815 5166 1972 5235 pejus
2018 5181 2113 5228 aut

538 5227 740 5282 melius
766 5234 1042 5289 transilire
1066 5247 1280 5305 potest:
1305 5257 1536 5311 quorum
1560 5227 1789 5306 alierum
1847 5271 1957 5311 non
2007 5261 2107 5315 ad-

530 5317 728 5381 mittit,
758 5320 988 5380 alterius
1019 5328 1439 5395 possibilitatem
1472 5351 1583 5392 non
1612 5339 1795 5397 habet.

594 5402 696 5466 Ὶο.
743 5411 990 5479 Qua-nam
1046 5418 1231 5489 itaque
1281 5425 1491 5482 ratione
1538 5428 1710 5487 Deum
1769 5435 2106 5496 honorabis?

532 5494 819 5563 Quomodo
848 5504 1075 5563 exwlles
1104 5508 1482 5572 Altissimum?
1507 5519 1793 5585 Quomodo
1830 5494 2102 5599 glorifica-

607 5672 682 5743 (7)
714 5675 803 5733 Sic
830 5678 1063 5743 fortasse
1090 5684 1145 5742 in
1170 5688 1293 5746 cod.

2260 1870 2343 1909 σιν
2367 1898 2381 1921 ,
2412 1857 2721 1913 εἰπάτωσαν
2753 1863 2803 1915 oi
2848 1866 3021 1933 σοφοὶ,
3060 1868 3177 1932 πῶς
3198 1872 3397 1926 τελείου
3439 1875 3643 1931 τέλειον
3670 1879 3703 1949 ἦ
3746 1899 3835 1933 τε-

2256 1943 2521 2017 λειότερόν
2574 1948 2759 2022 ἐστιῆ
2810 1954 3331 2033 ἀῖδιώτερον’[ἒ]ως
3381 1965 3489 2035 γὰρ
3537 1965 3603 2020 ἂν
3653 1943 3702 2023 ό-
3730 1972 3835 2042 τῆς

2254 2037 2585 2109 τελειότητος
2628 2044 3002 2117 ἑφαρμόζηται
3032 2049 3205 2120 λόγος,
3246 2053 3367 2108 οὕτε
3417 2058 3477 2109 τὸ
3504 2059 3669 2113 πλέον
3704 2037 3834 2118 οὔτε

2254 2126 2315 2177 τὸ
2338 2126 2556 2184 ἔλαττον
2589 2132 2648 2185 ὲν
2677 2136 2745 2207 τῇ
2777 2135 2870 2189 τοῦ
2903 2138 3108 2194 τελείου
3136 2142 3312 2215 ἐννοίᾳ
3341 2147 3369 2198 ὁ
3392 2146 3547 2216 λόγος
3565 2146 3726 2217 οὗτος
3754 2154 3833 2224 (7)

2258 2219 2641 2291 παραδέχεται.

2324 2509 2388 2563 θ’.
2413 2512 2477 2567 Εἰ
2513 2509 2604 2570 οῦν
2636 2515 2722 2572 διὰ
2759 2520 2976 2575 πάντων
3009 2523 3212 2581 τέλειον
3236 2527 3298 2582 τὸ
3335 2530 3553 2603 Πνεῦμα
3581 2534 3645 2588 τὸ
3669 2538 3835 2605 ἄτιον

2254 2598 2389 2657 εἶναι
2411 2608 2764 2677 συντίθενται,
2800 2613 3146 2690 ὡμολόγηται
3170 2621 3227 2675 δὲ
3260 2626 3394 2697 πρὸς
3417 2598 3631 2695 τούτοις
3665 2598 3832 2688 εῦσε-

2253 2694 2346 2759 ὅὲς
2385 2694 2522 2752 εἶναι
2570 2702 2665 2755 καὶ
2697 2703 2791 2757 τοῦ
2806 2708 3021 2778 Πατρὸς
3052 2712 3145 2765 καὶ
3178 2715 3272 2769 τοῦ
3468 2721 3530 2773 τὸ
3556 2724 3615 2776 ὲν
3660 2728 3830 2781 παντὶ

2251 2790 2439 2863 ἀγαθῷ
2465 2795 2687 2863 τέλειον,
2713 2801 2799 2863 τίς
2832 2804 2860 2855 ὁ
2888 2804 3044 2873 λόγος
3089 2808 3209 2862 καθ’
3240 2810 3299 2864 ὃν
3328 2811 3543 2883 εῦλογον
3575 2818 3828 2887 κρίνουσι

2252 2882 2475 2953 Πνεῦμα
2515 2888 2783 2959 ἀναιρεῖν,
2812 2892 3072 2950 δεδώκασι
3104 2914 3121 2930 ⁶
3154 2900 3229 2969 (8)
3257 2902 3315 2955 τὸ
3342 2882 3741 2979 γάράναιηρεῖν
3768 2911 3829 2964 τὸ

2250 2975 2536 3048 ὁμότιμον,
2572 2982 2845 3051 ἀπόδειξίς
2891 2988 3005 3042 ἐστι
3044 2990 3134 3044 τοῦ
3180 2994 3252 3066 μὴ
3289 2995 3524 3066 νομίζειν
3570 2975 3825 3072 μετέχειν

2172 3100 2214 3158 c
2396 3070 2742 3165 τελειότητος.
2788 3078 2931 3132 Αὐτὸ
2958 3080 3014 3134 δὲ
3054 3082 3210 3139 τοῦτο
3244 3088 3342 3160 τὴν
3374 3089 3535 3161 τιμὴν
3572 3067 3682 3145 *ἐπὶ

2248 3157 2397 3224 Θείας
2439 3161 2653 3231 φύσεως
2686 3168 2740 3221 τί
2779 3185 2909 3224 ποτε
2961 3174 3069 3245 ἄρα
3119 3157 3456 3248 νομίζουσιν’,
3488 3157 3557 3255 ἧς
3591 3157 3821 3258 ἄμοιρόν

2242 3246 2381 3304 εἶναι
2410 3254 2469 3307 τὸ
2506 3256 2730 3328 Πνεῦμα
2776 3260 3093 3333 βούλονται;
3136 3246 3367 3343 Πότερον
3412 3246 3822 3348 ταύτην-φασὶν

2240 3338 2307 3410 ἢν
2352 3342 2444 3394 καὶ
2490 3344 2767 3416 ἄνθρωποι
2790 3350 3098 3422 ἀνθρώποις
3130 3338 3440 3429 χαρίζονται
3469 3338 3613 3438 λόγίρ
3634 3338 3699 3422 τε
3731 3369 3818 3424 θε-

2242 3431 2564 3500 ραπεύοντες
2584 3438 2677 3490 καὶ
2720 3442 2958 3512 σχήματι
2978 3484 2994 3508 ,
3026 3447 3086 3500 τὸ
3145 3450 3381 3521 ὑπήκοον
3417 3431 3817 3531 ἐνδεικνύμενοι

2237 3526 2379 3581 κατά
2413 3528 2511 3600 τὴν
2551 3532 2795 3602 πρόοδον,
2827 3540 2921 3591 καὶ
2970 3540 3071 3596 ὅσα
3097 3546 3317 3601 τοιαῦτα
3354 3553 3419 3622 τῇ
3469 3526 3677 3627 ματαίᾷ
3715 3558 3813 3613 τοῦ

2237 3616 2352 3687 βίου
2409 3621 2666 3695 συνηθείᾳ
2694 3626 2775 3696 τῷ
2824 3630 2924 3700 τῆς
2952 3634 3121 3705 τιμῆς
3162 3638 3371 3706 γίνεται
3393 3616 3560 3717 ⁷,λόγῳ
3587 3664 3601 3712 ;
3630 3616 3813 3722 εῖΑπερ

2234 3710 2413 3765 πάντα
2440 3717 2508 3786 τῇ
2536 3719 2857 3790 προαιρέσει
2896 3724 3004 3779 τῶν
3048 3727 3220 3782 ταῦτα
3261 3734 3640 3806 ἐργαζομένων
3681 3758 3807 3793 συν-

2232 3802 2490 3875 έστηκεν
2522 3801 2598 3863 ὧν
2628 3812 2750 3866 καθ’
2791 3815 3044 3872 ὑπόθεσιν
3083 3821 3155 3892 μὴ
3209 3801 3602 3898 προελομένων,
3652 3834 3807 3887 οὐδεο

2235 3895 2364 3965 μίαν
2402 3899 2466 3952 ἐκ
2495 3899 2712 3969 φύσεως
2736 3904 2987 3979 ἀφορμὴν
3018 3910 3131 3981 ἔχει
3155 3913 3264 3966 τῶν
3295 3895 3597 3988 ἀνθρώπων
3629 3924 3809 3988 οὐδεὶς

2229 3989 2307 4051 είς
2336 3988 2397 4041 τδ
2424 3986 2562 4046 εἶναι
2603 3994 2712 4049 τῶν
2746 3996 2947 4053 λοιπῶν
2970 4004 3312 4077 τιμιώτερος,
3339 3986 3555 4066 πάντων
3600 3986 3809 4084 ὁμοίως

2230 4079 2371 4133 κατά
2419 4082 2489 4136 τά
2541 4085 2682 4140 αὑτά
2734 4088 2907 4160 μέτρα
2949 4092 3049 4162 τῆς
3103 4096 3314 4164 φύσεως
3365 4079 3801 4174 γνωριζομένων.

2228 4171 2411 4243 Σαφὴς
2431 4174 2489 4227 δὲ
2510 4178 2538 4229 ὁ
2563 4176 2717 4246 λόγος
2756 4182 2849 4234 καὶ
2876 4183 3130 4255 οὐδεμίαν
3150 4171 3488 4259 ἀμιιιθισολίαν⁷
3501 4171 3637 4265 ἔχων
3663 4214 3676 4226 ·
3708 4198 3805 4253 τὸν

2226 4264 2335 4334 γὰρ
2381 4267 2616 4337 σήμερον
2667 4271 2757 4325 διὰ
2804 4272 2902 4344 τὴν
2935 4276 3142 4349 ἀρχὴν,
3171 4276 3241 4353 ἧς
3270 4264 3590 4357 προέστηκε,
3620 4290 3803 4359 τίμιον

2225 4356 2334 4419 τοῖς
2368 4357 2579 4422 πολλοῖς
2624 4358 2761 4416 εἷναι
2793 4364 3049 4421 δοκοῦντα
3075 4410 3089 4435 ,
3124 4373 3426 4446 εὑρήσομεν
3460 4381 3656 4452 ἑφεξῆς
3679 4356 3801 4437 *ἕνα

2374 4447 2655 4520 τιμώντων
2704 4457 2795 4509 καὶ
2847 4458 3006 4512 αὑτὸν
3038 4464 3339 4534 γινόμενον,
3375 4470 3474 4540 τῆς
3498 4447 3674 4542 ἀρχῆς
3714 4478 3802 4540 εἰς

2225 4536 2409 4608 ἕτερον
2449 4545 2880 4619 μετενεχθείσης.
2901 4545 3028 4622 *Δρ*
3052 4550 3145 4609 οῦν
3170 4558 3407 4612 τοιοῦτόν
3429 4536 3482 4613 τι
3629 4536 3801 4635 τιμῆς·

2223 4623 2359 4690 εἶδος
2392 4629 2486 4681 καὶ
2535 4630 2628 4686 ἐπὶ
2675 4636 2775 4707 τῆς
2805 4638 2955 4705 θείας
3010 4643 3224 4713 φύσεως
3281 4623 3621 4718 ἐπινοοῦσιν,

2223 4715 2555 4789 βουλομένων
2596 4724 2694 4792 μὲν
2733 4728 2888 4798 ἡμῶν
2919 4731 2979 4785 τὸ
3007 4735 3185 4805 τίμιον
3227 4738 3401 4809 ἔχειν,
3431 4715 3797 4815 παυσαμένων

2218 4806 2278 4860 δὲ
2308 4808 2402 4861 τοῦ
2428 4813 2610 4883 τιμᾷν,
2640 4818 2705 4887 τῇ
2734 4819 2976 4894 ἡμετέρᾳ
3002 4806 3314 4899 προαιρέσει
3355 4806 3797 4906 συγκαταλήγειυ

2219 4898 2318 4969 τὴν
2344 4900 2491 4956 θείαν
2524 4907 2726 4977 τιμήν;
2760 4911 2828 4964 Ἢ
2867 4898 3268 4983 καταγέλαστόν
3310 4898 3552 4978 ἔστινκαὶ
3594 4898 3793 4994 ἀὰέσὲς

2220 4986 2335 5058 ἅμα
2372 4992 2439 5045 τὰ
2484 4996 2708 5053 τοιαῦτα
2753 5005 2932 5071 νοεῖν;
2975 5008 3050 5060 Οὐ
3084 5009 3193 5080 γὰρ
3228 5011 3295 5064 δι’
3327 5015 3473 5084 ἡμᾶς
3518 5018 3580 5069 τὸ
3634 4986 3791 5074 Θεῖον

2218 5081 2409 5136 ἑαυτοῦ
2457 5086 2781 5175 τιμιώτερον
2812 5095 3057 5161 γίνεται,
3087 5100 3201 5153 ἀλλ’
3219 5104 3306 5157 ἀεὶ
3347 5081 3612 5174 ὡσαύτως
3651 5113 3785 5184 ἔχει,

2215 5169 2339 5225 οὔτε
2384 5175 2517 5244 πρὸς
2557 5178 2617 5231 τὸ
2659 5174 2837 5251 χεῖρον
2880 5187 3004 5241 οὔτε
3036 5191 3171 5261 πρὸς
3219 5195 3278 5248 τὸ
3330 5169 3786 5273 κρεῖττον-μέταἐ

2215 5260 2372 5330 ϐῆναι
2391 5262 2684 5353 δυνάμενον
2716 5287 2731 5301 ’
2765 5273 2826 5326 τὸ
2864 5275 2966 5345 μὲν
3008 5260 3115 5351 γὰρ
3145 5282 3206 5334 ού
3237 5260 3475 5355 δέχεται,
3503 5291 3563 5343 τὸ
3680 5294 3787 5350 οὐκ

2213 5351 2346 5423 ἔχει.

2283 5452 2333 5500 ι’.
2356 5447 2472 5501 Τίνι
2490 5449 2669 5504 τοίνυν
2686 5455 2873 5527 τρόπῳ
2901 5463 3149 5533 τιμήσεις
3169 5466 3229 5519 τὸ
3260 5468 3412 5522 Θεῖον
3436 5488 3450 5536 ;
3486 5474 3610 5539 Πῶς

2210 5553 2323 5601 σεις
2358 5538 2451 5593 τὸν
2482 5541 2777 5612 ’Υψιστοη
2812 5549 2937 5616 Πῶς
2965 5552 3205 5622 δοξάσεις
3229 5562 3289 5614 τὸ
3324 5564 3463 5636 ὑπὲρ
3486 5538 3784 5625 πᾶσαπίδό-

2284 5717 2360 5789 (8)
2388 5718 2461 5776 lta
2500 5723 2713 5780 videtur
2745 5727 2799 5783 in
2819 5732 2937 5789 cod.
