4020 6532
200 420 343 477 1315

1358 416 1588 475 ADVER
1598 416 1731 475 SUS
1767 413 2329 475 MACEDONIANOS.

3310 416 3453 473 ιδιι

195 536 295 602 ξαν
318 551 334 601 ;
372 530 496 594 Πῶς
522 529 833 595 ἐπαινέσεις
858 530 918 584 τὸ
944 530 1327 603 ἀκατάληπτον
1355 549 1369 598 ;
1404 532 1466 585 Et
1496 530 1672 585 πάντα
1707 526 1776 580 τὰ

1884 528 1965 583 bis
1997 530 2090 599 qui
2121 545 2339 585 omnem
2368 530 2597 601 gloriam
2634 531 2895 587 Aucedit?
2924 530 3212 599 Quomodo
3263 533 3451 590 lauda-

196 626 325 697 ἔθνη
354 624 428 687 ὼς
474 622 689 692 σταγὼν
728 624 837 677 ἀπὸ
880 622 1078 687 κάδου,
1108 624 1291 688 καθώς
1320 640 1484 693 φησιν
1519 620 1767 683 Ἡσαΐας,

194 718 293 771 ἐὰν
322 718 472 770 πᾶσα
504 717 539 787 ἡ
564 716 674 769 τῶν
694 714 994 787 ἀνθρώπων
1027 715 1140 787 ζωὴ
1173 714 1606 788 συναρμοσθεῖσα
1640 712 1769 782 ὁμό-

194 826 371 879 φωνον
393 806 689 881 ἀναπέμψῃ
726 807 824 878 τὴν
858 806 1036 874 δόξαν,
1063 808 1144 869 τίς
1185 806 1336 861 ἔσται
1382 804 1668 877 προσθήκη
1695 802 1771 873 τῷ

193 902 338 956 κατὰ
368 901 466 972 τὴν
497 900 656 970 φύσιν
682 898 876 971 ἐνδόξῳ
913 902 1012 968 τῆς
1049 901 1304 967 σταγόνος
1343 901 1377 969 ἡ
1414 901 1613 970 χάρις;
1660 916 1678 947 ι
1708 897 1771 949 Οί

194 994 414 1065 οὐρανοὶ
444 992 751 1064 διηγοῦνται
782 992 880 1063 τὴν
907 991 1063 1059 δόξαν
1100 990 1193 1045 τοῦ
1222 991 1378 1053 Θεοῦ,
1405 1010 1424 1043 ι
1459 992 1553 1044 καὶ
1588 989 1773 1061 μικροὶ

193 1087 437 1157 κήρυκες
488 1084 592 1154 τῆς
623 1083 781 1150 ἀξίας
814 1083 1140 1154 νομίζονται)
1165 1082 1504 1154 ιὸτιὲπῄρθη
1535 1084 1567 1153 ή
1601 1098 1773 1151 μεγα-

192 1177 493 1249 λοπρέπεια
531 1174 816 1239 αὐτοῦ,›οὐ
842 1176 1002 1246 μέχρι
1029 1175 1136 1227 τῶν
1172 1174 1435 1245 ούρανῶν,
1462 1172 1575 1227 ἀλλ’
1605 1173 1773 1243 ὑπερ-

194 1269 310 1322 άνω
330 1268 435 1320 τῶν
456 1266 722 1338 οὐρανῶν,
755 1263 863 1317 τῶν
899 1264 1077 1337 μικρῷ
1117 1264 1271 1334 μέρει
1300 1264 1399 1335 τῆς
1425 1263 1674 1335 θεότητος
1707 1265 1772 1335 τῇ

196 1358 445 1429 σπιθαμῇ
509 1356 782 1429 τροπικῶς
838 1356 1214 1429 ὀνομαζομένῃ
1273 1354 1771 1427 περιειλημμένων.

193 1448 309 1503 Καὶ
334 1446 637 1519 ἄνθρωπος,
659 1446 720 1499 τὸ
738 1446 997 1516 ἐπίκηρον
1018 1443 1175 1498 τοῦτο
1195 1446 1287 1498 καὶ
1300 1444 1589 1517 ὠκύμορον
1614 1443 1773 1509 ζῶον.

194 1539 379 1604 καλῶς
421 1538 499 1609 τῷ
543 1539 720 1609 χόρτῳ
754 1538 1247 1610 προσεικασμένος,
1290 1538 1525 1608 σήμερον
1561 1534 1634 1589 ῶν
1682 1534 1776 1589 καὶ

194 1632 388 1703 αὕριον
416 1631 515 1684 οὐκ
544 1630 818 1700 ἐσόμενος,
845 1629 1010 1695 ἀξίως
1035 1628 1263 1700 τιμῆσαι
1298 1628 1396 1698 τὴν
1433 1626 1581 1679 θείαν
1615 1626 1776 1695 φύσιν

1878 620 1964 675 bis
1995 621 2493 692 inintelligibilem‘l
2534 621 2804 689 Quoniam
2845 639 3038 680 omnes
3065 635 3259 695 gentes
3291 631 3451 697 quasi

1880 713 2026 768 stilla
2053 714 2233 768 situla
2260 724 2410 778 sunt,
2440 722 2499 767 ut
2528 712 2697 770 Isaias
2733 715 2809 769 ait
2841 717 2883 783 ',
2914 717 2961 771 si
2998 716 3139 773 forte
3194 718 3452 775 universa

1880 805 2163 859 hominum
2226 805 2339 860 vita
2392 822 2503 862 uno
2562 818 2832 862 concentu
2882 824 3182 865 consonam
3237 813 3454 867 emittat

1880 895 2268 959 laudationem,
2302 910 2554 965 quanam
2589 895 2681 951 ﬁet
2715 898 2960 952 accessio
2986 898 3059 963 ei,
3104 900 3197 969 qui
3230 908 3454 955 natura-

1870 985 2005 1040 liter
2038 986 2311 1055 gloriosus
2340 994 2445 1049 est,
2475 1001 2505 1040 a
2538 994 2704 1056 gutta
2726 988 2942 1057 gratia?
2975 1007 2993 1040 ι
3024 986 3160 1045 Cali
3191 1000 3454 1047 enarrant

1870 1077 2108 1147 gloriam
2144 1076 2238 1132 Dei
2265 1076 2308 1143 ³,
2337 1078 2658 1148 rexiguique
2687 1088 2985 1133 censentur
3011 1080 3292 1151 dignitatis
3317 1099 3456 1152 pra-

1881 1184 2047 1223 cones
2074 1185 2088 1232 ;
2128 1187 2146 1219 ι
2176 1169 2447 1239 quoniam
2481 1170 2719 1224 exaltata
2749 1179 2835 1225 est
2854 1172 3259 1242 magniﬁcentia
3282 1174 3408 1243 ejus
3431 1194 3449 1226 ι

1874 1276 1991 1314 nun
2026 1276 2201 1330 usque
2231 1261 2296 1315 ad
2325 1262 2518 1324 caios,
2550 1261 2648 1316 sed
2692 1276 2859 1332 supra
2894 1264 3065 1319 caios
3085 1265 3128 1329 ⁸,
3162 1265 3257 1337 qui
3303 1267 3456 1321 tenui

1881 1352 2183 1407 divinitatis
2219 1362 2395 1422 parte,
2426 1370 2547 1424 qua
2589 1355 2801 1423 palmus
2860 1357 3072 1425 tropice
3118 1359 3455 1423 nominatur,

1882 1447 2447 1515 comprehenduntur.
2490 1447 2664 1503 Homo
2692 1457 2893 1512 autem,
2941 1457 3327 1521 temporaneus
3368 1452 3457 1508 hic

1881 1542 1935 1590 et
1962 1536 2144 1590 brevis
2178 1536 2358 1592 atatis
2413 1538 2688 1602 animans,
2744 1547 3000 1608 recteque
3050 1539 3177 1594 leno
3237 1555 3459 1611 compa-

1882 1637 2058 1686 ratus.
2092 1628 2184 1697 qui
2217 1627 2380 1683 hodie
2395 1637 2491 1684 .est
2534 1638 2588 1683 et
2619 1644 2779 1685 mane
2809 1645 2921 1685 non
2970 1632 3261 1696 subsistet,
3295 1633 3457 1705 digne

196 1722 831 1790 πεπίστευκεν;”ομοιον
857 1720 1045 1791 ὥσπερ
1074 1719 1141 1772 ἂν
1165 1719 1217 1771 εί
1236 1735 1319 1782 τις
1340 1717 1542 1788 ἐξάψας
1575 1717 1777 1789 λεπτὴν

1884 1734 1945 1775 se
1974 1718 2375 1773 honoraturum
2404 1719 2645 1774 divinam
2669 1727 2922 1775 naturam
2958 1723 3231 1779 conﬁdet?
3275 1724 3457 1781 Veluti

192 1809 285 1867 ἶνα
314 1814 423 1867 ἀπὸ
467 1811 795 1877 στυππείου,
824 1809 1140 1883 προσθήκην
1177 1810 1297 1863 τινὰ
1333 1812 1452 1874 ταῖς
1493 1810 1586 1863 τοῦ
1624 1810 1777 1882 ἡλίου

1884 1813 1931 1867 si
1960 1811 2085 1881 quis
2110 1811 2419 1867 accendens
2448 1819 2667 1868 tenuem
2715 1824 2925 1884 stuppa
2964 1814 3188 1884 ﬁbram,
3241 1819 3458 1874 addita-

201 1906 595 1976 μαρμαρυγαῖς
637 1903 724 1956 διὰ
753 1900 849 1955 τοῦ
882 1902 1173 1973 σπινθῆρος
1205 1901 1574 1973 ὑπολαμϐάνοι
1612 1903 1770 1974 χαρί-

1884 1912 2123 1958 mentum
2156 1902 2379 1973 aliquod
2408 1918 2469 1957 se
2505 1912 2723 1973 putaret
2759 1905 2894 1962 solis
2926 1907 3313 1978 splendoribus
3355 1912 3459 1965 hac

199 1997 409 2063 ζεσθαι.
438 1996 502 2048 Τί
523 1995 694 2065 λέγων
716 1995 836 2047 είπέ
862 2012 951 2065 μοι
976 1996 1248 2067 τιμήσεις,
1274 1995 1372 2049 ἐάν
1414 2012 1519 2067 περ
1548 1995 1685 2059 ὅλως
1703 2014 1781 2048 τι·

202 2089 375 2159 μῆσαι
408 2087 653 2159 θελήσεις
682 2086 743 2139 τὸ
784 2086 1007 2156 Πνεῦμα
1037 2086 1098 2139 τὸ
1125 2086 1318 2154 ἅγιονς
1351 2087 1474 2141 Ὅτι
1510 2088 1780 2142 ἀθάνατόν

199 2183 316 2233 ἐστι
342 2179 555 2242 πάντως
574 2218 588 2241 ,
619 2178 700 2231 ὅτι
739 2176 1005 2247 ἄτρεπτόν
1044 2194 1104 2231 τε
1134 2178 1227 2232 καὶ
1269 2178 1623 2233 ἀναλλοίωτον
1643 2222 1658 2244 ,
1690 2180 1782 2234 καὶ

198 2273 289 2327 ἀεὶ
332 2272 515 2335 καλὸν,
550 2271 641 2323 καὶ
685 2270 980 2341 ἀπροσδεὲς
1033 2270 1133 2340 τῆς
1181 2272 1383 2342 ἑτέρων
1428 2272 1669 2345 χάριτος,
1700 2275 1799 2327 ὅτι·

202 2366 381 2421 πάντα
402 2365 461 2418 ὲν
494 2365 658 2417 πᾶσιν
691 2364 903 2435 ἐνεργεῖ
943 2360 1127 2425 καθὼς
1159 2362 1426 2432 βούλεται,
1456 2364 1632 2435 ἅγιον,
1657 2368 1783 2437 ἡγε-

205 2458 446 2529 μονικὸν,
474 2456 628 2520 εὐθὲς
648 2495 663 2520 ,
696 2455 922 2515 δίκαιον,
958 2453 1230 2525 ἀληθινὸν,
1260 2456 1330 2510 τὰ
1360 2457 1498 2529 βάθη
1527 2459 1782 2529 ἐρευνοῦν

203 2548 313 2601 τῶν
349 2547 483 2599 Θεοῦ
506 2587 520 2611 ,
561 2547 625 2599 ἐκ
653 2544 866 2616 Πατρὸς
904 2545 1372 2615 ἐκπορευόμενον,
1405 2550 1469 2599 ἐκ
1512 2547 1605 2601 τοῦ
1652 2549 1781 2601 Υίοῦ

201 2636 615 2708 λαμὸανόμενον
635 2676 649 2701 ,
680 2634 774 2686 καὶ
802 2632 855 2684 εί
876 2649 928 2685 τι
968 2631 1196 2687 τοιοῦτο.
1241 2634 1305 2685 Τί
1341 2628 1433 2687 οῦν
1460 2633 1549 2686 διὰ
1579 2634 1783 2687 τούτων

203 2725 427 2779 καὶτῶν
453 2725 707 2779 τοιούτων
734 2724 966 2797 χαρίζῃ;
1008 2723 1087 2776 Τὰ
1114 2724 1381 2797 προσόντα
1418 2724 1613 2793 λέγεις,
1638 2724 1671 2795 ἢ
1695 2724 1784 2779 διὰ

202 2818 315 2872 τῶν
346 2818 421 2889 μὴ
452 2818 764 2889 προσόντων
799 2821 964 2890 τιμᾷς
993 2837 1008 2885 ;
1039 2821 1103 2873 El
1149 2818 1246 2889 μὲν
1274 2818 1383 2889 γὰρ
1414 2816 1482 2871 τὰ
1514 2817 1587 2889 μὴ
1618 2834 1786 2889 προσ-

200 2911 333 2964 όντα
366 2912 828 2983 προσμαρτυρεῖς,
876 2911 1081 2982 ματαία
1108 2913 1142 2982 ή
1172 2910 1350 2981 χάρις,
1395 2910 1489 2963 καὶ
1527 2912 1606 2973 είς
1633 2910 1785 2963 οὐδὲν

206 3004 451 3075 φέρουσα
497 3002 659 3055 πλέον
682 3019 696 3033 ⁸
739 3004 767 3056 ὁ
792 3001 899 3074 γὰρ
930 3003 992 3057 τὸ
1028 3002 1223 3073 πικρὸν
1263 3001 1432 3070 γλυκὺ
1462 2999 1655 3069 λέγων,
1688 3001 1787 3054 αὒ-

203 3095 298 3157 τδς
329 3092 429 3164 μὲν
465 3091 763 3163 ἐψεύσατο,
791 3093 852 3147 τὸ
886 3094 942 3146 δὲ
977 3095 1178 3165 ψεκτὸν
1228 3094 1329 3147 οὐκ
1356 3092 1605 3164 ἐπῄνεσε.
1646 3092 1708 3145 El
1728 3092 1786 3145 δὲ

204 3186 277 3239 τὰ
306 3185 433 3239 ὄντα
455 3186 663 3254 λέγεις,
696 3187 763 3257 τῇ
794 3184 954 3254 φύσει
1002 3185 1242 3239 τοιοῦτόν
1280 3185 1397 3237 ἐστι
1427 3183 1644 3248 πάντως
1688 3183 1784 3237 καὶ

203 3244 595 3349 ὁμολογοῦντος
612 3244 721 3333 ’καὶ
738 3244 872 3349 ν
897 3277 1035 3349 Φησὶ
1060 3280 1169 3349 γὰρ
1210 3278 1239 3331 ὁ
1265 3244 1779 3341 Ἀπόστολοςὸτιιεί
1813 3244 1857 3304 c

200 3368 561 3440 ἀπιστοῦμεν,
597 3370 799 3433 ἐκεῖνος
831 3370 1019 3435 πιστὸς
1047 3369 1215 3442 μένει.
1242 3390 1261 3425 ι

282 3656 371 3705 ια’.
409 3647 476 3701 Τί
500 3640 594 3700 οῦν
636 3645 882 3716 βούλεται
905 3647 939 3715 ὴ
984 3644 1255 3715 ὑποστολὴ
1285 3643 1385 3713 τῆς
1412 3644 1594 3714 ψυχῆς
1629 3642 1722 3696 καὶ
1748 3644 1783 3713 ἠ

208 3738 608 3814 μεγαλοψυχία,
652 3739 743 3790 ἐπὶ
787 3737 885 3807 μὲν
916 3734 1012 3789 τοῦ
1041 3734 1255 3804 Πατρδς
1297 3734 1782 3805 φιλοτιμουμένων,

204 3834 307 3887 καὶ
338 3831 417 3903 τῷ
447 3830 561 3902 Υίῷ
591 3831 773 3900 τυχεῖν
804 3828 873 3880 τὰ
906 3823 998 3880 ἴσα
1027 3826 1399 3897 χαριζομένων
1418 3867 1433 3889 ,
1463 3825 1555 3878 ἐπὶ
1586 3824 1644 3878 δὲ
1688 3824 1783 3878 τοῦ

205 3926 529 3996 Πνεύματος
581 3919 1084 3993 σμικρολογούντων
1122 3917 1219 3989 τὴν
1248 3916 1407 3988 χάριν
1440 3934 1455 3983 ;
1489 3915 1659 3987 Εἴπερ
1700 3915 1785 3968 δέ-

204 4020 419 4073 δεικται
455 4016 556 4069 οὐκ
589 4016 653 4067 ὲκ
699 4014 799 4084 τῆς
834 4010 1203 4085 προαιρέσεως
1243 4008 1403 4080 ἡμῶν
1436 4008 1791 4079 πληρουμένη

206 4112 245 4182 ἡ
286 4108 431 4172 ἰδίως
465 4107 742 4179 προσοῦσα
764 4108 829 4178 τῇ
865 4104 986 4176 θείᾳ
1034 4103 1193 4173 φύσει
1233 4102 1401 4173 τιμὴ,
1432 4102 1568 4155 ἀλλὰ
1613 4119 1784 4172 προσ-

208 4200 365 4271 φυῶς
408 4202 841 4268 συνυπάρχουσα.
894 4195 959 4249 Ἦ
1012 4195 1110 4266 μὲν
1141 4194 1250 4266 γὰρ
1290 4193 1648 4264 ἀγνωμοσύνη
1673 4196 1783 4249 τῶν

206 4290 522 4364 ἀχαρίστων
556 4289 642 4343 διὰ
678 4289 777 4360 τῆς
809 4285 1063 4357 τοιαύτης
1105 4285 1284 4338 αὐτῶν
1313 4283 1539 4354 γνώμης
1564 4284 1785 4354 ὲὰέγχε-

206 4402 301 4439 ται
324 4402 336 4415 ο
364 4383 424 4437 τὸ
461 4383 518 4437 δὲ
546 4381 769 4453 Πνεῦμα
807 4383 874 4452 τῇ
920 4378 1111 4433 ἑαυτοῦ
1142 4377 1301 4447 φύσει
1324 4376 1523 4448 τίμιον,
1550 4375 1780 4441 ἔνδοξον,

206 4475 455 4542 δυνατὸν,
487 4474 666 4528 πάντα
712 4475 779 4527 τὰ
812 4471 993 4544 ὑψηλὰ
1035 4470 1144 4525 τῶν
1172 4470 1458 4543 νοημάτων
1492 4468 1616 4522 ’ἐστὶ
1637 4508 1652 4533 ,
1678 4468 1784 4522 κᾶν

1883 2009 1983 2051 sua
2018 1995 2258 2050 scintilla
2290 1995 2499 2065 largiri.
2534 1993 2874 2061 Quibusnam
2915 1999 3117 2064 verbis,
3153 2000 3243 2055 dic
3300 2001 3456 2067 mihi,

1882 2087 2203 2149 honorabis,
2231 2087 2279 2141 si
2317 2087 2537 2157 quidem
2558 2088 2830 2144 honorare
2867 2092 3093 2145 omnino
3119 2092 3291 2159 voles,
3326 2109 3458 2149 san-

1884 2192 2033 2238 ctum
2069 2181 2377 2251 Spiritum?
2405 2178 2610 2251 Nempe
2635 2180 2787 2236 dices
2816 2196 3039 2250 prorsus
3084 2199 3208 2239 esse
3238 2185 3461 2240 immor-

1885 2275 2068 2335 talem,
2091 2272 2483 2335 invertibilem,
2508 2273 2931 2340 immutabilem,
2965 2290 3182 2346 semper
3229 2277 3459 2343 bonum,

1884 2365 2034 2419 nullo
2066 2366 2245 2419 alieno
2270 2364 2542 2418 beneﬁcio
2572 2372 2819 2434 egentem
2848 2382 2862 2431 ;
2890 2374 2946 2419 et
2985 2367 3131 2436 quod
3167 2376 3365 2422 cuncta
3401 2369 3458 2422 in

1883 2456 2099 2511 cunctis
2128 2462 2388 2525 operatur
2417 2464 2579 2524 prout
2616 2456 2767 2521 vult;
2821 2459 2972 2518 item,
3024 2466 3274 2513 sanctum
3309 2475 3454 2521 esse.

1885 2548 2231 2618 dirigentem,
2258 2558 2495 2609 rectum.
2559 2548 2793 2617 justum,
2853 2563 3124 2614 veracem,
3183 2550 3456 2620 profunda

1886 2639 1979 2694 Dei
2026 2647 2386 2701 scrutantem,
2435 2654 2503 2693 ex
2555 2638 2715 2693 Patre
2760 2640 3165 2709 procedentem,
3225 2657 3254 2695 a
3314 2641 3461 2697 Filio

1884 2730 2269 2799 accipientem,
2307 2737 2362 2784 et
2410 2729 2457 2784 si
2505 2729 2637 2799 quid
2668 2738 2929 2800 praeterea
2970 2739 3073 2786 est.
3105 2730 3244 2797 Quid
3293 2747 3462 2802 porro

1888 2836 1988 2889 per
2008 2820 2125 2874 bac
2157 2828 2211 2873 et
2243 2820 2348 2874 alia
2377 2820 2692 2889 huiusmodi
2744 2822 2792 2875 ei
2830 2822 3087 2893 largiris?
3137 2823 3284 2879 Eane
3341 2841 3463 2895 qua

1884 2910 2049 2965 habet
2081 2911 2245 2975 dicis,
2282 2927 2352 2966 an
2385 2913 2456 2967 ob
2494 2928 2579 2977 ea,
2612 2928 2733 2983 qua
2768 2928 2876 2967 non
2916 2914 3097 2981 habet,
3126 2916 3356 2971 laudas?
3400 2915 3461 2971 Si

1885 3018 2006 3072 qua
2041 3019 2149 3057 non
2183 3004 2348 3058 habet
2376 3003 2444 3059 de
2488 3018 2555 3059 eo
2601 3003 2889 3073 pradicas,
2939 3022 3079 3060 vana
3121 3015 3205 3062 est
3244 3009 3456 3079 gratia,

1885 3094 2136 3165 nihilque
2166 3095 2519 3150 emolumenti
2543 3094 2870 3163 conferens;
2912 3113 3036 3151 nam
3071 3100 3163 3168 qui
3212 3115 3459 3155 amarum

1889 3185 2021 3241 dicit
2050 3201 2175 3241 esse
2200 3186 2383 3251 dulce,
2432 3185 2552 3257 ipse
2595 3187 2815 3257 quidem
2848 3191 3148 3258 mentitur;
3208 3200 3264 3246 et
3313 3194 3461 3264 quod

1890 3276 2248 3346 vituperabile
2272 3285 2379 3341 est,
2411 3293 2608 3348 reapse
2641 3276 2803 3334 laude
2832 3295 2943 3334 non
2971 3290 3152 3335 ornat.
3206 3281 3302 3337 Sin
3358 3299 3461 3338 au-

1887 3372 1995 3419 tem
2019 3379 2145 3419 vera
2183 3366 2347 3431 dicis,
2386 3381 2449 3422 ea
2475 3374 2673 3438 suapte
2706 3376 2902 3424 natura
2934 3370 3061 3425 talia
3087 3379 3236 3438 sunt,
3266 3373 3461 3430 sivetu

1885 3454 2199 3511 conﬁtearis
2249 3457 2364 3512 sive
2421 3472 2604 3515 secus.
2663 3458 2755 3513 Ait
2799 3460 2945 3515 enim
2991 3462 3321 3533 Apostolus:
3350 3484 3371 3519 ι
3401 3465 3463 3522 Si

1884 3565 1997 3604 non
2028 3550 2325 3615 credimus,
2354 3551 2445 3607 ille
2468 3552 2647 3608 ﬁdelis
2679 3562 2964 3622 permanet
2992 3554 3037 3610 ⁸.
3066 3574 3085 3607 ι

1960 3640 2050 3694 11.
2083 3639 2224 3707 Quid
2253 3657 2385 3712 ergo
2416 3641 2519 3696 sibi
2546 3641 2663 3697 vult
2696 3642 2811 3697 hac
2838 3644 3263 3711 pusillanimitas
3298 3645 3464 3703 simul

1884 3739 1941 3785 et
1989 3732 2418 3802 magnanimitas
2460 3733 2766 3797 hominum,
2814 3736 2909 3804 qui
2974 3734 3191 3791 Patrem
3239 3738 3461 3808 quidem

1887 3823 2162 3879 honorare
2214 3832 2455 3887 certant,
2496 3838 2797 3894 paremque
2856 3824 2998 3880 Filio
3030 3827 3259 3897 gloriam
3307 3831 3465 3882 attri-

1886 3912 2098 3979 buunt;
2129 3926 2260 3983 erga
2285 3911 2547 3982 Spiritum
2576 3922 2759 3967 autem
2786 3920 3076 3983 tantopere
3104 3915 3283 3970 laudis
3332 3925 3465 3972 sunt

1886 4004 2083 4059 avari?
2110 4004 2272 4060 Certe
2307 4006 2740 4060 demonstratum
2768 4014 2873 4072 est,
2905 4006 3047 4060 haud
3070 4022 3101 4061 a
3140 4017 3327 4063 nostra
3362 4025 3460 4064 vo-

1886 4096 2097 4151 luntate
2123 4097 2353 4167 gloriam
2385 4097 2607 4159 conﬁci,
2633 4113 2753 4167 qua
2777 4100 2997 4168 proprie
3022 4099 3226 4159 divina
3250 4110 3463 4157 natura

1888 4186 2053 4251 inest,
2085 4186 2181 4242 sed
2235 4187 2479 4241 innatam
2528 4187 2607 4241 illi
2663 4187 2948 4242 inharere.
3006 4187 3071 4243 Et
3121 4190 3461 4260 ingratorum

1886 4279 2107 4349 quidem
2141 4279 2425 4333 hominum
2455 4279 2711 4334 vecordia
2742 4279 2845 4333 hac
2892 4281 3138 4355 ipsorum
3192 4283 3462 4351 pravitate

1887 4372 2173 4427 sententia
2192 4371 2547 4441 coarguitur:
2579 4370 3026 4442 Spiritusvautem
3055 4385 3248 4444 suapte
3267 4383 3461 4430 natura

1886 4464 2238 4529 venerabilis,
2274 4464 2575 4534 gloriosus,
2613 4471 2919 4534 potensque
2944 4472 3051 4528 est,
3085 4473 3141 4520 et
3191 4467 3463 4537 quidquid

206 4563 359 4625 οὗτοι
397 4568 472 4641 μὴ
522 4567 835 4639 βούλωνται.
884 4565 992 4618 Ναί
1040 4578 1235 4635 φησιν·
1273 4562 1409 4618 ἀλλὰ
1438 4561 1529 4615 τὸν
1562 4562 1782 4631 Πατέρα

1890 4557 2170 4611 excelsum
2197 4557 2428 4627 cogitari
2459 4556 2888 4626 pctest,etiamsi
2923 4557 2977 4611 hi
3011 4559 3205 4613 nolint.
3240 4560 3459 4630 Utique,

116 4696 135 4709 ο
211 4664 316 4734 μὲν
343 4659 669 4733 δημιουργὸν
692 4655 830 4713 εἶναι
860 4656 1012 4728 παρὰ
1034 4657 1134 4726 τῆς
1155 4656 1379 4727 Γραφῆς
1404 4654 1778 4725 ἐδιδάχθημενο

208 4753 474 4817 ὡσαύτως
520 4754 615 4807 καὶ
660 4751 749 4805 διὰ
793 4748 887 4804 τοῦ
929 4747 1060 4802 Υἱοῦ
1108 4748 1179 4802 τὰ
1222 4748 1399 4801 πάντα
1457 4746 1784 4817 γεγενῆσθαι

208 4846 489 4919 ἐμάθομεν
507 4885 524 4909 ,
544 4843 692 4898 οὐδὲν
716 4843 774 4897 δὲ
793 4840 999 4896 τοιοῦτο
1022 4840 1151 4911 περὶ
1180 4838 1274 4892 τοῦ
1301 4836 1615 4909 Πνεύματος
1639 4839 1789 4910 ἡμᾶς

208 4938 414 5007 ὁλόγος
455 4936 708 5001 ἐδίδαξεν.
748 4936 858 4990 Καὶ
891 4934 1008 4997 πῶς
1035 4934 1182 4985 ἐστιν
1220 4932 1365 4995 εἰκὸς
1402 4932 1483 4995 είς
1517 4932 1787 5002 ἰσοτιμίαν

210 5032 369 5100 ἄγειν
396 5028 725 5098 τδνΠνεῦμα
768 5026 830 5079 τὸ
858 5026 1010 5094 ἅγιον
1042 5024 1119 5096 τῷ
1159 5023 1245 5077 διὰ
1283 5024 1381 5094 τῆς
1428 5023 1785 5093 δημιουργίας

208 5122 437 5179 τοσοῦτο
492 5120 719 5193 μέγεθος
774 5119 1053 5189 δυνάμεως
1106 5115 1500 5187 ὲπιδειξαμένῳ
1540 5115 1652 5182 ;Τί
1693 5110 1787 5169 οὖν

208 5218 376 5287 ἡμεῖς
397 5212 533 5286 πρὸς
562 5211 719 5265 τοῦτο
748 5209 1189 5281 ἀποκρινούμεθα
1222 5208 1381 5273 ςὌτι
1432 5207 1635 5277 μάταια
1664 5207 1787 5261 ὲλά-

208 5311 386 5380 λησαν
413 5310 473 5361 ὲν
515 5308 636 5369 ταῖς
664 5304 910 5376 καρδίαις
953 5303 1129 5357 αὐτῶν
1161 5303 1209 5355 oi
1259 5299 1571 5371 νομίζοντες
1600 5300 1675 5371 μὴ
1699 5300 1787 5354 ἀεὶ

213 5399 356 5475 μετὰ
388 5396 481 5454 τοῦ
529 5396 741 5468 Πατρδς
784 5397 880 5450 καὶ
928 5394 1020 5449 τοῦ
1060 5393 1191 5447 Υίοῦ
1230 5393 1291 5446 τὸ
1326 5391 1549 5462 Πνεῦμα
1594 5387 1734 5445 εἶναι
1769 5432 1785 5453 ,

208 5489 351 5545 ἀλλὰ
394 5489 537 5543 κατὰ
565 5484 787 5558 καιρούς
820 5501 973 5547 τινας
1000 5482 1130 5536 ποτὲ
1174 5482 1271 5553 μὲν
1311 5482 1395 5550 ἐφ’
1421 5479 1615 5533 ἑαυτοῦ
1651 5479 1784 5533 θεω-

213 5580 429 5656 ρεῖσθαι
452 5622 467 5645 ,
499 5579 630 5632 ποτὲ
655 5578 712 5632 δὲ
742 5574 1100 5656 συνημμένως
1144 5573 1676 5644 καταλαμϐάνεσθαι.
1721 5573 1787 5626 El.

212 5676 325 5745 γὰρ
362 5671 530 5743 χωρῖς
554 5670 648 5725 τοῦ
701 5662 1017 5739 Πνεύμαᾙξ
1044 5667 1263 5736 γέγονεν
1288 5668 1317 5719 ὁ
1357 5662 1581 5736 οὐρανὸς
1615 5664 1709 5717 καὶ
1750 5665 1785 5734 ή

1888 4650 2078 4716 aiunt;
2111 4649 2206 4703 sed
2242 4656 2423 4702 tamen
2477 4648 2693 4703 Patrem
2742 4656 3045 4704 creatorem
3078 4665 3202 4706 esse
3236 4666 3265 4704 a
3312 4652 3461 4705 Scri-

1887 4750 2054 4811 ptura
2086 4740 2268 4796 edocti
2299 4740 2539 4796 fuimus:
2578 4742 2709 4797 item
2745 4758 2841 4813 per
2889 4740 3085 4798 Filium
3109 4744 3290 4797 omnia
3318 4744 3461 4797 facta

1890 4834 2222 4889 didicimus:
2253 4833 2387 4887 nihil
2412 4847 2545 4887 vero
2579 4832 2895 4903 huiusmodi
2935 4834 3001 4889 de
3055 4832 3261 4903 Spiritu
3309 4849 3464 4889 sacer

1888 4941 2075 4983 sermo
2096 4941 2199 4981 nos
2239 4925 2447 4979 docuit.
2482 4925 2770 4992 Quomodo
2805 4934 2984 4980 autem
3016 4941 3235 4995 aquum
3268 4928 3359 4993 sit,
3394 4930 3459 4980 a;l

1888 5033 2079 5090 parem
2112 5018 2375 5073 honorem
2403 5018 2635 5073 evehere
2667 5026 2917 5073 sanctum
2955 5018 3218 5087 Spiritum
3250 5019 3348 5086 illi,
3367 5020 3462 5091 qui

1889 5122 1990 5180 per
2045 5110 2378 5165 creationem
2448 5116 2654 5163 tantam
2713 5111 2969 5179 potentia
3029 5111 3461 5181 magnitudinem

1890 5199 2268 5272 exprompsit?
2300 5201 2441 5268 Quid
2472 5217 2601 5271 ergo
2614 5215 2716 5255 nos
2734 5201 2800 5254 ad
2832 5201 2946 5256 hac
2967 5201 3239 5259 dicimus?
3260 5202 3465 5277 Nempe

1889 5294 2037 5363 quod
2069 5308 2205 5347 vana
2247 5294 2416 5349 locuti
2450 5305 2577 5350 sunt
2612 5294 2666 5347 in
2696 5293 2956 5350 cordibus
2996 5295 3133 5363 suis,
3186 5298 3281 5366 qui
3343 5299 3462 5352 exi-

1888 5388 2119 5442 stimant
2148 5402 2256 5440 non
2292 5401 2508 5455 semper
2555 5401 2679 5439 cum
2718 5384 2878 5439 Patre
2911 5396 2965 5440 et
3011 5384 3149 5441 Filio
3199 5386 3463 5458 Spiritum

1892 5476 2087 5543 fuisse,
2121 5476 2216 5533 sed
2246 5477 2413 5532 certis
2449 5476 2791 5546 temporibus
2823 5477 2987 5531 modo
3036 5493 3138 5547 per
3184 5493 3244 5534 se
3288 5479 3465 5534 solum

1898 5569 2161 5640 spectari,
2198 5568 2362 5622 modo
2394 5567 2734 5638 conjunctim
2771 5567 3088 5638 comperiri.
3112 5567 3247 5623 Nam
3276 5569 3321 5624 si
3342 5570 3466 5623 abs-

1896 5679 2006 5733 que
2031 5662 2239 5733 Spiritu
2270 5660 2473 5716 l'actum
2500 5670 2587 5717 est
2639 5662 2838 5717 calum
2871 5677 2935 5717 ac
2979 5669 3129 5719 terra
3163 5670 3216 5719 et
3263 5664 3468 5718 ereatio

290 5795 312 5827 ¹
356 5790 461 5845 lsa.
499 5807 593 5855 XL,
633 5788 720 5845 15.
795 5789 815 5820 ³
854 5786 1001 5843 Psal.
1039 5800 1210 5851 xvm,
1245 5786 1294 5839 l.
1372 5782 1394 5815 ⁵
1431 5780 1575 5839 Psal.
1610 5798 1706 5837 vm
1731 5824 1745 5849 ,
1781 5795 1782 5802 ‘

1907 5782 1933 5813 ³
1975 5778 2016 5833 ll
2056 5779 2195 5833 Tim.
2222 5796 2295 5840 ll,
2361 5780 2446 5834 15.
