4020 6536
618 405 761 462 1515

1888 408 1947 461 S.
1981 402 2307 462 GREGORII
2345 403 2638 461 NYSSBNI

3721 408 3852 462 15:6

612 536 873 579 universa
902 537 1000 592 per
1031 520 1225 576 Filium
1263 522 1439 577 solum
1482 537 1547 577 ac
1572 522 1812 587 Patrem,
1859 523 2044 578 dicant
2090 523 2175 592 qui

2288 520 2356 588 γῆ
2379 522 2473 573 καὶ
2500 525 2700 593 πᾶσαὴ
2730 522 2903 586 κτίσις
2935 523 3023 577 διὰ
3056 522 3151 576 τοῦ
3178 522 3309 576 Υἱοῦ
3341 523 3501 593 μόνου
3532 524 3597 577 ἐκ
3625 523 3719 576 τοῦ
3758 525 3838 576 Πα

607 618 698 671 sic
744 616 1065 685 loquuntur,
1105 614 1234 679 quid
1272 623 1456 685 ageret
1491 613 1726 684 Spiritus
1782 624 2025 675 sanctus,
2057 615 2186 668 dum

614 704 779 759 Pater
830 720 955 758 cum
1031 703 1171 759 Filio
1238 706 1570 759 creationem
1621 704 1993 775 operabatur?
2047 704 2185 757 Num

616 800 686 852 ad
709 797 813 851 alia
841 812 1007 867 opera
1056 797 1426 861 incumbebat,
1477 812 1542 851 ac
1588 804 1875 867 propterea
1929 796 2188 851 universo

618 890 856 945 creando
886 904 997 944 non
1030 890 1304 944 vacabat?
1338 890 1664 956 Quamnam,
1699 904 1818 956 oro,
1857 889 2186 959 peculiarem

618 982 856 1051 Spiritus
892 981 1307 1050 occupationem
1346 981 1723 1036 demonstrare
1753 988 1998 1050 queunt,
2048 981 2186 1034 inte—

619 1076 721 1126 riin
749 1074 879 1128 dum
910 1073 1116 1127 creatio
1147 1072 1549 1141 peragebatur?
1592 1072 1749 1126 Certe
1783 1073 2009 1127 stultum
2045 1082 2188 1127 esset

619 1176 785 1235 atque
816 1164 1077 1218 insanum
1117 1163 1184 1217 de
1220 1163 1324 1216 alia
1357 1163 1538 1232 aliqua
1596 1164 1874 1218 creatione
1920 1164 2184 1232 cogitare,

618 1265 817 1327 praeter
843 1255 993 1309 illam
1021 1269 1144 1325 quae
1202 1270 1234 1308 a
1269 1253 1429 1309 Patre
1480 1270 1578 1326 per
1610 1255 1805 1309 Filium
1855 1255 2187 1309 conﬁcieba-

618 1357 729 1402 tur.

690 1440 777 1494 12.
807 1440 874 1493 At
900 1437 1047 1494 enim
1084 1437 1322 1507 Spiritus
1354 1436 1587 1493 fortasse
1624 1452 1733 1493 non
1784 1437 2183 1508 occupabatur,

617 1533 713 1589 sed
742 1532 963 1603 pigritia
1008 1540 1061 1585 et
1097 1531 1213 1586 otio
1265 1546 1328 1584 ae
1389 1531 1640 1585 laborum
1694 1528 1823 1600 fuga
1884 1544 1914 1583 a
1963 1530 2186 1585 creandi

617 1623 803 1679 studio
848 1622 1174 1677 abstinebat.
1231 1623 1459 1678 Utinam
1494 1623 1653 1678 nobis
1713 1620 1990 1677 condonet
2046 1622 2187 1677 hanc

617 1715 911 1769 verborum
947 1714 1217 1769 insaniam
1256 1715 1372 1784 ipsa
1418 1714 1657 1785 Spiritus
1706 1715 1921 1785 gratia!
1976 1714 2183 1768 Etenim

616 1820 719 1860 nos
748 1804 1136 1860 absurditatem
1184 1805 1311 1859 talia
1366 1805 1849 1876 dogmatizantium
1884 1821 2073 1875 presse
2097 1822 2182 1862 se-

2288 614 2432 682 τρὸς,
2466 614 2774 667 εἰπάτωσαν
2802 616 2851 667 oi
2876 615 3047 668 ταῦτα
3072 615 3340 681 λέγοντες,
3360 614 3414 665 τί
3448 613 3618 666 ἐποίει
3642 614 3764 667 τότε
3798 615 3855 666 τὸ

2288 704 2510 775 Πνεῦμα
2542 706 2602 759 τὸ
2643 706 2818 774 ἆγιον,
2847 708 2934 760 ὅτε
2970 710 2999 760 6
3044 706 3234 777 Πατὴρ
3275 706 3412 776 μετά
3458 706 3550 758 τοῦ
3589 706 3719 759 Υίοῦ
3762 705 3856 775 τὴν

2286 798 2464 850 κτίσιν
2505 797 2731 869 ἐνήργει
2763 816 2777 864 ;
2811 799 3024 862 Ἀλλοις
3040 801 3180 853 τισὶν
3203 799 3386 869 ἔργοις
3417 801 3854 870 προσησχολεῖτο,

2286 887 2381 939 καὶ
2424 886 2511 939 διά
2551 887 2708 940 τοῦτο
2754 888 2855 957 τῆς
2893 889 3121 952 κτίσεως
3160 888 3268 940 τῶν
3322 888 3539 942 πάντων
3572 890 3631 942 ού
3669 907 3860 959 συνεφ-

2285 980 2488 1049 ήπτετο
2512 995 2527 1045 ;
2559 979 2667 1032 Kal.
2694 980 2746 1032 τί
2768 980 2947 1050 ἔχουσι
2974 978 3138 1043 δεῖξαι
3166 979 3360 1044 ἰδιάζον
3384 981 3544 1052 ἔργον
3563 978 3655 1033 τοῦ
3686 982 3858 1035 Πνεύ-

2290 1089 2476 1142 ματος,
2515 1074 2604 1126 ὅτε
2650 1075 2683 1144 ἡ
2730 1072 2904 1134 κτίσις
2954 1073 3270 1137 συνίστατο;
3300 1068 3337 1143 ἦ
3386 1074 3570 1144 μωρόν
3617 1077 3735 1127 ἐστι
3767 1077 3861 1127 καὶ

2286 1165 2511 1236 ἀνόητον
2536 1165 2596 1218 τὸ
2616 1167 2706 1218 καὶ
2732 1165 2896 1236 ἄλλην
2918 1166 3093 1218 κτίσιν
3130 1165 3283 1236 παρά
3307 1164 3405 1236 τὴν
3431 1169 3495 1220 ὲκ
3520 1166 3615 1220 τοῦ
3647 1167 3862 1238 Πατρός

2284 1256 2377 1310 διὰ
2407 1256 2501 1311 τοῦ
2536 1255 2665 1310 Υἱοῦ
2702 1256 3021 1324 ὑφεστῶσαν
3054 1259 3307 1313 ἐπινοεῖν.

2358 1438 2444 1507 ιβ’.
2496 1436 2634 1490 Ἀλλ’
2679 1438 2781 1490 οὐκ
2806 1437 3083 1507 ἠσχολεῖτο
3116 1438 3231 1509 μὲν.
3265 1438 3503 1509 ῥαθυμίᾳ
3528 1438 3585 1492 δέ
3632 1457 3738 1493 τινι
3768 1442 3861 1495 καὶ

2289 1529 2543 1600 ῥᾳστώνῃ
2593 1528 2688 1581 καὶ
2729 1528 2806 1598 τῷ
2846 1530 2973 1600 περὶ
3005 1531 3131 1593 τοὺς
3162 1530 3369 1592 πόνους
3412 1530 3554 1599 δκνῳ
3584 1530 3690 1599 τῆς
3734 1533 3860 1603 περὶ

2286 1620 2381 1691 τὴν
2410 1620 2585 1673 κτίσιν
2631 1619 2871 1689 σπουδῆς
2908 1620 3218 1691 ἐχωρίζετο.
3257 1620 3402 1673 Ἀλλ’
3430 1621 3586 1684 ἵλεως
3610 1624 3695 1692 εἴη
3730 1625 3860 1692 ἡμῖν

2286 1709 2379 1761 ἐπὶ
2427 1712 2489 1779 τῇ
2528 1708 2846 1778 ματαιότητι
2892 1708 3062 1777 ταύτῃ
3124 1708 3233 1762 τῶν
3282 1708 3453 1777 λόγων
3491 1710 3634 1782 αὑτὴ
3684 1713 3719 1782 ἡ
3767 1711 3859 1764 τοῦ

2288 1802 2601 1872 Πνεῦμα-τος
2639 1802 2816 1873 χάρις.
2865 1800 2944 1869 Τῇ
2994 1802 3101 1874 γάρ
3146 1802 3343 1874 ἀτοπία
3377 1802 3484 1855 τῶν
3521 1804 3592 1856 τά
3636 1805 3864 1858 τοιαῦτα

617 1903 868 1965 quentes,
895 1895 1050 1949 inviti
1072 1894 1328 1951 sensibus
1358 1896 1598 1960 illorum,
1638 1912 1740 1951 ceu
1774 1896 2009 1967 quodam
2048 1898 2175 1958 luto,

2285 1894 2716 1965 δογματιζόντων
2767 1897 2885 1947 κατ’
2920 1896 3062 1964 ἴχνος
3104 1896 3357 1965 ἑπόμενοι
3388 1894 3704 1965 ἀϐουλήτως
3743 1899 3862 1959 sui;

616 2004 928 2043 sermonem
962 1997 1209 2043 nostrum
1232 1988 1657 2045 sordidavimus.
1687 1990 1859 2045 Porro
1877 1990 2184 2046 orthodoxa

616 2081 886 2136 sententia
918 2080 990 2134 ita
1030 2096 1090 2136 se
1124 2082 1320 2135 habet:
1352 2081 1537 2151 Neque
1566 2081 1729 2137 Pater
1782 2082 1991 2149 absque
2043 2081 2184 2137 Filio

614 2188 855 2241 unquam
928 2173 1225 2241 cogitatur,
1258 2189 1435 2243 neque
1464 2173 1634 2229 Filius
1686 2175 1805 2229 sine
1836 2183 2028 2230 saneto
2061 2174 2185 2244 Spi-

613 2265 726 2319 ritu
764 2265 1108 2337 intelligitur.
1149 2264 1306 2320 Sicut
1338 2270 1483 2322 enim
1519 2267 1860 2333 impossibile
1884 2276 1969 2324 est
1998 2270 2183 2323 venire

613 2357 681 2410 ad
711 2355 949 2411 Patrem
983 2356 1089 2411 nisi
1141 2357 1265 2425 quis
1294 2372 1390 2427 per
1444 2356 1637 2411 Filium
1685 2358 1981 2412 extollatur
2011 2359 2050 2419 ',
2106 2359 2180 2412 ita

614 2447 959 2516 impossibile
989 2456 1077 2501 est
1126 2448 1311 2502 dicere
1363 2446 1655 2501 Dominum
1686 2446 1894 2509 .lesum,
1955 2449 2057 2503 nisi
2124 2450 2179 2503 in

617 2535 820 2605 Spiritu
852 2547 1046 2592 sancto
1082 2540 1125 2594 ⁷.
1185 2541 1374 2607 Itaque
1405 2539 1793 2593 convenienter
1830 2548 1994 2609 atque
2049 2556 2180 2594 con-

608 2629 841 2701 junctim
870 2628 1032 2683 Pater
1062 2638 1117 2684 et
1156 2628 1328 2684 Filius
1348 2638 1403 2685 et
1437 2629 1678 2700 Spiritus
1703 2641 1929 2686 sanctus
1966 2647 2180 2702 semper

610 2727 907 2787 mutuaque
935 2733 1059 2772 cum
1097 2719 1363 2773 relatione
1395 2719 1449 2772 in
1482 2718 1724 2788 perfecta
1758 2718 2031 2775 Trinitate
2052 2735 2179 2775 con-

610 2810 954 2876 siderantur;
991 2820 1043 2865 et
1084 2819 1208 2865 ante
1221 2827 1436 2866 omnem
1454 2812 1812 2874 creationem,
1839 2820 1967 2867 ante
1995 2814 2178 2868 omnia

610 2903 830 2967 saecula,
870 2910 996 2955 ante
1027 2902 1325 2969 quamlibet
1362 2904 1671 2958 intellectus
1696 2904 1872 2959 nostri
1895 2905 2180 2968 cogitatio-

610 3010 756 3057 nem,
777 2993 935 3047 Pater
956 3008 1172 3063 semper
1198 2992 1360 3048 Pater
1386 3003 1489 3056 est,
1522 3002 1573 3047 et
1602 3011 1724 3048 cum
1760 2994 1899 3051 Filio
1940 2994 2178 3065 Spiritus

609 3092 857 3139 sanctus.
884 3083 1081 3154 Siergo
1096 3085 1554 3154 inseparabiliter,
1574 3086 1687 3141 haec
1699 3086 1861 3141 simul
1881 3098 2179 3157 mutuoque

607 3174 1157 3243 exsistunt,qua3nam
1172 3174 1384 3229 insania
1400 3184 1484 3229 est
1498 3175 1713 3230 illorum
1726 3178 1817 3246 qui
1832 3192 2087 3247 separare
2104 3179 2179 3231 ui-

609 3274 799 3320 tuntur
819 3266 1159 3320 individuum
1187 3273 1241 3321 et
1265 3264 1509 3322 dividere
1527 3268 1994 3338 inseparabile,ita
2012 3278 2072 3324 ut
2091 3269 2176 3323 di-

608 3372 733 3411 cere
752 3355 1192 3421 audeant,solum
1208 3356 1402 3413 fecisse
1418 3357 1601 3413 omnia
1617 3358 1825 3413 Patrem
1842 3376 1938 3429 per
1954 3360 2173 3424 Filium,

608 3443 812 3513 Spiritu
843 3453 1036 3499 sancto
1070 3446 1172 3500 sub
1196 3448 1492 3502 creationis
1519 3458 1733 3518 tempus
1760 3450 1842 3503 vel
1875 3465 1985 3504 non
2036 3466 2174 3520 prte-

606 3545 763 3589 sente
796 3536 879 3590 vel
905 3535 1043 3589 nihil
1075 3537 1312 3605 agente?
1336 3535 1470 3591 Nam
1528 3539 1574 3592 si
1612 3554 1720 3593 non
1746 3539 1957 3602 aderat,
1989 3541 2176 3595 dicant

608 3625 830 3680 ubinam
888 3633 1057 3691 esset,
1088 3641 1211 3679 cum
1263 3625 1408 3681 Deus
1457 3643 1651 3696 reapse
1680 3628 1863 3681 omnia
1923 3641 2170 3699 occupet,

606 3731 737 3772 num
771 3714 1023 3770 videlicet
1052 3717 1379 3785 peculiarem
1410 3718 1649 3787 aliquam
1693 3717 1919 3789 Spiritui
1976 3721 2174 3775 statio-

606 3824 726 3863 nem
766 3808 1068 3877 assignant,
1118 3808 1190 3862 ita
1228 3818 1290 3863 ut
1340 3810 1481 3879 apud
1509 3826 1568 3864 se
1600 3825 1844 3866 seorsum
1874 3812 2173 3867 creationis

603 3910 849 3970 tempore
883 3901 1070 3955 esset?
1123 3899 1216 3954 Sin
1262 3901 1474 3965 aderat,
1524 3902 1802 3972 quomodo
1854 3904 2172 3961 inactuosus

610 3991 764 4043 erat?
795 3988 932 4043 Num
972 3992 1099 4059 quia
1122 3991 1256 4044 nihil
1285 3990 1493 4045 edicere
1526 4001 1758 4061 poterat,
1795 4008 1865 4048 an
1900 3995 2028 4064 quia
2072 4010 2172 4050 no-

604 4081 781 4146 lebat,
848 4090 1043 4149 sponte
1074 4083 1355 4147 omittens,
1398 4099 1465 4136 an
1527 4084 1709 4154 aliqua
1759 4084 2024 4141 validiore
2075 4101 2171 4143 ne-

604 4172 862 4225 cessitate
894 4171 1186 4240 repulsus?
1226 4170 1360 4226 Nam
1390 4173 1435 4227 si
1466 4185 1663 4244 sponte
1699 4174 1869 4229 otium
1900 4184 2168 4245 praeopta-

600 4262 701 4322 vit,
730 4277 799 4316 ne
831 4262 885 4315 in
912 4261 1019 4315 alia
1057 4262 1276 4332 quidem
1307 4279 1367 4318 re
1401 4266 1643 4334 qualibet
1673 4266 1721 4320 is
1759 4280 1916 4336 agere
1958 4275 2171 4336 patere-

602 4362 720 4415 tur;
763 4351 1106 4422 mendaxque
1134 4368 1202 4408 ex
1255 4354 1449 4409 horum
1486 4356 1758 4411 sententia
1792 4357 2046 4412 evaderet
2076 4358 2168 4411 ille

598 4442 692 4510 qui
723 4442 799 4495 ait
855 4442 1034 4511 ipsum
1093 4446 1310 4515 operari
1362 4447 1545 4501 omnia
1584 4447 1640 4502 in
1696 4448 1955 4503 omnibus
2004 4456 2167 4519 prout

599 4536 716 4589 vult
745 4535 787 4588 ⁸.

664 4715 753 4769 1⁸5.
818 4715 973 4781 Quod
1023 4716 1068 4770 si
1129 4716 1365 4787 Spiritus
1417 4719 1636 4788 quidem
1697 4719 1765 4774 ad
1820 4721 2159 4790 operandum

596 4817 789 4875 sponte
837 4808 1153 4876 impellitur,
1204 4810 1455 4878 superior
1503 4820 1682 4865 autem
1716 4815 1960 4880 quaedam
2008 4824 2161 4882 pote-

594 4907 709 4953 stas
737 4898 863 4952 huic
894 4900 1177 4969 proposito
1204 4901 1406 4962 obstat,
1438 4901 1623 4955 dicant
1651 4918 1782 4958 sane
1805 4905 2161 4973 quamobrem

594 4987 1041 5056 impedimentum
1096 4989 1199 5042 hoc
1236 4991 1344 5043 liat.
1395 4987 1536 5042 Num
1568 4990 1773 5044 invidia
1820 4992 2007 5062 gloria:
2042 5009 2161 5064 quae

591 5092 660 5130 ex
702 5078 965 5146 operibus
990 5080 1227 5148 paritur,
1276 5094 1344 5133 ne
1369 5079 1623 5134 videlicet
1650 5081 1705 5135 in
1745 5083 1913 5138 alium
1944 5101 2160 5155 quoque

590 5174 834 5221 transeat
858 5176 1005 5222 recte
1035 5167 1302 5223 factorum
1327 5168 1641 5233 admiratio,
1672 5185 1740 5224 an
1780 5172 1909 5241 quia
1936 5189 2044 5227 non
2099 5174 2161 5228 [l-

590 5259 682 5312 dat
722 5263 1060 5330 cooperanti,
1110 5264 1267 5333 quasi
1309 5262 1696 5318 detrimentum
1753 5264 1829 5318 rei
1878 5268 2161 5334 prazsentis

589 5348 770 5404 futura
807 5352 881 5406 sit
905 5352 1054 5407 illius
1089 5354 1296 5423 opera?
1317 5352 1551 5409 Prorsus
1570 5354 1763 5408 harum
1790 5369 2008 5427 qquue
2045 5358 2162 5426 opi-

588 5440 817 5494 nionum
851 5457 1048 5498 causas
1086 5444 1141 5497 hi
1179 5446 1450 5515 sapientes
1486 5445 1646 5500 nobis
1677 5445 2024 5514 patefacient.
2057 5446 2154 5502 Sin

587 5545 717 5586 vero
745 5548 921 5605 neque
950 5534 1153 5589 invidia
1184 5535 1423 5590 divinam
1441 5537 1660 5608 attingit
1683 5546 1957 5603 naturam,
1979 5554 2157 5610 neque

657 5670 683 5705 ⁸
715 5670 874 5730 Joan.
914 5691 1007 5730 xw
1082 5675 1157 5757 8.‘
1210 5678 1229 5708 ⁷
1268 5676 1288 5729 ι
1320 5678 1448 5733 Cor.
1487 5695 1561 5735 xu
1586 5720 1600 5745 ,
1632 5680 1685 5733 3.
1761 5680 1783 5712 ⁸
1822 5680 1954 5736 ibid.
1991 5680 2042 5736 8.

658 5825 736 5897 (9)
761 5824 894 5883 Cod.
919 5831 987 5883 εἰ.

2285 1986 2514 2050 ἐννοίαις
2539 1986 2718 2039 αὐτῶν
2744 1980 2855 2039 οἷόν
2876 2003 2983 2039 τινι
3018 1987 3263 2058 βορϐόρῳ
3286 1987 3377 2039 τὸν
3408 1987 3564 2055 λόγον
3593 1990 3864 2059 κατερρυο

2284 2078 2563 2149 πώσαμεν.
2608 2080 2673 2132 Ἦ
2720 2078 2829 2150 γάρ
2876 2079 3104 2151 εὐσεϐὴς
3152 2079 3358 2133 διάνοια
3389 2080 3575 2134 τοῦτον
3611 2080 3727 2152 ἔχει
3774 2080 3862 2135 τὸν

2282 2173 2480 2241 τρόπον
2512 2190 2527 2203 ο
2561 2170 2699 2225 Οῦτε
2748 2172 2937 2244 Πατὴρ
2988 2173 3156 2243 χωρὶς
3206 2173 3335 2226 Υίοῦ
3384 2191 3515 2226 ποτε
3576 2176 3863 2235 ἐννοεῖται,

2281 2263 2403 2317 οῦτε
2421 2265 2547 2328 Υἱὸς
2574 2264 2697 2334 δίχα
2721 2263 2815 2317 τοῦ
2838 2263 2991 2331 ἁγίου
3011 2264 3147 2317 Πνεύ
3156 2281 3324 2333 ματος
3344 2264 3853 2334 καταλαμϐάνεται.

2293 2356 2379 2416 Ὠς
2406 2356 2512 2426 γάρ
2540 2355 2820 2426 ἀμήχανόν
2870 2356 3015 2408 ἐστιν
3072 2355 3311 2407 ἀνελθεῖν
3336 2355 3470 2424 πρὸς
3499 2356 3591 2408 τὸν
3632 2357 3860 2427 Πατέρα

2285 2449 2358 2520 μὴ
2374 2449 2460 2502 διὰ
2487 2448 2579 2502 τοῦ
2608 2447 2738 2502 Υἰοῦ
2775 2446 3076 2516 ύψωθέντα,
3105 2445 3276 2509 οὕτως
3301 2445 3561 2499 ἀδύνατόν
3597 2448 3724 2501 ἐστι
3757 2450 3858 2501 Ka-

2282 2557 2395 2610 ριον
2444 2539 2650 2609 Ἰησοῦν
2702 2540 2875 2594 εἰπεῖν
2912 2536 2985 2607 μὴ
3031 2538 3086 2589 ἐν
3128 2536 3403 2606 Πνεύματι
3442 2537 3617 2606 ἁγίῳο
3657 2538 3863 2591 οὐκοῦν

2279 2630 2582 2692 ἀκολούθως
2618 2646 2677 2682 τε
2725 2627 2816 2681 καὶ
2850 2626 3205 2696 συνημμένως
3244 2626 3273 2677 ό
3312 2624 3500 2697 Πατὴρ
3537 2626 3637 2679 καὶ
3667 2627 3699 2677 ὁ
3734 2627 3860 2688 Tib;

2277 2722 2373 2774 καὶ
2408 2721 2470 2774 τὸ
2500 2720 2722 2790 Πνεῦμα
2749 2718 2812 2772 τὸ
2849 2719 3003 2787 ἅγιον
3039 2717 3125 2770 ἀεὶ
3155 2717 3271 2786 μετ’
3303 2716 3548 2786 ἀλλήλων
3590 2719 3649 2770 ὲν
3683 2717 3864 2787 τελείᾳ

2278 2817 2343 2884 τῇ
2372 2812 2562 2882 Τριάδι
2589 2811 2970 2883 γνωρίζονται,
3006 2809 3100 2862 καὶ
3138 2809 3244 2878 πρὸ
3274 2809 3453 2878 πάσης
3470 2809 3711 2871 κτίσεως
3729 2851 3744 2873 ,
3776 2812 3861 2862 καὶ

2280 2904 2386 2975 πρὸ
2406 2905 2620 2957 πάντων
2640 2901 2873 2959 αἰώνων,
2902 2900 2995 2953 καὶ
3028 2898 3133 2969 πρὸ
3165 2898 3342 2968 πάσης
3368 2897 3731 2968 καταληπτῆς
3759 2900 3862 2951 ἐπιο

2278 2995 2444 3058 νοίας,
2472 2995 2558 3047 ἀεὶ
2599 2991 2784 3063 Πατὴρ
2811 2994 2838 3045 6
2868 2990 3059 3061 Πατήρ
3110 2992 3246 3051 ἐστι,
3276 2989 3370 3042 καὶ
3412 2989 3471 3041 ὲν
3510 2988 3593 3058 τῷ
3623 2989 3807 3060 Πατρὶ
3834 2991 3861 3041 6

2266 3086 2425 3149 'Yib;,
2446 3086 2538 3138 καὶ
2561 3082 2699 3155 μετά
2721 3081 2815 3135 τοῦ
2843 3080 2970 3134 Υίοῦ
3000 3080 3060 3133 τὸ
3094 3077 3316 3149 Πνεῦμα
3359 3077 3420 3131 τὸ
3448 3078 3627 3146 ἅγιον.
3672 3079 3739 3131 Εἰ
3772 3075 3861 3132 οὖν

2279 3178 2596 3249 ἀχωρίστως
2616 3174 2783 3229 ταῦτα
2818 3174 2932 3244 μετ’
2950 3172 3191 3243 ἀλλήλων
3220 3170 3361 3237 ἐστὶ,
3378 3170 3463 3234 τίς
3490 3172 3525 3241 ἡ
3558 3170 3859 3240 patum

2278 3268 2387 3323 τῶν
2403 3270 2459 3321 ὲν
2481 3266 2656 3337 καιρῷ
2680 3283 2782 3319 τινι
2814 3262 3153 3334 διαχωρίζειν
3178 3260 3595 3333 ἐπιχειρούντων
3608 3262 3676 3314 τὸ
3693 3264 3859 3331 ἄτμη-

2277 3378 2389 3423 τον,
2422 3359 2514 3412 καί
2543 3358 2768 3427 διαιρεῖν
2796 3356 2857 3409 τὸ
2890 3354 3211 3425 ἀχώριστον,
3246 3353 3385 3408 ὥστε
3413 3354 3620 3425 τολμᾷν
3649 3352 3854 3422 λέγειν,

2281 3448 2456 3511 Μόνος
2468 3434 2717 3517 εποίησεν
2731 3447 2758 3498 ό
2785 3446 2973 3516 Πατὴρ
2990 3444 3078 3498 διὰ
3106 3444 3265 3515 μόνου
3284 3442 3377 3497 τοῦ
3395 3443 3527 3496 Υἰοῦ
3557 3445 3625 3497 τὰ
3652 3444 3853 3506 πάντα,

2272 3541 2366 3594 τοῦ
2409 3540 2565 3610 ἁγίου
2601 3538 2915 3609 Πνεύματος
2950 3540 3007 3591 ὲν
3048 3536 3126 3607 τῷ
3160 3536 3335 3609 καιρῷ
3365 3536 3462 3607 τῆς
3490 3536 3855 3607 δημιουργίας

2272 3633 2306 3703 ἢ
2362 3633 2435 3703 μὴ
2474 3630 2760 3702 παρόντος,
2794 3629 2827 3701 ἢ
2880 3628 2954 3700 μὴ
3007 3626 3383 3700 ὲνεργοῦντος;
3414 3629 3473 3680 ΕΞ
3513 3628 3615 3697 μὲν
3646 3628 3756 3699 γὰρ
3793 3630 3854 3680 οὗ

2274 3723 2479 3794 παρῆν,
2515 3721 2828 3775 εἰπάτωσαν
2852 3718 2954 3772 ποῦ
2979 3714 3067 3790 ἦν.
3098 3718 3272 3771 πάντα
3301 3716 3395 3769 τοῦ
3424 3716 3560 3769 Θεοῦ
3582 3718 3854 3785 6:311:96-

2268 3834 2381 3880 τος;
2400 3816 2471 3868 ’Ἡ
2485 3813 2558 3884 (9)
2573 3830 2695 3867 τινα
2713 3812 3013 3876 ἰδιάζουσαν
3025 3810 3101 3881 τῷ
3114 3807 3252 3863 Πνεύ
3260 3824 3387 3878 ματι
3410 3809 3598 3861 στάσιν
3610 3808 3825 3862 tm.va
3834 3840 3855 3850 ο

2273 3924 2376 3966 σιν,
2418 3904 2558 3958 ὥστε
2598 3902 2682 3972 ἐφ’
2706 3902 2901 3955 ἑαυτοῦ
2950 3898 3369 3971 κεχωρισμένως
3404 3893 3544 3952 εἶναι
3581 3900 3726 3952 κατά
3760 3900 3851 3953 τὸν

2267 3998 2370 4067 τῆς
2403 3998 2631 4055 κτίσεως
2669 3996 2895 4066 χρόνον;
2922 3992 2985 4047 Ei
3016 3993 3072 4046 δὲ
3102 3991 3306 4062 παρῆν,
3347 3990 3461 4052 πῶς
3488 3991 3853 4062 ἀνενέργητον

2267 4084 2335 4159 ἦν
2362 4105 2377 4153 ;
2412 4087 2502 4157 Τῷ
2525 4085 2599 4157 μὴ
2629 4084 2889 4139 δύνασθαί
2917 4102 2969 4137 τι
3000 4085 3205 4146 ποιεῖν,
3230 4082 3263 4153 ἢ
3295 4081 3373 4153 τῷ
3404 4081 3479 4153 μὴ
3515 4080 3848 4150 βούλεσθαι;

2221 4199 2229 4207 σ
2279 4176 2572 4237 Ἑκουσίως
2605 4174 3030 4245 ἀπολειπόμενον
3057 4213 3072 4235 ,
3114 4174 3147 4243 ἢ
3194 4172 3300 4224 ὑπό
3347 4188 3491 4235 τινος
3538 4170 3851 4242 βιαιοτέρας

2267 4269 2510 4338 ἀνάγκης
2548 4267 2905 4338 ἐλαυνόμενον
2943 4283 2957 4330 ;
2990 4266 3052 4318 Εἰ
3086 4264 3184 4335 μὲν
3216 4263 3325 4333 γὰρ
3368 4265 3431 4316 ὲκ
3472 4264 3851 4335 προαιρέσεως

2264 4360 2364 4431 τὴν
2412 4359 2608 4430 ἀργίαν
2653 4358 2950 4428 ἠσπάζετο,
2986 4357 3104 4411 οὐδὲ
3133 4358 3191 4409 ὲν
3219 4355 3362 4426 ἄλλῳ
3396 4355 3503 4408 τινὶ
3534 4356 3760 4420 πάντως
3791 4359 3850 4412 τό

2265 4451 2509 4519 ἐνεργεῖν
2558 4445 2915 4516 καταδέχεται
2946 4462 2960 4475 ·
3006 4445 3098 4497 καὶ
3141 4443 3342 4511 ψευδὴς
3400 4442 3519 4495 κατ’
3568 4443 3773 4505 αὐτοὺς
3822 4448 3850 4496 6

2265 4540 2467 4603 λέγων,
2497 4539 2580 4591 ὄτι
2629 4537 2807 4590 πάντα
2856 4537 2913 4588 ἐν
2958 4536 3121 4589 πᾶσιν
3169 4533 3383 4601 ἐνεργεῖ
3422 4530 3607 4591 καθὼς
3656 4534 3844 4594 βούλε-

2266 4648 2377 4685 ται.

2339 4722 2427 4791 ιγ’.
2472 4723 2535 4775 Εἰ
2566 4722 2623 4774 δὲ
2671 4718 2844 4790 τούτῳ
2891 4718 2990 4789 μέν
3036 4718 3182 4770 ἐστιν
3223 4717 3257 4787 ὴ
3307 4713 3442 4787 πρὸς
3495 4717 3556 4768 τὸ
3596 4715 3844 4783 ἐνεργεῖν

2266 4816 2431 4887 ὁρμὴ.
2468 4813 2836 4883 ὑπερκειμένη
2883 4810 2941 4863 δέ
2980 4826 3064 4873 τις
3096 4808 3310 4874 ἐξουσία
3342 4803 3539 4859 κωλύει
3576 4804 3676 4872 τὴν
3713 4803 3839 4873 πρὸο

2269 4905 2415 4957 θεσιν
2440 4943 2454 4966 ,
2491 4903 2799 4955 εἰπάτωσαν
2833 4898 2932 4971 τὴν
2974 4899 3152 4951 αίτίαν
3178 4896 3272 4949 τοῦ
3319 4896 3492 4950 ταῦτα
3516 4893 3841 4956 κωλύοντα.

2266 4996 2448 5065 Φθὸνῳ
2494 4994 2591 5064 τῆς
2626 4994 2689 5045 ἐκ
2720 4991 2827 5044 τῶν
2867 4991 3043 5059 ἔργων
3089 4988 3266 5059 δόξης,
3291 4986 3365 5050 ὡς
3408 4986 3474 5040 ἂν
3523 4988 3601 5057 μὴ
3634 4986 3734 5037 καὶ
3766 4985 3845 5045 εἰς

2262 5087 2417 5141 ἄλλον
2443 5083 2661 5153 διαϐαίη
2691 5082 2799 5135 τῶν
2821 5080 3261 5153 κατορθωμάτων
3287 5078 3348 5131 τὸ
3368 5078 3571 5147 θαῦμα,
3596 5076 3629 5149 ἦ
3657 5077 3739 5143 τῷ
3766 5074 3839 5143 μὴ

2262 5176 2680 5233 καταπιστεύειν
2710 5177 2774 5245 τῇ
2808 5190 2931 5227 συνε
2943 5173 3119 5244 ργεία,
3141 5172 3218 5236 ὡς
3242 5172 3333 5226 ἐπὶ
3351 5171 3494 5241 λύμη
3513 5167 3611 5221 τοῦ
3639 5168 3840 5238 παρόν-

2261 5289 2351 5335 τος
2378 5268 2638 5340 ἐσομένης
2668 5264 2830 5319 αύτοῦ
2870 5265 2966 5335 τῆς
3007 5263 3297 5335 ὲργασίας;
3326 5261 3552 5323 Πάντως
3585 5258 3699 5329 γὰρ
3730 5256 3837 5308 τῶν

2263 5361 2516 5415 τοιούτων
2560 5357 2875 5428 ὑπολήψεων
2926 5356 3021 5409 καὶ
3064 5356 3161 5419 τὰς
3198 5353 3373 5417 αἰτίας
3411 5354 3543 5423 ἡμῖν
3576 5352 3627 5404 οἱ
3684 5346 3837 5416 σεο-,τοὶ

2262 5446 2405 5507 οὗτοι
2438 5450 2875 5519 διασαφήσουσιν.
2928 5446 2991 5499 Εἰ
3036 5445 3092 5498 δὲ
3144 5443 3265 5497 οὔτε
3299 5442 3487 5511 φθόνος
3533 5441 3637 5511 τῆς
3690 5437 3834 5497 θείας

2265 5547 2491 5601 ἅπτεται
2514 5539 2743 5611 φύσεως,
2761 5535 2883 5591 οὔτε
2919 5555 2970 5590 τι
3011 5536 3230 5607 σφάλμα
3259 5552 3322 5587 πε
3334 5535 3385 5605 ρ¹ι
3413 5533 3511 5603 τὴν
3534 5530 3831 5586 ἄπταιστον
