4020 6532
329 438 461 492 1517

1438 443 1805 503 ADVERSUS
1851 438 2405 499 MACEDONIANOS.

3397 433 3541 488 15ἲὸ

321 556 483 623 φύσιν
509 557 822 620 ἐπινοεῖται,
858 559 909 613 τί
942 559 1185 630 βούλεται
1218 561 1398 625 αὐτοῖς
1429 564 1461 633 ή
1492 564 1880 635 μικροπρέπεια

1990 575 2145 616 error
2169 561 2365 630 aliquis
2397 559 2453 613 in
2496 555 2767 611 infallibili
2823 563 3016 609 natura
3070 552 3295 623 cegitari
3342 563 3543 623 potest,

322 647 430 701 τῶν
444 649 748 719 νοημάτων,
764 652 797 721 ή
815 650 916 722 τῆς
939 652 1001 723 δη
1011 653 1333 723 μιουργικῆς
1362 655 1536 716 αἰτίας
1558 654 1888 724 ἀφορίζουσα

319 736 421 809 τὴν
468 737 562 791 τοῦ
609 739 921 811 Πνεύματος
952 741 1198 811 δύναμιν,
1225 742 1341 795 δέον
1371 745 1491 806 ταῖς
1535 742 1888 814 ὐψηλοτέραις

319 827 429 880 τῶν
461 829 678 883 ἐννοιῶν
718 832 936 901 ἀφιέναι
975 833 1073 903 μὲν
1103 834 1171 887 τά
1205 835 1434 888 ταπεινὰ
1462 835 1555 888 καὶ
1577 834 1887 905 ἀνθρώπινα

319 921 429 974 τῶν
484 924 785 994 νοημάτων,
821 926 1075 997 λογισμὸν
1121 926 1177 979 δὲ
1211 927 1393 981 λαϐεῖν
1433 928 1525 981 τοῦ
1567 928 1731 997 ῦψους
1780 930 1887 981 τῶν

320 1010 663 1083 ζητουμένων
702 1015 952 1080 ἐπάξιον⁸
989 1018 1070 1070 ὅτι
1107 1016 1228 1071 οὔτε
1283 1021 1312 1071 ὁ
1349 1018 1443 1071 ἐπὶ
1500 1018 1715 1073 πάντων
1756 1019 1887 1083 Θεὸς

319 1103 609 1173 συνεργίας
655 1104 797 1167 τινὸς
855 1105 1109 1176 χρῄζων,
1148 1106 1238 1159 διὰ
1278 1106 1371 1160 τοῦ
1418 1107 1546 1160 Υίοῦ
1596 1110 1663 1161 τά
1711 1110 1887 1163 πάντα

320 1190 570 1261 ἐποίησεν
592 1232 607 1255 ,
642 1191 764 1246 οὔτε
798 1195 827 1246 ὁ
882 1196 1173 1267 μονογενὴς
1197 1196 1323 1260 Υίδς
1359 1198 1470 1268 (10)
1504 1198 1757 1252 ἐλάττονα
1788 1201 1888 1270 τῆς

319 1285 628 1357 προθέσεως
652 1288 752 1358 τὴν
783 1286 1011 1357 δύναμιν
1036 1288 1170 1358 ἔχων
1210 1292 1267 1343 ὲν
1305 1290 1383 1361 τῷ
1432 1292 1571 1361 ἁγίῳ
1611 1291 1886 1362 Πνεύματι

317 1377 385 1430 τά
437 1378 616 1457 πάντα
675 1379 982 1448 ἐργάζεται.
1044 1381 1203 1434 Ἀλλά
1257 1383 1407 1453 πηγὴ
1463 1383 1560 1452 μὲν
1610 1382 1887 1454 δυνάμεώς

318 1471 464 1522 ἐστιν
506 1469 535 1521 ὁ
576 1468 786 1540 Πατὴρ,
816 1470 1043 1542 δύναμις
1073 1471 1132 1524 δὲ
1159 1472 1251 1525 τοῦ
1296 1473 1507 1543 Πατρὸς
1538 1476 1566 1525 ὁ
1609 1473 1727 1537 Υἱὸς
1753 1475 1882 1541 (Η),

316 1560 598 1630 δυνάμεως
615 1560 671 1613 δὲ
700 1562 917 1633 πνεῦμα
939 1563 998 1615 τὸ
1023 1562 1247 1633 Πνεῦμα
1280 1563 1339 1616 τὸ
1367 1564 1599 1635 ἀγιον·ή
1629 1564 1685 1616 δὲ
1713 1565 1887 1628 κτίσις

317 1650 467 1703 πᾶσα
491 1649 592 1719 ὅση
628 1667 687 1702 τε
720 1651 948 1721 αἰσθητὴ
981 1651 1072 1704 καὶ
1113 1652 1212 1721 ὅση
1247 1651 1556 1722 ἀσώματος,
1597 1653 1693 1722 τῆς
1738 1652 1886 1715 Θείας

314 1739 594 1811 δυνάμεώς
626 1742 772 1793 ἐστιν
808 1743 1168 1813 ἀποτέλεσμα.
1213 1743 1319 1795 Καὶ
1362 1743 1547 1813 ἐπειδὴ
1586 1744 1743 1806 πόνος
1763 1742 1885 1796 οὐδ-

314 1830 399 1893 εὶς
464 1832 523 1883 ἐν
558 1833 623 1902 τῇ
668 1832 920 1886 συστάσει
957 1832 1062 1885 τῶν
1092 1833 1217 1902 περὶ
1245 1834 1341 1902 τὴν
1372 1833 1518 1886 θείαν
1546 1834 1704 1901 φύσιν
1752 1835 1884 1887 ὐπο-

1985 651 2113 720 quid
2141 652 2246 706 sibi
2295 650 2406 703 vult
2449 649 2562 702 hmo
2605 649 2832 702 istorum
2872 645 3178 701 aestimandi
3235 646 3545 711 morositas,

1985 757 2107 811 qua:
2143 741 2467 796 creatricem
2517 752 2737 793 causam
2778 735 3014 806 Spiritus
3063 735 3314 806 potentia:
3366 744 3544 806 negat,

1984 846 2105 885 cum
2131 841 2320 884 contra
2352 835 2602 898 Oporteat
2634 826 2958 883 sublimibus
3004 825 3262 880 sensibus
3318 824 3546 878 humilia

1983 931 2036 977 et
2067 923 2299 975 humana
2329 921 2543 985 cedere,
2570 929 2624 974 et
2657 934 2756 988 pro
2785 919 2985 973 excelsi
3009 917 3273 986 dignitate
3304 917 3540 985 subjecti

1983 1012 2241 1080 cogitare.
2271 1009 2402 1064 Nam
2432 1010 2670 1078 nequeis
2699 1007 2791 1076 qui
2836 1008 3017 1062 omnia
3050 1008 3263 1063 excedit
3292 1006 3453 1071 Deus,
3475 1007 3546 1061 ob

1983 1098 2214 1167 alicujus
2273 1098 2679 1167 c00perationis
2730 1099 3381 1161 nccessitatem,cuncta
3449 1113 3545 1167 per

1984 1189 2177 1244 Filium
2212 1189 2369 1245 fecit:
2405 1204 2579 1259 neque
2624 1188 2932 1258 unigenitus
2978 1186 3173 1253 Filius,
3228 1189 3350 1243 ideo
3397 1188 3544 1258 quod

1985 1282 2249 1335 minorem
2271 1289 2470 1335 conatu
2502 1295 2604 1334 suo
2632 1281 2737 1332 vim
2770 1280 2985 1342 habeat,
3038 1280 3091 1333 in
3128 1292 3322 1335 sancto
3368 1279 3545 1349 Spiri-

1984 1380 2039 1425 tu
2089 1370 2268 1425 omnia
2323 1380 2599 1440 Operatur.
2647 1368 2751 1424 Sed
2813 1368 2934 1424 fons
2993 1370 3211 1439 quidem
3269 1370 3540 1438 potentiae,
3592 1410 3593 1413 η

1984 1461 2144 1515 Pater
2166 1470 2285 1521 est;
2336 1461 2576 1530 potentia
2624 1476 2753 1515 vero
2797 1459 2994 1523 Patris,
3042 1459 3249 1527 Filius;
3289 1462 3544 1530 potentiae

1983 1551 2207 1623 spiritus
2261 1551 2516 1621 denique,
2550 1553 2789 1622 Spiritus
2846 1562 3071 1607 sanctus
3108 1560 3234 1607 est:
3289 1560 3539 1605 creatura

1985 1648 2165 1693 autem
2196 1641 2374 1695 omnis
2398 1648 2513 1694 tum
2544 1642 2818 1696 sensibilis
2848 1650 2959 1695 tum
2990 1643 3327 1711 incorporea,
3347 1641 3541 1694 divinae

1984 1732 2237 1800 potentia
2264 1730 2490 1785 effectus
2527 1740 2628 1786 est.
2656 1730 2720 1784 Et
2744 1732 3002 1801 quoniam
3027 1732 3181 1786 labor
3211 1733 3395 1785 nullus
3416 1746 3539 1785 esse

1986 1822 2301 1891 intelligitur
2330 1822 2385 1874 in
2437 1822 2505 1877 iis
2556 1838 2676 1892 qua:
2706 1823 2945 1876 divinam
2976 1833 3224 1877 naturam
3274 1823 3539 1877 constitu-

313 1923 534 1985 νοεῖται,
568 1922 701 1991 όμοῦ
726 1923 833 1992 γὰρ
863 1923 941 1993 τῷ
978 1924 1318 1994 προελέσθαι,
1346 1925 1406 1977 τὸ
1444 1924 1693 1992 γενέσθαι
1740 1924 1877 1988 δέον,

1982 1920 2118 1977 unt;
2154 1927 2276 1965 nam
2317 1912 2645 1967 voluntatem
2672 1914 2853 1967 statim
2891 1915 3137 1983 sequitur
3159 1915 3320 1974 actio,
3352 1921 3406 1967 et
3422 1916 3540 1967 sine

312 2011 473 2075 εὐθὺς
504 2012 660 2067 οὐσία
696 2016 730 2083 ή
762 2015 1016 2083 πρόθεσις
1048 2016 1294 2084 γίνεται,
1331 2018 1509 2069 πᾶσαν
1541 2017 1640 2087 τὴν
1669 2016 1758 2070 διὰ
1783 2018 1882 2087 τῆς

312 2103 542 2167 κτίσεως
584 2105 892 2159 ὐποστᾶσαν
951 2106 1131 2174 φύσιν,
1162 2106 1463 2177 θελήματος
1508 2108 1720 2177 κίνησιν
1743 2146 1759 2170 ,
1789 2110 1882 2161 καὶ

314 2193 625 2263 προθέσεως
673 2196 870 2268 ὁρμὴν,
903 2198 997 2250 καὶ
1039 2198 1318 2268 δυνάμεως
1363 2198 1630 2262 διάδοσιν,
1660 2198 1881 2263 εἰκότως

313 2285 380 2339 ἄν
426 2302 511 2348 τις
547 2288 1033 2359 προσαγορεύσειεν
1079 2292 1141 2342 ὲκ
1180 2290 1390 2360 Πατρδς
1435 2290 1763 2362 ἀρχομένην,
1788 2293 1880 2345 καὶ

314 2374 384 2428 δι’
414 2375 544 2429 Υίοῦ
580 2378 871 2449 προϊοῦσαν
891 2423 906 2447 ,
929 2382 1023 2434 καὶ
1054 2381 1112 2434 ὲν
1152 2380 1425 2452 Πνεύματι
1474 2381 1614 2453 ἁγίῳ
1649 2384 1880 2436 τελειου-

319 2466 507 2537 μένην.

385 2554 465 2608 ιδ’.
506 2554 690 2610 Ταῦτα
721 2557 883 2628 ἡμεῖς
932 2558 1210 2621 ἰδιωτικῶς
1238 2558 1331 2611 καὶ
1366 2560 1509 2614 κατά
1538 2561 1631 2614 τὸν
1673 2562 1875 2635 συνήθη

309 2646 509 2718 τρόπον
540 2649 673 2717 ἡμῖν
705 2648 1023 2714 ἐννοοῦντες,
1041 2651 1109 2703 τά
1138 2650 1276 2719 σοφὰ
1314 2651 1486 2705 ταῦτα
1512 2652 1619 2707 τῶν
1647 2654 1879 2709 ἀνθυποο

311 2737 583 2809 φερόντων
631 2739 690 2792 οὐ
742 2739 1114 2811 προσιέμεθα,
1158 2742 1503 2808 πιστεύοντες
1544 2747 1638 2799 καὶ
1696 2747 1878 2817 ὁμολο-

308 2826 531 2895 γοῦντες
569 2829 626 2881 ὲν
665 2830 827 2882 παντὶ
874 2830 1158 2902 πράγματι
1195 2834 1288 2886 καὶ
1330 2836 1556 2905 νοήματι
1602 2837 1878 2910 ὲγκοσμίῳ

308 2933 367 2968 τε
391 2918 486 2969 καὶ
513 2917 610 2970 ύπε
620 2918 880 2990 ρκοσμίῳ,
916 2920 1010 2973 καὶ
1042 2922 1151 2984 τοῖς
1198 2922 1255 2974 ὲν
1281 2924 1455 2994 χρόνῳ
1482 2926 1577 2979 καὶ
1603 2929 1716 2990 τοῖς
1748 2945 1878 2999 προ-

307 3008 563 3073 αιωνίοις,
593 3009 732 3081 μετά
768 3012 981 3082 Πατρὸς
1008 3012 1100 3066 καὶ
1128 3012 1255 3066 Υἱοῦ
1288 3015 1349 3066 τὸ
1380 3015 1599 3087 Πνεῦμα
1633 3018 1692 3070 τὸ
1725 3018 1877 3086 ἆγιον

308 3099 836 3170 καταλαμϐάνεσθαι,
870 3104 1003 3174 μήτε
1034 3103 1384 3175 βουλήματος,
1414 3107 1548 3177 μήτε
1578 3110 1874 3179 ἐνεργείας,

312 3188 451 3260 μήτε
478 3188 635 3242 άλλου
669 3191 812 3254 τινὸς
838 3190 947 3243 τῶν
974 3190 1114 3245 κατά
1152 3191 1211 3244 τὸ
1238 3190 1436 3259 ἀγαθὸν
1460 3193 1698 3258 εὐσεϐῶς
1730 3212 1876 3249 νοου-

315 3280 492 3349 μένων
513 3280 961 3353 άπολειπόμενονο
992 3283 1085 3336 καὶ¹
1116 3283 1201 3337 διὰ
1230 3282 1405 3347 τοῦτο,
1435 3285 1587 3348 ἐκτὸς
1607 3284 1706 3356 τῆς
1738 3286 1876 3339 κατὰ

307 3374 461 3441 τάξιν
500 3375 594 3428 καὶ
648 3376 941 3430 ὑπόστασιν
969 3375 1249 3447 διαφορᾶς,
1283 3376 1340 3429 ὲν
1363 3375 1534 3428 οὐδενὶ
1575 3377 1635 3429 τὸ
1664 3377 1876 3449 παρηλ-

309 3466 576 3537 λαγμένον
604 3468 1111 3539 καταλαμϐάνομεν,
1142 3468 1277 3522 ἀλλά
1314 3469 1494 3539 τρίτον
1526 3469 1623 3539 μὲν
1643 3472 1708 3540 τῇ
1747 3470 1876 3523 ἀκοο

308 3559 500 3630 λουθίᾳ
545 3560 723 3629 φαμὲν
757 3559 894 3629 μετά
924 3560 1145 3630 Πατέρα
1194 3564 1285 3613 καὶ
1330 3561 1457 3613 Υίὺν
1489 3561 1834 3631 ἀριθμεῖσθαι
1860 3578 1876 3594 ⁸

310 3650 491 3723 τρίτον
514 3649 570 3703 δὲ
597 3649 689 3702 καὶ
731 3651 797 3720 τῇ
838 3649 987 3713 τάξει
1028 3652 1127 3720 τῆς
1155 3651 1521 3722 παραδόσεως.
1570 3654 1655 3706 Ἑν
1682 3653 1737 3706 δὲ
1768 3657 1880 3719 τοῖς

312 3742 521 3805 λοιποῖς
549 3742 713 3794 πᾶσιν
738 3739 1037 3812 ἀχώριστον
1056 3741 1155 3812 τὴν
1176 3743 1466 3810 συνάφειαν
1498 3744 1880 3813 ὁμολογοῦντες

313 3836 372 3887 ὲν
411 3831 590 3901 φύσει,
620 3834 714 3886 καὶ
750 3833 807 3884 ὲν
843 3834 999 3903 τιμῇ,
1043 3834 1137 3885 καὶ
1166 3834 1222 3884 ἐν
1260 3834 1474 3904 θεότητι
1508 3836 1601 3888 καὶ
1629 3836 1752 3907 δόξῃ
1788 3840 1880 3891 καὶ

318 3922 778 3995 μεγαλοπρεπείᾳ,
815 3923 909 3975 καὶ
958 3925 1025 3994 τῇ
1052 3923 1144 3976 ἐπὶ
1174 3923 1389 3977 πάντων
1419 3924 1652 3997 ἐξουσία,
1693 3929 1786 3980 καὶ
1811 3930 1878 4000 τῇ

316 4015 528 4068 εὐσεϐεῖ
548 4014 826 4085 ὁμολογίᾳ.
844 4015 978 4085 Περὶ
994 4015 1050 4068 δὲ
1071 4014 1318 4086 λατρείας
1348 4017 1439 4069 καὶ⁸
1462 4020 1881 4089 προσκυνήσεως

314 4108 410 4161 καὶ
433 4108 532 4161 ὅσα
578 4106 800 4160 τοιαῦτα
848 4107 1291 4177 μικρολογοῦντες
1324 4110 1687 4183 προφέρουσιν
1719 4113 1768 4163 οί
1794 4128 1881 4164 σο-

315 4198 406 4267 φοὶ
457 4198 585 4270 παρ’
619 4200 849 4262 ἑαυτοῖς,
890 4200 1071 4253 ἐκεῖνα
1101 4198 1357 4269 λέγομεν,
1389 4202 1469 4255 ὅτι
1514 4201 1729 4255 πάντων
1770 4202 1880 4256 τῶν

314 4290 445 4359 παρ’
484 4292 614 4361 ἡμῖν
663 4291 958 4362 γινομένων
1006 4293 1071 4346 ὲκ
1119 4294 1488 4366 προαιρέσεως
1535 4293 1881 4365 ἀνθρωπίνης

314 4378 640 4450 ὐψηλότερόν
660 4381 776 4434 ἑστι
803 4381 863 4434 τὸ
894 4381 1118 4453 Πνεῦμα
1152 4384 1212 4437 τὸ
1233 4384 1405 4451 ἅγιον
1433 4384 1525 4437 καὶ
1560 4385 1592 4454 ἡ
1642 4385 1881 4456 προσκύ-

311 4489 466 4543 νησις
507 4472 662 4543 ἡμῶν
703 4474 1056 4553 ταπεινοτέρα
1087 4474 1201 4527 ἐστὶ
1224 4476 1668 4547 χρεωστουμένης
1695 4476 1877 4546 τιμῆς,

1982 2016 2134 2055 mora
2164 2002 2503 2070 prapositum
2543 2001 2597 2055 in
2652 2017 2765 2056 rem
2801 2002 3110 2070 confertur;
3149 2019 3383 2068 omnem,
3419 2018 3540 2073 qua:

1981 2092 2218 2147 creando
2262 2092 2339 2156 fit,
2381 2092 2764 2159 substantiam,
2795 2095 3092 2148 voluntatis
3138 2106 3364 2159 motum,
3415 2110 3540 2165 pro-

1980 2185 2139 2253 positi
2182 2188 2607 2256 aggressionem,
2670 2188 2925 2256 potentia:
2964 2189 3537 2255 communicationem,

1980 2286 2127 2332 recte
2156 2280 2402 2334 dicemus
2430 2295 2460 2333 a
2485 2278 2645 2334 Patre
2672 2280 2935 2351 incipere.
2967 2297 3062 2350 per
3096 2280 3295 2337 Filium
3344 2297 3539 2352 proce-

1979 2367 2125 2435 dere,
2157 2378 2212 2425 et
2246 2370 2298 2423 in
2327 2378 2519 2425 sancto
2554 2370 2763 2436 Spiritu
2800 2372 3006 2442 perﬁci.

2048 2552 2134 2605 M.
2172 2550 2322 2605 Hanc
2364 2567 2463 2607 nos
2494 2554 2740 2623 populari
2794 2569 2944 2607 more
2985 2563 3355 2626 consuetaque
3380 2557 3540 2613 nobis

1977 2646 2187 2700 ratione
2207 2646 2530 2700 sententiain
2564 2656 2831 2716 gerentes,
2862 2649 3121 2718 sapientia
3158 2650 3263 2705 ista
3292 2649 3544 2707 adversa-

1978 2737 2182 2791 riorum
2213 2747 2529 2807 argumenta
2547 2754 2657 2794 non
2688 2740 3021 2795 admittimus
3046 2759 3059 2794 :
3093 2742 3367 2796 credimus
3393 2743 3539 2797 enim

1977 2836 2030 2882 et
2051 2830 2372 2883 confitemur
2401 2829 2454 2882 in
2491 2831 2639 2884 omni
2674 2846 2732 2886 re
2762 2830 3033 2884 mundana
3059 2840 3113 2886 et
3143 2834 3542 2903 supramunda—

1978 2933 2068 2985 na,
2110 2926 2453 2990 temporanea
2490 2931 2651 2991 atque
2677 2929 2899 2983 aeterna,
2953 2937 3075 2976 cum
3106 2922 3267 2977 Patre
3317 2938 3381 2977 ac
3405 2922 3544 2979 Filio

1980 3008 2238 3079 Spiritum
2272 3020 2520 3067 sanctum
2542 3029 2663 3069 esse
2682 3014 3142 3081 consociandum;
3181 3024 3235 3069 et
3281 3028 3457 3081 neque
3512 3028 3544 3065 a

1977 3102 2270 3166 voluntate,
2295 3118 2467 3171 neque
2498 3104 2565 3158 ab
2589 3104 2823 3167 actione,
2856 3121 3030 3175 neque
3053 3120 3083 3158 a
3116 3122 3172 3160 re
3204 3106 3394 3175 quavis
3424 3120 3545 3174 quin

1979 3190 2066 3261 pie
2098 3192 2337 3247 creditur
2389 3194 2529 3249 bona
2562 3194 2956 3249 excludendum
2995 3215 3008 3249 :
3046 3194 3291 3265 ideoque,
3323 3205 3544 3263 excepta

1978 3283 2185 3339 ordinis
2213 3299 2563 3356 personaeque
2603 3285 2922 3350 differentia,
2977 3287 3180 3341 nullius
3210 3286 3287 3341 rei
3328 3285 3549 3339 diversi-

1978 3380 2141 3429 tatem
2172 3375 2530 3441 admittimus,
2559 3377 2653 3433 sed
2689 3379 2904 3433 tertium
2928 3379 3119 3434 ordine
3157 3378 3387 3433 dicimus
3423 3385 3547 3448 post

1978 3463 2191 3521 Patrem
2251 3478 2303 3523 et
2334 3467 2528 3524 Filium
2570 3471 2841 3525 numerari
2880 3473 3137 3525 :tertium
3186 3473 3314 3526 item
3355 3472 3546 3526 ordine

1980 3556 2310 3612 traditionis.
2337 3558 2394 3612 In
2421 3560 2644 3629 reliquis
2689 3575 2817 3615 vero
2838 3563 3091 3617 omnibus
3127 3562 3543 3631 inseparabilem

1979 3665 2176 3704 nexum
2212 3649 2464 3713 fatemur,
2508 3664 2714 3707 natura:
2740 3653 3007 3714 videlicet.
3041 3654 3545 3718 honoris,deitatis.

1978 3740 2181 3809 gloriae,
2232 3743 2665 3812 magniﬁcentiae,
2714 3746 3038 3800 universalis
3086 3747 3392 3814 potestatis.
3421 3746 3547 3799 reli-

1979 3833 2143 3901 giosae
2168 3833 2399 3904 denique
2418 3837 2556 3906 apud
2588 3852 2687 3892 nos
2714 3837 3091 3893 confessionis.
3118 3836 3393 3904 Quatenus
3418 3852 3549 3892 vero

1980 3925 2252 3995 sapientes
2296 3927 2350 3981 lii
2398 3929 2722 3983 cavillantur
2758 3929 2826 3984 de
2875 3930 3021 3983 cultu
3048 3930 3463 3997 etfadoratione
3490 3940 3545 3985 et

1979 4016 2143 4070 rebus
2206 4016 2539 4085 hujusmodi,
2607 4018 2710 4073 hoc
2759 4035 2860 4075 nos
2930 4020 3279 4084 afﬁrmamus,
3351 4036 3546 4090 nempe

1980 4108 2126 4162 omni
2163 4107 2305 4177 quod
2333 4124 2431 4164 nos
2454 4108 2702 4165 humanis
2724 4110 3008 4164 conatibus
3024 4119 3344 4179 praestamus
3369 4108 3545 4163 ofﬁcio

1980 4199 2332 4254 excelsiorem
2385 4215 2506 4255 esse
2553 4199 2814 4269 Spiritum
2859 4207 3105 4254 sanctum
3131 4240 3145 4263 ,
3173 4200 3542 4254 adorationem

1980 4305 2194 4359 quoque
2220 4300 2458 4344 nostram
2501 4289 2852 4345 infirmiorem
2876 4305 2997 4345 esse
3024 4290 3207 4345 debito
3240 4290 3465 4355 honore,
3491 4300 3547 4344 et

1980 4382 2239 4451 quidquid
2260 4382 2494 4436 humana
2521 4386 2859 4440 consuetudo
2878 4383 3247 4441 venerationis
3263 4384 3537 4454 exprimit,

1981 4470 2207 4527 inferius
2244 4487 2367 4528 esse
2391 4470 2624 4543 Spiritus
2644 4474 2935 4545 dignitate:
2967 4490 3091 4527 nam
3121 4474 3215 4544 qui
3248 4474 3545 4527 immensus

312 4563 408 4617 καὶ
434 4563 487 4616 εί
515 4581 565 4616 τι
610 4562 737 4616 ἄλλο
788 4565 822 4635 ή
851 4563 1161 4635 ἀνθρωπίνη
1203 4566 1457 4635 συνήθεια
1504 4567 1681 4637 τίμιον
1730 4568 1876 4637 ἔχει,

1983 4570 2174 4616 natura
2203 4573 2306 4626 est,
2338 4564 2509 4634 major
2565 4575 2651 4621 est
2690 4568 2837 4621 omni
2872 4567 3155 4637 obsequio,
3206 4566 3349 4636 quod
3398 4566 3447 4620 ei
3477 4566 3545 4620 ab

311 4653 465 4707 κάτω
489 4671 591 4707 που
614 4655 712 4726 τῆς
748 4654 904 4718 ἀξίας
925 4654 1042 4707 ἐστὶ
1072 4654 1166 4707 τοῦ
1194 4656 1509 4725 Πνεύματος
1543 4675 1557 4689 ’
1581 4658 1640 4711 τὸ
1668 4658 1774 4730 γάρ
1810 4662 1874 4730 τῇ

312 4745 470 4815 φύσει
512 4747 818 4818 ἀμέτρητον
840 4787 854 4809 ,
887 4746 1070 4817 μεῖζον
1115 4748 1231 4800 ἐστὶ
1259 4747 1367 4800 τῶν
1401 4749 1510 4801 ἀπὸ
1553 4752 1752 4821 μικρᾶς
1782 4752 1878 4804 καὶ

310 4837 831 4909 περιγεγραμμένης
884 4837 979 4890 καὶ
1030 4835 1278 4901 εὐτελοῦς
1332 4837 1608 4909 δυνάμεως
1640 4840 1710 4894 τὰ
1737 4842 1878 4895 κατά

308 4929 537 4999 δύναμιν
564 4928 711 4999 αὐτῷ
736 4927 1205 4999 δωροφορούντων.
1235 4927 1419 4982 Ταῦτα
1444 4930 1541 4999 μὲν
1574 4927 1665 4984 οὖν
1695 4949 1875 5002 φαμεν

308 5020 445 5092 πρὸς
496 5021 621 5083 τοὺς
652 5019 1061 5091 συντιθεμένους
1101 5022 1167 5090 τῇ
1213 5020 1573 5092 εὐσεϐεστέρᾳ.
1620 5021 1871 5093 περὶτοῦ

308 5112 465 5182 ἁγίου
495 5112 811 5183 Πνεύματος
845 5112 1130 5183 ὑπολήψει,
1154 5113 1233 5167 ὄτι
1262 5129 1321 5165 τε
1351 5112 1490 5166 θεῖόν
1509 5114 1623 5168 ὲστι
1651 5116 1743 5168 καὶ
1770 5115 1872 5185 φύ-

312 5222 449 5268 σεως
471 5204 640 5268 θείας.

380 5294 461 5347 ιε’.
480 5294 541 5347 Ei
570 5294 625 5347 δέ
641 5311 724 5357 τις
740 5292 952 5364 ἀθετοίη
981 5292 1078 5363 τὴν
1102 5294 1282 5364 φωνὴν
1298 5293 1499 5361 ταύτην
1526 5294 1618 5347 καὶ
1639 5295 1734 5366 τὴν
1758 5296 1875 5351 διά-

310 5400 458 5437 νοιαν
479 5382 577 5453 τὴν
599 5382 676 5454 τῷ
698 5383 920 5450 ὀνόματι
944 5384 1044 5453 τῆς
1070 5382 1339 5450 θειότητος
1356 5385 1874 5455 συνεμφαινομένην,

309 5472 455 5540 λέγοι
470 5472 526 5527 δὲ
540 5473 600 5526 τὸ
628 5473 779 5545 παρά
801 5472 908 5526 τῶν
923 5473 1129 5528 πολλῶν
1150 5474 1242 5526 ἐπὶ
1269 5472 1636 5545 καθαιρέσεως
1662 5476 1760 5542 τῆς
1780 5476 1871 5530 τοῦ

309 5561 621 5634 Πνεύματος
647 5562 1028 5635 μεγαλωσύνης
1055 5564 1497 5637 περιφερόμενον,
1514 5565 1596 5618 ὅτι
1620 5563 1740 5635 οὐχὶ
1765 5565 1873 5619 τῶν

384 5732 496 5803 (10)
528 5734 662 5789 Cod.
693 5735 844 5801 Θεός,
888 5738 982 5793 sed
1024 5736 1261 5795 fortasse
1313 5738 1656 5795 emendatum
1681 5739 1781 5794 fuit
1811 5739 1867 5801 in

314 5804 435 5874 ipso
457 5806 658 5874 codice
690 5806 837 5870 Υἱός.

387 5873 497 5945 (ll)
533 5876 591 5930 ld
643 5884 727 5933 est
754 5865 897 5945 Filii,
945 5878 1038 5950 qui
1073 5892 1156 5936 εει
1200 5882 1440 5949 potentia
1479 5865 1686 5936 'Patris.
1738 5878 1868 5933 Nam

1980 4654 2187 4723 exigua:
2214 4656 2715 4729 etcircumscriptae
2742 4659 2972 4729 vilisque
3022 4658 3296 4713 facultatis
3344 4666 3542 4711 conatu
3642 4654 3659 4663 “

1975 4749 2280 4803 exhibetur.
2317 4748 2441 4805 Ilaec
2473 4752 2806 4821 ceteroquin
2890 4752 2998 4806 illis
3022 4752 3275 4816 dicimus,
3302 4750 3393 4820 qui
3417 4750 3543 4803 reli-

1974 4839 2198 4908 giosiori
2288 4840 2356 4895 de
2434 4848 2624 4897 sancto
2703 4842 2906 4913 Spiritu
2998 4843 3279 4897 sententia:
3363 4842 3541 4896 adlue-

1976 4939 2119 4993 rent,
2148 4932 2291 5001 quod
2348 4948 2542 5004 nempe
2569 4933 2713 4990 Deus
2761 4935 2851 4997 sit,
2882 4941 2935 4988 et
2961 4933 3143 4986 divina
3168 4943 3359 4987 natura
3400 4949 3541 5002 pra:-

1976 5019 2142 5077 ditus.

2050 5293 2136 5349 15.
2170 5292 2323 5360 Quod
2350 5294 2393 5348 si
2429 5293 2551 5363 quis
2590 5292 2691 5346 hoc
2743 5292 3063 5347 vocabulum
3097 5300 3146 5346 et
3199 5293 3537 5362 suppositum

1978 5384 2151 5439 cidem
2183 5385 2447 5439 vocabulo
2484 5382 2840 5454 significatum
2878 5383 3093 5438 deitatis
3138 5383 3334 5445 deleat,
3394 5383 3542 5437 dicat

1977 5485 2157 5530 autem
2184 5476 2236 5531 id
2267 5474 2407 5543 quod
2434 5489 2463 5528 a
2493 5475 2677 5529 multis
2703 5474 2773 5529 ob
2797 5473 3113 5529 abolendam
3144 5472 3377 5542 Spiritus
3411 5488 3542 5526 ma-

1972 5566 2225 5637 jestatcm
2254 5568 2513 5637 jactatur,
2560 5581 2753 5636 nempe
2790 5565 2933 5636 quod
2965 5582 3073 5620 non
3104 5581 3170 5619 ex
3192 5564 3539 5625 facientibus.

1977 5740 2214 5866 ‘Spil‘ﬁi'ldllﬁ
2250 5750 2474 5799 sanctus
2507 5741 2712 5797 dicitur
2740 5758 2769 5797 a
2796 5740 2986 5807 Paulo,
3023 5741 3141 5797 Gal.
3174 5759 3242 5809 iv,
3281 5742 3335 5811 6,
3366 5738 3538 5810 Spiri-

2001 5830 2058 5866 us
2133 5830 2148 5866 ι
2176 5830 2231 5866 ιι.

2001 5830 2058 5866 ιιδ
2085 5830 2231 5869 ιίιιι.
