4020 6512
524 418 662 474 ιδίο
1757 426 1815 481 S.
1858 425 2187 486 GREGORH
2226 427 2524 486 NYSSENI
3634 416 3774 470 1330

522 541 620 597 sed
676 556 743 597 ex
774 542 934 600 factis
982 544 1288 603 credendus
1316 546 1410 611 sit,
1439 563 1616 618 neque
1658 546 1842 602 divina
1877 558 2096 614 natura,
2128 603 2132 612 ,

2218 552 2517 614 ποιούντων,
2550 551 2685 605 ἀλλά
2733 550 2842 603 τῶν
2884 546 3214 619 ποιηθέντων
3241 544 3377 608 ἐστὶ,
3404 541 3501 600 καὶ
3519 540 3643 610 οὐχὶ
3674 539 3779 607 τῆς

522 633 619 688 sed
652 642 857 703 creata;
896 637 1037 692 hanc
1061 654 1162 693 nos
1185 640 1485 695 orationem
1542 642 1930 711 improbamus,
1965 643 2093 712 quia

2218 646 2365 709 λείας,
2392 645 2525 699 ἀλλά
2556 646 2651 715 τῆς
2683 643 2905 712 κτιστῆς
2928 641 3139 709 φύσεως
3174 633 3310 691 εἶναι
3332 634 3597 706 προσήκει
3625 630 3781 699 νομί-

522 721 772 779 homtnes
803 725 873 778 ita
898 729 1182 795 opinantes
1210 729 1262 785 in
1285 730 1718 786 Christianorum
1740 748 1966 787 numero
1999 733 2095 786 ha—

2218 740 2330 800 ζειν,
2358 736 2543 789 τοῦτον
2562 735 2651 789 τὸν
2672 735 2828 803 λόγον
2862 729 3326 803 ἀποκρινούμεθα,
3354 729 3437 781 ὅτι
3460 728 3584 787 τοὺς
3605 724 3784 786 οὕτως

526 815 653 869 lere
687 831 794 870 non
836 818 1150 875 didicimus.
1196 819 1330 875 Nam
1380 822 1523 877 sicut
1576 822 1950 891 imperfectum
1982 838 2097 878 em-

2218 829 2417 898 ἱχοντας
2438 830 2496 880 ὲν
2508 829 2843 898 Χριστιανοῖς
2861 825 3109 896 ἀριθμεῖν
3131 823 3232 876 οὐκ
3250 818 3546 890 ἐμάθομεν.
3566 817 3783 884 Ὠσπρ

523 904 785 976 bryonem
823 925 998 995 .nemo
1059 911 1329 967 hominem
1369 912 1595 978 diceret,
1645 915 1739 969 sed
1790 915 2099 968 inchoatam

2218 922 2307 991 τὰρ
2340 919 2621 990 ἄνθρωπον
2649 918 2749 971 οὐκ
2778 919 2843 973 ἀν
2880 934 2961 979 τις
3001 915 3288 986 προσείποι
3315 911 3376 965 τὸ
3407 908 3785 978 ἀτελεσφόρη-

524 999 634 1052 vim
654 1000 945 1068 quamdam
963 1003 1008 1057 si
1040 1005 1257 1073 quando
1282 1003 1349 1057 ad
1375 1005 1609 1059 hominis
1645 1006 1978 1060 nativitatem
2009 1006 2103 1060 de.

2218 1030 2294 1065 rov
2339 1012 2570 1083 ἔμϐρυον
2594 1049 2609 1073 ,
2647 1010 2783 1064 ἀλλά
2809 1008 3034 1078 δύναμιν
3081 1006 3241 1075 εἴπερ
3268 1001 3669 1073 ὲτελεσφορήθη
3704 1000 3786 1061 είς

526 1091 759 1162 venerit,
791 1095 1031 1163 quandiu
1090 1105 1265 1150 tamen
1317 1096 1670 1166 imperfectus
1724 1105 1827 1163 est,
1865 1099 2103 1152 nondum

2218 1101 2489 1173 ἀνθρώπου
2521 1101 2731 1169 γένεσιν
2763 1097 3062 1169 προελθεῖν,
3094 1095 3198 1159 ἕως
3228 1095 3270 1147 δ’
3302 1093 3368 1149 ἂν
3395 1094 3454 1145 ὲν
3486 1091 3564 1161 τῷ
3600 1090 3790 1147 ἀτελεῖ

525 1199 647 1239 esse
672 1184 981 1255 hominem;
1012 1187 1091 1241 sic
1116 1204 1239 1243 eum
1276 1189 1367 1259 qui
1424 1191 1594 1245 totius
1654 1191 1897 1261 mysterii
1923 1204 2105 1244 veram

2218 1192 2262 1267 ᾗ,
2283 1194 2409 1248 ἄλλο
2440 1194 2492 1247 τί
2520 1194 2636 1247 ἐστι
2662 1194 2757 1245 καὶ
2788 1191 2889 1243 οὐκ
2946 1189 3259 1259 ἄνθρωπος·
3279 1185 3452 1247 οὕτως
3481 1184 3573 1235 τὸν
3620 1182 3697 1253 μὴ
3716 1181 3789 1234 δι’

527 1276 995 1347 orthodoxamque
1024 1278 1255 1333 fortnam
1306 1296 1415 1335 non
1456 1283 1749 1351 exceperit,
1784 1282 1930 1334 hunc
1987 1296 2110 1336 esse

2218 1287 2329 1341 ὅλου
2366 1286 2457 1339 τοῦ
2493 1284 2789 1355 μυστηρίου
2834 1283 2933 1353 τὴν
2964 1280 3137 1352 ἀληθῆ
3182 1278 3457 1350 μόρφωσιν
3487 1277 3587 1346 τῆς
3627 1276 3790 1327 εὐσε-

528 1364 895 1423 Christianum
921 1370 1171 1425 doctrina
1206 1380 1393 1426 nostra
1426 1388 1532 1427 non
1564 1374 1836 1441 agnoscit.
1864 1372 2111 1442 Namque

528 1466 584 1510 et
607 1456 823 1514 Judaeos
861 1461 1052 1517 audire
1095 1471 1177 1516 est
1236 1462 1427 1526 Deum,
1468 1473 1521 1518 et
1573 1464 1791 1534 quidem
1841 1475 2110 1532 nostrum,

528 1548 874 1607 confitentes.
899 1552 1163 1608 Concedit
1191 1554 1391 1625 quippe
1416 1554 1523 1610 illis
1564 1555 1618 1609 in
1679 1554 1970 1627 Evangelio
2006 1554 2113 1609 Πο-

531 1642 735 1709 minus,
770 1645 911 1713 quod
951 1662 1053 1700 non
1079 1646 1244 1700 alium
1271 1647 1587 1702 existiment
1611 1647 1803 1716 Deum,
1830 1650 1934 1704 nisi
1983 1647 2116 1703 Uni-

531 1736 697 1803 ιςεηὶιὶ
735 1735 973 1800 Patrem,
1026 1738 1193 1801 Quem
1227 1756 1343 1802 vos,
1390 1740 1600 1810 inquit,
1654 1739 1822 1796 Deum
1871 1754 2116 1796 vestrum

531 1826 717 1884 dicitis
742 1829 785 1882 ’.
814 1827 950 1881 Num
982 1845 1111 1899 ergo
1153 1830 1590 1885 Christianorum
1642 1832 1860 1886 nomine
1909 1847 2117 1886 nuncu-

532 1920 696 1988 pandi
733 1929 860 1975 sunt
898 1919 1090 1985 Judmi,
1139 1931 1423 1993 propterea
1460 1923 1602 1992 quod
1635 1925 1920 1978 adoratum
1949 1940 1978 1978 a
2018 1940 2114 1978 no-
2140 1911 2190 1967 θ

533 2012 617 2067 his
652 2012 819 2066 Deum
856 2013 963 2083 ipsi
1009 2030 1225 2084 quoque
1249 2030 1308 2070 se
1364 2014 1604 2069 fatentur
1652 2016 1873 2071 colere?
1906 2016 2031 2069 Scio
2064 2026 2117 2071 et

528 2100 858 2157 Manichazos
914 2118 1111 2158 nomen
1162 2104 1369 2159 Christi
1402 2106 1699 2161 celebrare.
1740 2105 1877 2172 Quid
1907 2107 2118 2177 igitur?

530 2190 670 2246 Num
697 2195 788 2263 qui
812 2196 1120 2251 venerabile
1147 2196 1233 2252 his
1260 2212 1478 2267 quoque
1502 2198 1734 2253 habetur
1768 2199 2051 2253 adoratum
2085 2216 2116 2253 a

531 2286 692 2340 nobis
726 2302 946 2348 nomen,
985 2287 1190 2343 idcirco
1252 2290 1351 2343 hos
1375 2289 1538 2343 etiam
1588 2290 1641 2343 in
1674 2289 2115 2345 Christianorum

532 2390 763 2429 numero
798 2375 1162 2431 habebimus?
1193 2376 1283 2433 Sic
1314 2387 1367 2433 et
1395 2379 1505 2444 ille,
1532 2380 1622 2449 qui
1651 2377 1869 2433 Patrem
1892 2380 2114 2450 quidem

530 2466 838 2528 conﬁtetur,
914 2465 1217 2539 Filiumque
1295 2470 1551 2533 admittit,
1640 2471 1877 2541 Spiritus
1932 2480 2114 2527 tamen

530 2558 714 2612 abolet
745 2559 1110 2625 maiestatem,
1137 2559 1293 2615 [idem
1317 2563 1550 2629 negavit,
1578 2569 1631 2616 et
1660 2572 1744 2617 est
1774 2561 1980 2617 infideli
2016 2563 2113 2618 de-

522 2652 701 2705 terior
730 2652 795 2715 ”,
820 2650 1235 2722 Christianique
1265 2668 1461 2709 nomen
1493 2655 1772 2710 mentitur.
1804 2654 2112 2711 Perfectum

529 2758 655 2799 esse
678 2745 952 2800 hominem
990 2744 1256 2814 Deijubet
1282 2746 1597 2816 Apostolus.
1628 2746 1900 2802 Perfectio
1933 2757 2111 2800 autem

531 2836 636 2890 erit
666 2836 719 2890 in
752 2837 1027 2891 communi
1060 2837 1280 2907 quidem
1310 2838 1551 2901 homine,
1574 2839 1619 2893 si
1648 2839 1954 2893 absolutam
1981 2855 2113 2907 qua-

532 2944 839 2997 qneversus
867 2938 1121 2983 naturam
1158 2930 1448 2990 habuerit;
1486 2946 1611 2984 nam
1639 2931 1960 2984 rationalem
1992 2944 2114 2985 esse

531 3027 767 3087 oportet,
813 3021 1010 3075 mentis
1051 3020 1401 3089 scientiaeque
1430 3034 1710 3091 capacem,
1743 3023 1869 3076 vita:
1897 3037 2115 3091 cumpoo

532 3122 661 3173 tem,
695 3119 902 3166 statura
934 3122 1200 3176 erectum,
1238 3113 1523 3179 risibilem,
1544 3114 1668 3168 latis
1686 3115 1957 3183 unguibus
1979 3131 2115 3181 prc-

531 3209 726 3262 dttum.
756 3206 911 3273 Quod
941 3208 986 3263 si
1018 3211 1144 3277 quis
1176 3207 1451 3264 hominem
1474 3210 1742 3273 nominet,
1780 3212 1912 3281 quin
1969 3212 2111 3265 dicta

2211 1378 2359 1441 ϐείας
2388 1378 2699 1448 δεξάμενον,
2734 1374 3041 1449 χριστιανὸν
3071 1374 3171 1426 οὐκ
3198 1368 3335 1425 οἶδεν
3362 1373 3390 1423 ὁ
3410 1369 3584 1436 λόγος.
3628 1369 3791 1420 Ἐστι

2212 1472 2319 1541 γὰρ
2347 1472 2441 1525 καὶ
2484 1469 2750 1524 Ἰουδαίων
2796 1467 3013 1521 ἀκούειν
3062 1465 3191 1517 Θεὸν
3244 1461 3652 1534 ὁμολογούντων
3693 1458 3792 1512 καὶ

2214 1564 2345 1616 Θεὸν
2381 1562 2469 1615 τὸν
2522 1562 2814 1634 ἡμέτερον.
2862 1557 3168 1613 Συντίθεται
3205 1557 3386 1617 αὐτοῖς
3418 1555 3477 1606 ὲν
3511 1551 3590 1623 τῷ
3618 1551 3795 1617 Εὐαγο

2216 1656 2379 1724 γελίῳ
2412 1656 2505 1707 καὶ
2536 1656 2565 1707 ὁ
2602 1653 2826 1725 Κύριος.
2854 1653 2935 1707 ὃτι
2967 1651 3066 1704 οὐκ
3092 1650 3247 1704 ἄλλον
3272 1646 3551 1716 νομίζουσι
3586 1644 3724 1697 Θεὸν
3757 1642 3792 1713 ἢ

2214 1744 2308 1795 τὸν
2332 1742 2557 1812 Πατέρα
2592 1738 2687 1794 τοῦ
2707 1743 3060 1811 Μονογενοῦς,
3086 1743 3182 1795 ’ον
3204 1739 3385 1808 ὑμεῖς,
3416 1736 3570 1805 φησι,
3601 1733 3796 1801 λέγετε

2217 1838 2300 1889 ὃτι
2328 1835 2457 1898 Θεὸς
2475 1834 2628 1905 ἡμῶν
2654 1829 2951 1905 ὲστιν.⁷Αρ’
2970 1830 3063 1887 οὖν
3083 1832 3438 1903 Χριστιανοὺς
3462 1826 3799 1899 ὀνομαστέον

2216 1928 2342 1990 τοὺς
2391 1926 2707 1994 Ἰουδαίους,
2751 1927 2834 1980 ὅτι
2879 1926 2973 1979 τὸν
3006 1927 3136 1997 παρ’
3171 1924 3327 1995 ἡμῶν
3375 1920 3801 1993 προσκυνούμεο

2218 2037 2327 2080 νον,
2368 2018 2465 2072 καὶ
2503 2019 2669 2072 αὐτοὶ
2692 2018 2870 2071 σέϐειν
2896 2016 3287 2088 ὁμολογοῦσιν;
3326 2012 3452 2071 Οἶδα
3487 2014 3583 2067 καὶ
3622 2013 3805 2066 Μανι-

2216 2111 2404 2182 χαίους
2447 2111 2508 2163 τὸ
2542 2110 2722 2180 δνομα
2750 2110 2843 2162 τοῦ
2868 2109 3105 2178 Χριστοῦ
3127 2109 3543 2178 περιφέροντας.
3573 2106 3643 2157 Τί
3666 2100 3802 2168 οὗν;

2230 2202 2445 2273 Ἐπειδὴ
2473 2200 2766 2271 σεϐάσμιον
2791 2200 2940 2270 παρὰ
2960 2200 3167 2263 τούτοις
3199 2200 3258 2251 τὸ
3296 2198 3419 2268 παρ’
3451 2197 3611 2267 ἡμῶν
3631 2213 3807 2267 προσ-

2219 2294 2545 2363 κυνούμενον
2564 2295 2734 2364 ὄνομα
2754 2333 2769 2354 ,
2801 2292 2888 2345 διὰ
2917 2292 3073 2345 τοῦτο
3104 2291 3198 2344 καὶ
3227 2291 3422 2354 αὐτοὺς
3452 2292 3510 2342 ὲν
3538 2291 3808 2359 Χριστια-

2217 2389 2326 2448 νοῖς
2345 2385 2724 2458 ἀριθμήσομεν
2746 2400 2759 2447 ;
2778 2382 2963 2446 Οὕτως
2990 2382 3083 2435 καὶ
3098 2385 3127 2435 ὁ
3145 2382 3235 2435 τὸν
3253 2381 3467 2451 Πατέρα
3488 2379 3589 2450 μὲν
3612 2378 3809 2448 ὁμολο-

2217 2477 2350 2546 γῶν,
2402 2475 2620 2530 καὶτὸν
2666 2475 2795 2528 Υίὸν
2843 2473 3299 2546 παραδεχόμενος,
3349 2472 3556 2525 ἀθετῶν
3592 2470 3653 2524 δὲ
3704 2471 3807 2540 τὴν

2221 2568 2589 2639 μεγαλοσύνην
2649 2566 2745 2621 τοῦ
2800 2565 3137 2638 Πνεύματος,
3178 2567 3407 2638 ἤρνηται
3452 2564 3551 2635 τὴν
3591 2564 3805 2625 πίστιν,

2218 2664 2311 2715 καὶ
2358 2661 2504 2714 ἐστὶν
2532 2661 2763 2715 ἀπίστου
2807 2659 3024 2729 χείρων.
3068 2658 3291 2727 καὶτῆς
3348 2655 3669 2725 ἐπωνυμίας
3708 2654 3806 2706 τοῦ

2217 2754 2543 2819 Χριστιανοῦ
2576 2752 2994 2822 καταψεύδεται.
3029 2752 3250 2821 Ἀρτιον
3277 2746 3415 2802 εἶναι
3457 2748 3678 2801 κελεύει
3714 2748 3807 2800 τὸν

2216 2846 2309 2899 τοῦ
2342 2845 2477 2898 θεοῦ
2526 2844 2812 2915 ἄνθρωπον
2838 2845 2868 2896 ὁ
2900 2841 3239 2904 Ἀπόστολος.
3265 2842 3485 2911 ’Δρτιον
3514 2840 3560 2892 δ’
3602 2839 3673 2892 ἂν
3718 2838 3803 2909 εἴη

2219 2939 2310 2991 ἐπὶ
2341 2937 2439 3007 μὲν
2476 2935 2569 2990 τοῦ
2617 2935 2798 2989 κοινοῦ
2841 2933 3129 3005 ἀνθρώπου
3176 2932 3238 2985 τὸ
3286 2932 3448 2984 naval.
3479 2930 3623 3000 λόγῳ
3659 2947 3804 3000 συμο

2218 3030 2645 3101 πεπληρωμένον
2669 3028 2769 3098 τῆς
2801 3026 3035 3097 φύσεως,
3056 3026 3270 3095 λογικόν
3288 3042 3347 3078 τε
3370 3023 3477 3094 γὰρ
3500 3019 3641 3075 εἶναι
3673 3022 3802 3093 χρὴ,

2217 3121 2309 3174 νοῦ
2348 3121 2441 3173 καὶ
2482 3122 2789 3193 ἐπιστήμης
2829 3117 3097 3181 δεκτικὸν,
3136 3114 3281 3185 ζωῆς
3334 3113 3580 3183 μετέχον,
3616 3110 3805 3181 δρθιον

2218 3211 2298 3282 τῷ
2323 3213 2583 3282 σχήματι,
2616 3208 2955 3278 γελαστικὸν,
2998 3206 3396 3276 πλατυώνυχον.
3418 3203 3482 3257 Εἰ
3512 3203 3571 3256 δὲ
3596 3203 3806 3272 ὀνομά-

532 3307 743 3352 naturae
768 3298 968 3353 indicia
1000 3308 1262 3369 prastare
1287 3310 1471 3369 queat,
1512 3300 1715 3355 frustra
1739 3317 1863 3356 eum
1889 3303 1991 3357 hac
2018 3304 2113 3356 ho-

2218 3306 2298 3370 ζοι
2340 3304 2437 3373 μέν
2465 3321 2548 3367 τις
2582 3302 2885 3373 ἄνθρωπον,
2922 3300 2993 3354 τὰ
3021 3302 3077 3354 δὲ
3124 3300 3387 3371 εἰρημένα
3440 3298 3644 3368 σημεῖα
3702 3296 3806 3365 τῆς

532 3400 694 3445 norat
739 3391 1117 3461 appellatione.
1174 3391 1252 3445 Ita
1305 3394 1467 3446 etiam
1523 3393 1892 3459 Christianus,
1937 3394 2114 3448 ﬁdein

532 3481 749 3538 Patrem
785 3492 835 3537 ct
855 3480 1052 3535 Filium
1072 3498 1135 3536 ac
1163 3481 1427 3551 Spiritum
1449 3494 1699 3538 sanctum
1726 3485 2111 3555 distinguitur:

536 3574 651 3627 haec
669 3573 841 3626 forma
870 3580 953 3627 est
978 3574 1096 3640 ejus
1130 3575 1219 3642 qui
1244 3574 1491 3629 veritatis
1518 3576 1776 3646 mysterio
1806 3576 2117 3631 conforma-

534 3673 626 3719 tus
655 3660 840 3717 fuerit.
870 3662 1026 3727 Quod
1091 3664 1137 3717 si
1196 3664 1354 3718 aliter
1382 3662 1555 3718 forma
1614 3680 1673 3719 se
1709 3666 1923 3729 habeat,
1973 3667 2116 3721 haud

534 3771 826 3824 agnoscam
851 3755 1116 3811 diﬂormis
1173 3757 1248 3809 rei
1276 3764 1528 3811 naturam
1562 3775 1576 3812 :
1633 3759 1886 3815 confusio
1913 3770 1998 3815 est
2024 3776 2118 3831 po-

535 3848 643 3904 tius
676 3847 938 3918 tigurae,et
968 3848 1234 3902 naturalis
1267 3846 1454 3904 formae
1476 3849 1726 3905 alteratio
1748 3852 2130 3907 etindicativoo

534 3955 657 3995 rum
735 3941 1088 3995 humanitatis
1140 3940 1420 4010 signorum
1485 3944 1781 4012 perversio,
1869 3960 1993 3999 cum
2055 3944 2124 4000 ad

536 4033 657 4089 ﬁdei
702 4033 897 4103 dogma
948 4032 1187 4101 Spiritus
1233 4044 1457 4089 sanctus
1488 4049 1597 4088 non
1623 4036 1782 4090 simul
1836 4038 2116 4107 recipitur.

533 4122 712 4179 Verax
738 4132 823 4177 est
872 4121 1016 4177 enim
1047 4120 1391 4177 Ecclesiasta:
1435 4121 1639 4176 dictum
1682 4140 1696 4175 :
1732 4120 1849 4177 Non
1893 4130 1978 4178 est
2028 4123 2120 4177 hic

533 4215 698 4269 homo
734 4214 944 4277 vivens,
974 4212 1069 4268 sed
1106 4227 1253 4276 ossa,
1299 4221 1358 4266 ut
1399 4214 1517 4282 ipse
1550 4214 1648 4275 ait.
1674 4214 1730 4268 in
1762 4222 1949 4269 ventre
1977 4230 2116 4285 prae-

533 4307 755 4377 gnantis
786 4308 851 4360 η.
898 4305 1035 4359 Nam
1084 4305 1361 4376 quomodo
1401 4304 1756 4359 conﬁtebitur
1808 4306 2112 4370 Christum,

532 4398 640 4451 nisi
671 4398 910 4452 chrisma
941 4412 1065 4451 cum
1101 4408 1266 4452 uncto
1299 4397 1460 4452 simul
1490 4397 1787 4467 intelligat?
1819 4416 1837 4447 ι
1876 4396 2051 4463 Hunc,
2090 4419 2108 4450 ι

534 4491 713 4561 inquit
740 4488 1042 4559 Scriptura,
1086 4508 1104 4541 ι
1127 4490 1282 4543 unxit
1308 4489 1451 4543 Deus
1481 4489 1690 4558 Spiritu
1724 4498 1934 4544 sancto.
1965 4492 2039 4543 ι’»

532 4590 642 4659 γὰρ
696 4586 1016 4658 ὁμολογήσει
1062 4585 1319 4657 Χριστὸν,
1353 4586 1381 4637 ὁ
1416 4586 1490 4657 μὴ
1544 4585 1873 4641 συνεπινοῶν
1930 4586 2007 4657 τῷ
2069 4589 2339 4659 χρισθέντι
2386 4589 2447 4643 τὸ
2516 4587 2769 4659 χρίσμα;

532 4682 665 4745 Θεὸς
685 4683 742 4735 ὲν
772 4679 1048 4750 Πνεύματι
1085 4678 1236 4749 ἁγίῳ.
1276 4698 1294 4731 ι

2221 3397 2433 3465 φύσεως
2465 3395 2540 3467 μὴ
2570 3396 2679 3466 ἔχοι
2713 3395 2806 3447 ἐπὶ
2830 3394 3020 3447 τούτου
3064 3392 3418 3464 παρέχεσθαι,
3464 3390 3644 3461 μάτην
3694 3389 3806 3442 ἐτί-

2225 3506 2364 3559 μησε
2406 3488 2483 3558 τῷ
2530 3486 2898 3559 προσρήματι.
2946 3485 3134 3549 Οὕτως
3193 3485 3287 3539 καὶ
3327 3486 3355 3537 ὁ
3388 3480 3804 3555 Χριστιανὸςτῇ

2223 3584 2301 3645 είς
2335 3580 2576 3652 Πατέρα,
2621 3580 2715 3633 καὶ
2738 3578 2865 3631 Υίὸν
2910 3580 3001 3631 κού⁵
3046 3578 3199 3645 ἅγιον
3224 3574 3449 3646 Πνεῦμα
3477 3574 3660 3626 πίστει
3710 3591 3807 3643 χιι⁶

2228 3671 2612 3744 ρακτηρίζεται
2634 3688 2646 3701 ·
2680 3670 2817 3740 αὕτη
2866 3669 3011 3722 ἐστὶν
3042 3671 3074 3740 ἡ
3108 3667 3286 3739 μορφὴ
3311 3666 3404 3719 τοῦ
3438 3665 3581 3719 κατά
3606 3664 3669 3717 τὸ
3703 3683 3808 3734 μυ-

2226 3764 2443 3835 στήριον
2479 3762 2581 3831 τῆς
2613 3760 2871 3831 ἀληθείας
2917 3759 3365 3831 μεμορφωμένου.
3402 3757 3465 3810 Εἰ
3494 3756 3553 3808 δὲ
3595 3756 3806 3825 ἑτέρως

2226 3857 2260 3926 ἡ
2313 3852 2493 3926 μορφὴ
2536 3851 2851 3923 διακειμένη
2902 3851 3059 3924 τύχῃ,
3117 3852 3215 3904 οὐκ
3274 3847 3650 3917 ἐπιγνώσομαι
3706 3844 3805 3898 τοῦ

2224 3945 2472 4015 ἀμόρφου
2512 3943 2609 4014 τὴν
2636 3942 2795 4013 φύσιν
2826 3958 2839 3972 ·
2877 3940 3137 4012 σύγχυσίς
3181 3942 3295 3993 ἐστι
3319 3938 3419 3993 τοῦ
3456 3938 3806 4009 χαρακτῆρος

2222 4036 2318 4089 καὶ
2346 4036 2443 4106 τῆς
2464 4035 2605 4089 κατά
2640 4035 2801 4105 φύσιν
2838 4034 3051 4106 μορφῆς
3087 4032 3436 4104 ἀλλοτρίωσις
3466 4031 3563 4084 καὶ
3588 4028 3805 4099 παραλ-

2219 4126 2360 4199 λαγὴ
2395 4127 2504 4180 τῶν
2545 4115 2919 4197 γνωριπικῶν
2960 4123 3201 4196 σημείων
3229 4123 3327 4193 τῆς
3358 4121 3802 4192 ἀνθρωπότητος.

2217 4218 2346 4271 ὅταν
2393 4216 2468 4288 μὴ
2523 4215 2968 4288 συμπαραληφθῇ
3017 4217 3083 4286 τῇ
3123 4214 3308 4267 πίστει
3354 4212 3414 4265 τὸ
3463 4210 3685 4279 Πνεῦμα
3741 4208 3806 4260 τὸ

2214 4308 2389 4377 ἅγιον.
2436 4308 2719 4380 Ἀληθεύει
2761 4308 2868 4380 γάρ
2922 4306 3017 4360 τοῦ
3061 4302 3485 4374 Ἐκκλησιαστοῦ
3532 4304 3561 4354 ὁ
3600 4302 3800 4369 λόγος’

2213 4404 2295 4455 ὅτι
2319 4397 2472 4466 οὗτος
2489 4403 2608 4472 οὐχὶ
2640 4401 2747 4466 ζῶν
2778 4404 2924 4455 ἐστιν
2953 4399 3259 4472 ἄνθρωπος,
3281 4397 3415 4451 ἀλλὰ
3439 4397 3589 4458 ὀστᾶ,
3618 4393 3806 4457 καθὼς

2215 4495 2421 4556 ἐκεῖνος
2469 4494 2631 4562 φησὶν
2655 4534 2670 4556 ,
2704 4495 2761 4545 ὲν
2790 4495 2857 4563 τῇ
2891 4491 3087 4561 γαστρὶ
3118 4488 3219 4559 τῆς
3244 4485 3638 4557 κυοφορούσης.
3678 4481 3807 4546 Πῶς

2846 4606 2864 4639 ι
2916 4584 3118 4639 Τοῦτον
3166 4582 3370 4653 ἔχρισε,
3418 4599 3436 4632 ι
3476 4580 3677 4649 φησὶν,
3720 4597 3740 4628 ι
3778 4583 3807 4620 0

612 4773 696 4828 t6.
724 4772 928 4826 ‘Dicant
961 4786 1089 4840 ergo
1124 4770 1279 4824 nobis
1322 4770 1414 4839 qui
1458 4770 1697 4839 Spiritus
1750 4772 1980 4842 gloriam
2034 4771 2124 4827 ab-

2268 4760 2397 4835 Δις’.
2441 4770 2767 4823 Εἰπάτωσαν
2818 4764 2911 4822 οὖν
2958 4770 3091 4840 ἡμῖν
3142 4767 3189 4819 οἱ
3252 4761 3639 4834 καθαιροῦντες
3703 4768 3809 4833 τήν

532 4868 703 4928 olent,
735 4875 789 4918 et
828 4865 881 4918 in
909 4863 1102 4917 ordine
1119 4862 1459 4918 subditarum
1485 4872 1802 4917 naturarum
1822 4865 2111 4927 collocant,

533 4959 822 5023 cuiusnam
867 4956 946 5010 rci
975 4954 1280 5027 symbolum
1323 4954 1508 5007 unctio
1539 4956 1629 5009 sit.
1678 4954 1869 5010 Nonne
1923 4956 2117 5027 regni?

2216 4860 2309 4914 τοῦ
2356 4860 2670 4930 ΙΙνεύματος
2700 4859 2876 4928 δόξαν,
2909 4860 3001 4912 καὶ
3032 4860 3096 4928 τῇ
3149 4854 3443 4926 ὑποχειρίῳ
3472 4852 3634 4921 φύσει
3674 4869 3810 4919 τυγ-

2218 4952 2679 5014 κατατάσσοντες,
2710 4950 2854 5013 τίνος
2883 4950 3145 5020 σύμϐολόν
3184 4950 3329 5001 ἐστιν
3356 4949 3389 5017 ἡ
3436 4945 3636 5017 χρίσις.
3667 4946 3809 5013 Ούχὶ

533 5048 675 5115 Quid
740 5048 952 5117 porro?
1013 5046 1203 5102 Nonne
1262 5046 1480 5117 propria
1514 5055 1707 5099 natura
1762 5063 1942 5117 regem
1989 5063 2115 5103 esse

2218 5046 2314 5115 τῆς
2344 5043 2655 5114 βασιλείας.;
2699 5042 2763 5094 Τί
2811 5042 2906 5106 δέ;
2949 5043 3068 5112 οὐχὶ
3094 5041 3251 5110 φύσει
3298 5039 3518 5108 βασιλέα
3563 5038 3658 5089 τὸν
3693 5039 3807 5089 Μο-

534 5139 765 5193 credunt
794 5137 1183 5209 Unigenitum?
1239 5137 1370 5191 Sine
1424 5137 1590 5191 dubio
1652 5151 1759 5190 non
1816 5139 2112 5208 negabunt,

532 5230 629 5299 qui
662 5239 809 5284 certe
833 5228 1061 5283 Iudaico
1096 5230 1214 5283 vclo
1239 5245 1335 5284 cor
1360 5230 1678 5284 obvolutum
1714 5245 1824 5283 non
1856 5230 2111 5285 habeant.

536 5320 594 5375 Si
625 5336 754 5390 ergo
784 5320 952 5376 Filius
983 5320 1127 5376 Deus
1156 5321 1478 5378 naturaliter
1500 5330 1605 5388 est,
1637 5322 1785 5392 regni
1816 5338 1946 5377 vero
1969 5339 2115 5394 sym-

536 5412 716 5467 bolum
770 5412 1030 5475 chrisma,
1096 5411 1376 5482 quidnam,
1429 5428 1546 5475 oro,
1599 5414 1696 5470 tibi
1752 5423 2113 5473 consectanea

536 5503 673 5558 ratio
698 5503 1086 5558 demonstrat?
1124 5502 1327 5574 Nempe
1380 5504 1619 5560 chrisma
1651 5522 1760 5561 non
1800 5521 1923 5562 esse
1985 5506 2114 5561 alie-

536 5609 667 5647 num
710 5595 778 5647 ab
820 5609 885 5647 eo
945 5594 1038 5664 qui
1085 5595 1406 5650 naturaliter
1460 5610 1555 5649 rex
1592 5604 1726 5653 est:
1792 5613 1971 5667 neque
2030 5598 2111 5652 uti

538 5686 885 5754 peregrinum
939 5694 993 5738 ct
1047 5692 1365 5742 extraneum
1422 5699 1546 5739 cum
1590 5696 1780 5741 sancta
1846 5687 2112 5743 Trinitate

609 5863 631 5893 '
668 5862 824 5919 Joan.
862 5880 956 5919 vm
981 5904 994 5930 ,
1036 5865 1119 5919 ll.

2215 5136 2404 5205 νογενῆ
2463 5134 2888 5188 πεπιστεύκασιν
2927 5152 2941 5199 ;

2993 5136 3106 5187 Οὐκ
3158 5132 3439 5204 ἀντεροῦσι
3486 5132 3711 5193 πάντως
3750 5131 3803 5182 οῖ

2219 5245 2281 5295 γε
2337 5228 2411 5297 μὴ
2441 5228 2696 5291 καθάπαξ
2728 5228 2805 5298 τῷ
2839 5226 3113 5296 Ἰουδαῖκῴ
3152 5226 3464 5296 καλύμματι
3510 5226 3611 5294 τὴν
3660 5240 3804 5293 καρ-

2221 5320 2339 5373 δίαν
2366 5320 2765 5391 περιεχόμενοι.
2810 5320 2870 5371 Ei
2895 5314 2987 5371 οὖν
3014 5321 3080 5389 τῇ
3109 5318 3265 5388 φύσει
3289 5317 3541 5387 βασιλεὺς
3576 5318 3606 5370 ὁ
3647 5316 3797 5378 Υἱὸς,

2223 5412 2499 5484 βασιλείας
2517 5413 2573 5466 δὲ
2607 5411 2873 5483 σύμϐολόν
2892 5412 3017 5473 ἐστι
3043 5412 3103 5464 τὸ
3143 5411 3368 5482 χρίσμα,
3390 5410 3442 5461 τί
3468 5425 3548 5461 σοι
3582 5408 3669 5460 διὰ
3698 5407 3802 5476 τῆς

2220 5505 2540 5569 ἀκολουθίας
2565 5508 2592 5558 ὁ
2630 5505 2789 5574 λόγος
2822 5502 3153 5557 ἐνδείκνυται
3178 5520 3193 5570 ;
3223 5504 3345 5556 Ὀτι
3380 5502 3481 5553 οὐκ
3520 5499 3801 5569 ἀλλότριόν

2219 5599 2273 5651 τί
2298 5597 2522 5651 ὲστιτοῦ
2555 5598 2694 5651 κατά
2722 5597 2881 5663 φύσιν
2914 5595 3175 5665 βασιλέως
3208 5593 3268 5647 τὸ
3308 5594 3536 5665 χρίσμα,
3562 5591 3688 5645 οὐδὲ
3723 5588 3797 5649 ὡς

2223 5688 2371 5753 ξένον
2417 5706 2467 5740 τι
2507 5687 2601 5742 καὶ
2654 5686 2950 5758 ἀλλόφυλον
2979 5689 3044 5760 τῇ
3078 5683 3419 5758 κὰγίᾳΤριάδι
3466 5682 3527 5737 τὸ
3575 5676 3795 5750 Πνεῦμα

1201 5866 1243 5897 ¹⁰
1283 5865 1327 5920 ll
1369 5865 1510 5922 Tim.
1550 5883 1645 5934 tu,
1678 5869 1766 5925 17.
1849 5870 1888 5901 ίί
1932 5867 2078 5925 Eccl.
2114 5883 2207 5935 XI,
2243 5869 2298 5925 5.
2378 5872 2419 5902 "
2459 5872 2581 5928 Act.
2625 5886 2691 5933 ι,
2727 5869 2814 5925 38.
