4020 6496
241 347 375 406 1521
1378 337 1744 396 ADVERSUS
1764 338 1827 392 Mi

1928 333 2310 392 EDONIANOS.
3333 318 3468 372 1322

242 465 609 521 συντέτακται.
638 459 897 523 Βασιλεὺς
954 460 1051 530 μὲν
1076 458 1181 529 γὰρ
1210 458 1243 509 ὁ
1270 458 1420 519 Υἱός·
1467 454 1708 526 βασιλεία
1742 453 1798 505 δὲ

1928 451 2160 522 ipiritum
2217 442 2477 514 cooptari.
2516 438 2648 495 Nam
2714 452 2806 492 res
2842 443 2927 491 est
2966 431 3177 497 Filius;
3237 445 3465 501 regnum

242 555 392 619 ζῶσα
433 552 528 607 καὶ
561 550 823 619 ούσιὼδης
865 522 967 603 καὶ⁷
992 522 1350 611 ὲνυῶστατος
1388 522 1714 616 τὸ-[Μεῦμα
1740 544 1801 598 τὸ

1928 552 2079 600 ιυιοηι
2108 543 2319 605 vivens,
2342 546 2396 592 et
2435 531 2816 593 substantiale,
2852 539 2906 585 et
2966 527 3255 587 inhaerens,
3289 522 3469 594 Spiri-

242 649 418 716 ἆγιον,
508 643 747 713 χρισθεὶς
772 612 1142 710 ὁήΜονογενὴς,
1167 639 1398 709 Χριστός
1429 640 1544 691 ἐστι
1578 612 1673 692 καὶ
1702 636 1801 707 βα-

1928 650 1991 691 us
2018 640 2241 689 sanctus
2262 636 2366 692 est,
2392 640 2503 696 quo
2522 630 2722 678 unctus
2753 618 3095 688 Unigenitus,
3134 615 3192 668 iit
3214 612 3469 669 Christus

244 706 424 799 σιλεὺς
588 733 776 786 ὀντων.
807 732 868 785 Ei
912 706 1004 785 οὖν
1041 706 1288 800 βασιλεὺς
1332 729 1362 782 ὁ
1394 730 1614 800 Πατὴρ.
1647 706 1804 798 βασι-

1928 736 2064 797 itque
2091 720 2330 780 universi
2380 716 2566 773 mundi
2616 729 2732 769 rex.
2763 711 2819 767 Si
2873 725 3002 780 ergo
3034 724 3128 763 rex
3170 716 3255 763 est
3287 706 3465 769 Pater,

243 830 369 892 λεὺς
402 790 478 882 ’δὲ
525 828 555 879 ὁ
606 826 935 894 Μονογενὴς,
992 790 1235 893 βασιλεία
1268 790 1338 875 ’δὲ
1387 822 1449 875 τὸ
1493 790 1716 887 Πνεῦμα
1745 818 1806 872 τὸ

1928 790 2000 876 ex
2025 820 2151 874 item
2195 814 2540 885 linigenitus.
2586 822 2812 880 regnum
2850 814 3029 860 autem
3072 802 3311 871 Spiritus
3340 790 3475 854 san?

242 888 430 989 ἅγιον,
458 914 538 981 εἷς
572 888 785 980 πάντως
821 888 917 985 τῆς
952 888 1225 984 βασιλείας
1262 913 1354 966 ἐπὶ
1389 915 1488 982 τῆς
1526 910 1751 983 Τριάδος
1777 911 1806 963 δ

1928 921 2047 975 :tus,
2074 923 2183 965 una
2208 915 2293 963 est
2334 904 2556 960 omnino
2581 900 2732 969 regni
2776 899 2833 952 in
2856 895 3124 949 Trinitate
3168 892 3329 948 ratio.
3356 888 3470 944 Un-

242 981 421 1075 λόγος.
468 1007 535 1059 ἸΙ
565 1006 622 1058 δὲ
642 1005 740 1074 τῆς
760 981 990 1076 κρίσεως
1019 1004 1214 1066 ἔννοια,
1239 1002 1300 1056 τὸ
1331 981 1496 1073 μηδὲν
1523 981 1662 1055 εἶναι
1688 999 1805 1054 διά-

1928 1001 2103 1057 :tionis
2134 1007 2311 1052 autem
2336 991 2674 1064 aenigmatica
2699 986 3026 1060 signiﬁcatio
3051 992 3136 1040 est
3164 990 3224 1037 ut
3256 981 3462 1036 nullam

246 1116 429 1168 στημα
459 1095 657 1165 μεταξὺ
695 1075 804 1149 τοῦ
823 1095 947 1148 Υἰοῦ
983 1095 1075 1148 καὶ
1107 1093 1201 1147 τοῦ
1228 1094 1381 1162 ἁγίου
1408 1091 1717 1162 Πνεύματος
1739 1091 1805 1144 δι’

1931 1104 2047 1149 nter
2074 1091 2268 1147 Filium
2301 1097 2356 1145 et
2378 1093 2628 1143 sanctum
2675 1080 2938 1151 Spiritum
2995 1075 3310 1131 distantiam
3346 1086 3470 1127 esse

242 1159 571 1258 ἀπόβρἡῶν
601 1185 899 1240 αἰνίσσεται
918 1203 930 1215 ο
960 1185 1035 1245 ὡς
1065 1183 1174 1254 γὰρ
1203 1159 1408 1254 μεταξὺ
1440 1181 1540 1251 τῆς
1556 1159 1669 1234 *τοῦ
1706 1178 1810 1233 σώ-

1928 1192 2159 1238 mtemus
2187 1196 2203 1244 ;
2240 1192 2364 1233 nam
2412 1174 2575 1231 sicuti
2602 1173 2744 1227 inter
2778 1167 3029 1238 corporis
3079 1172 3258 1219 cutem
3286 1169 3339 1217 et
3363 1159 3469 1216 olei

250 1253 414 1347 ματος
448 1253 787 1345 επιφανείας,
818 1275 912 1329 καὶ
942 1274 1041 1344 τῆς
1068 1253 1161 1328 τοῦ
1198 1273 1377 1327 ὲλαίου
1407 1272 1636 1344 κρίσεως
1655 1268 1807 1324 οὐδὲν

1928 1270 2216 1323 unctionem
2248 1264 2382 1320 nihil
2412 1258 2798 1318 intermedium
2828 1270 2930 1311 nec
2981 1253 3122 1308 ratio
3149 1266 3250 1306 nec
3273 1264 3471 1305 sensus

246 1370 454 1422 ἐπινοεῖ
494 1369 656 1437 μέσον
709 1365 832 1419 οὔτε
862 1369 889 1420 ὁ
928 1365 1081 1432 λόγος
1127 1364 1250 1418 οὔτε
1283 1367 1315 1435 ἡ
1352 1359 1809 1434 αῐσθησις,οὔτως

1928 1365 2076 1421 novit.
2111 1364 2185 1417 ita
2216 1360 2444 1415 indivisa
2490 1364 2576 1412 est
2606 1352 2729 1407 Filii
2780 1347 3053 1421 copulatio
3102 1359 3227 1402 cum
3280 1350 3472 1399 sancto

248 1431 564 1522 ἀδιάστατὸς
581 1460 695 1511 ὲστι
714 1457 850 1527 πρὸς
889 1457 950 1509 τὸ
989 1431 1211 1526 Πνεῦμα
1245 1431 1315 1508 τὸ⁷
1347 1431 1509 1522 ἇγιον-
1522 1453 1601 1524 τῷ
1628 1450 1743 1524 Υίῷ
1771 1453 1805 1522 ή

1928 1456 2138 1525 Spiritu,
2170 1453 2244 1505 ita
2273 1459 2333 1504 ut
2357 1462 2497 1519 opus
2527 1446 2600 1502 sit
2627 1457 2751 1500 cum
2785 1441 2879 1512 qui
2903 1439 3179 1496 Christum
3212 1434 3315 1488 [ide
3345 1431 3474 1487 velit

247 1548 536 1617 συνάφεια,
567 1546 706 1601 ὥστε
732 1546 810 1617 τῷ
836 1546 1081 1619 μέλλοντι
1116 1545 1280 1600 αὑτοῦ
1327 1544 1416 1599 διὰ
1444 1544 1541 1615 τῆς
1574 1543 1810 1607 πίστεως

1928 1547 2195 1613 ittingere,
2215 1549 2369 1596 antea
2396 1537 2658 1594 accedere
2696 1532 2764 1587 ad
2796 1530 3055 1601 unguenti
3090 1533 3403 1582 contactum
3454 1540 3469 1576 :

246 1614 536 1698 ἅπτεσθαι,
568 1614 861 1705 ἀναγκαίον
906 1632 1041 1689 εἶναι
1090 1614 1543 1707 προεντυγχάνειν
1578 1633 1669 1687 διὰ
1710 1633 1809 1704 τῆς

1928 1640 2118 1693 iullum
2164 1646 2244 1690 est
2314 1633 2454 1688 enim
2512 1629 2811 1684 membrum
2857 1622 3013 1680 illud.
3059 1620 3204 1691 quod
3264 1614 3473 1686 Spiritu

247 1728 396 1797 ἁφῆς
422 1726 501 1797 τῷ
528 1726 683 1798 μύρῳ
711 1744 725 1759 ·
750 1726 813 1781 οὐ
841 1726 949 1798 γὰρ
980 1726 1095 1780 ἐστί
1124 1742 1178 1778 τι
1217 1724 1381 1796 μέρος
1405 1724 1436 1776 ὃ
1471 1721 1673 1793 γυμνόν
1694 1722 1807 1775 ἐστι

1928 1738 2103 1786 sancto
2135 1727 2208 1784 sit
2233 1725 2458 1780 nndum.
2496 1720 2788 1790 Propterea
2815 1713 3092 1772 confessio
3113 1712 3181 1767 de
3212 1708 3335 1764 Filii
3371 1707 3472 1762 do-

249 1817 345 1872 τοῦ
375 1818 530 1886 ἁγίου
559 1816 889 1887 Πνεύματος.
908 1815 1007 1869 Διά
1041 1814 1196 1870 τοῦτο
1226 1816 1261 1886 ὴ
1302 1811 1559 1884 ὁμολογία
1590 1810 1691 1882 τῆς
1714 1809 1808 1863 τοῦ

1928 1823 2138 1882 ninatu,
2167 1819 2222 1873 in
2245 1825 2435 1873 sancto
2465 1813 2671 1883 Spiritu
2695 1826 2725 1864 a
2756 1806 3146 1879 recipientibus
3173 1802 3251 1867 ῆι,
3275 1801 3475 1870 quibus

252 1909 384 1963 Υίοῦ
414 1909 747 1979 κυριότητος,
781 1908 840 1961 ὲν
868 1906 1142 1976 Πνεύματι
1166 1906 1304 1976 ἁγίῳ
1330 1906 1441 1967 τοῖς
1466 1898 1817 1971 καταλαμϐά-

248 2017 403 2054 νουσι
439 2000 665 2068 γίνεται,
698 1997 958 2052 πάντοθεν
995 1999 1107 2060 τοῖς
1138 1996 1225 2049 διὰ
1258 1995 1492 2056 πίστεως
1522 1991 1815 2063 προσεγγί-

250 2093 405 2157 ζουσι
428 2090 875 2163 προαπαντῶντος
894 2088 987 2143 τοῦ
1012 2087 1341 2158 Πνεύματος.
1367 2086 1430 2139 Et
1450 2080 1542 2139 οῦν
1560 2086 1624 2155 τῇ
1658 2082 1817 2153 φύσει

250 2184 505 2255 βασιλεὺς
532 2184 561 2233 ὁ
596 2182 742 2244 Υἱὸς,
776 2180 990 2251 ἀξίωμα
1016 2180 1073 2233 δὲ
1116 2178 1387 2249 βασιλείας
1417 2176 1480 2230 τὸ
1506 2175 1731 2247 Πνεῦμα
1755 2174 1819 2229 τὸ

252 2277 428 2345 ἅγιον,
458 2269 502 2343 ᾧ
531 2275 656 2338 Υἱὸς
690 2274 921 2345 χρίεται,
939 2273 1024 2335 τίς
1046 2274 1335 2325 ἐπινοεῖται
1362 2270 1463 2341 τῆς
1489 2268 1762 2342 βασιλείας
1779 2269 1814 2341 ἠ

255 2369 396 2421 κατά
418 2367 514 2438 τὴν
544 2366 702 2435 φύσιν
724 2365 857 2435 πρὸς
890 2363 1089 2434 ἑαυτὴν
1110 2362 1485 2434 ἀλλοτρίωσις;

329 2460 413 2523 ιζ’.
459 2459 687 2511 Ἔπειτα
731 2456 826 2509 καὶ
864 2453 1021 2508 τοῦτο
1052 2455 1445 2524 σκοπήσωμενθ
1486 2453 1551 2507 Ἠ
1578 2452 1820 2522 βασιλεία

254 2552 315 2604 ἐν
348 2553 412 2620 τῇ
458 2548 568 2602 τῶν
605 2546 926 2618 ὑποχειρίων
951 2547 1091 2617 ἀρχῇ
1135 2546 1348 2608 πάντως
1375 2545 1715 2615 γνωρίζεται.
1752 2539 1821 2598 Τί

252 2637 347 2695 οὖν
384 2641 482 2711 τῆς
510 2637 895 2709 βασιλευούσης
931 2635 1144 2705 φύσεώς
1167 2637 1283 2689 ἐστι
1308 2635 1369 2688 τὸ
1394 2637 1628 2707 ὑπήκοον
1659 2634 1821 2701 ςτοὺς

256 2731 457 2795 αἰῶνας
488 2731 700 2793 πάντως
730 2729 824 2782 καὶ
850 2729 917 2783 τά
956 2730 1014 2781 ὲν
1052 2727 1259 2790 τούτοις
1288 2729 1316 2780 ό
1342 2727 1498 2795 λόγος
1542 2726 1823 2796 καταλαμ-

257 2824 447 2877 6ἀνειο
488 2839 507 2873 ι
555 2822 619 2875 Ἡ
646 2821 755 2891 γὰρ
796 2818 1036 2887 βασιλεία
1069 2835 1183 2881 σου,
1226 2836 1245 2869 ι
1282 2818 1466 2888 φησὶν,
1509 2833 1531 2869 s
1577 2815 1820 2887 βασιλεία

255 2914 485 2971 αἰώνων.
519 2933 537 2965 ι
564 2913 771 2975 Αίῶνας
819 2912 874 2965 δὲ
902 2911 1096 2979 λέγων,
1128 2911 1305 2963 πᾶσαν
1341 2910 1405 2962 ἐκ
1430 2906 1523 2962 τοῦ
1552 2908 1825 2980 περιέχον·

1910 1930 2007 1984 per
2049 1911 2206 1967 ﬁdem
2257 1905 2649 1963 accedentibus
2691 1902 2934 1971 undique
2988 1896 3231 1952 occurrit
3250 1902 3477 1949 sanctus

1913 2006 2170 2081 Spiritus.
2205 2001 2263 2055 Si
2287 2015 2417 2070 ergo
2437 1997 2763 2053 naturaliter
2790 2010 2883 2049 rex
2905 1999 2989 2047 est
3015 1989 3210 2050 Filius,
3239 1983 3479 2055 dignitas

1911 2077 2090 2153 autem
2123 2093 2273 2165 regni
2301 2094 2418 2163 ipse
2454 2101 2678 2147 sanctus
2697 2086 2953 2157 Spiritus,
2982 2097 3091 2153 quo
3112 2078 3283 2134 Filius
3312 2077 3477 2131 inun-

1914 2191 2080 2257 gitur.
2108 2198 2353 2255 quaenam
2377 2180 2657 2253 regnijam
2687 2175 3026 2247 excogitatur
3057 2166 3321 2225 naturalis
3353 2179 3385 2219 a
3418 2179 3480 2219 se

1915 2279 2032 2349 ipso
2057 2273 2347 2330 alienatio?

1986 2458 2074 2517 Π.
2118 2454 2321 2509 Deinde
2347 2458 2401 2508 et
2438 2451 2543 2505 hoc
2598 2446 3009 2503 consideremus
3053 2460 3067 2497 :
3120 2440 3366 2510 Regnum
3414 2454 3482 2494 ex

1915 2554 2194 2611 dominatu
2229 2549 2287 2602 in
2347 2543 2625 2611 subjectos
2675 2552 2903 2609 prorsus
2944 2534 3301 2605 dignoscitur.
3342 2528 3483 2596 Quid

1915 2660 2046 2716 ergo
2070 2636 2318 2712 regnanti
2344 2643 2555 2689 naturae
2599 2630 2906 2699 subjectum
2933 2626 3055 2681 est?
3084 2623 3284 2678 secula
3350 2636 3483 2689 pro-

1918 2710 2060 2792 fecto
2079 2710 2489 2802 et'quzccunque
2515 2724 2566 2777 in
2588 2721 2669 2777 eis
2698 2725 2826 2774 sunt
2843 2716 2983 2770 ratio
3005 2722 3195 2769 nostra
3220 2710 3487 2781 imagina-

1916 2839 2026 2885 tur.
2060 2846 2079 2879 ι
2120 2824 2367 2894 Regnum
2392 2826 2566 2878 tuum,
2601 2830 2621 2864 ι
2656 2810 2937 2879 Scriptura
2966 2805 3164 2876 inquit,
3206 2822 3226 2857 ι
3259 2816 3485 2873 regnum

1919 2921 2245 2980 saeculorum
2278 2916 2344 2969 ".
2373 2909 2583 2967 Saecula
2620 2920 2750 2961 vero
2773 2904 2901 2959 dum
2927 2903 3023 2964 ait,
3055 2898 3369 2954 universum
3392 2891 3487 2964 qui

256 3027 346 3073 τος
373 3007 469 3079 τὴν
513 3009 571 3060 ἐν
621 3005 802 3067 αὐτοῖς
858 3004 1166 3065 συστάσεως
1214 3003 1389 3056 κτίσιν
1432 3000 1823 3072 περιλαμϐάνει

1928 3008 2305 3072 circumambit
2327 3010 2570 3060 creatum
2593 2997 2851 3054 mundum
2883 2987 3318 3061 comprehendit,
3356 2983 3488 3039 visi-

257 3102 355 3170 τήν
400 3117 461 3153 τε
491 3098 687 3171 ὁρατὴν
720 3098 815 3151 καὶ
847 3096 1074 3167 ἀόρατον
1097 3112 1110 3125 ο
1139 3094 1198 3147 ὲν
1232 3094 1415 3157 αὐτοῖς
1458 3092 1566 3163 γὰρ
1599 3091 1818 3163 ἐκτίσθη

1928 3107 2081 3161 bilem
2108 3108 2163 3157 et
2217 3094 2590 3154 invisibilem:
2638 3100 2873 3156 namque
2924 3083 2978 3137 in
3028 3079 3244 3137 saeculis
3306 3085 3489 3129 creata

2294 3188 2307 3196 .
2412 3186 2424 3196 .
2493 3182 2506 3195 .
2791 3174 3106 3196 “unum
3150 3175 3373 3196 “unum
3431 3164 3486 3196 εἰ

256 3164 329 3246 τά
365 3164 540 3245 πάντα
579 3164 667 3243 διά
696 3188 789 3242 τοῦ
816 3164 1037 3256 ποιητοῦ
1062 3187 1170 3241 τῶν
1196 3185 1427 3239 αἰώνων.
1454 3186 1518 3239 El
1545 3179 1637 3238 οὖν
1661 3186 1693 3254 ἡ
1724 3184 1819 3255 βα-

1928 3196 2143 3253 luerunt
2165 3188 2346 3246 omnia
2378 3186 2445 3239 ab
2493 3182 2735 3252 ipsorum
2787 3174 3107 3231 saeculorum
3149 3175 3393 3224 auctore.
3431 3164 3490 3218 Si

261 3281 434 3336 σιλεία
459 3279 687 3334 πάντοτε
720 3280 855 3350 μετά
895 3278 989 3332 τοῦ
1021 3278 1281 3348 βασιλέως
1300 3278 1573 3347 νοεῖται,ή
1606 3276 1663 3331 δὲ
1694 3277 1823 3331 ὐπο-

1928 3303 2048 3362 ergo
2069 3296 2295 3356 regnum
2323 3291 2430 3333 una
2449 3289 2570 3329 cum
2595 3284 2720 3339 rege
2740 3279 2953 3335 semper
2983 3259 3325 3329 intelligitur,
3358 3255 3492 3311 suh-

258 3379 461 3445 χείριος
498 3373 657 3443 φύσις
688 3348 813 3429 ἀλλο
841 3388 893 3426 τι
923 3369 1071 3442 παρά
1094 3370 1193 3437 τὴν
1236 3370 1507 3440 ἄρχουσαν
1556 3369 1827 3439 ὁμολογεῖ-

1928 3348 2064 3456 Ῑεέια
2113 3348 2292 3431 a'utem
2332 3374 2585 3424 creatura
2625 3361 2900 3417 diversum
2936 3355 3067 3427 quid
3097 3368 3221 3410 esse
3250 3367 3280 3405 a
3321 3348 3492 3402 domi-

256 3483 370 3531 ται,
404 3465 488 3528 τίς
514 3467 545 3535 ἡ
568 3465 763 3517 ἀτοπία
790 3464 899 3516 τῶν
928 3463 1138 3525 ἑαυτοῖς
1174 3460 1515 3531 μαχομένων,
1537 3461 1644 3513 τῶν
1665 3477 1825 3531 προσ-

257 3557 515 3610 τιθέντων
547 3555 647 3625 μὲν
673 3555 734 3608 τὸ
764 3555 970 3626 χρίσμα
1013 3553 1093 3622 τῷ
1138 3553 1279 3606 κατὰ
1331 3554 1493 3623 φύσιν
1523 3554 1729 3623 βασιλεί
1748 3554 1826 3619 ὡς

258 3648 497 3717 ἀξίωμα,
525 3645 867 3714 καταγόντων
882 3644 938 3696 δὲ
961 3644 1092 3697 αὐτὸ
1120 3644 1276 3698 τοῦτο
1299 3645 1379 3706 είς
1395 3643 1492 3714 τὴν
1521 3645 1826 3717 ὑποχείριον

258 3739 413 3803 τάξιν
445 3737 522 3802 ὡς
552 3736 650 3807 τῆς
676 3735 830 3801 ἀξίας
866 3734 1282 3805 καταδεέστερον
1313 3753 1329 3801 ;
1354 3735 1417 3788 Εί
1450 3736 1547 3805 μὲν
1575 3735 1683 3807 γὰρ
1719 3737 1828 3790 τῶν

259 3830 515 3901 ὑπηκόων
544 3829 683 3883 κατὰ
704 3828 803 3897 τὴν
832 3826 992 3896 φύσιν
1011 3827 1147 3891 ἐστὶ,
1174 3826 1290 3891 πῶς
1321 3827 1400 3898 τῷ
1422 3827 1521 3897 τῆς
1555 3829 1828 3899 βασιλείας

259 3922 529 3993 ἀξιώματι
557 3919 650 3974 τοῦ
695 3917 1027 3988 Μονογενοῦς
1061 3919 1459 3991 συναρμόζεται
1494 3922 1704 3994 χρίσμα
1732 3920 1829 3992 βα-

262 4012 466 4077 σιλείας
497 4013 774 4083 γινόμενον
798 4012 893 4076 ;Εί
917 4011 974 4064 δε
994 4010 1056 4064 τὸ
1087 4010 1411 4081 ἡγεμονικὸν
1430 4012 1594 4067 αὐτοῦ
1625 4013 1715 4067 διὰ
1733 4014 1828 4068 τοῦ

263 4106 791 4179 ωμπαραληφθῆναι
811 4106 890 4169 είς
917 4105 1017 4176 τὴν
1046 4105 1145 4176 τῆς
1176 4103 1454 4175 βασιλείας
1495 4105 1831 4178 μεγαλοπρέ-

263 4217 423 4253 πειαν
450 4199 743 4259 δείκνυται,
777 4197 859 4261 τίς
900 4199 933 4259 ἡ
968 4197 1178 4268 ἀνάγκη
1235 4195 1609 4268 καθαιρεῖσθαι
1653 4198 1831 4252 πάντα

262 4294 345 4356 εἰς
391 4291 661 4361 ἰδιωτικήν
700 4306 761 4344 τε
791 4289 884 4343 καὶ
932 4289 1179 4360 δουλικὴν
1214 4288 1573 4358 ταπεινότητα
1607 4290 1674 4359 τῇ
1708 4289 1831 4343 δου-

262 4382 490 4454 λευούσῃ
521 4383 692 4436 κτίσει
741 4380 1267 4452 συναριθμούμενονς
1299 4380 1374 4434 Οὐ
1406 4378 1514 4450 γὰρ
1544 4380 1609 4451 δὴ
1636 4380 1706 4434 τὰ
1739 4380 1832 4435 δύο

1922 3443 2088 3532 nante
2114 3471 2168 3524 in
2198 3462 2450 3521 confesso
2484 3464 2590 3521 est,
2623 3465 2870 3524 quaenam
2901 3446 3115 3503 insania
3146 3451 3232 3500 est
3262 3443 3493 3497 istorum

1923 3568 2017 3640 qui
2068 3563 2303 3621 chrisma
2378 3550 2596 3624 quidem
2648 3560 2749 3601 ceu
2822 3541 3139 3613 dignitatem
3203 3534 3495 3605 quamdam

1925 3627 2135 3715 addunt
2177 3654 2228 3708 ei
2268 3650 2364 3721 qui
2397 3658 2589 3717 suapte
2634 3648 2828 3695 natura
2850 3649 2947 3690 rex
2970 3637 3090 3696 est;
3119 3627 3282 3683 simul
3311 3634 3496 3680 tamen

1926 3751 2068 3807 idem
2132 3717 2369 3798 chrisma
2402 3736 2469 3792 ad
2495 3732 2836 3790 subditorum
2880 3722 3128 3780 ordinem
3156 3717 3493 3788 deprimunt,

1926 3838 2085 3913 quasi
2111 3833 2372 3903 dignitate
2397 3824 2668 3883 inferius?
2708 3821 2766 3874 Si
2818 3816 2963 3872 enim
2990 3812 3060 3868 de
3080 3810 3261 3865 classe
3288 3807 3489 3913 subdi.-

1925 3896 2103 3986 torum
2127 3896 2321 3982 natura
2347 3917 2565 3990 propria
2613 3912 2852 3983 Spiritus
2892 3913 2999 3972 est,
3029 3901 3303 3975 quomodo
3327 3896 3495 3969 regali

1927 4022 2048 4078 Filii
2062 4009 2637 4089 dignitatedeponitur,
2651 4003 2778 4059 dum
2793 3999 2980 4055 unctio
2995 3994 3147 4065 regni
3167 3992 3262 4047 lit?
3290 3989 3385 4046 Sin
3403 4003 3495 4059 po-

1931 4113 2040 4167 tius
2066 4082 2400 4180 principatus
2425 4101 2547 4169 ejus
2567 4113 2633 4154 ex
2659 4090 3037 4161 assumptione
3063 4086 3129 4141 ad
3162 4082 3497 4155 participan-

1931 4209 2054 4263 dam
2066 4174 2598 4272 -regnimajestatem
2625 4185 2955 4249 ostenditur,
2975 4194 3076 4236 cur
3103 4192 3243 4249 opus
3285 4176 3359 4231 sit
3385 4174 3498 4228 haec

1933 4295 2113 4354 omnia
2144 4270 2521 4363 pessumdare.
2568 4281 2697 4336 dum
2730 4278 2797 4333 ad
2834 4276 3099 4347 privatam
3137 4270 3499 4339 servilemque

1936 4359 2293 4445 humilitatem
2316 4374 2659 4448 deprimitur,
2690 4369 3013 4437 famulaeque
3036 4373 3298 4419 creaturae
3327 4359 3500 4415 adnu-

266 4476 391 4547 περὶ
417 4452 578 4528 αύτοῦ
628 4473 873 4541 λέγοντα.
906 4474 1129 4528 δυνατόν
1161 4477 1305 4528 ἐστιν
1339 4474 1399 4527 ἐν
1446 4472 1690 4543 ἑκατέρῳ
1731 4474 1827 4527 τά-

1935 4474 2214 4537 meretur?
2242 4470 2430 4541 Neque
2473 4466 2619 4522 enim
2658 4466 2772 4518 haec
2794 4460 2904 4515 duo
2933 4457 3002 4513 de
3022 4456 3211 4513 eodem
3254 4452 3501 4521 subjecto

263 4565 402 4637 ληθῆ
426 4565 621 4633 λέγειν,
652 4565 732 4617 ὅτι
768 4563 863 4616 καὶ
891 4565 1211 4634 ἡγεμονικόν
1232 4566 1349 4617 ἐστι
1376 4564 1471 4617 καὶ
1497 4563 1824 4635 ὑποχείριον.

265 4659 331 4712 Et
355 4658 451 4728 μὲν
464 4656 816 4727 γάρήγεῖται,
833 4654 895 4707 ού
918 4654 1247 4727 κυριεύεται·
1278 4658 1328 4709 εί
1349 4656 1405 4710 δὲ
1431 4656 1689 4720 δουλεύει,
1705 4655 1830 4708 οὐκ-

267 4750 345 4802 ἐτι
386 4749 523 4819 μετὰ
558 4747 656 4817 τῆς
686 4745 1072 4817 βασιλευούσης
1102 4747 1315 4815 φύσεως
1338 4747 1828 4818 καταλαμϐάνεται.

278 4842 366 4904 Ὠς
393 4840 500 4911 γάρ
540 4840 677 4908 μετά
705 4838 1003 4910 ἀνθρώπων
1045 4838 1344 4908 ἄνθρωποι,
1377 4840 1471 4892 καὶ
1499 4841 1637 4909 μετά
1664 4840 1833 4909 ἀγγέ-

265 4932 374 4987 λων
400 4933 636 5001 ἄγγελοι,
660 4934 751 4985 καὶ
779 4932 954 4985 πάντα
980 4932 1118 5001 μετά
1146 4930 1255 4983 τῶν
1278 4931 1564 5001 ὁμοφύλων
1586 4931 1835 4999 ἐπιγινώ-

271 5043 493 5089 σκεται,
534 5024 675 5078 οῦτω
720 5023 835 5093 μεθ’
872 5023 988 5087 ἑνὸς
1041 5022 1317 5092 ἑκατέρων
1361 5022 1735 5092 ὁμολογεῖσθαι
1778 5023 1837 5075 τὸ

269 5115 491 5187 Πνεῦμα
520 5116 580 5168 τὸ
626 5116 778 5182 ἆγιον
828 5113 1120 5182 ἀναγκαῖόν
1164 5115 1313 5178 ἔστι,
1347 5112 1380 5183 ἢ
1414 5114 1551 5182 μετά
1590 5116 1690 5187 τῆς
1734 5131 1835 5169 κυ-

272 5207 577 5280 ριεύουσης.
609 5206 640 5276 ἢ
678 5204 813 5276 μετά
836 5206 932 5275 τῆς
959 5204 1371 5273 ὑτοοκυπτούσης
1391 5203 1621 5273 φύσεως.
1657 5208 1837 5261 Μέσον

269 5299 379 5368 γὰρ
424 5298 628 5351 τούτων
670 5296 1019 5366 ἐπιγινώσκει
1051 5299 1079 5350 ὁ
1117 5297 1273 5366 λόγος
1312 5297 1496 5359 οὐδιν,
1537 5296 1678 5353 ὥστε
1712 5300 1835 5353 τινά

270 5389 485 5457 φύσεως
519 5386 752 5457 ἰδιότητα
772 5388 830 5439 ὲν
864 5385 1101 5459 μεθορίῳ
1129 5385 1222 5439 τοῦ
1256 5403 1315 5440 τε
1343 5387 1561 5441 κτιστοῦ
1590 5387 1683 5441 καὶ
1741 5389 1834 5444 τοῦ

271 5482 523 5537 ἁκτίστου
557 5478 1037 5550 καινοτομηθεῖσαν
1083 5478 1288 5551 μεταξὺ
1330 5480 1533 5537 τούτων
1562 5478 1699 5534 εἶναι
1745 5496 1835 5534 νο-

274 5571 542 5644 μίξεσθαι,
574 5573 648 5634 ὡς
693 5571 785 5625 καὶ
832 5571 1153 5643 ἀμφοτέρων
1188 5573 1459 5645 μετέχειν,
1498 5572 1593 5627 καὶ
1624 5572 1836 5627 οὐθέτε-

343 5754 390 5789 ¹³
424 5758 560 5811 l‘sal.
594 5771 743 5814 cuv.
779 5746 864 5810 l5.

592 5849 861 5907 ΡΑτιιοι.
895 5844 1010 5905 Gn.
1052 5844 1224 5904 XLV.

1934 4566 2302 4642 pronuntiata,
2332 4568 2562 4628 utraque
2588 4568 2715 4608 vera
2757 4565 2883 4607 esse
2936 4554 3165 4620 queunt,
3217 4558 3412 4612 nempe
3442 4548 3502 4595 ut

1936 4633 2009 4719 sit
2032 4656 2292 4713 Dominus
2317 4658 2479 4719 atque
2508 4644 2781 4703 subditus.
2812 4640 2949 4696 Nam
2988 4640 3035 4694 si
3060 4636 3391 4699 dominatur,
3414 4633 3504 4686 do-

1938 4751 2164 4807 minium
2194 4759 2305 4800 non
2333 4740 2576 4813 patitur;
2611 4740 2696 4792 sin
2744 4733 3064 4793 famulatur,
3091 4728 3204 4797 jam
3235 4740 3343 4778 non
3376 4738 3501 4776 cum

1936 4847 2199 4913 regnante
2216 4843 2408 4891 natura
2430 4829 2688 4886 sociatur.
2713 4824 2846 4879 Nam
2887 4824 3031 4878 sicut
3087 4816 3332 4872 homines
3376 4827 3502 4879 cum

1940 4930 2274 4991 hominibus,
2324 4921 2501 4993 angeli
2559 4934 2683 4975 cum
2704 4913 2910 4987 angelis
2957 4919 3011 4965 et
3067 4916 3263 4963 caetera
3323 4903 3502 4959 omnia

1938 5042 2061 5081 cum
2089 5017 2439 5090 homogeneis
2478 5015 2812 5082 spectantur,
2847 5004 2920 5056 ita
2945 5016 3067 5056 cum
3095 5012 3204 5053 uno
3233 5012 3302 5051 ex
3341 4994 3503 5048 alter-

1941 5119 2078 5173 utris
2130 5088 2442 5170 necessario
2476 5101 2714 5174 Spiritus
2739 5104 2962 5152 sanctus
2992 5088 3372 5161 agnoscendus
3397 5092 3503 5148 est,

1941 5208 2025 5263 vel
2050 5220 2173 5261 cum
2194 5201 2509 5258 dominante
2524 5191 2734 5248 scilicet
2756 5188 2833 5241 vel
2858 5200 2980 5240 cum
3009 5181 3251 5249 subjecta
3286 5184 3504 5232 natura.

1941 5296 2176 5354 Medium
2197 5304 2376 5347 autem
2408 5288 2462 5342 in
2498 5284 2586 5339 his
2614 5280 2755 5335 ratio
2773 5291 2881 5332 non
2908 5266 3457 5345 agnoscitquidquam
3485 5283 3504 5330 ;

1944 5406 2119 5462 neque
2150 5381 2452 5442 existimari
2468 5380 2689 5448 'potest,
2726 5372 2969 5441 aliquam
2992 5382 3115 5423 esse
3138 5373 3349 5420 natura
3380 5375 3504 5431 pro-

1942 5448 2226 5552 prietatem
2258 5476 2401 5530 inter
2432 5474 2678 5524 creatum
2699 5470 2755 5517 et
2810 5460 3113 5516 increatum
3139 5496 3156 5520 ,
3178 5468 3320 5508 novo
3344 5448 3504 5507 modo

1940 5548 2321 5644 excogitatam,
2375 5576 2497 5633 quae
2531 5568 2827 5613 utrumaue
2883 5548 3197 5621 participet,
3252 5552 3505 5600 neutrum

3113 5820 3191 5879 E2
