4020 6496
530 332 667 390 1523

1718 341 1774 396 S.
1817 338 2134 397 GREGOBII
2171 340 2460 398 NYSSENI

3615 338 3750 392 i311

528 455 707 501 tamen
738 444 976 517 perfecte
1002 445 1094 501 sit.
1126 445 1246 501 Non
1272 448 1417 504 enim
1462 450 1589 505 licet
1640 453 1933 511 admittere
1956 457 2088 511 mis-

2202 474 2284 527 ρον
2304 455 2523 518 τελείως
2542 449 2699 508 εἶναι.
2724 452 2855 508 om
2886 452 2994 525 γὰρ
3018 452 3290 523 ἐνδέχεται
3321 450 3466 522 μίξιν
3493 451 3615 506 τινὰ
3644 454 3752 505 τῶν

530 539 729 594 tionem
757 539 1047 608 quamdam
1075 541 1476 596 contrariorum
1508 553 1670 613 atque
1698 547 2086 603 connexionem

527 632 605 683 rei
634 637 830 684 creatae
874 644 999 685 cum
1035 631 1310 695 increata;
1363 647 1541 702 neque
1571 635 1681 689 duo
1740 636 1985 692 increata
2032 637 2087 691 in

527 736 692 775 unum
733 721 1074 793 hypostasim
1127 724 1392 781 confundi
1427 736 1671 796 queunt:
1722 730 1923 783 etenim
1983 743 2090 784 non

529 812 706 867 solum
732 813 984 869 evaderet
996 816 1359 886 compositum
1383 818 1436 872 id
1466 818 1611 888 quod
1638 834 1705 874 ex
1729 820 1828 873 hac
1858 820 2091 875 absurda

528 902 786 959 mistione
817 906 1277 976 compingeretur,
1310 925 1496 964 verum
1549 913 1712 966 etiam
1741 911 2089 968 dissimilium

527 996 853 1065 compositio
886 996 1055 1064 ﬁeret,
1103 1007 1157 1056 et
1191 1016 1313 1070 qua:
1338 1011 1494 1058 aetate
1520 1017 1627 1058 non
1669 1014 2033 1075 congruerent
2072 1024 2088 1062 :

528 1100 654 1139 nam
687 1089 833 1158 quod
884 1105 950 1145 ex
977 1094 1253 1147 creatione
1303 1094 1679 1149 exsistentiam
1726 1098 2089 1161 nanciscitur,

526 1179 751 1234 omnino
779 1181 1051 1237 recentius
1073 1193 1158 1238 est
1187 1184 1280 1238 illo
1302 1186 1445 1254 quod
1465 1185 1757 1242 increatam
1789 1190 2091 1245 subsisten-

528 1267 661 1321 tiam
718 1269 898 1326 habet.
943 1273 1002 1327 Si
1040 1288 1171 1344 ergo
1199 1273 1431 1346 Spiritus
1461 1284 1713 1332 naturam
1747 1295 1814 1333 cx
1859 1288 2090 1352 utraque

529 1370 589 1409 re
621 1357 838 1413 mistam
872 1360 1082 1427 dicunt,
1102 1363 1290 1433 utique
1308 1366 1387 1419 rei
1412 1365 1737 1436 antiquioris
1753 1382 1877 1425 cum
1902 1386 2093 1427 recen—

526 1447 668 1505 tiore
700 1452 1010 1509 mistionem
1044 1456 1332 1525 quamdam
1367 1458 1469 1513 sibi
1524 1458 1706 1515 animo
1734 1462 2042 1534 contingent
2074 1481 2088 1517 :

527 1541 762 1611 eritque,
789 1558 856 1599 ex
890 1544 1084 1600 horum
1148 1550 1415 1604 sententia
1457 1551 1659 1620 aliquid
1694 1568 1752 1608 se
1796 1555 1915 1625 ipso
1948 1559 2089 1611 anti-

527 1632 689 1701 quius
720 1634 883 1690 simul
921 1644 1083 1707 atque
1125 1641 1422 1705 recentius,
1473 1644 1545 1697 ita
1591 1653 1650 1698 ut
1694 1655 1960 1715 quatenus
2008 1649 2091 1702 in-

526 1733 771 1781 creatum
806 1729 1086 1800 antiquius
1118 1731 1212 1799 sit,
1262 1741 1531 1803 quatenus
1562 1752 1692 1791 vero
1737 1748 1978 1793 creatum
2005 1755 2092 1794 re-

2191 548 2442 601 ἐναντίων
2472 548 2566 600 καὶ
2604 546 2921 617 συμπλοκὴν
2950 545 3203 615 ἐννοῆσαι
3235 544 3330 596 τοῦ
3368 544 3584 598 κτιστοῦ
3617 545 3753 614 πρὸς

2188 638 2248 691 rb
2282 637 2531 691 ἄκτιστον
2560 636 3119 707 συνανακιρναμένων,
3140 636 3344 690 καὶδύο
3369 636 3477 689 τῶν
3497 635 3756 690 ἐναντίων

2189 732 2267 791 εἰς
2318 731 2444 801 μίαν
2473 730 2768 784 ὑπόστασιν
2819 730 3316 800 συμμιγνυμένωνο
3347 730 3421 792 ὡς
3467 728 3542 799 μὴ
3594 729 3757 798 μόνον

2150 850 2151 853 η
2190 822 2439 877 σύνθετον
2466 820 2603 877 εἶναι
2648 823 2708 876 rb
2737 824 2823 876 διὰ
2852 823 2951 892 τῆς
2990 824 3275 877 ἀλλοκότου
3311 823 3517 892 ταύτης
3556 821 3756 890 μίξεως

2188 912 2659 983 ἀναπλασσόμενον
2680 951 2694 975 ,
2744 912 2878 966 ἀλλὰ
2926 914 3019 966 καὶ
3052 914 3110 979 ἐξ
3148 913 3411 983 ἀνομοίων
3468 912 3592 982 ἕχον
3657 910 3761 980 τὴν

2190 1002 2435 1057 σύνθεσιν
2460 1044 2475 1067 ,
2510 1004 2603 1056 καὶ
2638 1002 2779 1057 κατὰ
2805 1003 2897 1057 τὸν
2937 1003 3126 1074 χρόνον
3171 1004 3233 1056 οὑ
3282 1001 3717 1074 συμφωνούντων
3738 1019 3753 1031 ·

2187 1093 2281 1146 τοῦ
2306 1095 2415 1165 γὰρ
2464 1094 2731 1159 ἀκτίστως
2771 1095 3078 1164 ὑφεστῶτος
3106 1135 3121 1158 ,
3155 1094 3215 1147 rb
3262 1095 3349 1147 διὰ
3383 1094 3612 1156 κτίσεως
3654 1094 3759 1162 τὴν

2190 1182 2481 1236 ὑπόστασιν
2522 1182 2677 1253 ἔχον,
2706 1184 3156 1254 μεταγενέστερον
3210 1183 3423 1246 πάντως
3464 1182 3633 1236 ἐστίν.
3692 1182 3760 1233 Et

2189 1267 2281 1323 οὑν
2309 1272 2568 1341 μεμίχθαι
2590 1271 2684 1342 τὴν
2704 1271 2797 1325 τοὺ
2820 1271 3131 1342 Πνεύματος
3165 1271 3324 1341 φύσιν
3352 1271 3485 1342 πρὸς
3518 1270 3760 1340 ἑκάτερα

2190 1359 2451 1429 λέγουσιν,
2470 1361 2577 1431 ἄρα
2612 1360 2703 1414 κα)⁸
2730 1360 2822 1414 τοῦ
2852 1360 3221 1433 πρεσϐυτέρου
3248 1362 3383 1432 πρὸς
3408 1361 3466 1413 rb
3493 1360 3761 1429 νεώτερον

2194 1450 2336 1521 μίξιν
2354 1450 2473 1505 τινὰ
2495 1452 2801 1522 ἐννοήσουσι
2821 1467 2834 1481 ’
2862 1452 2954 1505 καὶ
2996 1452 3147 1505 ἔσται
3180 1453 3299 1504 κατ’
3336 1452 3532 1513 αὑτοὺς
3560 1449 3761 1503 ἐαυτοῦ

2190 1558 2241 1594 τι
2268 1541 2632 1615 πρεσϐύτερον
2650 1580 2666 1604 ,
2690 1540 2782 1595 καὶ
2801 1540 2991 1595 ἑαυτοῦ
3011 1560 3064 1594 τι
3093 1541 3251 1594 πάλιν
3280 1539 3759 1611 μεταγενέστερον,

2191 1631 2266 1694 ὡς
2298 1632 2390 1685 καὶ
2441 1630 2518 1702 τῷ
2574 1632 2812 1703 ἁκτίστῳ
2862 1632 2923 1685 τὸ
2968 1632 3313 1703 ἀρχαιότερον
3350 1632 3524 1702 ἔχειν,
3554 1632 3652 1685 καὶ
3679 1630 3767 1700 τῷ

2193 1722 2393 1792 κτιστῷ
2424 1721 2486 1773 rb
2511 1721 2789 1793 νεώτερον.
2821 1723 2972 1776 Ἐπεὶ
2994 1720 3086 1777 οὖν
3114 1722 3271 1776 τοῦτο
3308 1724 3465 1791 φύσιν
3492 1722 3594 1774 οὑκ
3622 1722 3761 1790 ἔχει,

524 1819 761 1877 centius.
789 1820 945 1889 Quod
981 1827 1239 1895 quoniam
1285 1828 1336 1881 in
1384 1845 1564 1884 rerum
1602 1841 1796 1886 natura
1826 1833 1941 1889 ﬁeri
2000 1851 2095 1891 ne-

2202 1814 2408 1882 Ξινάγκη
2446 1813 2663 1878 πάντως
2689 1815 2749 1867 rb
2780 1814 2963 1886 ἕτερον
2997 1816 3202 1869 τούτων
3244 1817 3334 1868 ἐπὶ
3380 1815 3471 1868 τοῦ
3506 1816 3768 1885 Πνεὺμα-

526 1909 667 1978 qnit.
700 1926 925 1969 necesse
947 1923 1029 1969 est
1058 1933 1223 1971 unum
1249 1935 1315 1973 ex
1335 1920 1421 1974 his
1451 1920 1506 1974 in
1534 1920 1741 1992 Spiritu
1760 1938 1946 1979 verum
1965 1940 2093 1981 eva-

524 1997 676 2065 dere,
710 2001 765 2057 id
794 2012 878 2059 est
905 2005 1231 2063 increatum.

598 2091 687 2146 t8.
717 2092 823 2150 Sed
864 2094 977 2165 jam
1012 2106 1069 2153 et
1117 2099 1252 2153 illud
1296 2110 1498 2171 quanta
1529 2113 1734 2160 scateat
1760 2105 2098 2164 absurditate

529 2191 863 2252 spectemus.
926 2187 1060 2242 Cum
1094 2199 1278 2246 creata
1320 2195 1504 2249 omnia
1545 2196 1664 2265 pari
1728 2197 1936 2254 honore
1963 2200 2095 2263 sint,

527 2282 813 2343 propterea
848 2279 993 2346 quod
1031 2290 1217 2349 parem
1248 2284 1552 2340 exsistendi
1592 2287 1857 2357 originem
1895 2289 2099 2345 habue-

528 2365 662 2428 rint,
687 2381 933 2436 quaanam
961 2372 1066 2426 erit
1117 2387 1281 2429 causa
1315 2373 1576 2445 Spiritum
1606 2393 1635 2430 a
1682 2380 1909 2449 reliquis
1936 2383 2098 2442 rebus

532 2457 603 2511 ita
626 2472 939 2525 secernens,
969 2469 1030 2518 ut
1057 2479 1180 2520 eum
1208 2481 1331 2521 cum
1358 2467 1518 2525 Patre
1551 2485 1613 2525 ac
1646 2469 1787 2527 Filio
1822 2475 2098 2543 possimus

530 2546 692 2601 simul
718 2549 1015 2607 ordinare?
1067 2553 1312 2611 Postulat
1339 2557 1483 2613 enim
1514 2568 1662 2615 recta
1714 2563 1856 2617 ratio
1884 2574 1943 2619 ut
1974 2566 2027 2621 id
2068 2583 2098 2621 a

531 2637 807 2695 creatione
827 2656 935 2697 non
966 2644 1059 2709 sit,
1088 2645 1232 2716 quod
1267 2662 1392 2701 cum
1437 2648 1680 2705 increata
1704 2659 1896 2707 natura
1923 2655 2100 2709 cerni-

531 2734 623 2783 tur
644 2733 1021 2802 consopiatum
1053 2753 1067 2790 :
1108 2738 1255 2808 quod
1295 2740 1341 2797 si
1372 2740 1733 2799 nihilominus
1767 2760 1795 2798 a
1827 2747 2101 2804 creatione

533 2823 867 2889 provenerit,
902 2824 1039 2880 nihil
1090 2828 1261 2898 magis
1288 2829 1511 2890 valebit,
1546 2848 1710 2902 quam
1740 2832 1963 2904 reliquae
1994 2837 2099 2891 sibi

533 2912 879 2984 homogeneze
905 2920 1192 2982 creaturae,
1230 2935 1404 2991 neque
1431 2938 1554 2976 cum
1592 2925 1877 2993 superiore
1905 2929 2101 2995 poterit

534 3008 729 3058 natura
785 3008 1064 3077 componi.
1123 3008 1279 3075 Quod
1329 3014 1375 3065 si
1425 3010 1567 3068 forte
1625 3014 1811 3069 dicant
1857 3026 2098 3071 creatum

534 3092 751 3160 quidem
782 3109 903 3152 esse
935 3094 1220 3168 Spiritum,
1258 3101 1353 3156 sed
1387 3111 1570 3158 tamen
1605 3104 1728 3174 plus
1749 3121 1911 3176 posse
1937 3123 2099 3177 quam

534 3195 647 3235 rem
678 3191 936 3249 creatam,
967 3202 1161 3244 rursus
1191 3189 1589 3259 comperiemus
1631 3191 1877 3247 eamdem
1913 3201 2102 3248 contra

534 3285 595 3325 se
624 3272 796 3341 ipsam
825 3290 1069 3346 pugnare
1096 3288 1334 3333 creatam
1354 3288 1626 3345 naturam,
1653 3290 1815 3352 atque
1837 3284 1978 3339 inter
2005 3285 2104 3340 do-

535 3363 799 3418 minatum
867 3369 1259 3439 servitiumque
1314 3369 1569 3425 bifariam
1626 3373 1882 3440 divisam,
1944 3377 2105 3431 itaut

536 3468 665 3523 pars
686 3455 808 3525 ejus
841 3456 1167 3525 benefaciat,
1194 3476 1321 3531 pars
1351 3478 1479 3517 vero
1505 3463 1828 3521 beneﬁcium
1855 3468 2102 3538 recipiat,

536 3561 664 3615 pars
690 3550 1012 3617 sanctilicet,
1051 3568 1179 3621 pars
1206 3564 1382 3611 autem
1404 3559 1810 3625 sanctiﬁcetur;
1854 3570 1909 3617 et
1939 3572 2103 3633 quot-

537 3648 672 3708 quot
688 3640 830 3695 bona
859 3657 891 3696 a
914 3652 1106 3699 sancto
1133 3644 1340 3715 Spiritu
1373 3649 1565 3704 donari
1594 3659 1859 3708 creaturae
1874 3655 2107 3709 credun-

537 3738 630 3785 tur
655 3732 756 3802 ipsi
776 3733 993 3804 quidem
1023 3736 1305 3792 aﬂluenter
1322 3740 1500 3795 adsint
1519 3744 1781 3799 scatentia
1800 3754 1855 3801 et
1884 3745 1940 3801 in
1970 3747 2107 3801 alios

539 3820 731 3886 ed‘usa.
767 3825 861 3880 sed
881 3833 1062 3882 tamen
1091 3838 1357 3898 quatenus
1381 3840 1633 3887 creatura
1660 3843 1765 3898 est,
1788 3834 1928 3892 idem
1954 3844 2109 3907 egeat

540 3914 819 3973 beneﬂciis
857 3918 1006 3973 illinc
1030 3922 1381 3978 manantibus
1423 3934 1586 3994 atque
1617 3927 1831 3995 gratia;
1867 3944 1967 3984 nec
2001 3928 2108 3982 nisi

540 4008 961 4078 participatione
997 4012 1178 4083 aliqua
1212 4016 1652 4071 communionem
1685 4018 1951 4072 bonorum
1989 4035 2109 4089 per-

540 4098 708 4167 cipiat
739 4116 806 4155 ex
848 4101 1184 4174 bomogenea
1251 4113 1447 4161 natura
1508 4107 1882 4178 profusorum.
1932 4110 2108 4165 Habet

540 4191 685 4246 enim
707 4193 993 4250 electionis
1017 4196 1302 4266 cujusdam
1344 4208 1398 4252 et
1425 4195 1729 4268 personalis
1774 4201 2109 4270 praelationis

541 4283 803 4351 speciem,
835 4286 881 4341 si
905 4302 1027 4341 cum
1058 4288 1209 4343 nulla
1244 4291 1317 4343 sit
1346 4290 1571 4348 honoris
1612 4293 1665 4345 in
1725 4301 1919 4346 natura
1971 4307 2109 4361 prae-

543 4376 768 4441 stantia,
799 4377 945 4433 haud
975 4381 1129 4448 paria
1178 4382 1393 4450 possint
1429 4383 1465 4436 ii
1512 4398 1748 4453 quorum
1800 4384 2108 4439 substantia

2194 1923 2285 1970 ro;
2321 1906 2516 1977 ἀληθὲς
2539 1902 2676 1961 εἶναι
2702 1907 2902 1976 λέγειν,
2983 1912 3117 1979 ὅπερ
3142 1908 3259 1962 ἐστὶ
3289 1908 3349 1960 rb
3378 1909 3651 1962 ἄκτιστον.

2266 2092 2355 2156 ιη’.
2386 2088 2497 2140 Καὶ
2523 2086 2635 2157 γὰρ
2665 2089 2880 2141 κάκεῖνο
2909 2089 3040 2159 ὅσην
3084 2089 3195 2160 ἔχει
3224 2088 3319 2160 τὴν
3352 2088 3581 2143 ἀτοπίαν
3624 2106 3761 2142 σκοο

2201 2177 2481 2246 πήσωμεν.
2520 2177 2742 2231 Πάντων
2795 2179 2902 2230 τῶν
2927 2181 2986 2231 ἐν
3010 2182 3076 2250 τῇ
3100 2179 3272 2233 κτίσει
3293 2181 3613 2249 νοουμένων,
3638 2181 3769 2234 κατ’

2197 2268 2326 2322 αὑτὸ
2356 2267 2514 2322 τοῦτο
2558 2269 2619 2321 rb
2648 2269 2735 2323 διὰ
2775 2270 3002 2333 κτίσεως
3039 2271 3326 2341 ἐσχηκέναι
3357 2272 3416 2325 τὸ
3452 2268 3615 2336 εἶναι,
3662 2274 3771 2343 τὴν

2197 2358 2484 2430 ὁμοτιμίαν
2530 2359 2778 2430 ἐχόντων,
2814 2361 2961 2433 τίςὴ
3005 2363 3151 2417 αίτία
3198 2364 3231 2433 ή
3280 2364 3341 2416 τὸ
3383 2363 3607 2433 Πνεῦμα
3651 2366 3771 2417 τῶν

2197 2451 2397 2505 λοιπῶν
2442 2451 2806 2523 ἀποκρίνουσα
2855 2456 2935 2518 εἰς
2964 2455 3024 2509 rb
3057 2456 3231 2527 Πατρὶ
3268 2456 3360 2509 καὶ
3384 2456 3463 2526 τῷ
3496 2456 3614 2526 Υἱῷ
3645 2473 3770 2508 συν-

2198 2542 2485 2614 ταχθῆναις
2535 2543 2859 2615 Εὑρίσκεται
2892 2546 2998 2618 γὰρ
3048 2548 3111 2600 ἐκ
3152 2547 3253 2617 τῆς
3295 2547 3615 2612 ἀκολουθίας
3666 2547 3771 2600 τοῦ

2198 2634 2378 2703 λόγου,
2406 2635 2504 2688 οὑκ
2528 2634 2587 2688 ὂν
2618 2637 2683 2689 ἐκ
2701 2638 2797 2706 τῆς
2824 2637 3049 2701 κτίσεως
3072 2639 3132 2691 rb
3172 2642 3237 2710 τῇ
3265 2639 3499 2710 ὰκτίστῳ
3525 2640 3768 2694 συνθεωο

2201 2726 2458 2799 ροὺμενον
2480 2726 2675 2796 φύσει·
2705 2728 2737 2800 ἢ
2765 2729 2812 2780 εί
2847 2728 3092 2782 ἐντεῦθεν
3118 2729 3229 2801 εῐη,
3274 2730 3436 2802 μηδὲν
3472 2732 3633 2785 πλέον
3663 2733 3770 2802 τῆς

2197 2818 2466 2888 ὁμοφύλου
2504 2821 2706 2890 ίσχύειν
2752 2819 2996 2885 κτίσεως,
3035 2822 3170 2893 μηδὲ
3203 2823 3457 2877 δύνασθαι
3487 2828 3553 2895 τῇ
3591 2825 3766 2896 ὑπερ-

2200 2912 2426 2983 κειμένη
2472 2912 2899 2984 συναρμόζεσθαι
2948 2914 3127 2983 φύσει.
3188 2915 3250 2967 Εἰ
3309 2915 3366 2968 δὲ
3414 2916 3619 2984 λέγοιεν
3670 2919 3769 2970 καὶ

2200 3004 2414 3057 κτιστὸν
2452 3000 2589 3058 εἶναι
2630 3005 2723 3060 καὶ
2756 3006 2894 3075 ὑπὲρ
2939 3005 3039 3077 τὴν
3080 3006 3254 3061 κτίσιν
3296 3008 3571 3071 δύνασθαι,
3599 3007 3771 3063 πάλιν

2201 3093 2510 3164 εὑρίσκεται
2539 3095 2674 3165 αὑτὴ
2706 3094 2842 3166 πρὸς
2874 3094 3069 3165 ἑαυτὴν
3100 3095 3134 3165 ἡ
3167 3096 3358 3167 κτιστὴ
3402 3096 3769 3160 στασιάζουσα

2206 3186 2384 3255 φύσις,
2417 3188 2510 3241 καὶ
2555 3187 2881 3258 μεριζομένη
2909 3186 3045 3258 πρὸς
3068 3188 3127 3240 rb
3157 3187 3386 3259 κρατοῦν
3425 3204 3483 3240 τε
3509 3188 3602 3240 καὶ
3631 3188 3769 3240 ὕπο-

2204 3279 2425 3353 χείριον,
2452 3279 2525 3344 ὡς
2574 3280 2634 3332 τὸ
2665 3280 2761 3350 μὲν
2798 3280 3124 3351 εὐεργετεῖν,
3164 3281 3224 3334 rb
3258 3280 3316 3333 δὲ
3345 3281 3771 3351 εὑεργετείσθαι,

2205 3372 2298 3424 καὶ
2328 3372 2388 3424 rb
2428 3372 2527 3443 μὲν
2571 3372 2835 3439 ἀγιάζειν,
2875 3372 2936 3424 rb
2977 3372 3033 3426 δὲ
3065 3372 3381 3441 ἀγιάζεσθαι
3406 3391 3420 3405 ·
3461 3373 3557 3427 καὶ
3591 3374 3774 3427 πάντα

2204 3462 2304 3515 ὅσα
2330 3479 2403 3514 πα
2414 3462 2479 3533 ρὰ
2501 3462 2592 3516 τοῦ
2616 3464 2771 3532 ἁγίου
2795 3463 2935 3517 Πνεύ
2945 3481 3109 3534 ματος
3132 3463 3476 3535 χορηγεῖσθαι
3502 3468 3572 3535 τῇ
3592 3467 3771 3518 κτίσει

2206 3553 2592 3619 πεπίστευται,
2622 3555 2814 3626 ἐκείνῳ
2857 3554 2956 3625 μὲν
2998 3558 3248 3626 παρεῖναι
3291 3556 3559 3619 πλουσίως
3589 3558 3773 3624 πηγάο

2207 3642 2366 3708 ζοντα
2419 3645 2514 3699 καὶ
2557 3647 2635 3709 είς
2665 3646 2855 3711 ἄλλους
2908 3648 3300 3720 ὑπερχεόμενα,
3348 3649 3446 3719 τὴν
3484 3647 3540 3700 δὲ
3591 3648 3776 3700 κτίσιν

2206 3734 2394 3788 ἐπιδεᾶ
2416 3735 2515 3806 τῆς
2536 3735 2743 3790 ἐκεῖθεν
2786 3737 3171 3809 ἀναδιδομένης
3201 3739 3515 3809 εὐεργεσίας
3546 3740 3642 3791 καὶ
3671 3740 3778 3809 1&-

2212 3843 2354 3897 ριτος
2372 3826 2719 3891 καθεστάναι,
2735 3829 2841 3882 ’καὶ
2873 3832 2935 3881 ἐκ
2967 3829 3252 3899 μετουσίας
3273 3829 3521 3899 δέχεσθαι
3544 3830 3645 3902 τὴν
3665 3832 3782 3884 τῶν

2208 3918 2428 3989 ἀγαθῶν
2459 3920 2741 3974 κοινωνίαν
2780 3919 2889 3973 τῶν
2923 3921 2987 3973 ἐκ
3019 3920 3112 3973 τοῦ
3143 3921 3430 3991 ὁμογενοῦς
3472 3920 3780 3992 προχεομέ-

2211 4028 2334 4064 νων.
2372 4011 2770 4082 Ἀποκληρώσει
2798 4012 2905 4082 γὰρ
2926 4012 3108 4082 ὅμοιον
3134 4012 3227 4065 καὶ
3256 4012 3681 4082 προσωποληψίᾳ
3710 4011 3778 4063 rb

2209 4097 2445 4153 τοιοῦτόν
2485 4101 2622 4166 ἐστι,
2679 4100 2946 4169 μηδεμιᾶς
2972 4102 3030 4153 ἐν
3073 4102 3139 4169 τῇ
3181 4099 3339 4167 φύσει
3392 4102 3777 4171 προτιμήσεως

2210 4189 2396 4261 οὑσης,
2428 4190 2502 4262 μὴ
2533 4191 2600 4244 τὰ
2632 4191 2772 4245 αὑτὰ
2817 4190 3072 4244 δύνασθαι
3102 4190 3171 4243 τὰ
3199 4192 3318 4244 κατ’
3356 4191 3505 4244 οὐδὲν
3531 4191 3781 4261 ἀλλήλων

2211 4284 2269 4335 ἐν
2293 4283 2371 4353 τῷ
2402 4278 2659 4353 εἶναιτὴν
2695 4282 2958 4353 διαφορὰν
2996 4282 3203 4354 ἔχοντα.
3240 4283 3415 4354 ’Ἀπερ
3472 4282 3662 4335 οὑδὲνα
3700 4276 3782 4335 οἷ-

2216 4391 2313 4445 μαι
2336 4376 2444 4427 τῶν
2464 4371 2522 4429 εὖ
2548 4374 2883 4445 φρονούντων
2914 4374 3283 4444 συνομολογεῖν
3302 4392 3317 4405 ·
3354 4375 3386 4444 ἦ
3412 4375 3519 4444 γὰρ
3542 4375 3605 4426 οὑ
3634 4391 3780 4443 παρ-

542 4474 734 4521 mutuo
781 4483 889 4523 non
955 4470 1156 4528 diﬂert.
1189 4472 1361 4538 Quam
1413 4490 1527 4529 rem
1562 4491 1724 4531 nemo
1770 4490 1905 4531 sana
1935 4482 2102 4530 mente

2227 4466 2338 4537 ἐχει
2364 4469 2477 4530 τοῖς
2522 4466 2717 4532 ἄλλοις,
2765 4467 2922 4535 εἴπερ
2970 4464 3030 4517 οὑ
3078 4466 3320 4534 φυσικῶς
3370 4465 3577 4536 ἔχεινῆ
3620 4465 3784 4532 εἴπερ

541 4560 825 4628 praeditus,
853 4571 913 4617 ut
943 4573 1096 4633 puto,
1135 4568 1514 4636 comprobabit
1546 4586 1559 4621 :
1586 4583 1711 4621 nam
1738 4566 1823 4622 vel
1848 4566 1972 4621 aliis
2000 4581 2111 4621 non

544 4652 745 4722 praebet
767 4654 1039 4725 siquidem
1070 4660 1393 4714 naturaliter
1429 4675 1536 4714 non
1567 4660 1767 4725 habet;
1793 4659 1875 4713 vel
1904 4658 1949 4713 si
1980 4658 2111 4713 dare

543 4743 809 4810 creditur,
866 4744 980 4815 jam
1018 4746 1075 4801 in
1129 4748 1386 4804 confesso
1439 4759 1554 4803 erat
1612 4763 1839 4819 prorsus
1886 4747 2107 4803 habere.

542 4830 715 4889 Porro
767 4835 872 4891 hoc
926 4837 1088 4892 unius
1129 4837 1328 4894 divina:
1365 4849 1574 4893 natura:
1618 4841 1898 4909 proprium
1949 4847 2113 4894 estet

543 4927 844 4994 peculiare,
872 4943 1065 4999 nempe
1085 4938 1145 4984 ut
1173 4930 1441 4984 bonorum
1472 4930 1543 4985 sit
1568 4930 1842 4993 donatrix,
1874 4930 1990 4999 ipsa
2013 4944 2111 4982 au-

546 5028 652 5073 tem
677 5019 826 5074 nulla
852 5036 913 5076 re
942 5021 1239 5077 adventitia
1272 5021 1532 5092 indigeat.

614 5111 701 5167 l9.
735 5110 938 5169 Deinde
963 5122 1017 5168 et
1060 5115 1165 5169 hoc
1196 5115 1632 5178 observabimus,
1678 5129 1872 5185 nempe
1907 5117 1961 5170 in
1991 5131 2116 5171 san-

547 5212 636 5257 cto
674 5202 948 5273 baptismo
967 5206 1098 5275 quid
1124 5207 1446 5262 studemus?
1472 5222 1653 5262 nonne
1677 5214 1738 5260 ut
1766 5207 1931 5261 vitam
1954 5208 2122 5278 impe-

547 5302 757 5350 tremus
816 5298 977 5351 morti
1026 5299 1256 5353 ulterius
1296 5313 1401 5352 non
1445 5298 1780 5352 obnoxiam?
1839 5299 2120 5353 Neminem

550 5386 789 5440 sermoni
828 5386 956 5441 huic
1001 5387 1464 5443 contradicturum
1506 5398 1654 5459 puto,
1687 5390 1779 5459 qui
1824 5390 2124 5459 quomodo-

549 5490 767 5546 cunque
797 5475 1122 5533 Christianis
1151 5480 1426 5548 ascriptus
1447 5482 1539 5535 sit.
1570 5479 1710 5546 Quid
1744 5480 1949 5548 igitur?
1979 5478 2115 5533 Num

550 5564 882 5620 viviﬁca'vis
912 5566 1053 5622 inest
1095 5583 1269 5638 aqum,
1304 5584 1427 5639 quae
1470 5570 1536 5624 ad
1576 5570 1831 5640 baptismi
1887 5570 2117 5641 gratiam

552 5653 887 5711 adhibetur?
931 5658 1120 5715 Nonne
1169 5661 1346 5716 cuivis
1388 5662 1567 5731 potius
1622 5663 1964 5731 exploratum
2010 5669 2116 5721 est.

557 5760 753 5815 aquam
798 5751 1098 5820 corporalis
1129 5752 1419 5807 ministerii
1470 5760 1638 5808 causa
1671 5754 1939 5818 adhiberi,
1993 5766 2116 5808 cum

2214 4559 2409 4612 διδόναι
2446 4557 2818 4619 πεπίστευται,
2866 4557 2926 4609 rb
2954 4556 3098 4626 ἔχειν
3137 4558 3355 4621 πάντως
3394 4556 3786 4626 προωμολόγη-

2215 4669 2325 4704 ται.
2358 4649 2527 4704 Τοῦτο
2560 4650 2616 4703 δὲ
2649 4650 2815 4719 μόνης
2836 4650 2935 4719 τῆς
2963 4649 3110 4713 θείας
3146 4648 3357 4717 φύσεως
3387 4648 3515 4701 ἴδιόν
3538 4649 3654 4700 ἐστι
3686 4648 3787 4699 καὶ

2218 4742 2511 4814 ἐξαίρετον,
2538 4740 2599 4793 rb
2620 4740 2945 4811 παρεκτικὸν
2971 4738 3190 4809 ἀγαθῶν
3216 4735 3375 4803 εἶναι,
3406 4738 3534 4791 αὑτὸ
3550 4738 3610 4791 δὲ
3643 4737 3786 4808 μηδ-

2218 4834 2335 4897 ενὸς
2360 4834 2682 4887 ἐπεισάκτου
2712 4830 3080 4904 προσδέεσθαι.

2295 5104 2379 5159 ιθθ.
2411 5106 2639 5158 Ἔπειτα
2673 5104 2767 5158 καὶ
2800 5103 2956 5158 τοῦτο
2983 5104 3361 5175 σκοπήσωμεν,
3394 5101 3471 5172 τῷ
3509 5102 3649 5171 ἁγίῳ
3690 5102 3789 5171 Ba-

2223 5195 2487 5266 πτίσματι
2511 5194 2563 5247 τί
2596 5194 2686 5248 διὰ
2729 5194 2918 5248 τούτου
2954 5194 3477 5266 πραγματευόμενοι.
3509 5187 3637 5263 'Ap‘
3663 5194 3788 5261 οὐχὶ

2222 5287 2283 5339 rb
2301 5286 2444 5353 ζωῆς
2479 5286 2723 5355 μετέχειν
2758 5286 2939 5339 οὑκέτι
2969 5285 3181 5353 θανάτῳ
3210 5283 3607 5352 ὑποκειμένης;
3644 5284 3787 5335 Οὖδ-

2224 5379 2318 5432 ἐνα
2357 5379 2629 5433 ἀντειπεῖν
2656 5373 2810 5448 οἶμαι
2848 5378 2924 5448 τῷ
2951 5378 3092 5448 λόγῳ
3118 5377 3208 5430 τόν
3233 5393 3295 5445 γε
3325 5377 3417 5429 καὶ
3450 5373 3788 5428 ὀπωωῦνοέν

2226 5472 2553 5541 χριστιανοῖς
2578 5469 2995 5541 ἀριθμούμενον.
3037 5466 3101 5520 Τί
3127 5462 3219 5520 οὖν
3242 5483 3257 5532 ;
3287 5461 3412 5535 Ἆρ’
3435 5466 3491 5516 ἐν
3517 5462 3595 5533 τῷ
3628 5462 3786 5516 ὕδατι

2225 5563 2258 5632 ή
2306 5560 2564 5625 ζωοποιός
2597 5564 2712 5614 ἐστι
2744 5560 2969 5630 δύναμις
3015 5558 3091 5629 τῷ
3139 5554 3785 5629 συμπαραλαμϐανομένψ

2225 5655 2360 5725 πρὸς
2397 5654 2494 5726 τὴν
2512 5653 2605 5707 τοῦ
2635 5652 3001 5724 βαπτίσματος
3022 5652 3212 5722 χὰριν;
3242 5644 3317 5700 Ἦ
3343 5648 3501 5700 παντὶ
3526 5646 3683 5715 δῆλον
3703 5646 3777 5701 ὅτι

2224 5746 2380 5801 τοῦτο
2417 5746 2516 5815 μὲν
2554 5746 2650 5814 τῆς
2684 5743 2999 5815 σωματικῆς
3045 5742 3227 5796 ἕνεκεν
3275 5737 3545 5800 διακονίας
3598 5732 3778 5803 παρεί-
