4020 6500
248 398 273 449 1
286 396 390 451 39.5

1406 397 1775 454 ADVERSUS
1798 393 2344 452 MACEDONIANOS.

3342 388 3477 443 1316

247 513 472 584 ληπται,
496 514 645 568 οὐδὲν
678 515 803 587 παρ’
843 514 1034 568 ἑαυτοῦ
1066 515 1197 587 πρὸς
1224 515 1314 568 τὸν
1338 516 1603 587 ἁγιασμὸν
1640 518 1813 584 εἰσφε-

1921 528 2102 583 reapse
2131 511 2265 565 nihil
2311 509 2376 563 ad
2407 507 2897 563 sanctiﬁcationem
2962 504 3226 567 conferat,
3256 504 3359 559 nisi
3386 518 3479 574 per

248 609 497 679 ρόμενον,
529 610 576 661 εἰ
603 608 677 679 μὴ
704 608 1101 679 μεταποιηθείη
1123 608 1210 661 διὰ
1237 607 1327 661 τοῦ
1355 609 1689 678 άγιάσματος
1709 624 1721 634 ·
1754 608 1816 662 τὸ

246 700 304 753 δὲ
334 700 625 765 ζωοποιοῦν
653 703 777 764 τοὺς
816 700 1257 770 βαπτιζομένους,
1293 700 1352 753 τὸ
1401 700 1626 770 Πνεῦμα
1664 702 1811 761 ἐστι,

246 792 430 857 καθώς
466 810 628 863 φησιν
667 796 696 847 ὁ
723 793 928 865 Κύριος
974 794 1100 863 περὶ
1141 793 1304 846 αὑτοῦ
1338 792 1493 846 τοῦτο
1541 793 1709 860 λέγων
1748 794 1814 861 τῇ

221 886 359 956 ξίδίᾳ
398 888 569 956 φωνῇ,
602 886 705 948 ὅτι,
740 905 764 935 ‹
808 885 881 938 Τὸ
911 885 1135 955 Πνεῦμα
1170 886 1285 937 ὲστι
1331 884 1392 937 τὸ
1433 883 1745 949 ζωοποιοῦν.
1792 902 1809 932 ι

222 940 511 1031 ιΖωοττοιεί
534 977 597 1030 δὲ
626 978 725 1031 οὑκ
772 978 902 1031 αὑτὸ
945 977 1104 1048 μόνον
1145 978 1225 1039 εἰς
1256 976 1354 1046 τὴν
1400 976 1673 1029 τελείωσιν
1718 975 1815 1044 τῆς

247 1067 469 1138 χάριτος
495 1064 695 1136 ταύτης
720 1065 809 1119 διὰ
835 1067 933 1135 τῆς
968 1067 1201 1129 πίστεως
1229 1066 1656 1137 λαμϐανόμενον,
1681 1066 1815 1118 ἀλλὰ

244 1159 354 1229 χρὴ
376 1160 473 1229 τὴν
510 1160 588 1221 εις
618 1159 707 1212 τὸν
729 1158 931 1227 Κύριον
968 1156 1391 1228 προϋποκεῖσθαι
1434 1157 1635 1221 πίστιν,
1658 1155 1725 1210 δι’
1748 1153 1816 1227 ἧς

245 1253 283 1321 ἠ
321 1250 524 1321 ζωτικὴ
548 1251 707 1322 χάρις
735 1253 847 1315 τοῖς
876 1249 1197 1304 πιστεύσασι
1231 1250 1606 1321 παραγίνεται,
1635 1248 1816 1313 καθὼς

246 1342 461 1412 εὓρηται
490 1341 638 1411 παρὰ
670 1339 763 1393 τοῦ
815 1340 1040 1411 Κυρίου,
1073 1341 1154 1393 ὃτι
1186 1339 1293 1403 Οὑς
1339 1339 1480 1393 θέλει
1526 1339 1778 1404 ζωοποιεῖ
1798 1356 1812 1370 ο

247 1433 361 1486 ἀλλ’
388 1432 575 1503 ἐπειδὴ
619 1433 766 1502 καὶὴ
806 1432 899 1485 διὰ
934 1432 1026 1484 τοῦ
1056 1431 1184 1485 Υίοῦ
1230 1432 1616 1504 διακονουμένη
1657 1433 1815 1503 χάρις

244 1524 479 1595 ῆρτηται
505 1523 601 1592 τῆς
620 1522 913 1592 ἀγεννήτου
938 1521 1138 1592 πηγῆς,
1165 1521 1254 1574 διὰ
1279 1520 1434 1574 τοῦτο
1462 1520 1814 1592 προηγεῖσθαι

245 1617 346 1688 τὴν
389 1618 468 1679 είς
499 1615 559 1669 τὸ
591 1614 765 1684 ὄνομα
810 1613 902 1667 τοῦ
947 1615 1159 1686 Πατρὸς
1205 1616 1382 1667 πίστιν
1422 1616 1450 1667 ὁ
1487 1615 1642 1685 λόγος
1670 1614 1813 1668 διδά-

248 1724 393 1770 σκει,
436 1704 531 1759 τοῦ
564 1704 951 1773 ζωογονοῦντος
987 1704 1056 1756 τὰ
1102 1704 1296 1769 πάντα,
1346 1704 1525 1768 καθώς
1574 1722 1737 1775 φησιν
1786 1706 1815 1757 ὁ

260 1797 603 1859 Ἀπόστολος.
644 1797 719 1859 ὼς
750 1794 815 1849 ἂν
868 1795 1074 1849 ἐκεῖθεν
1106 1796 1517 1867 άφορμηθεῖσαν
1551 1797 1648 1867 τὴν
1681 1796 1812 1859 ζωο-

1916 603 2396 657 sanctiﬁcationem
2452 601 2535 655 vis
2588 599 2707 668 ejus
2746 598 3088 654 immutetur?
3150 597 3251 664 Qui
3300 606 3479 651 οιιιςιιι

1918 696 2225 764 baptizatos
2289 692 2547 753 viviﬁcat,
2613 692 2850 760 Spiritus
2932 699 3038 755 est,
3088 690 3230 743 sicut
3285 690 3359 743 ait
3414 687 3482 741 de

1917 788 2037 855 ipso
2076 785 2337 840 Dominus
2372 801 2485 839 sua:
2516 785 2666 839 vocis
2713 786 2981 839 oraculo:
3044 804 3060 833 ι
3107 783 3346 853 Spiritus
3398 790 3482 837 est

1916 879 2009 947 qui
2047 878 2284 932 viviﬁcat
2336 878 2404 930 “.
2439 896 2458 928 ι
2500 874 2746 930 Viviﬁcat
2797 884 2977 930 autem
3017 892 3125 930 non
3186 876 3299 944 ipse
3332 875 3482 929 solus

1915 972 1982 1025 ad
2018 971 2180 1041 hujus
2223 970 2411 1040 gratia:
2463 970 2849 1038 perfectionem
2883 966 2986 1022 ﬁde
3018 975 3325 1036 susceptus.
3386 966 3478 1021 sed

1915 1071 2130 1130 oportet
2158 1062 2311 1115 fidem
2347 1076 2471 1131 erga
2507 1060 2795 1115 Dominum
2829 1061 3153 1130 praecedere.
3198 1076 3291 1129 per
3314 1075 3477 1130 quam

1915 1154 2096 1208 vitalis
2155 1153 2326 1222 gratia
2358 1152 2709 1207 credentibus
2742 1152 3090 1215 conciliatur,
3127 1150 3271 1206 sicut
3323 1166 3350 1203 a
3380 1150 3482 1202 Du-

1917 1246 2064 1297 mino
2095 1244 2301 1298 dictum
2358 1251 2442 1299 est
2470 1244 2536 1308 “,
2569 1259 2691 1298 eum
2734 1259 2926 1313 nempe
2984 1258 3122 1313 quos
3152 1244 3264 1297 vult
3312 1242 3485 1296 viviﬁ-

1915 1350 2057 1391 care.
2089 1335 2191 1391 Sed
2223 1334 2348 1405 quia
2370 1334 2543 1405 gratia
2569 1350 2786 1404 quoque
2815 1350 2910 1405 per
2932 1334 3126 1389 Filium
3154 1335 3481 1397 ministrata,

1915 1432 2012 1485 alis
2036 1446 2145 1484 non
2177 1429 2359 1501 genito
2390 1428 2539 1483 fonte
2563 1427 2783 1498 pendet,
2813 1428 3016 1483 idcirco
3044 1426 3210 1480 tradit
3238 1426 3483 1481 doctrina

1915 1529 2101 1576 nostra
2137 1520 2564 1589 praemittendam
2613 1535 2736 1576 esse
2768 1519 2925 1574 ﬁdem
2961 1521 3016 1574 in
3050 1519 3228 1573 Patris
3259 1534 3480 1582 nomen,

1916 1614 2234 1669 viviﬁcantis
2265 1615 2468 1675 omnia,
2511 1623 2567 1667 ut
2611 1612 2686 1666 ait
2719 1613 3009 1681 Apostolus
3048 1613 3116 1675 ",
3150 1613 3224 1666 ita
3250 1621 3307 1666 ut
3337 1613 3484 1668 illinc

1915 1705 2128 1771 oborta,
2164 1714 2421 1775 tanquam
2461 1720 2527 1760 ex
2554 1703 2702 1758 fonte
2728 1703 2964 1773 quodam
3014 1704 3181 1757 vitam
3224 1703 3485 1758 fundente

1930 1812 2027 1866 per
2057 1797 2397 1867 unigenitum
2423 1794 2620 1850 Filium
2654 1797 2745 1865 qui
2787 1804 2872 1850 est
2906 1810 3031 1849 vera
3060 1796 3193 1858 vita,
3225 1802 3486 1864 operante

248 1889 399 1942 ποιὸν
430 1888 610 1960 χάριν,
642 1887 891 1959 καθάπερ
918 1888 983 1940 ὲκ
1012 1888 1191 1958 πηγῆς
1236 1905 1378 1951 τινος
1416 1889 1513 1958 τὴν
1539 1887 1681 1958 ζωὴν
1710 1903 1814 1957 πη-

1921 1886 2144 1957 Spiritu,
2169 1888 2223 1941 in
2269 1887 2579 1942 hominibus
2631 1886 2809 1956 dignis
2875 1884 3205 1955 perﬁciatur.
3262 1884 3316 1937 Si
3353 1899 3485 1953 ergo

244 1978 518 2050 γαζούσης
555 1978 642 2033 διὰ
685 1977 780 2031 τοῦ
830 1978 1148 2049 μονογενοῦς
1176 1978 1328 2044 Υίοῦ,
1357 1979 1415 2041 ὃς
1449 1980 1593 2032 ἐστιν
1621 1980 1653 2049 ἡ
1682 1978 1813 2048 άλη-

245 2069 344 2139 θὴς
397 2069 532 2139 ζωὴ,
578 2071 643 2140 τῇ
682 2069 928 2140 ἐνεργείᾳ
982 2067 1077 2122 τοῦ
1127 2067 1439 2138 Πνεύματος
1482 2066 1811 2121 τελειοῦσθαι

244 2162 361 2222 τοῖς
390 2159 746 2231 ἀξιουμένοις.
776 2161 841 2216 Et
864 2156 956 2215 οὖν
984 2162 1017 2231 ὴ
1042 2159 1153 2231 ζωὴ
1176 2160 1263 2214 διά
1288 2160 1382 2213 τοῦ
1418 2160 1809 2231 βαπτίσματος,

242 2251 307 2304 τὸ
338 2251 394 2304 δὲ
454 2250 736 2322 βάπτισμα
788 2252 845 2304 ὲν
889 2251 1112 2322 ὀνόματι
1153 2252 1365 2324 Πατρὸς
1404 2255 1501 2307 καὶ
1542 2253 1672 2307 Υίοῦ
1720 2254 1816 2307 καὶ

245 2338 563 2410 ιινεύματος
592 2339 747 2408 άγίου
777 2340 875 2411 τὴν
917 2340 1192 2393 τελείωσιν
1229 2340 1362 2411 ἔχει,
1401 2342 1453 2394 τί
1488 2340 1734 2410 λέγουσιν
1765 2346 1813 2396 οί

246 2432 309 2485 τὸ
334 2431 662 2503 παρεκτικδν
713 2430 813 2501 τῆς
868 2428 1014 2501 ζωῆς
1055 2432 1169 2485 ἀντ’
1194 2432 1403 2493 οὐδενὸς
1442 2432 1812 2503 λογιζόμενοι;

246 2526 312 2577 Εἰ
344 2524 451 2595 γάρ
496 2523 670 2593 μικρὰ
698 2524 732 2593 ἡ
779 2521 957 2593 χάρις,
994 2522 1301 2576 εἰπάτωσαν
1325 2522 1385 2575 τὸ
1426 2504 1530 2591 τῆς
1570 2522 1712 2595 ζωῆς
1741 2540 1814 2575 τι-

248 2613 533 2685 μιώτερον.
554 2612 614 2665 Et
629 2611 682 2665 δὲ
701 2612 807 2664 πᾶν
827 2612 856 2664 ὅ
894 2628 948 2664 τι
966 2611 1070 2681 πέρ
1089 2611 1203 2664 ἐστι
1222 2611 1398 2681 τίμιον
1420 2612 1516 2681 τῆς
1538 2609 1680 2681 ζωῆς
1699 2612 1812 2663 ἐστι

245 2704 520 2777 δεύτερον.
544 2704 757 2774 ἐκείνης
779 2703 922 2772 λέγω
942 2704 1039 2773 τῆς
1054 2703 1265 2773 ὑψηλῆς
1293 2705 1385 2755 καὶ
1404 2704 1609 2773 τιμίας,
1695 2704 1812 2755 κατ’

245 2796 397 2849 οὐδὲν
446 2796 846 2864 ὲπικοινωνεῖή
884 2795 1075 2861 ἄλογος
1115 2792 1294 2863 φύσις,
1329 2792 1445 2857 πῶς
1491 2792 1728 2864 τολμῶσι
1758 2794 1816 2846 τὸ

245 2887 560 2956 τηλικοῦτον
590 2887 855 2958 χάρισμα,
889 2885 1086 2956 μᾶλλον
1129 2884 1185 2937 δὲ
1229 2884 1359 2938 αὑτὸ
1396 2884 1457 2938 τδ
1491 2885 1816 2956 παρεκτικὸν

246 2976 343 3029 τοῦ
375 2976 707 3047 χαρίσματος
750 2974 1209 3045 κατασμικρύνειν
1240 2977 1359 3038 ταῖς
1392 2975 1596 3028 ἑαυτῶν
1626 2974 1817 3045 ὑπολή-

245 3068 395 3138 ψεσι,
427 3068 521 3120 καὶ
558 3064 843 3136 κατασπᾷν
872 3068 951 3127 είς
985 3065 1083 3137 τὴν
1114 3064 1422 3137 ὑποχείριον
1471 3065 1630 3133 φύσιν
1669 3065 1816 3127 θείας

245 3178 306 3214 τε
336 3161 431 3213 καλ⁹
458 3159 664 3231 ὑψηλῆς
700 3158 1108 3225 διαζεύξαντεςς
1137 3154 1268 3212 Εἶτα
1306 3159 1397 3211 καὶ
1445 3160 1493 3211 εί
1530 3159 1721 3231 μικρὸν
1756 3158 1817 3211 τὸ

247 3254 345 3318 τῆς
392 3251 535 3322 ζωῆς
581 3252 794 3319 λέγουσι
842 3250 1106 3321 χάρισμα,
1155 3250 1229 3314 ὡς
1282 3249 1450 3321 μηδὲν
1495 3249 1584 3304 διὰ
1624 3250 1813 3304 τούτου

248 3345 446 3413 σεμνόν
468 3361 527 3396 τε
550 3345 643 3396 καὶ
670 3343 809 3414 μέγα
834 3345 897 3413 τῇ
930 3342 1089 3410 φύσει
1118 3342 1209 3395 τοῦ
1234 3341 1589 3413 χαριζομένου
1617 3344 1817 3414 ἐμφαί-

246 3436 454 3500 νεσθαι,
481 3435 596 3497 πῶς
623 3437 681 3488 οὑ
716 3436 1016 3505 λογίζονται
1054 3443 1115 3489 το
1147 3435 1455 3502 ἀκόλουθον,
1498 3437 1579 3489 ὅτι
1604 3438 1632 3489 ὁ
1658 3436 1821 3499 αὐτὸς

246 3529 549 3597 ἀναγκάσει
594 3528 748 3596 λόγος
782 3529 873 3581 καί¹
903 3528 1029 3599 περὶ
1062 3527 1154 3581 τοῦ
1192 3528 1524 3597 Μονογενοῦς
1553 3529 1647 3583 καὶ
1696 3531 1822 3601 περὶ

1918 1983 2025 2035 vita
2054 1996 2149 2051 per
2174 1981 2500 2049 baptismum
2536 1979 2615 2043 ﬁt,
2650 1979 2953 2049 baptismus
2981 1986 3163 2033 autem
3190 1978 3242 2031 in
3264 1977 3486 2032 nomine

1916 2073 2090 2128 Patris
2118 2080 2170 2127 et
2214 2071 2336 2126 Filii
2385 2082 2438 2127 et
2479 2070 2716 2141 Spiritus
2748 2072 2923 2126 sancti
2965 2069 3239 2140 perfectus
3262 2068 3482 2124 demum

1913 2165 2111 2224 evadit,
2142 2162 2269 2233 quid
2294 2163 2444 2216 aiunt
2472 2162 2561 2217 isti
2595 2162 2688 2231 qui
2734 2162 3045 2217 ministrum
3070 2162 3192 2216 vita:
3222 2160 3486 2231 Spiritum

1914 2256 2068 2311 flocci
2100 2253 2341 2309 faciunt?
2374 2252 2430 2308 Si
2477 2253 2620 2308 enim
2659 2252 2854 2321 exigua
2914 2253 3088 2322 gratia
3142 2261 3248 2315 est,
3302 2252 3489 2307 dicant

1914 2342 2043 2410 quid
2068 2342 2177 2395 vita
2208 2342 2279 2397 sit
2309 2342 2625 2411 pretiosius.
2660 2339 2757 2395 Sin
2788 2341 3056 2413 quidquid
3080 2351 3164 2398 est
3181 2341 3487 2412 pretiosum

1916 2436 2077 2490 vilius
2114 2444 2197 2490 est
2224 2434 2356 2495 vita.
2393 2434 2506 2498 illa,
2534 2433 2779 2503 inquam,
2814 2434 3029 2489 excelsa
3052 2443 3109 2489 et
3152 2433 3489 2491 honorabilis

1915 2544 2078 2598 quam
2144 2526 2456 2581 nullatenus
2514 2525 2820 2595 participat;
2872 2526 3207 2581 irrationalis
3269 2533 3488 2588 natura,

1914 2618 2188 2687 quomodo
2220 2617 2420 2673 audent
2453 2617 2559 2671 tale
2583 2622 2903 2685 tantumque
2922 2614 3148 2679 donum,
3176 2614 3283 2670 imo
3311 2615 3488 2685 ipsum

1915 2711 2043 2764 doni
2087 2709 2355 2773 datorem,
2402 2708 2518 2762 suis
2560 2706 2890 2777 cogitatibus
2942 2706 3300 2770 imminuere,
3331 2716 3492 2777 atque

1922 2802 1986 2855 ad
2026 2800 2293 2857 subdit‘uu
2339 2807 2592 2854 naturam
2623 2796 2948 2869 deprimere,
2990 2797 3059 2852 ab
3088 2797 3299 2853 excelsa
3329 2797 3419 2850 illa
3440 2809 3494 2852 et

1919 2894 2107 2946 divina
2138 2890 2517 2947 abstrahentes
2545 2890 2569 2944 Ἰ
2608 2888 2814 2945 Deinde
2841 2890 3054 2945 etiamsi
3078 2897 3240 2944 tenue
3259 2889 3494 2944 dixerint

1918 2984 2042 3037 vita:
2068 2982 2383 3049 donum,ita
2403 2989 2461 3035 ut
2488 2981 2627 3037 nihil
2655 2981 2783 3037 inde
2806 2988 3099 3052 augustum
3129 2996 3196 3036 ac
3228 2997 3487 3052 magnum

1916 3077 1982 3129 de
2014 3083 2208 3128 natura
2237 3074 2495 3130 donantis
2526 3076 2820 3137 reveletur.
2850 3074 3123 3145 quomodo
3169 3090 3279 3127 non
3313 3074 3495 3129 cousi-

1917 3167 2111 3223 deraut
2138 3170 2213 3224 rei
2273 3170 2740 3240 consequentiam,
2797 3186 2990 3239 nempe
3018 3169 3163 3240 quod
3180 3169 3369 3225 eadem
3409 3184 3497 3223 ra-

1924 3262 2205 3315 tiocinatio
2236 3270 2392 3332 coget
2436 3260 2502 3315 de
2561 3259 2856 3331 Unigenito
2902 3275 3117 3330 quoque
3146 3269 3202 3315 et
3246 3259 3313 3313 de
3376 3259 3497 3327 ipso

1926 3346 2086 3403 Patre
2108 3348 2244 3402 nihil
2276 3364 2557 3419 magnum,
2575 3349 2648 3403 ob
2675 3349 2847 3419 ipsam
2872 3349 3037 3403 vitam
3061 3364 3305 3413 censere,
3333 3362 3494 3416 quam

1928 3455 2023 3509 per
2052 3440 2317 3510 Spiritum
2372 3438 2696 3497 habemus‘a
2747 3439 2929 3505 Patre,
2983 3440 3282 3496 mediatore
3330 3439 3493 3500 Filio.

1929 3530 2372 3601 suppeditatam?

246 3622 414 3678 αὑτοῦ
439 3620 533 3675 τοῦ
568 3620 779 3689 Πατρὸς
821 3620 985 3691 μηδὲν
1030 3619 1376 3674 ὑποτίθεσθαι
1451 3622 1595 3691 μέγα
1665 3622 1764 3691 τῆς
1831 3622 1996 3693 αὐτῆς
2046 3621 2210 3693 ζωῆς,
2249 3623 2316 3692 ἢν
2361 3622 2448 3675 διὰ
2480 3622 2575 3675 τοῦ
2619 3622 2930 3693 Πνεῦματος
3010 3622 3224 3695 ἔχομεν,
3272 3622 3359 3676 διὰ
3404 3618 3498 3676 τοῦ

248 3715 383 3768 Υἱοῦ
425 3712 573 3783 παρὰ
594 3712 684 3765 τοῦ
720 3712 934 3781 Πατρὸς
964 3712 1401 3783 χορηγουμένης;

322 3813 389 3861 κ’.
434 3808 592 3859 Ὥστε
647 3806 696 3857 εἰ
742 3806 935 3875 μικρὸν
974 3804 1410 3874 ὑπολαμϐάνουσι
1453 3804 1515 3858 τὸ
1556 3805 1725 3876 δῶρον
1772 3809 1820 3860 οί

248 3901 345 3953 καὶ
375 3899 475 3969 τῆς
503 3896 645 3967 ζωῆς
671 3895 879 3949 ἑαυτῶν
916 3896 1167 3966 ὑϐρισταὶ
1201 3898 1290 3949 καὶ
1324 3895 1589 3967 πολέμιοι,
1616 3898 1708 3950 καὶ
1735 3898 1824 3951 διὰ

248 3991 408 4045 τοῦτο
438 3990 498 4043 τὸ
538 3988 865 4059 παρεκτικὸν
912 3988 1011 4057 τῆς
1052 3986 1271 4058 χάριτος
1304 3988 1505 4058 ταύτης
1540 3990 1823 4059 ἀτιμάζειν

250 4081 547 4150 ἐγνώκασι,
592 4081 666 4150 μὴ
710 4079 1117 4133 λανθανέτωσαν
1151 4080 1249 4149 οὑχ
1283 4079 1363 4131 ἑνὶ
1408 4078 1681 4150 προσώπῳ
1723 4079 1823 4152 τὴν

251 4174 572 4245 ἀχαριστίαν
613 4172 1029 4244 περιορίζοντες,
1064 4170 1198 4224 ἀλλὰ
1227 4170 1313 4223 διὰ
1344 4170 1437 4224 τοῦ
1469 4171 1623 4239 ἁγίου
1657 4174 1825 4226 ΙΙνεύ-

256 4284 427 4338 ματος
450 4266 540 4318 ἐπὶ
580 4264 674 4336 τὴν
707 4264 863 4331 ἁγίαν
905 4263 1109 4335 Τριάδα
1138 4263 1233 4334 τὴν
1279 4262 1623 4333 βλασφημίαν
1656 4266 1829 4318 ἐκτεί-

250 4376 456 4422 νοντες.
499 4359 709 4428 Ὠσπερ
736 4358 845 4429 γὰρ
888 4358 923 4428 ἡ
967 4358 1126 4428 χάρις
1174 4356 1553 4421 ἀδιασπάστως
1596 4358 1703 4411 ἀπὸ
1736 4358 1827 4411 τοῦ

254 4450 469 4522 Πατρὸς
517 4450 606 4503 διὰ
637 4448 730 4501 τοῦ
765 4446 894 4500 Υίοῢ
949 4449 1043 4501 καὶ
1086 4448 1180 4501 τοῦ
1214 4450 1525 4520 Πνεύματος
1570 4449 1663 4501 ἐπὶ
1704 4450 1829 4511 τοὺς

1996 3806 2086 3861 20.
2131 3805 2496 3872 Quamobrem
2565 3806 2610 3859 si
2703 3804 2841 3858 forte
2916 3804 3171 3875 exiguum
3230 3804 3501 3859 aestimant

1926 3898 2128 3952 donum
2163 3898 2215 3951 hi
2254 3899 2377 3952 vitae
2408 3914 2520 3953 sua:
2552 3905 2961 3967 contemptores
2990 3905 3044 3949 et
3108 3896 3316 3960 hostes,
3347 3896 3499 3950 ideo-

1926 4006 2032 4060 que
2075 3991 2318 4045 datorem
2371 3989 2560 4060 gratiae
2611 3988 2776 4058 hujus
2827 3988 3297 4043 dehonestandum
3350 3989 3499 4058 judi

1926 4091 2074 4145 cant,
2103 4080 2268 4135 nolim
2306 4081 2556 4136 nesciant
2582 4096 2641 4135 se
2673 4078 2819 4134 haud
2854 4081 3117 4135 adversus
3158 4095 3321 4134 unam
3371 4097 3498 4151 per-

1928 4185 2118 4223 sonam
2145 4184 2267 4223 esse
2301 4169 2574 4238 ingratos,
2614 4169 2707 4224 sed
2757 4168 3149 4238 blasphemiam
3204 4185 3359 4226 suam
3403 4185 3500 4239 per

1928 4273 2181 4317 sanctum
2231 4260 2494 4332 Spiritum
2540 4262 2608 4317 ad
2668 4270 2913 4315 sanctam
2953 4259 3275 4318 Trinitatem
3306 4271 3499 4317 exten-

1927 4354 2077 4407 dere.
2106 4351 2261 4406 Sicut
2291 4354 2435 4407 enim
2467 4353 2641 4424 gratia
2676 4352 2905 4407 indivise
2933 4368 2963 4406 a
2990 4354 3152 4407 Patre
3174 4370 3271 4423 per
3300 4352 3499 4409 Filium

1929 4462 1993 4499 ac
2021 4445 2285 4516 Spiritum
2308 4444 2610 4501 decurrens
2638 4446 2828 4509 fertur,
2855 4443 2938 4499 sic
2963 4445 3126 4500 etiam
3163 4445 3502 4517 blasphemia

253 4544 437 4607 ἀξίους
477 4542 675 4612 ῥέουσα
706 4542 951 4611 φέρεται,
987 4540 1157 4605 οὕτως
1206 4543 1354 4613 καὶὴ
1402 4540 1713 4612 βλασφημία
1752 4541 1820 4602 εἰς

1931 4535 2256 4605 retrogrado
2286 4536 2433 4591 velut
2479 4551 2642 4592 cursu
2697 4535 2964 4601 revoluta,
3004 4551 3035 4589 a
3074 4535 3213 4591 Filio
3264 4538 3331 4592 ad
3377 4540 3505 4592 uni-

254 4635 317 4687 τὸ
353 4632 586 4704 ἔμπαλιν
632 4632 773 4685 κατά
801 4630 1034 4684 διάδοσιν
1074 4630 1396 4696 ἀναλύουσα,
1426 4632 1534 4686 ἀπὸ
1569 4632 1662 4685 τοῦ
1696 4629 1820 4684 Υίοῦ

1932 4630 2198 4684 versalem
2227 4628 2394 4685 Deum
2428 4630 2621 4699 pergit.
2663 4627 2797 4683 Nam
2830 4630 2875 4685 si
2911 4646 3077 4686 causa
3123 4631 3361 4686 hominis
3407 4632 3502 4684 im-

254 4725 349 4777 ἐπὶ
374 4723 463 4775 τὸν
485 4721 592 4774 τῶν
612 4722 747 4774 ὅλων
776 4721 908 4774 Θεὸν
932 4720 1279 4792 διεξέρχεται.
1312 4722 1375 4774 Εἰ
1399 4722 1507 4793 γάρ
1533 4723 1599 4775 δι’
1627 4721 1820 4794 ἀνθρώ¹

1930 4720 2167 4790 probati,
2196 4722 2243 4775 is
2272 4722 2365 4789 qui
2408 4722 2556 4775 misit
2595 4721 2956 4793 improbatur,
2992 4733 3201 4777 tantum
3259 4724 3386 4778 licet
3420 4724 3503 4776 iu-

260 4830 361 4865 που
385 4810 735 4880 άθετηθέντος
753 4813 781 4864 ὁ
805 4810 1130 4873 ἀποστείλας
1156 4810 1432 4880 ὴθέτηται,
1462 4813 1636 4866 καίτοι
1663 4813 1820 4866 πόσον

1932 4814 2216 4867 tervallum
2255 4814 2328 4868 sit
2364 4813 2504 4867 inter
2536 4814 2811 4870 hominem
2872 4816 3023 4869 illum
3079 4824 3244 4885 atque
3283 4816 3504 4871 mitten-

256 4907 318 4960 τὸ
350 4906 511 4976 μέσον
547 4905 746 4975 μεταξὺ
786 4903 879 4958 τοῦ
929 4902 1216 4976 ἀνθρώπου
1251 4905 1345 4958 καὶ
1391 4906 1820 4971 ἀποστείλαντος,

1930 4911 2062 4965 tem.
2097 4905 2225 4974 quis
2252 4904 2400 4959 dicat
2448 4918 2651 4975 quanta
2698 4906 2973 4961 damnatio
3016 4907 3370 4975 portendatur
3432 4907 3501 4961 iis

256 5000 309 5051 τί
350 4997 455 5069 χρὴ
498 4998 676 5066 λέγειν
724 4998 917 5068 ἡλίκην
960 4996 1321 5068 ὑποσημαίνει
1362 4997 1685 5068 κατάκρισιν
1718 5001 1820 5063 τοῖς

1932 4995 2025 5064 qui
2082 4996 2346 5051 adversus
2397 4995 2661 5068 Spiritum
2711 4998 2960 5053 audent?
2993 4997 3069 5052 De
3115 4998 3209 5053 tali
3269 4998 3505 5053 fortasse

260 5091 637 5158 κατατολμῶσι
657 5089 747 5143 τοῦ
774 5088 913 5142 Πνεύ
922 5106 1091 5159 ματος
1104 5107 1119 5154 ;
1144 5089 1296 5160 Τάχα
1310 5089 1397 5143 διὰ
1410 5088 1565 5143 τοῦτο
1581 5090 1818 5159 ἀσυγχώ-

263 5196 424 5251 ρητον
442 5181 613 5250 κρῖμα
633 5179 773 5232 κατὰ
792 5179 892 5249 τῆς
911 5179 1161 5249 τοιαύτης
1184 5178 1530 5249 βλασφημίας
1547 5180 1693 5250 παρά
1716 5180 1825 5250 (12)

258 5269 353 5322 τοῦ
392 5269 680 5340 νομοθέτου
716 5269 1043 5339 κεκύρωται,
1091 5270 1276 5340 ἐπειδὴ
1322 5272 1472 5323 πᾶσα
1501 5270 1568 5322 δι’
1602 5270 1763 5322 αὑτοῦ
1791 5272 1826 5341 ἡ

263 5362 507 5433 μακαρία
526 5378 586 5415 τε
605 5361 698 5415 καὶ
724 5362 841 5415 θεία
871 5361 1027 5431 φύσις
1044 5362 1102 5413 ὲν
1120 5365 1186 5433 τῇ
1215 5362 1525 5433 προαιρέσει
1548 5361 1640 5415 τοῦ
1669 5361 1829 5432 βλασ-

260 5453 567 5525 φημοῦντος
612 5452 1120 5523 συγκαθυϐρίζεται.
1155 5454 1362 5525 ’Ὠσπερ
1395 5453 1502 5523 γὰρ
1531 5453 1559 5505 ὁ
1592 5453 1828 5517 εὐσεϐῶς

260 5545 323 5599 τὸ
368 5545 588 5617 Πνεῦμα
639 5545 949 5617 δεξάμενος,
1000 5541 1137 5598 εἶδεν
1183 5548 1240 5599 ὲν
1286 5545 1364 5615 τῷ
1413 5544 1687 5616 Πνεύματι
1733 5544 1826 5597 τοῦ

336 5684 381 5718 ⁸⁸
410 5683 569 5742 Joan.
605 5702 689 5751 vi.
724 5686 814 5742 64.
893 5689 935 5721 ¹⁸
968 5688 1126 5743 Joan.
1161 5703 1213 5755 ν,
1244 5686 1337 5743 21.
1417 5686 1460 5717 "
1494 5682 1513 5737 1
1551 5683 1693 5739 Tim.
1727 5698 1810 5749 vi,
1852 5684 1939 5738 l5.

334 5829 447 5903 (l3)
475 5829 608 5887 Cod.
642 5829 799 5884 κατά.

1934 5088 2269 5157 blasphemia
2306 5089 2632 5144 inveniabile
2656 5089 2785 5143 illud
2806 5088 3121 5145 deCernitur
3141 5104 3171 5142 a
3196 5090 3504 5158 legislatore

1929 5177 2197 5247 judicium
2224 5182 2265 5211 "’
2289 5199 2301 5235 :
2328 5180 2774 5253 quandoquidem
2797 5190 2909 5236 tota
2937 5198 3030 5252 per
3056 5181 3319 5252 Spiritum
3348 5182 3502 5236 beata

1936 5287 2000 5326 ac
2036 5272 2219 5327 divina
2247 5284 2463 5335 natura,
2504 5272 2785 5326 voluntate
2834 5272 3288 5343 blasphemantis,
3338 5273 3505 5328 simul

1938 5361 2137 5432 injuria
2166 5362 2419 5418 adicitur.
2444 5361 2579 5416 Nam
2602 5362 2744 5417 sicut
2762 5360 2856 5434 qui
2881 5365 2965 5434 pie
2989 5363 3252 5433 Spiritum
3276 5364 3501 5433 recepit,

1937 5454 2220 5525 cognoscit
2241 5456 2297 5509 in
2328 5455 2446 5524 ipso
2473 5453 2680 5525 Spiritu
2705 5454 2931 5526 gloriam
2963 5456 3239 5527 Unigeniti
3265 5474 3279 5522 ;
3304 5454 3501 5511 Filium

1937 5556 2118 5601 autem
2153 5561 2408 5611 noscens,
2463 5547 2756 5619 imaginem
2814 5548 2992 5603 noscit
3032 5548 3254 5611 inﬁniti,
3303 5557 3359 5604 et
3410 5564 3504 5619 per

2018 5685 2058 5715 "
2103 5682 2293 5738 Matth.
2329 5699 2405 5737 xu
2432 5723 2445 5745 ,
2477 5682 2562 5737 ὅθ.
