4020 6504
556 403 693 457 ’1527

1738 405 1795 463 S.
1830 404 2153 463 GREGORII
2192 404 2483 463 NYSSENI

3651 406 3787 462 1323

557 524 845 593 imaginem
909 522 1074 577 menli
1132 538 1242 579 suae
1299 524 1653 596 archetypum
1715 529 1997 597 imprimit,
2040 530 2100 582 it:

2218 526 2555 595 Μονογενοῦς
2589 526 2686 597 τὴν
2712 526 2887 590 δόξαν,
2924 526 3013 581 τὸν
3044 525 3100 579 δὲ
3145 520 3273 579 Υἰδν
3312 522 3435 578 ἰδὼν
3465 525 3561 596 τὴν
3604 526 3787 578 εἰκόνα

545 615 768 669 scilicet
800 614 961 669 etiam
1032 615 1119 670 hic
1171 617 1469 674 maledicus
1537 629 1700 687 atque
1755 628 2116 692 contemptor,

554 722 678 759 cum
714 708 877 761 audet
913 707 1116 777 aliquid
1146 709 1410 764 adversus
1466 709 1705 781 Spiritus
1757 713 2116 781 maiestatem,

539 810 958 870 consequenter
987 802 1051 855 ad
1090 800 1306 855 Patrem
1342 818 1535 871 usque,
1586 804 1910 858 intermedio
1959 803 2115 867 Filio,

548 892 945 963 blasphemiam
1010 894 1264 947 intendit.
1320 892 1683 960 Quamobrem
1751 906 2017 964 paveant.
2070 896 2115 951 si

538 995 701 1040 certe
739 986 982 1054 sapiunt,
1017 1002 1085 1040 ne
1110 986 1241 1056 quid
1279 986 1595 1055 bujusmodi
1624 997 1824 1042 temere
1860 989 2113 1055 audeant;

549 1078 711 1146 cujus
747 1079 822 1131 rei
869 1079 991 1133 ﬁnis
1016 1080 1119 1133 erit
1160 1078 1472 1133 omnimoda
1520 1078 1770 1134 audentis
1803 1080 2068 1150 pernicies
2096 1121 2113 1146 ,

550 1167 647 1221 sed
681 1183 781 1237 pro
813 1168 1020 1222 viribus
1050 1170 1229 1237 potius
1260 1169 1526 1223 extollant
1555 1171 1738 1226 verbis
1786 1172 1901 1226 suis
1942 1169 2114 1241 Spiri-

550 1264 687 1318 tum.
722 1259 830 1311 imo
860 1268 913 1313 et
958 1270 1080 1314 ante
1138 1260 1321 1323 verba,
1362 1270 1541 1314 mente
1593 1277 1716 1315 eum
1780 1263 2110 1318 subliment:

550 1364 729 1418 neque
781 1350 922 1402 enim
982 1349 1095 1404 ﬁeri
1147 1358 1344 1420 potest,
1399 1362 1455 1405 ut
1494 1354 1713 1407 nonnisi
1761 1369 1884 1407 cum
1933 1353 2112 1407 verbis

548 1454 707 1493 mens
733 1440 1044 1494 extollatur.
1078 1440 1325 1510 Cumque
1365 1442 1418 1495 in
1449 1458 1722 1496 summum
1752 1444 2109 1498 humanarum

542 1532 748 1584 virium
823 1546 1083 1587 cacumen
1141 1534 1562 1597 conscenderis,
1611 1534 1663 1588 id
1714 1544 1797 1589 est
1847 1547 2111 1605 quatenus

546 1638 706 1677 mens
774 1622 1013 1678 humana
1076 1624 1409 1679 intellectum
1496 1641 1650 1680 suum
1722 1627 1776 1680 in
1853 1627 2110 1682 sublimes

550 1725 883 1781 magnosque
934 1720 1232 1782 conceptus
1272 1713 1503 1769 dilatare
1549 1722 1759 1785 potest,
1810 1724 1939 1770 tunc
1982 1724 2109 1785 puta

538 1809 602 1857 te
637 1801 952 1858 inferiorem
989 1820 1113 1859 esse
1154 1805 1245 1859 illa
1277 1805 1477 1860 eximia
1504 1806 1797 1877 dignitate,
1829 1816 1989 1877 prout
2029 1808 2110 1860 di-

2219 618 2324 672 εἰδε
2350 619 2444 672 τοῦ
2490 619 2761 690 ἀορίστου,
2807 621 2902 673 καὶ
2927 619 3015 673 διά
3040 617 3141 688 τῆς
3169 618 3375 680 εἰκόνος
3414 615 3785 669 ἑνετυπώσατο

2217 712 2283 781 τῇ
2312 709 2508 779 γνώσει
2545 708 2735 761 ἑαυτοῦ
2782 709 2841 762 τὸ
2870 709 3193 780 ἀρχέτυπον,
3234 706 3377 761 οὕτω
3412 706 3611 777 δηλαδὴ
3637 708 3731 759 καὶ
3758 709 3785 759 ό

2218 820 2358 856 κατα
2388 802 2565 873 (15)...
2599 802 2756 872 μένος
2797 803 2888 854 καὶ
2925 799 3355 872 καταφρονητὴς,
3396 798 3614 852 ὲπειδάν
3646 798 3785 851 ἀπο-

2218 894 2547 966 θρασύνηταί
2591 910 2643 946 τι
2686 894 2826 947 κατὰ
2859 896 2957 963 τῆς
2997 894 3153 963 δόξης
3196 891 3290 945 τοῦ
3320 892 3653 961 Πνεύματος,
3696 889 3784 941 διὰ

2215 988 2314 1058 τῆς
2362 986 2531 1057 αὐτῆς
2559 986 2874 1048 ἀκολουθίας
2902 988 2993 1038 ἐπὶ
3022 987 3111 1039 τὸν
3155 986 3375 1056 Πατέρα
3400 985 3489 1037 διὰ
3528 982 3621 1036 τοῦ
3649 980 3783 1034 Υἱοῦ

2214 1077 2312 1145 τὴν
2353 1076 2697 1147 βλασφημίαν
2744 1076 2998 1140 ἐξέτεινε.
3035 1076 3241 1129 Οὐκοῦν
3276 1075 3536 1144 φοὸητέον
3578 1076 3688 1135 τοῖς
3718 1089 3783 1139 γε

2214 1169 2336 1222 νοῦν
2362 1168 2561 1238 έχουσι,
2597 1167 2670 1238 μὴ
2712 1167 3052 1238 κατατολμᾷν
3083 1168 3183 1236 τῆς
3214 1166 3465 1235 τοιαύτης
3508 1164 3783 1235 θρασύτη-

2212 1278 2322 1325 τος,
2350 1257 2419 1333 ἦς
2455 1262 2513 1313 τὸ
2535 1261 2709 1330 πέρας
2746 1260 3011 1330 παντελής
3039 1260 3184 1311 ἐστιν
3208 1258 3509 1328 ἀφανισμδς
3536 1256 3628 1309 τοῦ
3660 1256 3784 1308 τολ-

2215 1356 2512 1425 μήσαντος·
2550 1353 2663 1405 ἀλλ’
2694 1352 2791 1422 ὅση
2828 1352 3074 1421 δύναμις,
3100 1350 3267 1419 ὑψοῦν
3305 1350 3400 1420 μὲν
3439 1348 3517 1419 τῷ
3548 1349 3691 1417 λόγῳ
3719 1348 3783 1401 τὸ

2212 1446 2455 1516 Πνεῦμα,
2488 1444 2654 1514 ὑψοῦν
2676 1445 2731 1497 δὲ
2764 1444 2858 1497 καὶ
2887 1444 2991 1515 πρὸ
3023 1443 3114 1497 τοῦ
3146 1444 3303 1510 λόγου
3345 1442 3484 1495 κατά
3510 1442 3777 1495 διάνοιανο

2210 1537 2271 1589 οὐ
2303 1535 2411 1607 γὰρ
2441 1534 2664 1588 δυνατόν
2691 1536 2805 1587 ἑστι
2842 1532 3203 1601 συναναὸἧναι
3230 1534 3295 1601 τῇ
3332 1531 3534 1600 διανοίᾳ
3562 1530 3654 1582 τὸν
3692 1530 3805 1582 λό-.

2210 1644 2323 1695 γον.
2373 1629 2480 1680 Καὶ
2520 1626 2737 1679 ἐπειδὰν
2768 1626 2859 1679 ἑπί
2891 1624 2951 1677 τὸ
2982 1625 3276 1695 ἀκρότατον
3319 1623 3524 1693 φθάσης
3561 1623 3662 1692 τῆς
3681 1624 3780 1675 ἀν-

2211 1719 2485 1790 θρωπίνης
2537 1717 2837 1788 δυνάμεως,
2886 1717 2965 1779 είς
3018 1716 3139 1768 ὅσον
3183 1716 3211 1767 ὁ
3268 1712 3600 1781 ἀνθρώπινος
3652 1712 3783 1775 νοῦς

2211 1807 2496 1874 ἐξικνεῖται
2529 1808 2660 1877 ῦψος
2707 1808 2801 1860 καὶ
2836 1805 3058 1877 μέγεθος
3093 1807 3397 1875 νοημάτων,
3427 1806 3546 1857 τότε
3585 1805 3782 1875 νόμιζε

550 1895 690 1948 citur
717 1896 1139 1964 inpsalmodia,
1167 1913 1363 1967 nempe
1417 1909 1703 1969 postquam
1742 1900 2100 1955 exaltaveritis

2212 1902 2360 1954 κάτω
2388 1896 2524 1952 εἶναι
2554 1899 2649 1968 τῆς
2680 1897 3070 1968 ἐπιϐαλλούσης
3102 1896 3275 1962 ἀξίας,
3304 1897 3441 1950 κατά
3470 1896 3529 1949 τὸ
3559 1896 3803 1967 εἰρημέον

552 1984 719 2040 Deum
760 1996 1040 2051 nostrum,
1095 1998 1225 2042 tunc
1266 1989 1481 2044 demum
1536 1991 1620 2044 vix
1662 1990 1958 2046 adorabitis
1992 2006 2111 2045 sca-

548 2076 751 2131 bellum
779 2078 973 2146 pedum
1010 2078 1130 2148 ejus
1156 2080 1216 2134 ’⁸.
1250 2081 1427 2136 Causa
1457 2097 1583 2135 vero
1607 2097 1703 2135 cur
1734 2082 1852 2151 ejus
1878 2083 2110 2152 dignitas

548 2167 619 2222 sit
666 2168 1132 2239 incomparabilis,
1180 2171 1327 2225 nulla
1375 2178 1459 2227 est
1507 2173 1613 2227 alia
1658 2175 1763 2229 nisi
1813 2174 1939 2245 quia
1978 2190 2108 2231 san-

547 2268 670 2313 ctus
701 2268 804 2313 est.

616 2349 707 2403 21.
747 2351 805 2405 Si
837 2366 969 2423 ergo
996 2352 1225 2421 quilibet
1245 2351 1610 2409 humanarum
1642 2355 1839 2409 virium
1859 2358 2109 2412 cumulus

542 2438 806 2495 humilior
839 2450 922 2497 est
955 2442 1164 2498 adorati
1193 2445 1479 2513 majestate
1510 2450 1527 2515 (
1555 2445 1607 2499 id
1640 2448 1780 2501 enim
1824 2447 2106 2519 Scriptura

546 2529 819 2599 signiﬁcat
855 2547 950 2602 per
977 2532 1173 2603 pedum
1204 2535 1554 2604 scabellum),
1576 2552 1695 2606 qua:
1727 2538 1997 2595 dementia
2025 2548 2108 2596 est

545 2620 975 2679 existimantium
1006 2634 1186 2680 tantas
1221 2642 1280 2682 se
1312 2626 1512 2683 habere
1542 2630 1707 2694 vires,
1736 2640 1795 2685 ut
1839 2636 2106 2691 arbitratu

542 2728 648 2768 suo
670 2717 881 2785 possint
903 2716 1269 2772 inaestimabili
1298 2730 1503 2773 natura?
1522 2735 1821 2791 congruum
1846 2724 2103 2781 honorem

542 2805 887 2863 decernere?
914 2807 1320 2880 Pr0ptereaque
1352 2814 1632 2869 nonnullis
1671 2816 1837 2870 etiam
1885 2819 2105 2875 honoris

542 2898 1036 2968 signiﬁcationibus
1082 2900 1347 2971 Spiritum
1396 2912 1643 2959 sanctum
1702 2908 1978 2977 indignum
2010 2910 2103 2977 ju-

541 2989 749 3056 dicare,
789 2992 947 3060 quasi
1002 2994 1243 3062 ipsorum
1301 2996 1444 3049 vires
1486 2996 1608 3065 plus
1655 2999 1904 3063 valeant,
1943 3017 2103 3071 quam

547 3080 788 3152 Spiritus
817 3084 993 3138 sancti
1024 3084 1266 3155 dignitas
1305 3088 1475 3157 capit.
1507 3087 1551 3142 Ο
1575 3088 1937 3145 miserandam
1972 3092 2105 3148 isto-

546 3189 663 3227 rum
732 3176 1111 3246 infelicemque
1162 3178 1431 3231 insaniam
1459 3198 1471 3233 :
1522 3194 1631 3235 non
1690 3182 2101 3253 intelligenlium
2131 3237 2173 3265 η
2209 3197 2403 3250 ματος;
2434 3182 2497 3232 Ὠ
2522 3180 2617 3249 τῆς
2652 3177 2889 3247 ἐλεεινῆς
2912 3177 3089 3229 αὐτῶν
3109 3176 3203 3229 καὶ
3223 3176 3563 3247 ταλαιπώρου
3593 3192 3769 3247 παρα-

546 3267 761 3336 quinam
792 3268 892 3337 ipsi
924 3268 1033 3322 sint
1060 3269 1151 3338 qtti
1197 3269 1328 3322 talia
1355 3270 1747 3341 obloqnuntur,
1790 3284 1843 3328 et
1876 3276 2100 3341 quinam
2128 3272 2174 3297 ⁶⁴
2205 3271 2451 3341 πληξίας.
2483 3270 2590 3323 τῶν
2619 3270 2693 3341 μὴ
2744 3269 3029 3323 συνιέντων
3074 3268 3223 3321 αὗτοί
3266 3285 3322 3320 τε
3366 3269 3506 3331 τίνες
3553 3271 3692 3321 εἶσὶν
3719 3271 3769 3321 οἱ

2128 3272 2174 3297 ⁰⁴
2205 3271 2451 3342 πληξίας,
2483 3270 2590 3323 τῶν
2619 3270 2693 3341 μὴ
2744 3269 3029 3323 συνιέντων
3074 3269 3223 3321 αύτοί
3266 3285 3322 3320 τε
3366 3269 3506 3331 τίνες
3553 3271 3692 3321 εἰσὶν
3719 3287 3745 3321 ο

541 3267 761 3336 quinam
792 3268 892 3337 ipsi
924 3268 1033 3322 sint
1060 3269 1151 3338 qui
1197 3269 1328 3322 talia
1355 3270 1747 3341 obloqnuntur,
1790 3284 1843 3328 et
1876 3276 2100 3345 quinam

546 3356 784 3425 Spiritus
816 3366 1041 3413 sanctus
1073 3358 1161 3411 cui
1186 3372 1244 3411 se
1276 3358 1348 3413 ob
1387 3360 1693 3429 superbiam
1723 3364 2096 3418 contendunt!

542 3448 675 3513 Quis
716 3450 859 3503 dicat
887 3448 973 3502 bis
1002 3449 1213 3518 populis
1238 3449 1383 3519 quod
1434 3452 1681 3507 homines
1726 3463 1850 3507 sunt
1876 3456 2101 3525 spiritus

544 3541 817 3594 transiens
843 3550 897 3593 et
941 3555 1046 3593 non
1088 3541 1327 3603 rediens,
1374 3542 1426 3596 in
1466 3545 1654 3600 matris
1693 3547 1848 3600 vulva
1889 3547 2103 3617 impuro

540 3641 806 3700 conceptu
857 3632 1144 3701 compacti,
1198 3633 1488 3703 cunctique
1541 3636 1593 3689 in
1639 3628 1848 3706 putrem
1897 3648 2101 3694 terram

542 3723 896 3789 dissolvendi,
933 3724 1061 3779 feno
1094 3726 1515 3795 comparabilem
1554 3728 1719 3784 vitam
1777 3733 1953 3785 sortiti
2006 3734 2099 3803 qui

542 3814 693 3869 brevi
736 3824 977 3884 tempore
1010 3815 1063 3869 in
1095 3816 1374 3870 mundano
1402 3832 1588 3873 errore
1612 3819 1863 3875 ﬂorentes
1907 3839 2098 3880 rursus

540 3915 815 3971 arescunt,
852 3906 1059 3976 ilusque
1104 3922 1291 3961 eorum
1344 3906 1587 3965 deﬁuens
1648 3915 1958 3979 evanescit,
2005 3918 2098 3985 qui

538 4013 712 4068 neque
740 3998 945 4067 aliquid
969 4008 1094 4053 ante
1115 4000 1522 4069 generationem
1552 4001 1788 4068 fuerunt,
1821 4021 1917 4060 nec
1936 4023 2097 4077 quem

540 4090 607 4144 ad
650 4090 829 4145 locum
874 4090 999 4145 hinc
1032 4092 1143 4144 sint
1178 4092 1458 4163 migraturi
1505 4102 1657 4149 certo
1696 4097 1916 4162 sciunt,
1968 4101 2095 4169 quia

538 4196 733 4251 nempe
784 4183 962 4236 anima
1015 4181 1254 4237 futuram
1305 4184 1489 4239 sedem
1528 4201 1705 4250 suam,
1761 4190 2002 4259 quandiu
2042 4193 2094 4246 in

537 4286 769 4342 corpore
806 4284 1010 4336 manet,
1048 4275 1302 4346 ignorat?
1357 4274 1481 4331 ΙΙωο
1516 4278 1765 4335 videlicet
1815 4282 2094 4338 hominum

535 4361 780 4418 conditio
819 4373 923 4420 est.

604 4452 695 4506 22.
739 4452 974 4523 Spiritus
1007 4472 1137 4513 vero
1173 4468 1433 4522 sanctus,
1478 4459 1655 4530 primo
1682 4462 1901 4531 quidem
1944 4464 2092 4534 quod

2210 2007 2299 2042 εον
2327 1990 2382 2041 ἑν
2421 1991 2486 2059 τῇ
2516 1988 2819 2058 ψαλμῳδία,
2842 1987 2923 2039 ὅτι
2952 1985 3099 2039 Μετά
3124 1986 3185 2039 τὸ
3215 1986 3423 2055 ὑψῶσαι
3452 1985 3655 2055 Κύριον
3682 1984 3784 2037 τὸν

2210 2081 2339 2133 Θεὸν
2367 2080 2540 2150 ἡμῶν,
2573 2079 2691 2131 τότε
2724 2079 2876 2147 μόγις
2901 2079 3250 2149 προσκυνεῖτε
3276 2075 3350 2145 τῷ
3373 2075 3646 2145 ὑποποδίῳ
3667 2076 3783 2126 τῶν

2210 2172 2383 2226 ποδῶν
2412 2170 2575 2224 αὐτοῦ
2603 2187 2615 2200 ·
2666 2171 2725 2223 τό
2753 2187 2811 2222 τε
2852 2170 3021 2221 αἴτιον
3064 2170 3161 2238 τῆς
3200 2169 3579 2238 ἀκαταλήπτου
3618 2167 3781 2231 ἀξίας

2208 2263 2354 2316 οὐδὲν
2380 2263 2506 2317 ἄλλο
2539 2263 2725 2332 φησὶν,
2752 2261 2784 2332 ἢ
2812 2262 2891 2314 ὅτι
2922 2260 3073 2329 ἅγιός
3096 2262 3265 2313 ἑστιν.

2277 2360 2382 2407 κα’.
2412 2355 2475 2409 Εἰ
2497 2350 2587 2407 οῦν
2615 2355 2721 2406 πᾶν
2743 2352 2941 2421 ὕψωμα
2965 2351 3240 2420 δυνάμεως
3260 2347 3605 2420 ἀνθρωπίνης
3627 2348 3782 2400 κάτω

2206 2446 2305 2517 τῆς
2337 2445 2805 2517 μεγαλοπρεπείας
2827 2442 2921 2495 τοῦ
2951 2441 3422 2513 προσκυνουμένου
3453 2441 3568 2493 ἑστί
3598 2439 3782 2508 (τοῦτο

2208 2540 2313 2610 γὰρ
2336 2538 2364 2589 ὁ
2388 2538 2543 2605 λόγος
2569 2536 2655 2589 διὰ
2691 2534 2785 2589 τοῦ
2811 2533 3099 2588 ὑποποδίου
3129 2532 3237 2585 τῶν
3268 2532 3438 2585 ποδῶν
3468 2533 3781 2584 ὑπαινίσσεο

2206 2632 2340 2701 ται),
2370 2631 2453 2693 τίς
2482 2632 2514 2699 ἡ
2545 2628 2839 2699 ματαιότης
2871 2626 2978 2679 τῶν
3010 2626 3269 2696 οἰομένων
3292 2625 3431 2695 ἔχειν
3460 2625 3580 2678 τινὰ
3611 2624 3778 2677 δύναο

2210 2741 2301 2794 μιν
2327 2725 2383 2775 ἑν
2405 2724 2614 2785 ἑαυτοῖς
2634 2719 2920 2791 τοσαύτην,
2945 2718 3083 2773 ὥστε
3106 2720 3191 2772 ἐπ’
3213 2718 3393 2780 αὐτοῖς
3415 2712 3629 2771 εἶναιτὸ
3652 2718 3779 2769 κατ’

2205 2815 2359 2881 ἀξίαν
2390 2818 2485 2886 τῆς
2519 2814 2681 2883 τιμῆς
2709 2811 2909 2884 ὁρίζειν
2936 2813 3002 2882 τῇ
3042 2810 3289 2881 ἀτιμήτῳ
3322 2810 3507 2879 φύσει,
3549 2810 3640 2861 καὶ
3688 2807 3780 2863 διὰ

2204 2907 2382 2970 τοῦτο,
2404 2905 2495 2959 καί
2524 2922 2682 2957 τινων
2708 2904 2813 2957 τῶν
2842 2905 2922 2967 είς
2949 2902 3111 2973 τιμὴν
3141 2903 3529 2971 ἑπινοουμένων
3555 2900 3775 2965 ἀνάξιον

2206 2999 2407 3069 κρίνειν
2439 2998 2497 3050 τὸ
2520 2997 2737 3066 Πνεῦμα
2763 2995 2824 3048 τὸ
2858 2996 3028 3063 ἅγιον,
3061 2994 3135 3057 ὼς
3159 2994 3256 3063 τῆς
3284 2994 3563 3063 δυνάμεως
3592 2995 3774 3048 αὐτῶν

2208 3088 2427 3157 μείζονα
2463 3087 2787 3157 δυναμένης,
2817 3085 2849 3156 ἢ
2894 3086 3014 3138 ὅσον
3043 3087 3209 3154 χωρεί
3237 3085 3269 3154 ἡ
3301 3084 3422 3149 ἀξία
3462 3084 3556 3136 τοῦ
3597 3082 3769 3136 Πνεύ-

2209 3197 2403 3250 ματος;
2434 3182 2497 3232 Ὠ
2522 3180 2617 3249 τῆς
2652 3177 2889 3247 ἐλεεινῆς
2912 3177 3089 3229 αὐτῶν
3109 3176 3203 3229 καὶ
3223 3175 3563 3247 ταλαιπώρου
3593 3192 3772 3247 παραο

2202 3362 2371 3415 ταῦτα
2398 3362 2784 3432 διαλεγόμενοι,
2817 3363 2909 3415 καὶ
2928 3360 2979 3413 τί
3008 3362 3068 3413 τὸ
3099 3360 3320 3430 Πνεῦμα
3344 3360 3401 3412 τὸ
3433 3360 3603 3426 ἅγιον,
3632 3354 3678 3427 ᾧ
3700 3360 3767 3414 δι’

2204 3452 2571 3523 ὑπερηφανίας
2622 3454 2842 3515 ἑαυτοὺς
2881 3452 3260 3521 ἀντεξάγουσιί
3298 3452 3389 3514 Τίς
3418 3453 3558 3504 εἴποι
3590 3452 3765 3505 τοῖσδε

2202 3546 2346 3610 λαοῖς
2383 3548 2462 3599 ὅτι
2489 3545 2762 3616 ἄνθρωποί
2792 3547 2895 3598 εἱσι
2926 3548 3139 3617 πνεῦμα
3165 3545 3523 3616 πορευόμενον
3547 3544 3643 3598 καὶ
3669 3546 3769 3597 οὐκ

2200 3640 2545 3711 ἐπιστρέφον,
2576 3642 2633 3693 ὲν
2668 3642 2849 3711 μήτρᾳ
2877 3641 3132 3709 γυναικὸς
3167 3640 3252 3693 διὰ
3288 3640 3541 3710 ρυπαρᾶς
3566 3639 3768 3708 συλλή-

2202 3732 2347 3801 ψεως
2395 3728 2853 3801 οἰκοδομούμενοι,
2885 3731 2977 3783 καὶ
3024 3732 3103 3793 εἰς
3136 3730 3240 3800 γῆν
3276 3730 3525 3801 ρυπαράν
3566 3731 3769 3792 πάντες

2200 3822 2573 3893 ἀναλυόμενοι,
2622 3822 2800 3894 χόρτῳ
2839 3822 3307 3892 προσεικασμένην
3340 3824 3437 3893 τὴν
3486 3821 3632 3892 ζωὴν
3671 3823 3767 3874 λα-

2198 3915 2401 3982 χόντες.
2434 3913 2481 3965 οἳ
2507 3912 2594 3965 ἐπ’
2622 3912 2797 3979 ὀλίγον
2828 3911 2913 3964 διὰ
2940 3912 3038 3982 τῆς
3072 3910 3329 3981 βιωτικῆς
3354 3912 3567 3982 ἀπάτης
3597 3911 3766 3981 ἀνθή-

2202 4019 2410 4066 σαντες,
2441 4002 2601 4055 πάλιν
2627 4001 3095 4073 ἀποξηραίνονται,
3128 4003 3219 4055 καὶ
3243 4002 3301 4054 τὺ
3330 4002 3487 4064 ἄνθος
3520 4002 3646 4074 περὶ
3672 4002 3765 4054 αύ-

2196 4095 2321 4157 τοὺς
2364 4092 2667 4165 καταρρυὲν
2699 4092 3040 4161 ἀφανίζεται,
3083 4091 3205 4145 οὔτε
3253 4093 3305 4146 τί
3336 4093 3487 4156 ὅντες
3524 4092 3631 4163 πρὸ
3661 4092 3763 4161 τῆς

2198 4186 2478 4255 γενέσεως,
2506 4185 2599 4238 καὶ
2637 4185 2715 4248 εἰς
2737 4186 2766 4238 ὅ
2788 4202 2839 4237 τι
2871 4186 3364 4255 μεταχωρὴσουσιν,
3390 4185 3489 4237 οὐκ
3517 4184 3759 4255 ἀκριϐῶς

2197 4278 2566 4348 ἐπιστάμενοι,
2596 4276 2696 4345 τῆς
2720 4276 2893 4346 ψυχῆς
2922 4276 3018 4346 τὴν
3062 4275 3193 4328 ἰδίαν
3221 4274 3390 4345 λῆξιν,
3425 4276 3526 4338 ἑως
3546 4275 3613 4329 ἂν
3639 4278 3761 4330 ἑπι-

2199 4370 2335 4442 μένῃ
2369 4372 2435 4439 τῇ
2472 4368 2652 4440 σαρκὶ,
2681 4367 2976 4436 ἀγνοούσης
3001 4383 3016 4433 ;
3043 4365 3225 4419 Ταῦτα
3251 4369 3299 4420 οἰ
3327 4367 3620 4438 ἅνθρωποι.

2264 4462 2369 4534 κβ’.
2383 4462 2454 4515 Τὸ
2471 4462 2527 4514 δὲ
2545 4461 2763 4532 Πνεῦμα
2779 4460 2836 4513 τὸ
2857 4460 3010 4528 ἀγιον
3030 4460 3240 4530 πρῶτον
3258 4462 3354 4531 μὲν
3372 4461 3477 4513 ἀπὸ
3487 4460 3594 4513 τῶν
3616 4461 3761 4515 κατά

533 4546 600 4597 ad
630 4553 841 4600 naturae
873 4550 1217 4605 sanctitatem
1253 4552 1447 4607 attinet
1470 4592 1486 4613 .
1524 4556 1857 4609 tantumdem
1909 4562 1992 4609 est
2028 4569 2091 4609 ac

2202 4554 2359 4623 φύσιν
2385 4554 2553 4623 ἁγίων
2582 4555 2756 4607 ὲκεῖνό
2798 4555 2945 4607 ἑστιν
2976 4554 3113 4624 ὅπερ
3139 4555 3167 4605 ό
3202 4552 3387 4623 Πατὴρ
3421 4552 3560 4606 κατὰ
3595 4553 3759 4621 φύσιν

532 4635 697 4692 Pater
717 4648 910 4708 suapte
934 4647 1128 4695 natura
1156 4644 1723 4715 sanctus,pariterque
1749 4642 2085 4715 Uuigenitus.

529 4728 770 4801 Itemque
831 4730 1069 4802 Spiritus
1126 4745 1354 4791 sanctus
1420 4753 1574 4808 aeque
1631 4736 1913 4792 viviﬁcaris
1983 4746 2085 4804 est,

527 4822 982 4892 incorruptibilis,
1016 4826 1393 4893 immutabilis,
1444 4838 1702 4894 aeternus,
1746 4830 1950 4900 justus,
1998 4845 2086 4885 sas

527 4914 705 4982 piens,
738 4925 939 4979 rectus,
992 4916 1253 4988 dirigens,
1308 4918 1503 4983 bonus,
1557 4932 1771 4992 potens,
1817 4923 2084 4977 bonorum

528 5008 771 5059 omnium
807 5006 987 5069 dator,
1011 5008 1211 5078 ubique
1240 5011 1537 5079 exsistens,
1564 5014 1793 5089 singulis
1824 5030 2083 5083 przesens,

524 5097 773 5150 tellurem
809 5101 1110 5169 complens,
1138 5102 1192 5155 in
1224 5104 1365 5157 cmlo
1392 5120 1741 5173 permanens,
1762 5108 1814 5160 in
1833 5110 2084 5178 supernis

522 5189 813 5243 virtutibus
832 5190 1085 5257 diffusus,
1110 5203 1307 5249 cuncta
1326 5195 1558 5265 implens
1587 5213 1687 5267 pro
1707 5199 1973 5271 cujusque
1989 5218 2083 5255 en-

520 5279 775 5347 pacitate,
804 5289 857 5332 et
884 5282 998 5350 ipse
1031 5290 1210 5337 tamen
1240 5286 1431 5354 plenus
1463 5303 1709 5353 manens,
1740 5306 1861 5343 cum
1903 5291 2082 5359 omni-

518 5370 622 5425 bus
649 5374 857 5428 sanctis
886 5390 1133 5438 versans,
1154 5392 1330 5447 neque
1357 5387 1533 5433 tamen
1553 5396 1581 5433 a
1602 5390 1790 5435 sancta
1819 5380 2083 5437 Trinitatc

517 5462 819 5530 sejunctus.
843 5464 890 5519 Is
908 5466 999 5520 Dei
1020 5467 1289 5537 profunda
1309 5485 1520 5539 semper
1548 5482 1849 5536 scrutatur,
1869 5489 2083 5543 semper

516 5570 544 5603 ιι
575 5553 713 5607 Filio
733 5558 950 5625 accipit,
971 5561 1207 5614 mittitur
1221 5569 1275 5615 et
1293 5578 1398 5617 non
1422 5571 1727 5634 separatur,
1747 5564 2082 5635 gloriﬁcatur

590 5693 632 5723 ’⁸
673 5693 818 5749 Ρδιιι.
858 5712 1060 5763 xcvttt,
1094 5700 1145 5754 5.

591 5826 704 5895 (l5)
740 5828 831 5885 Sic
868 5832 983 5885 hiat
1019 5833 1140 5887 cod.

2193 4648 2365 4716 ἅγιος,
2391 4648 2484 4700 καὶ
2499 4648 2527 4699 ό
2546 4646 2850 4717 Μονογενὴς
2869 4646 3147 4709 ὡσαύτως.
3172 4645 3326 4697 Οῦτω
3344 4644 3436 4698 καὶ
3450 4645 3509 4697 τὸ
3527 4644 3757 4715 Πνεῦμα

2191 4740 2252 4791 τὸ
2277 4739 2428 4806 ἀγιον
2450 4738 2541 4791 καὶ
2570 4736 2711 4791 κατά
2728 4736 2788 4790 τὸ
2810 4736 3067 4801 ζωοποιὺν
3086 4736 3266 4801 πάλιν,
3291 4738 3381 4789 καί
3408 4738 3545 4790 κατά
3566 4738 3625 4789 τὸ
3646 4740 3756 4805 ἀφ-

2193 4826 2386 4897 θαρτόν
2411 4843 2467 4878 τε
2488 4826 2579 4879 καὶ
2600 4826 2971 4891 ἀναλλοίωτον,
2997 4827 3091 4879 καί
3115 4827 3297 4889 ἀΐδιον,
3325 4825 3545 4889 δίκαιον,
3565 4828 3752 4895 σοφὸν,

2190 4918 2363 4981 εὑθὲς,
2388 4918 2731 4988 ἡγεμονικὸν,
2776 4917 2999 4985 ἀγαθὸν,
3035 4918 3272 4981 δυνατὸν,
3299 4917 3512 4985 ἀγαθῶν
3535 4919 3755 4971 πάντων

2191 5006 2539 5077 παρεκτικὸν,
2582 5006 2674 5059 καὶ
2700 5006 2806 5076 πρό
2846 5023 2908 5073 γε
2946 5006 3197 5059 ἁπάντων
3237 5006 3401 5077 αὐτῆς
3425 5006 3525 5077 τῆς
3566 5007 3749 5077 ζωῆς·

2194 5100 2465 5170 πανταχοῦ
2477 5099 2553 5163 ὃν,
2572 5099 2665 5153 καὶ
2682 5099 2893 5170 ἑκάστῳ
2913 5100 3105 5170 παρὸν,
3123 5101 3214 5152 καί
3241 5100 3337 5171 τὴν
3359 5101 3461 5171 γῆν
3486 5103 3750 5173 πληροῦν,

2190 5193 2283 5246 καὶ
2309 5194 2366 5245 ἑν
2384 5192 2629 5261 οὐρανοῖς
2650 5192 2826 5262 μένον,
2852 5193 2909 5245 ἑν
2924 5194 3041 5254 ταῖς
3061 5193 3159 5244 ύπε
3169 5192 3444 5263 ρκοσμίοις
3458 5195 3749 5265 δυνάμεσιν

2188 5283 2530 5353 ἐκχεόμενον,
2554 5283 2727 5334 πάντα
2758 5282 2996 5352 πληροῦν
3021 5283 3159 5335 κατὰ
3181 5285 3276 5354 τὴν
3310 5285 3465 5351 ἀξίαν
3491 5286 3743 5349 ἑκάστου,

2190 5375 2283 5425 καὶ
2309 5372 2469 5435 αὐτὸς
2497 5371 2697 5441 πλῆρες
2722 5371 2901 5440 μένον,
2936 5372 3071 5441 μετά
3101 5375 3313 5428 πάντων
3340 5375 3398 5427 ὃν
3421 5375 3528 5427 τῶν
3557 5377 3742 5442 ἀξίων,

2188 5468 2282 5519 καὶ
2308 5464 2406 5535 τῆς
2430 5465 2589 5532 ἁγίας
2616 5463 2845 5535 Τριάδος
2876 5463 2935 5515 οὐ
2961 5461 3341 5536 χωριζόμενον.
3378 5469 3483 5521 Ἀεὶ
3506 5467 3576 5520 τὰ
3604 5468 3741 5539 βάθη

2187 5557 2279 5611 τοῦ
2307 5556 2438 5611 Θεοῦ
2469 5557 2680 5626 ἐρευνᾷ,
2706 5556 2793 5609 ἀεὶ
2812 5558 2875 5608 ὲκ
2905 5554 2998 5609 τοῦ
3031 5556 3153 5611 Υίοῦ
3182 5558 3463 5627 λαμϐάνει,
3488 5562 3581 5613 καὶ
3612 5562 3743 5611 ἀπο-
