4020 6504
319 328 339 380 l
354 327 456 381 3'19

1465 325 1834 383 ADVERSUS
1866 323 2414 382 MACEDONIANOS.

3400 326 3536 382 1330

316 441 594 495 στέλλεται
629 443 720 495 καὶ
749 442 808 494 οὐ
840 442 1147 514 χωρίζεται,
1183 443 1278 497 καὶ
1299 444 1578 511 δοξάζεται
1602 446 1695 500 καὶ
1719 446 1871 513 δόξαν

1979 454 2033 501 et
2064 454 2247 505 tamen
2277 446 2389 514 jam
2421 443 2642 514 gloriam
2700 443 2840 513 apud
2874 460 2933 499 se
2964 442 3195 499 habebat
3224 462 3239 509 ;
3293 460 3417 498 nam
3445 446 3536 515 qui

314 534 461 601 ἔχει’
501 530 529 585 δ
568 533 674 603 γάρ
717 533 859 603 ἄλλῳ
884 534 1039 600 δόξαν
1080 534 1284 601 δίδωσι,
1328 536 1485 606 δῆλον
1516 538 1596 590 ὅτι
1624 541 1680 591 ἐν
1707 539 1872 612 ὑπερ-

313 625 582 698 ϐαλλούσῃ
606 626 729 696 δόξῃ
757 627 1250 697 καταλαμϐάνεται.
1285 630 1406 693 Πῶς
1440 631 1547 700 γὰρ
1581 630 1787 697 δοξάζει
1816 630 1877 683 16

310 716 468 786 δόξης
498 716 755 787 ἄμοιρον,
803 717 927 770 Ἐὰν
956 720 1027 789 μή
1054 737 1104 771 τι
1136 719 1251 788 φῶς
1278 716 1333 791 ᾗ,
1364 721 1479 784 πῶς
1514 721 1612 791 τὴν
1634 723 1726 774 106
1766 740 1878 790 φω-

309 810 402 873 τὸς
456 810 776 875 ἐπιδείξεται
804 811 990 882 χάριν;
1022 810 1208 875 Ούτως
1255 813 1373 865 οὐδὲ
1423 814 1523 883 τὴν
1561 814 1876 885 δοξαστικὴν

309 900 537 971 δύναμιν
572 903 913 970 ἐπιδείξεται,
956 904 984 957 6
1009 904 1073 957 ἂν
1104 905 1178 975 μὴ
1225 905 1354 958 αὐτὸ
1448 905 1573 971 δόξα
1612 907 1704 959 καὶ
1744 906 1874 976 τιμὴ

312 993 407 1045 καὶ
437 993 787 1065 μεγαλωσύνη
821 997 913 1049 καὶ
941 996 1401 1066 μεγαλοπρέπεια.
1427 996 1646 1061 Δοξάζει
1672 993 1765 1051 οὖν
1785 998 1875 1051 16v

311 1082 529 1154 Πατέρα
558 1083 651 1136 κίειν⁵
679 1085 769 1137 16v
796 1084 921 1137 Υἰὺν
945 1085 1004 1137 16
1032 1086 1272 1156 Πνεῦμα.
1304 1086 1438 1139 Ἀλλ’
1466 1088 1495 1139 6
1524 1086 1691 1140 εἰπὼν
1716 1088 1877 1156 ἀψευο

310 1174 407 1245 δής
439 1177 593 1239 ἐστι,
632 1193 649 1226 ι
689 1176 825 1237 Τοὺς
868 1176 1185 1241 δοξάζοντάς
1229 1196 1295 1248 με
1336 1178 1578 1245 δοξάζω⁶
1613 1199 1631 1231 ι
1676 1198 1693 1229 ι
1739 1177 1876 1248 Ἐγώ

312 1283 371 1318 σε
402 1268 646 1331 ἐδόξασα,
680 1285 697 1318 ι
733 1269 865 1338 ιρησ)⁴
911 1269 1046 1339 πρὸς
1080 1268 1171 1321 16v
1200 1270 1412 1342 Πατέρα
1456 1271 1482 1323 6
1511 1271 1745 1341 Κύριος·
1780 1272 1875 1324 καὶ

310 1358 490 1425 πάλιν,
524 1380 541 1410 ι
575 1360 804 1425 Δόξασόν
830 1377 897 1431 με
924 1364 990 1433 τῇ
1019 1360 1143 1432 δόξῃ
1230 1357 1373 1432 εἶχον
1404 1363 1495 1418 ἀπ’
1527 1363 1702 1434 ἀρχῆς
1728 1363 1875 1433 παρά

311 1453 395 1504 σοί
434 1450 538 1522 πρὸ
564 1451 657 1504 106
690 1452 780 1505 τὸν
804 1453 1005 1523 κόσμον
1042 1449 1201 1510 εἷναι.
1234 1472 1255 1506 ι
1300 1455 1674 1525 ’Δποκρίνεται
1698 1457 1730 1525 ἡ
1758 1455 1875 1508 θεία

312 1545 499 1614 φωνή·
535 1562 554 1594 ι
604 1544 712 1597 Καὶ
743 1542 986 1608 ἐδόξασα,
1036 1545 1129 1598 καὶ
1179 1546 1339 1599 πάλιν
1387 1547 1612 1614 δοξάσω.
1655 1567 1673 1599 ι
1713 1549 1874 1618 ὐρᾷς

307 1635 405 1706 τὴν
439 1635 723 1703 ἐγκύκλιον
742 1636 840 1705 τῆς
864 1636 1018 1707 δόξης
1046 1637 1135 1690 διὰ
1164 1636 1270 1689 τῶν
1306 1639 1505 1707 ὁμοίων
1540 1640 1871 1709 περιφοράνς

309 1728 599 1792 Δοξάζεται
625 1731 653 1782 6
679 1729 805 1793 Υἱὸς
831 1729 935 1782 ὐπὸ
956 1728 1048 1781 106
1081 1728 1393 1799 Πνεύματος
1412 1747 1425 1759 ·
1462 1730 1742 1796 δοξάζεται
1771 1729 1874 1782 ὐπὸ

305 1820 400 1875 106
449 1820 575 1873 Υἱοῦ
600 1822 629 1873 6
672 1822 890 1893 Πατήρ·
924 1821 1081 1875 πάλιν
1111 1821 1207 1892 τὴν
1236 1820 1393 1885 δόξαν
1437 1821 1548 1891 ἔχει
1586 1821 1737 1892 παρά
1779 1820 1870 1874 106

308 1914 521 1984 Πατρὺς
548 1917 577 1968 6
602 1916 749 1979 Υἱὸς,
780 1918 873 1969 καὶ
901 1915 1027 1980 δόξα
1053 1915 1143 1969 106
1179 1916 1492 1986 Πνεύματος
1514 1917 1541 1967 6
1565 1914 1872 1987 Μονογενὴς

307 2007 550 2073 γίνεται·
586 2005 689 2058 τίνι
720 2007 828 2077 γάρ
857 2006 1302 2075 ἐνδοξασθήσεται
1327 2009 1355 2060 6
1388 2006 1596 2077 Πατὴρ,
1626 2009 1672 2059 εί
1711 2006 1784 2077 μὴ
1806 2010 1870 2077 τῇ

308 2098 534 2168 ἀληθινῇ
578 2099 670 2151 τοῦ
710 2098 1044 2167 Μονογενοῦς
1070 2099 1230 2170 δόξῃ;
1273 2099 1360 2151 Ἐν
1402 2099 1507 2153 τίνι
1548 2098 1605 2152 δὲ
1657 2099 1816 2152 πάλιν
1844 2101 1872 2153 6

310 2188 439 2254 Υἱὸς
470 2189 875 2260 δοξασθήσεται,
931 2192 979 2243 εί
1030 2192 1105 2260 μὴ
1164 2192 1221 2243 ὲν
1271 2193 1336 2261 τῇ
1373 2190 1728 2261 μεγαλωσύνη
1776 2189 1869 2244 106

309 2283 653 2353 Πνεύματος;
685 2281 826 2334 οὕτω
854 2282 1015 2335 πάλιν
1044 2282 1139 2334 καὶ
1170 2280 1473 2335 ἀνακυκλού
1481 2299 1638 2352 μενος
1666 2285 1695 2336 6
1718 2282 1871 2351 λόγος

306 2377 397 2428 τὸν
425 2375 552 2429 Υἱὸν
584 2376 679 2445 μὲν
706 2373 915 2441 δοξάζει
939 2373 1025 2427 διὰ
1066 2372 1159 2426 106
1193 2373 1525 2443 Πνεύματος,
1552 2372 1639 2426 διά
1678 2372 1736 2426 δὲ
1778 2372 1869 2426 106

311 2467 439 2520 Υίοῦ
466 2467 554 2519 τὸν
578 2468 811 2536 Πατέρα.

383 2560 485 2629 κγ’.
517 2561 581 2613 Ei
604 2556 695 2613 οὖν
719 2560 954 2628 τοσαύτη
982 2558 1075 2611 106
1098 2558 1410 2627 Πνεύματος
1433 2560 1465 2628 ἡ
1495 2556 1867 2628 μεγαλωσύνη,

307 2653 401 2705 καὶ
432 2653 554 2705 εἴτι
587 2651 767 2715 καλὸν,
793 2652 883 2704 καὶ
910 2650 962 2703 εἴ
996 2668 1049 2704 τι
1074 2650 1278 2718 ἀγαθὸν
1316 2649 1465 2720 παρά
1492 2648 1585 2701 106
1614 2648 1747 2701 Θεοῦ
1781 2648 1871 2703 διὰ

306 2744 402 2798 τοῦ
437 2743 789 2813 Μονογενοῦς,
836 2744 894 2795 ἐν
930 2742 1006 2812 τῷ
1044 2741 1219 2795 πάντα
1263 2742 1320 2794 ἐν
1350 2743 1514 2795 πᾶσιν
1564 2740 1871 2812 ὲνεργοῦντι

309 2836 586 2907 Πνεύματι
628 2835 946 2896 τελειοῦται,
983 2834 1035 2887 τί
1090 2832 1482 2904 ἐκπολεμοῦσιν
1533 2834 1754 2897 ἑαυτοὺς
1803 2835 1868 2903 τῇ

310 2931 419 3001 ίδίᾳ
449 2930 595 3000 ζωῇ;
632 2929 696 2981 Τί
743 2928 1221 2999 ἀπαλλοτριοῦνται
1252 2926 1353 2996 τῆς
1395 2926 1504 2981 τῶν
1553 2925 1871 2995 σωζομένων

306 3022 555 3087 ἑλπίδος;
587 3022 652 3074 Τί
680 3022 1075 3075 ἀποκόπτουσιν
1098 3020 1319 3082 ἐαυτοὺς
1346 3018 1453 3072 ἀπὸ
1480 3020 1578 3087 τῆς
1611 3017 1745 3088 πρὸς
1780 3016 1871 3070 16v

1981 534 2133 589 alteri
2175 534 2406 603 gloriam
2459 531 2693 598 confert,
2752 532 3091 601 exploratum
3156 542 3241 589 est
3305 549 3428 587 eum
3482 535 3537 588 in

1977 625 2221 694 pleniore
2251 622 2423 693 gloria
2481 622 2711 678 versari.
2759 621 3043 689 Quomodo
3081 625 3225 678 enim
3274 624 3541 695 gloriﬁca-

1977 722 2061 767 ret
2095 713 2184 783 qui
2216 714 2388 782 gloria
2423 720 2507 766 est
2550 714 2786 781 expers?
2817 713 2933 767 Nisi
2976 714 3092 783 ipse
3126 714 3215 767 lux
3269 717 3360 775 sit,
3400 730 3539 785 quo-

1978 806 2141 859 modo
2171 806 2307 859 lucis
2339 804 2570 874 gratiam
2603 804 2884 859 ostendet?
2908 805 3056 859 Itane
3089 806 3387 877 gloriﬁcam
3415 806 3539 874 qui-

1980 897 2101 950 dem
2135 897 2391 951 virtutem
2427 911 2538 965 pra:
2582 911 2641 950 se
2692 894 2849 959 feret,
2892 896 3001 959 nisi
3052 898 3143 967 qui
3201 912 3297 967 per
3330 912 3389 951 se
3426 897 3541 965 ipse

1976 988 2043 1041 sit
2074 988 2245 1057 gloria
2278 995 2332 1041 et
2378 987 2579 1050 honor.
2612 987 3011 1057 magniﬁcentia
3049 997 3211 1057 atque
3260 988 3535 1057 maiestas,

1975 1076 2258 1132 Gloriﬁcat
2294 1078 2479 1147 itaque
2513 1075 2728 1132 Patrem
2758 1093 2823 1132 ae
2851 1076 3047 1134 Filium
3077 1076 3329 1148 Spiritus.
3370 1077 3539 1132 Porro

1975 1168 2067 1223 ille
2097 1184 2204 1223 non
2235 1169 2491 1222 mentitur
2516 1168 2608 1238 qui
2640 1168 2776 1223 dixit
2803 1183 2818 1222 :
2858 1187 2877 1220 ι
2911 1168 3021 1239 Ego
3059 1168 3422 1240 gloriﬁcantes
3454 1185 3539 1225 me

1975 1259 2381 1328 gloriﬁcabo“.
2440 1278 2458 1308 ι
2524 1258 2635 1329 Ego
2695 1268 2746 1313 te
2805 1259 3144 1330 gloriﬁcavi,
3212 1280 3230 1312 ι
3274 1260 3349 1313 ait
3392 1257 3539 1313 Patri

1978 1346 2238 1403 Dominus
2259 1350 2305 1381 '°
2332 1367 2345 1415 ;
2387 1357 2439 1404 et
2468 1365 2679 1411 rursus,
2713 1368 2730 1400 ι
2765 1348 3018 1405 Gloriﬁca
3049 1366 3134 1404 me
3154 1350 3347 1421 gloria,
3378 1364 3539 1417 quam

1941 1424 2138 1498 ‘habui
2176 1443 2245 1495 ab
2279 1442 2434 1495 initio
2468 1440 2611 1510 apud
2639 1450 2711 1504 te,
2736 1450 3028 1511 antequam
3062 1442 3295 1497 mundus
3322 1441 3490 1497 ﬁeret.
3514 1460 3533 1493 ι

1977 1533 2289 1601 Respondet
2315 1534 2497 1587 divina
2526 1549 2629 1588 vox
2664 1552 2676 1585 :
2724 1552 2741 1584 ι
2784 1532 2847 1586 Et
2879 1533 3197 1603 glorificavi.
3230 1542 3284 1588 et
3340 1534 3535 1588 iterum

1976 1623 2344 1694 gluriﬁcab0.»
2375 1621 2562 1677 Viden‘
2595 1624 2927 1694 encyclieum
2965 1624 3370 1693 gloriﬁcationis
3398 1625 3537 1678 inter

1979 1730 2137 1783 pares
2172 1730 2362 1784 gyrum
2392 1714 2415 1767 ?
2471 1712 2821 1766 Cloriﬁcatur
2852 1730 2879 1767 a
2917 1714 3121 1784 Spiritu
3152 1711 3325 1769 Filius
3353 1732 3373 1781 ;
3423 1715 3537 1785 glo-

1907 1794 1948 1849 Β
1978 1808 2220 1859 tilicatur
2249 1820 2277 1858 a
2309 1804 2446 1858 Filio
2476 1805 2633 1859 l’aler
2660 1821 2674 1871 ;
2707 1804 2951 1859 vicissim
2996 1805 3224 1874 gloriam
3277 1806 3471 1875 accipit
3506 1821 3536 1859 a

1977 1896 2135 1952 Patre
2194 1896 2387 1962 Filius,
2449 1906 2503 1950 et
2537 1897 2707 1965 gloria
2771 1897 3011 1965 Spiritus
3059 1897 3382 1969 Unigenitus
3437 1900 3533 1951 ﬁt:

1978 2005 2100 2043 nam
2145 2005 2380 2059 quanam
2421 1990 2525 2042 alia
2577 1990 2967 2058 gloriﬁcabitur
3000 1988 3193 2054 Pater,
3248 1991 3353 2045 nisi
3410 2006 3535 2045 vera

1981 2081 2256 2151 Unigeniti
2292 2081 2508 2150 gloria?
2543 2078 2753 2134 Rursus
2808 2095 3042 2150 quanam
3079 2098 3136 2137 re
3193 2082 3297 2135 alia
3334 2080 3537 2151 gloriﬁ-

1978 2174 2192 2228 cabitur
2226 2173 2415 2237 Filius,
2450 2173 2553 2227 nisi
2612 2188 2641 2225 a
2678 2170 2914 2241 Spiritus
2968 2172 3404 2243 magniﬁcentia?
3458 2169 3536 2226 Ita

1977 2267 2179 2337 pariter
2210 2266 2263 2319 in
2290 2280 2479 2335 gyrum
2518 2280 2749 2334 pergens
2779 2266 2951 2319 oratio
2977 2274 3161 2319 nostra
3191 2263 3385 2320 Filium
3412 2264 3536 2333 qui-

1976 2359 2096 2413 dem
2123 2358 2352 2412 honorat
2383 2372 2478 2427 per
2519 2355 2805 2425 Spiritum,
2861 2372 2957 2427 per
2986 2355 3186 2411 Filium
3244 2372 3372 2413 vero
3428 2354 3536 2409 Pa-

1982 2458 2142 2503 trem.

2045 2580 2137 2635 95.
2176 2579 2234 2633 Si
2286 2595 2417 2650 ergo
2455 2587 2604 2632 tanta
2655 2587 2739 2634 est
2782 2577 3020 2648 Spiritus
3075 2579 3353 2647 majestas,
3400 2587 3455 2633 et
3490 2580 3537 2634 si

1977 2672 2241 2742 quidquid
2275 2672 2485 2741 pulchri
2538 2671 2777 2741 bonique
2808 2678 2912 2736 est,
2952 2685 2980 2723 a
3046 2668 3156 2725 Deo
3189 2685 3287 2739 per
3318 2669 3533 2737 Filium,

1978 2766 2032 2817 in
2069 2762 2278 2833 Spiritu
2309 2764 2401 2832 qui
2428 2761 2611 2817 omnia
2646 2762 2700 2816 in
2732 2762 2987 2816 omnibus
3038 2771 3317 2831 operatur,
3375 2760 3536 2831 perﬁ—

1977 2858 2121 2912 citur
2148 2873 2163 2917 :
2196 2870 2295 2911 cur
2326 2856 2429 2911 sibi
2455 2856 2726 2910 infensam
2758 2854 2992 2909 reddunt
3022 2854 3292 2924 propriam
3320 2856 3483 2907 vitam
3516 2854 3540 2907 ?

1977 2948 2087 3003 Cur
2118 2963 2147 3002 a
2197 2963 2257 3004 se
2304 2950 2546 3002 alienant
2596 2945 2987 3001 servandorum
3038 2945 3225 3015 spem?
3275 2947 3387 2998 (Zur
3434 2944 3537 2999 sibi

1978 3043 2277 3113 praecidunt
2332 3040 2768 3111 conjunctiouem
2827 3055 2951 3093 eum
3004 3037 3160 3092 Deo?
3217 3036 3349 3091 Nam
3392 3046 3539 3093 certe

307 3118 439 3171 Θεὸν
465 3115 942 3187 προσκολλήσεως;
977 3115 1101 3178 Πῶς
1138 3116 1246 3185 γάρ
1280 3132 1363 3178 τις
1401 3112 1870 3184 προσκολληθήσε-

1977 3134 2253 3205 quomodo
2281 3134 2553 3203 quispiam
2584 3147 2708 3186 cum
2743 3130 2975 3187 Domino
3022 3130 3401 3199 conjungctur,
3432 3130 3538 3185 nisi

307 3224 397 3263 ται
443 3208 520 3280 τῷ
552 3209 758 3280 Κυρίῳ,
816 3207 889 3279 μὴ
934 3206 1027 3260 τοῦ
1080 3208 1395 3277 Πνεύματος
1438 3207 1537 3277 τὴν
1581 3204 1872 3273 συνάφειαν

308 3300 464 3370 ήμῶν
498 3301 630 3370 πρὸς
661 3300 821 3353 αὐτὸν
843 3298 1222 3369 ἐνεργούντοςς
1255 3298 1320 3351 Τί
1348 3296 1713 3368 ζυγομαχοῢσι
1738 3296 1872 3368 πρὸς

307 3394 455 3465 ἡμᾶς
481 3394 610 3463 περὶ
640 3392 889 3463 λατρείας
918 3392 1010 3445 καὶ
1036 3392 1490 3462 προσκυνήσεωςς
1525 3390 1590 3442 Τί
1622 3406 1874 3461 κατειρωο

306 3486 549 3539 γεύονται
597 3484 681 3537 διὰ
722 3485 816 3537 τοῦ
865 3486 962 3554 τῆς
993 3484 1248 3555 λατρείας
1278 3484 1539 3555 ὀνόματος
1590 3478 1731 3537 κατὰ
1776 3486 1873 3554 τῆς

307 3578 457 3640 Θείας
477 3594 538 3629 τε
562 3576 656 3630 καὶ
685 3575 1015 3647 ἀπροσδεοῦς
1040 3576 1269 3644 φύσεως,
1306 3575 1493 3646 ὥσπερ
1521 3575 1617 3645 οὐχ
1652 3576 1873 3638 ἑαυτοὺς

308 3667 720 3740 εὐεργετοῦντες
746 3668 802 3721 ἐν
830 3670 939 3729 τοῖς
960 3667 1101 3738 ὑπὲρ
1135 3666 1404 3737 σωτηρίας
1435 3668 1717 3737 αἰτήμασι,
1739 3667 1873 3721 ἀλλά

306 3763 473 3832 τιμήν
498 3778 615 3815 τινα
646 3758 1008 3831 προσάγοντες
1041 3756 1134 3810 ἐὰν
1165 3756 1400 3827 σωθῆναι
1432 3756 1735 3826 θελήσωσι;
1776 3757 1872 3810 Σὺν

308 3854 498 3924 κέρδος
532 3853 647 3905 ἐστὶ
676 3850 769 3903 106
819 3848 1092 3910 αἰτοῦντος
1125 3849 1158 3918 η
1202 3846 1402 3916 δέησις,
1455 3846 1574 3915 οὐχὶ
1612 3846 1743 3915 τιμὴ
1778 3844 1871 3898 τοῦ

308 3943 654 4014 παρέχοντος.
681 3940 743 3992 Τί
784 3934 875 3992 οὖν
906 3937 981 4000 ὼς
1011 3934 1366 4007 χαριζόμενος
1400 3932 1575 4005 πρόσῃ
1596 3932 1704 4003 ’τῷ
1720 3933 1873 4003 εὐερ-

308 4035 460 4107 γέτῃ,
483 4032 677 4104 μᾶλλον
712 4031 767 4085 δὲ
783 4030 903 4083 οὐδέ
937 4029 1224 4100 εὐεργέτην
1246 4028 1335 4081 τὸν
1356 4027 1462 4081 τῶν
1486 4025 1702 4096 ἀγαθῶν
1727 4044 1870 4098 παρ-

306 4127 520 4181 εκτικδν
572 4124 737 4190 ἀξιοῖς
781 4122 1091 4193 ὀνομάζειν;
1138 4119 1295 4174 ’Λλλά
1322 4118 1414 4173 106
1449 4117 1547 4190 ζῇν
1583 4118 1875 4188 ἀντεχόμε-

307 4237 396 4283 νος
445 4219 534 4271 τὺν
594 4216 853 4282 ζωοποιὸν
905 4213 1223 4285 ἀτιμάζεις.
1293 4211 1401 4264 Καὶ
1449 4210 1541 4263 τὸν
1604 4210 1873 4281 ἀγιασμὸν

306 4310 505 4381 ζητῶν,
538 4308 874 4381 παραλογίζῃ
914 4308 1003 4361 τὸν
1029 4307 1127 4377 τὴν
1155 4306 1312 4377 χάριν
1346 4304 1439 4357 106
1468 4304 1738 4375 ἀγιασμοῦ
1760 4304 1873 4359 διο.-

307 4402 539 4471 νέμοντα
591 4401 685 4452 καὶ
730 4400 791 4450 τὸ
832 4396 1129 4449 διδόναιτά
1180 4394 1358 4464 ἀγαθά
1404 4395 1503 4448 οὐκ
1545 4394 1873 4465 ἀρνούμενος

1979 3225 2218 3294 Spiritus
2251 3237 2369 3277 eam
2402 3222 2652 3291 copulam
2683 3219 2878 3273 efficiat
2899 3220 2921 3273 ?
2942 3218 3053 3274 Cur
3077 3220 3325 3273 rixantur
3353 3217 3540 3273 nobis-

1975 3330 2098 3369 cum
2138 3314 2205 3368 de
2230 3313 2381 3367 cultu
2416 3320 2471 3366 et
2509 3310 2827 3365 adoratione
2851 3310 2874 3362 ἲ
2902 3308 3015 3363 Cur
3040 3308 3365 3362 vocabulum
3397 3306 3538 3362 deri-

1974 3404 2103 3459 dent
2149 3404 2329 3457 cultus
2381 3413 2509 3470 erga
2566 3397 2805 3454 divinam
2866 3398 3126 3467 nullaque
3182 3412 3240 3451 re
3299 3395 3534 3465 indigam

1975 3503 2245 3551 naturam.
2280 3492 2446 3559 Quasi
2486 3505 2614 3545 vero
2648 3505 2755 3544 non
2802 3488 2905 3543 sibi
2965 3490 3137 3558 magis
3194 3487 3537 3542 benefaciant

1975 3588 2208 3657 petendo
2244 3585 2497 3649 salutem,
2530 3582 2575 3636 si
2606 3589 2755 3636 certe
2788 3580 2983 3634 salvari
3026 3580 3237 3642 volunt,
3305 3580 3398 3633 sed
3441 3578 3537 3632 h0-

1974 3694 2167 3733 norcm
2199 3676 2435 3745 aliquem
2473 3673 2825 3743 largiantur?
2859 3670 3095 3725 Lucrum
3132 3678 3282 3723 tuum
3315 3678 3398 3726 est
3444 3684 3537 3740 pe-

1975 3768 2137 3823 tentis
2166 3769 2365 3830 oratio,
2403 3780 2511 3819 non
2540 3768 2714 3819 honor
2741 3763 3055 3817 annuentis.
3089 3761 3199 3815 Cur
3225 3776 3356 3832 ergo
3378 3762 3535 3830 quasi

1974 3858 2289 3928 gratiﬁcans
2335 3854 2699 3909 benefacieuti
2748 3862 2916 3913 astas,
2953 3854 3060 3907 imo
3091 3866 3217 3906 vero
3254 3868 3320 3907 ne
3372 3852 3535 3906 bene-

1975 3949 2231 4002 fartorem
2267 3945 2507 4015 quidem,
2544 3960 2666 3999 eum
2701 3945 2796 4013 qui
2826 3945 2967 3997 bona
2999 3950 3239 4014 prarstat,
3268 3945 3536 4013 appellare

1974 4039 2261 4110 dignaris?
2289 4036 2395 4091 Sed
2440 4037 2562 4090 vita:
2595 4036 2849 4105 cupidus,
2877 4036 3231 4090 nihilominus
3260 4035 3536 4089 viviﬁcan-

1976 4140 2081 4185 tem
2114 4132 2352 4200 spernis,
2381 4139 2433 4183 et
2482 4127 2972 4183 sanctiﬁcationem
3020 4141 3288 4196 quaerens,
3344 4126 3539 4181 falsam

1973 4223 2119 4291 geris
2153 4222 2220 4276 de
2254 4222 2440 4289 gratia:
2472 4219 2828 4275 distributore
2885 4220 3234 4273 sententiam.
3282 4218 3346 4272 Et
3407 4233 3530 4272 cum

1974 4316 2116 4369 bona
2148 4313 2411 4383 largiendi
2444 4312 2756 4366 facultatem
2800 4311 2848 4366 ei
2892 4327 3001 4365 non
3031 4326 3218 4381 neges,
3275 4319 3455 4366 tamen
3503 4327 3533 4364 a

1974 4419 2086 4473 quo
2110 4405 2438 4473 postuletur,
2473 4404 2757 4472 indignum
2794 4402 3032 4471 judicas.
3078 4400 3264 4470 Neque
3296 4400 3398 4456 hoc
3449 4417 3534 4457 re-

308 4494 469 4549 αὐτὸν
494 4492 633 4562 ἔχειν
672 4490 771 4561 τὴν
812 4489 1059 4559 δύναμιν,
1089 4487 1182 4541 106
1210 4486 1473 4540 αἰτεῖσθαι
1512 4488 1716 4558 κρίνεις
1745 4488 1871 4541 ἀνά-

1979 4505 2136 4567 putas
2175 4506 2379 4565 quanto
2408 4494 2587 4563 majus
2616 4496 2688 4548 sit
2712 4494 2842 4548 dare
2876 4492 3091 4562 aliquod
3123 4498 3349 4555 bonum,
3372 4506 3533 4561 quam

307 4590 437 4655 ξιον.
489 4586 621 4640 Οὐδὲ
660 4584 816 4637 10610
866 4583 1231 4653 λογιζόμενος,
1275 4585 1384 4655 ὅσῳ
1431 4584 1612 4655 μεῖζόν
1645 4585 1760 4636 ἐστι
1809 4584 1872 4636 16

304 4678 484 4732 δοῦναί
511 4694 563 4732 τι
597 4676 819 4744 ἀγαθὸν,
847 4673 940 4728 106
973 4674 1277 4743 αίτηθῆναι.
1320 4674 1410 4744 Τῷ
1444 4675 1542 4745 μὲν
1579 4674 1686 4744 γὰρ
1716 4675 1868 4743 αίτη-

306 4774 471 4836 θέντι,
498 4771 559 4823 οὐ
586 4770 799 4832 πάντως
830 4769 1241 4839 προσμαρτυρεῖ
1266 4767 1325 4819 16
1348 4766 1630 4837 μεγαλεῖον
1656 4768 1689 4836 ἡ
1719 4766 1861 4836 αττη-

1975 4590 2046 4644 ab
2076 4589 2262 4659 aliquo
2291 4588 2343 4641 id
2374 4586 2662 4658 postulari.
2705 4584 2918 4639 Etenim
2952 4584 2999 4639 ei
3036 4599 3066 4637 a
3114 4599 3224 4654 quo
3268 4583 3531 4653 poscitur,

1974 4696 2084 4734 non
2119 4688 2352 4735 testatur
2376 4677 2831 4747 magniﬁcentiam
2862 4675 3197 4746 postulatio;
3238 4674 3353 4728 ﬁeri
3388 4674 3535 4729 enim

1975 4779 2169 4840 potest,
2206 4778 2267 4823 ut
2309 4777 2569 4838 poscatur
2611 4767 2816 4837 aliquid
2857 4782 2924 4820 ex
2959 4781 3025 4820 eo
3054 4764 3146 4834 qui
3199 4777 3306 4816 non
3351 4762 3531 4817 habet.

308 4878 428 4925 σις’
480 4862 700 4914 δυνατὸν
745 4861 853 4930 γάρ
880 4863 1025 4912 ἐστιν
1074 4858 1358 4928 αίτηθῆναί
1406 4875 1459 4910 τι
1510 4858 1603 4911 καὶ
1652 4858 1741 4911 τὸν
1794 4859 1867 4928 μὴ

1973 4861 2105 4915 Nam
2136 4861 2431 4931 postulatio
2461 4859 2679 4930 quidem
2706 4874 2805 4929 pro
2828 4857 3055 4911 arbitrio
3081 4853 3403 4923 postulantis
3434 4853 3491 4906 ﬁt
3516 4870 3531 4919 ;

305 4954 514 5022 ἔχοντα.
563 4952 686 5005 Ἐπὶ
715 4953 821 5023 γὰρ
846 4953 911 5022 τῇ
938 4949 1252 5021 προαιρέσει
1294 4948 1387 5003 106
1419 4949 1691 5013 αἱτοῦντός
1721 4950 1866 5002 ἐστι·

305 5049 331 5099 6
356 5046 411 5097 δὲ
446 5042 739 5113 παρασχών
770 5060 823 5096 τι
862 5041 1083 5110 ἀγαθὸν,
1112 5040 1474 5111 ἀναμφίϐολον
1514 5040 1614 5109 τῆς
1643 5040 1874 5111 προσού-

308 5153 408 5205 σης
445 5135 589 5205 αὐτῷ
612 5135 891 5204 δυνάμεως
913 5134 1203 5204 πεποίηται
1232 5132 1331 5203 τὴν
1364 5132 1637 5198 ἐπίδειξιν.
1665 5133 1730 5185 Τί
1756 5128 1869 5195 οὖν,

303 5233 365 5283 16
406 5228 586 5300 μεῖζον
633 5228 779 5297 αὐτῷ
814 5225 1273 5298 προσμαρτυρῶν,
1325 5224 1467 5292 λέγω
1496 5224 1551 5276 δὲ
1600 5225 1659 5278 16
1711 5224 1870 5279 δύνα-

307 5323 431 5377 σθαι
459 5322 639 5374 δοῦναι
685 5323 790 5373 πᾶν
816 5320 843 5371 6
878 5337 930 5372 τι
982 5318 1167 5383 καλὸν,
1197 5318 1271 5379 ὡς
1300 5316 1533 5387 μεγάλου
1561 5317 1704 5379 τινὸς
1738 5318 1871 5370 ἀπο-

307 5417 515 5485 περείς
545 5413 643 5483 τῆς
670 5414 955 5482 αἰτήσεως,
988 5410 1158 5463 καίτοι
1198 5409 1355 5462 τοῦτο
1386 5407 1659 5470 πολλάκις,
1688 5407 1869 5471 καθὼς

305 5509 537 5579 εἴρηται,
566 5507 659 5559 καὶ
700 5506 790 5557 ἐπὶ
830 5504 936 5556 τῶν
957 5503 1166 5565 οὐδενὸς
1193 5500 1395 5571 κυρίων
1424 5501 1491 5553 δι’
1535 5501 1743 5571 ἀπάτης
1772 5499 1865 5553 106

307 5601 613 5673 προσιόντος
636 5601 858 5669 γίνεται.
887 5596 1104 5650 Αίτοῦσι
1130 5596 1221 5648 καὶ
1256 5594 1403 5666 παρὰ
1425 5595 1532 5647 τῶν
1557 5594 1789 5651 εἰδώλων
1818 5598 1866 5650 οί

374 5785 414 5815 η
456 5785 471 5835 I
504 5782 636 5841 Reg.
676 5797 707 5833 ιι
730 5819 745 5841 ,
776 5780 865 5835 50.
941 5780 985 5812 "
1018 5776 1176 5833 Joan.
1209 5793 1323 5832 xvn
1347 5816 1362 5837 .
1394 5776 1425 5830 4
1454 5793 1573 5839 sou.

1972 4955 2066 5026 qui
2095 4969 2225 5010 vero
2274 4954 2477 5007 bonum
2533 4952 2752 5020 aliquod
2802 4949 3042 5010 exhibet.
3084 4946 3359 5000 indubiam
3407 4944 3532 4999 facit

1973 5047 2231 5104 haerentis
2257 5046 2360 5102 sibi
2394 5045 2673 5100 facultatis
2716 5040 3255 5096 demonstrationem.
3288 5038 3400 5092 Cur
3435 5037 3533 5107 igi-

1972 5150 2082 5205 tur,
2112 5156 2237 5196 cum
2272 5140 2341 5195 de
2370 5146 2564 5194 sancto
2593 5136 2799 5207 Spiritu
2832 5134 2884 5188 id
2915 5132 3057 5202 quod
3088 5129 3264 5200 majus
3292 5128 3529 5193 fatearis,

1974 5247 2173 5302 nempe
2198 5247 2322 5287 eum
2356 5246 2517 5301 posse
2546 5230 2746 5283 bonum
2778 5224 2998 5296 aliquod
3029 5225 3396 5293 suppeditare,
3411 5235 3531 5285 cur,

1974 5327 2220 5395 inquam,
2252 5339 2354 5379 ceu
2387 5337 2642 5392 magnum
2669 5320 2799 5390 quid
2822 5332 3043 5389 precum
3078 5317 3336 5370 honorem
3369 5313 3531 5367 dene-

1974 5434 2091 5489 gas,
2124 5430 2435 5488 quanquam
2488 5414 2591 5468 hoc
2628 5427 3000 5482 sarpenumero
3022 5455 3037 5478 ,
3069 5418 3131 5465 ut
3186 5409 3390 5463 dictum
3426 5412 3531 5463 est.

1973 5512 2137 5567 etiam
2165 5523 2293 5579 erga
2329 5506 2533 5561 nullius
2562 5505 2641 5559 rei
2674 5511 2948 5576 potentem
2972 5516 3158 5558 errore
3178 5490 3530 5571 supplicantis

1976 5601 2075 5656 ﬁt?
2110 5599 2247 5656 Ecce
2279 5599 2422 5655 enim
2458 5604 2649 5669 petunt
2679 5596 2842 5653 etiam
2869 5596 2940 5651 ab
2974 5594 3135 5651 idolis
3165 5591 3416 5647 vanitatis
3450 5588 3530 5642 fa-
