4020 6494
518 349 645 406 1531

1714 349 1770 405 S.
1811 349 2132 407 GREGORII
2166 348 2459 406 NYSSENI

3612 355 3756 410 r532

516 463 672 527 muli,
702 479 823 533 qua-
857 463 961 519 sibi
997 472 1212 535 optant,
1264 480 1441 535 neque
1472 472 1653 519 tamen
1691 465 1919 534 gloriam
1971 465 2073 518 ali-

2204 464 2273 533 ’ἧς
2306 464 2659 535 ματαιότητος
2690 464 2863 519 δοῦλοι
2890 466 2958 519 τά
2983 466 3123 519 κατά
3146 466 3370 540 γνώμην
3399 469 3603 534 αὑτοῖς,
3634 471 3752 524 ἀλλ’

516 571 678 626 quam
708 554 869 611 idolis
906 556 1145 627 aspergit
1170 556 1503 626 postulatio:
1545 556 1865 611 adoratores
1899 566 2075 610 autem

515 661 701 701 errore
728 646 963 715 decepti,
996 647 1390 715 exspectationi
1410 648 1779 717 consequendi
1802 650 1945 717 quod
1964 664 2081 717 spe-

520 744 643 790 rant
689 737 1068 809 indulgentes.
1098 753 1127 790 a
1179 738 1507 807 postulando
1558 753 1667 792 non
1722 749 1956 794 cessant.
1997 739 2079 793 Tu

518 841 649 881 vero
687 842 809 880 cum
864 828 999 883 satis
1043 843 1365 897 persuasum
1417 828 1620 884 habeas
1660 837 1794 899 quot
1852 843 2081 899 quanto-

519 931 754 985 rumque
821 933 1108 972 munerum
1175 918 1335 972 dator
1381 918 1455 973 sit
1510 928 1735 974 sanctus
1805 918 2080 991 Spiritus,

522 1007 799 1077 postulare
825 1008 1054 1077 negligis
1070 1006 1483 1077 ?Conl’ugisque
1506 1008 1570 1061 ad
1594 1007 1885 1064 Mosaicam
1912 1012 2081 1081 legem

519 1101 797 1171 jubentetu
861 1101 1147 1154 Dominum
1208 1100 1376 1154 Deum
1444 1100 1705 1164 adorare,
1766 1113 1819 1156 et
1878 1105 1926 1157 ei
1983 1105 2084 1158 soli

523 1194 731 1248 cultum
754 1193 1011 1247 exhibere
1032 1194 1117 1246 "?
1142 1193 1424 1259 Quomodo
1455 1201 1634 1248 tamen
1658 1196 1707 1250 ei
1726 1197 1824 1251 soli
1852 1199 2083 1261 cultum,

522 1299 730 1351 quaso,
785 1284 1092 1348 exhibebis,
1153 1284 1281 1337 dum
1324 1300 1447 1339 eum
1493 1288 1698 1340 scindis
1740 1303 1771 1341 a
1824 1303 1921 1343 sua
1962 1304 2084 1343 cum

529 1374 816 1445 Unigenito
858 1374 1179 1445 Spirituque
1219 1376 1437 1446 proprio
1471 1378 1910 1448 conjunctione?
1950 1379 2084 1433 Pro-

526 1467 675 1522 fecto
701 1468 788 1521 hic
815 1465 1078 1522 Judaicus
1109 1468 1287 1522 cultus
1307 1478 1408 1523 est.

595 1558 687 1615 24.
722 1556 827 1613 Sed
869 1559 1058 1613 dices:
1103 1558 1215 1629 Ego
1243 1559 1370 1613 dum
1407 1557 1623 1614 Patrem
1653 1562 1852 1632 cogito,
1889 1561 2085 1617 Filium

529 1648 691 1702 simul
722 1648 825 1702 hac
852 1649 1213 1718 appellatione
1246 1649 1598 1719 complector.
1640 1654 1827 1723 Atqui,
1874 1669 1973 1709 oro
2013 1664 2085 1722 te,

2177 556 2239 607 οὑ
2273 556 2399 625 περὶ
2429 554 2585 607 τοῦτο
2616 554 2771 619 δόξαν
2795 556 2915 609 τινὰ
2949 558 3269 627 προστίθησι
3300 562 3410 622 τοῖς
3444 560 3685 624 είδὼλοις
3716 564 3755 631 ἡ

2179 646 2427 716 αἴτησιςυ
2476 648 2714 699 κάκεῖνοι
2750 646 2807 698 δὲ
2837 646 2905 699 δι’
2937 647 3151 718 ἀπάτης
3188 649 3383 713 αὑτοὺς
3420 653 3755 721 παρέχοντες

2179 734 2475 806 προσδοκίᾳ
2498 735 2589 788 τοῦ
2620 738 2906 806 μετασχεῖν
2928 736 3072 798 τινὸς
3094 731 3167 791 ὧν
3189 738 3517 806 ἐλπίζουσιν,
3546 742 3761 795 αίτοῦν-

2178 842 2269 889 τες
2288 827 2348 878 οὑ
2381 825 2731 879 διαλείπουσι.
2758 827 2831 880 Eii
2862 826 2920 879 δὲ
2942 826 3301 897 πεπεισμένος
3338 830 3465 882 οἴων
3498 831 3588 882 καὶ
3610 832 3757 883 ὅσων

2181 917 2510 987 παρεκτικόν
2539 918 2655 970 ἐστι
2682 918 2743 969 τὸ
2769 917 2991 987 Πνεῦμα
3037 917 3098 970 τὸ
3137 919 3309 986 ἅγιον,
3348 920 3622 992 ὑπερορᾷς
3652 923 3760 991 τῆς

2181 1011 2479 1079 αἰτήσεως,
2520 1010 2613 1063 καὶ
2663 1009 3025 1077 καταφεύγεις
3072 1012 3162 1063 ἐπὶ
3189 1012 3279 1063 τὸν
3310 1012 3472 1081 νόμον
3523 1015 3615 1067 τὸν
3657 1033 3759 1067 κε-

2182 1100 2405 1153 λεύοντα
2438 1099 2625 1171 κύριον
2652 1101 2743 1152 τὸν
2764 1100 2896 1153 Θεὸν
2930 1105 3271 1171 προσκυνεῖν,
3306 1106 3401 1156 καὶ
3426 1103 3570 1175 αὑτῷ
3605 1106 3765 1176 μόνῳ

2183 1193 2491 1261 λατρεύειν;
2524 1193 2648 1254 Πῶς
2672 1188 2765 1244 οὖν
2787 1192 2933 1263 αὑτῷ
2965 1194 3108 1263 μόνῳ
3136 1194 3466 1265 λατρεύσεις,
3493 1198 3612 1249 εἰπέ
3640 1214 3758 1267 μοι,

2185 1285 2482 1355 ἀποσχίσας
2502 1285 2661 1337 αὑτὸν
2673 1285 2773 1354 τῆς
2786 1285 2919 1355 πρὸς
2939 1286 3028 1337 τὸν
3045 1287 3317 1356 Μονογενῆ
3336 1288 3428 1339 καὶ
3451 1288 3509 1340 τὸ
3531 1288 3763 1359 Πνεῦμα

2188 1376 2378 1430 ἑαυτοῦ
2430 1376 2751 1445 συναφείαςς
2792 1376 2905 1429 ἀλλ’
2942 1377 3081 1447 αῦτη
3125 1377 3383 1449 Ἰουδαῖκὴ
3422 1380 3454 1448 ή
3511 1380 3760 1450 προσκύ-

2186 1486 2359 1539 νησις.

2260 1560 2355 1614 κδ’.
2406 1559 2544 1612 Ἀλλ’
2574 1561 2718 1631 ἐρεῖς
2744 1561 2846 1623 ὅτι,
2880 1559 3096 1629 Πατέρα
3127 1558 3341 1623 ἐννοῶν,
3374 1560 3464 1612 καὶ
3509 1560 3601 1613 τὸν
3630 1561 3771 1614 Υἱδν

2187 1656 2255 1723 τῇ
2281 1652 2617 1723 προσηγορίᾳ
2640 1651 3088 1722 συμπεριὲλαϐον.
3118 1652 3222 1705 Τὸν
3242 1652 3298 1706 δὲ
3325 1653 3473 1713 Υἱὸν,
3499 1655 3618 1707 είπέ
3644 1672 3763 1724 μοι,

528 1736 655 1791 dum
700 1735 896 1791 Filium
947 1748 1126 1793 mente
1168 1738 1334 1808 geris,
1385 1754 1565 1794 nonne
1618 1742 1781 1796 simul
1827 1743 2087 1814 Spiritum

2204 1747 2253 1814 ιῇ
2274 1744 2480 1814 διανοίᾳ
2505 1742 2706 1807 λαϐὼν,
2736 1739 2823 1814 ἆρ’
2842 1743 2902 1797 οὑ
2929 1743 3320 1813 συμπαρεδέξω
3338 1745 3431 1799 καὶ
3454 1746 3515 1799 τὺ
3536 1747 3767 1815 Πνεῦμα

529 1837 777 1883 sanetum
807 1843 925 1884 com
938 1831 1275 1899 prehendis?
1302 1830 1443 1887 Sane
1471 1835 1846 1892 contradicere
1874 1840 2085 1908 nequis.

530 1921 814 1986 Quomodo
858 1923 1002 1977 enim
1046 1920 1269 1987 Filium,
1337 1924 1442 1979 nisi
1496 1925 1549 1979 in
1622 1925 1831 1992 Spiritu
1900 1940 2091 1985 sancto

532 2011 933 2067 conﬁteberis?
962 2011 1322 2079 Quandonam
1368 2016 1534 2086 igitur
1575 2034 1604 2072 a
1666 2016 1809 2073 Filio
1851 2019 2091 2091 Spiritus

533 2103 861 2175 sejungitur,
918 2105 997 2159 ita
1033 2115 1093 2160 ut
1136 2108 1362 2161 adorato
1420 2109 1596 2177 Patre,
1649 2128 1758 2166 non
1798 2112 1958 2169 simul
2002 2115 2094 2170 ﬂat

537 2191 659 2247 Filii
711 2208 775 2248 ac
809 2192 1045 2261 Spiritus
1099 2197 1387 2252 adoratio?
1426 2200 1603 2270 Ipsam
1653 2218 1782 2259 vero
1820 2206 2095 2261 adoratio-

533 2299 659 2339 nem
711 2286 1005 2356 quidnam,
1056 2303 1188 2353 oro,
1249 2306 1372 2347 esse
1428 2294 1764 2359 existimant,
1816 2311 1978 2365 quam
2036 2307 2095 2352 ut

536 2376 797 2430 eximium
822 2379 1092 2447 quoddam
1130 2398 1330 2438 munus
1356 2398 1615 2454 supremo
1639 2384 1748 2440 Deo
1782 2386 2092 2456 largientes,

536 2473 701 2537 atque
724 2469 791 2523 ad
828 2469 1003 2540 ipsum
1046 2485 1217 2543 usque
1269 2472 1636 2547 Unigenitum,
1672 2478 1817 2534 hunc
1846 2482 2095 2550 quando—

532 2570 643 2623 que
672 2555 933 2612 honorem
968 2560 1383 2626 transferentes,
1427 2565 1650 2636 Spiritui
1680 2576 1861 2625 tamen
1897 2571 1949 2625 id
1979 2587 2099 2626 mu-

538 2660 643 2700 nus
698 2646 945 2717 negant?
980 2647 1228 2704 Humana
1279 2654 1498 2722 quidem
1551 2660 1894 2716 consuetudo
1945 2660 2096 2715 bumi

538 2736 987 2805 inclinationem,
1032 2758 1144 2812 qua
1209 2745 1414 2800 subditi
1478 2751 1882 2818 potentioribus
1939 2754 2100 2809 obse-

537 2840 801 2898 quuntur,
833 2832 1203 2890 adoratiouem
1225 2838 1495 2907 appellat:
1522 2840 1667 2896 sicut
1704 2845 1846 2898 enim
1886 2854 2101 2902 constat

537 2921 801 2978 Jacobum
827 2926 1216 2993 patriarcham,
1249 2938 1310 2983 ut
1340 2930 1528 2988 fratris
1556 2933 1691 2987 iram
1708 2947 2098 3007 compesceret,

538 3013 905 3085 imparitatem
942 3032 1095 3073 suam
1130 3027 1185 3073 et
1224 3020 1586 3079 humilitatem
1610 3026 1715 3081 hoc
1762 3027 1949 3083 habitu
1976 3046 2102 3085 cor-

2190 1837 2251 1889 τὸ
2277 1836 2458 1905 ἀγιονς
2492 1837 2606 1889 Οὑκ
2645 1836 2711 1889 ἂν
2747 1836 3033 1898 ἀντείποις.
3069 1836 3192 1899 Πῶς
3220 1836 3326 1908 γὰρ
3361 1837 3521 1890 αὑτὸν
3564 1838 3766 1907 ὁμολο-

2192 1928 2399 1996 γήσεις,
2435 1927 2512 1998 μὴ
2534 1928 2592 1978 ἐν
2620 1925 2894 1995 Πνεύματι
2924 1926 3101 1994 ἀγίῳς
3133 1926 3265 1979 Πότε
3291 1922 3383 1980 οὖν
3414 1925 3507 1979 τοῦ
3540 1927 3673 1980 Υἱοῦ
3702 1928 3767 1980 τό

2194 2020 2416 2089 Πνεῦμα
2432 2019 2740 2090 χωρίζεται,
2767 2017 2905 2070 ὥστε
2925 2016 3017 2070 τοῦ
3042 2018 3250 2087 Πατρὸς
3267 2018 3766 2089 προσκυνουμένου,

2198 2110 2271 2181 μὴ
2296 2108 2902 2179 συμπεριλαμϐάνεσθαι
2932 2106 3067 2178 μετά
3090 2107 3182 2161 τοῦ
3206 2107 3332 2160 Υἱοῦ
3359 2110 3452 2161 καὶ
3474 2107 3569 2160 τοῦ
3597 2108 3770 2161 ΙΙνεὺ-

2198 2214 2363 2272 ματος
2394 2201 2493 2270 τὴν
2536 2199 2920 2270 προσκύνησιν.
2957 2199 3135 2268 Αὐτὴν
3167 2198 3225 2251 δὲ
3269 2197 3366 2269 τὴν
3394 2198 3771 2269 προσκύνησιν

2194 2295 2247 2347 τί
2278 2309 2406 2346 ποτε
2437 2289 2573 2345 εἶναι
2620 2288 2943 2359 λογίζονται,
2971 2291 3039 2361 ἢν
3072 2291 3147 2354 ὡς
3186 2290 3460 2361 ἐξαίρετόν
3499 2308 3552 2343 τι
3594 2292 3772 2362 γέρας

2195 2384 2273 2454 τῷ
2303 2384 2395 2439 ἐπὶ
2426 2384 2640 2437 πάντων
2667 2382 2783 2454 Θεῷ
2820 2382 3183 2453 χαριζόμενοι,
3217 2384 3310 2435 καὶ
3339 2383 3442 2445 ἕως
3465 2382 3560 2435 τοῦ
3592 2384 3769 2436 Μονο-

2198 2475 2386 2545 γενοῦς
2412 2476 2521 2529 ἔσθ’
2543 2477 2631 2529 ὅτε
2670 2476 2767 2545 τὴν
2794 2474 2957 2546 τιμὴν
2984 2473 3185 2545 ταύτην
3219 2473 3641 2538 διαϐιϐάζοντες,
3670 2476 3768 2527 ar.»

2196 2567 2405 2633 αξιοῦσι
2444 2569 2505 2621 τὸ
2529 2566 2748 2637 Πνεῦμα
2780 2566 2872 2619 τοῦ
2905 2566 3143 2619 τοιούτου
3174 2567 3390 2638 γέρως;
3430 2567 3493 2618 Ἦ
3523 2566 3625 2635 μὲν
3656 2566 3775 2636 γάρ

2197 2660 2509 2730 ἀνθρωπίνη
2554 2657 2808 2727 συνήθεια
2852 2657 2957 2727 τὴν
2993 2655 3128 2727 πρὸς
3165 2656 3226 2709 τὸ
3262 2655 3451 2725 ἔδαφος
3492 2656 3602 2708 τῶν
3630 2656 3765 2707 ὑπο-

2199 2752 2417 2823 χειρίων
2438 2750 2723 2813 ἐπίκλισιν,
2748 2749 2813 2819 ἢν
2835 2748 3198 2819 ἀσπαζόμενοι
3214 2748 3340 2811 τοὺς
3364 2748 3769 2818 δυνατωτέρους

2200 2842 2592 2913 ἐπιτηδεύουσι,
2622 2840 2778 2896 τοῦτο
2804 2840 3197 2912 προσαγορεύει
3225 2839 3596 2911 προσκύνησιν
3618 2856 3631 2869 ·
3662 2856 3770 2891 κα-

2202 2936 2310 2999 θὼς
2344 2934 2587 3003 φαίνεται
2622 2934 2715 2988 καὶ
2740 2934 2770 2986 ό
2800 2933 3147 3003 Πατριάρχης
3190 2931 3382 2984 Ἰακὼϐ
3408 2929 3503 2983 τοῦ
3537 2929 3777 2998 ἀδελφοῦ

2200 3027 2299 3096 τὴν
2319 3024 2485 3097 ὀργὴν
2514 3023 2822 3094 ἱλεούμενος
2848 3024 2908 3075 τὸ
2929 3022 3346 3093 καταδεέστερον
3378 3021 3482 3075 ὑπὸ
3511 3037 3769 3074 ταπεινο-

540 3106 714 3174 poris,
742 3104 869 3159 dum
910 3107 961 3161 ei
1021 3121 1375 3178 occurreret,
1410 3113 1893 3174 demonstravisse.
1931 3138 1949 3170 ι
1997 3121 2099 3175 Ad-

2204 3115 2492 3189 φροσύνης,
2523 3113 2613 3167 διὰ
2634 3113 2727 3167 τοῦ
2762 3112 3001 3166 τοιούτου
3042 3114 3315 3184 σχήματος
3347 3115 3405 3166 ὲν
3432 3115 3498 3182 τῇ
3524 3112 3770 3180 ὑπαντή-

541 3196 720 3251 oravit
755 3217 772 3249 ι
815 3199 957 3253 enim
984 3239 1005 3265 ,
1036 3200 1211 3271 inquit
1257 3202 1560 3275 Scriptura,
1603 3222 1808 3277 pronus
1858 3209 1913 3263 in
1955 3217 2099 3267 terra

2204 3227 2283 3264 σει
2311 3209 2445 3281 πρὸς
2482 3208 2639 3262 αὑτὸν
2685 3207 3101 3261 ἐπιδείκνυσθαι.
3136 3224 3154 3257 ι
3193 3204 3571 3277 Προσεκὺνησε
3608 3223 3627 3255 ι
3663 3204 3779 3273 γάρ

543 3297 629 3344 ter
655 3293 722 3344 ".
753 3311 773 3344 ι
804 3290 1024 3350 Fratres
1050 3310 1267 3367 quoque
1310 3296 1556 3370 Iosephi,
1604 3303 1845 3371 quandiu
1881 3306 2099 3375 ignora-

2207 3317 2359 3371 φησι,
2389 3318 2407 3349 ι
2438 3298 2619 3368 τρίτον
2649 3297 2759 3367 (14)
2788 3297 2881 3349 ἐπὶ
2902 3296 3001 3367 τὴν
3028 3298 3151 3367 γῆν.
3187 3315 3205 3347 ι
3245 3296 3353 3349 Kal.
3371 3295 3420 3347 οί
3443 3293 3538 3347 τοῦ
3572 3292 3771 3363 Ἰωσὴφ

543 3380 696 3447 bant,
743 3383 941 3455 illeque
990 3386 1354 3457 ignorantiam
1385 3404 1571 3445 coram
1622 3394 1758 3462 ipsis
1808 3397 2099 3452 simulabat

2204 3390 2440 3460 ἀδελφοὶ,
2471 3390 2577 3453 ἓως
2613 3389 2766 3442 αὑτοί
2790 3405 2848 3441 τε
2876 3389 3121 3458 ἠγνόουν,
3150 3390 3397 3450 κάκεῖνος
3424 3387 3521 3458 τὴν
3554 3386 3781 3455 ἄγνοιαν

546 3472 619 3527 ob
650 3473 933 3544 dignitatis
952 3490 1065 3531 sua:
1086 3478 1520 3546 amplitudinem,
1559 3484 1880 3540 adoratione
1912 3498 2104 3557 poten-

547 3571 720 3617 tatum
745 3564 873 3633 ejus
899 3565 1302 3622 honoraverunt
1324 3570 1390 3624 “.
1417 3572 1683 3627 Adoravit
1717 3574 1845 3630 item
1878 3593 2106 3647 magnus

548 3654 894 3711 Abrahamus
936 3656 1207 3714 Chettaaos
1251 3667 1412 3716 terra;
1446 3662 1650 3719 incolas
1700 3665 1910 3721 advena
1929 3668 1995 3733 “,
2042 3670 2108 3723 si-

551 3746 836 3818 gniﬁcans,
871 3758 931 3802 ut
968 3758 1121 3820 puto,
1159 3760 1496 3824 quantopere
1522 3755 1791 3827 indigenae
1827 3760 2109 3829 inquilinis

550 3846 735 3894 essent
766 3841 1118 3910 potentiores.
1157 3843 1323 3899 Multa
1383 3846 1489 3900 alia
1526 3846 1839 3917 hujusmodi
1878 3854 2111 3907 recitare

552 3929 739 3985 liceret
786 3940 899 3987 tum
938 3948 1001 3989 ex
1050 3935 1292 4005 antiquis
1346 3938 1617 4005 historiis,
1669 3951 1784 3995 tum
1833 3944 1996 3998 etiam
2044 3960 2108 3999 ex

553 4020 914 4088 praesentibus
940 4022 1065 4077 vita:
1088 4025 1370 4093 exemplis.
1410 4025 1549 4082 Num
1583 4028 1749 4099 igitur
1778 4030 1851 4084 ita
1884 4042 2111 4088 censent

551 4111 734 4176 etisti
766 4111 834 4167 de
878 4112 1239 4169 adoratione?
1270 4116 1469 4181 Quidni
1518 4134 1647 4174 vero
1686 4120 1760 4175 sit
1795 4121 2109 4187 ridiculum,

554 4215 626 4256 ne
651 4201 755 4257 hoc
780 4204 999 4272 quidem
1016 4205 1283 4276 obsequio
1302 4207 1565 4279 Spiritum
1597 4222 1849 4267 sanctum
1874 4214 2111 4285 dignari.

552 4309 666 4365 quo
696 4296 1218 4354 etlamChananaeos
1248 4301 1561 4370 patriarcha
1593 4303 1851 4375 dignatus
1871 4309 1999 4362 est?
2032 4311 2115 4363 Au

2204 3484 2338 3551 πρὸς
2372 3482 2566 3542 αὐτοὺς
2617 3479 2957 3551 ὑπεκρίνετο,
2981 3480 3069 3533 διὰ
3104 3480 3165 3532 τὸ
3192 3480 3453 3551 ὑπερέχον
3476 3478 3571 3531 τοῦ
3611 3477 3777 3543 ἀξιώο

2209 3590 2397 3643 ματος,
2445 3576 2508 3643 τῇ
2564 3574 2928 3643 προσκυνήσει
2972 3572 3070 3643 τὴν
3128 3572 3438 3625 δυναστείαν
3483 3572 3775 3642 ἐτίμησαν.

2208 3668 2508 3738 Προσκυνεῖ
2530 3665 2586 3718 δὲ
2611 3668 2639 3718 ό
2674 3664 2847 3735 μέγας
2880 3664 3127 3735 Ἀϐραὰμ
3151 3665 3275 3727 τοὺς
3307 3664 3622 3727 Χετταίους,
3650 3664 3783 3727 τοὺς

2208 3757 2503 3827 ἐγχωρίους
2532 3758 2561 3807 ό
2604 3755 2828 3824 ἔπηλυς,
2872 3755 3108 3818 δεικνὺς,
3146 3751 3412 3825 οἵμαι,δι’
3457 3748 3533 3808 ὧν
3579 3754 3778 3815 ἐποίει,

2208 3853 2331 3905 ὅσον
2371 3853 2419 3903 οί
2444 3850 2767 3919 αὐτόχθονες
2802 3850 2911 3903 τῶν
2955 3848 3356 3920 παροικούντων
3396 3846 3782 3917 ἐπικρατέστε-

2214 3959 2317 4013 ροι.
2348 3942 2457 3994 Καὶ
2479 3940 2649 3993 πολλά
2667 3938 2888 3994 τοιαῦτα
2906 3940 3083 4008 λέγειν
3105 3941 3219 3993 ἐστι
3238 3940 3300 3993 ἐκ
3320 3956 3378 3993 τε
3407 3940 3514 3993 τῶν
3539 3939 3785 4010 ἀρχαίων

2211 4034 2582 4103 διηγημάτων,
2614 4033 2709 4085 καὶ
2736 4033 2800 4084 ὲκ
2837 4031 2945 4084 τῶν
2975 4032 3256 4102 παρόντων
3291 4031 3385 4084 τοῦ
3414 4031 3529 4100 βίου
3565 4030 3781 4082 ὑποδειο

2214 4124 2456 4194 γμάτων.
2479 4118 2605 4195 Ἀρ*
2627 4118 2719 4177 οῦν
2739 4122 2900 4175 τοῦτο
2919 4122 3100 4175 νοοῦσι
3128 4124 3219 4175 καὶ
3242 4123 3391 4175 αὑτοὶ
3420 4123 3517 4192 τὴν
3542 4120 3785 4191 προσκύ-

2214 4232 2399 4287 νησιν;
2442 4216 2550 4268 Καὶ
2596 4214 2712 4278 πῶς
2757 4215 2818 4268 οὑ
2862 4213 3261 4282 καταγέλαστον
3306 4213 3365 4266 τὸ
3415 4214 3552 4283 μήτε
3594 4213 3785 4266 τούτου

2214 4306 2420 4360 οἴεσθαι
2448 4307 2556 4360 δεῖν
2584 4306 2767 4371 ἀξιοῦν
2804 4305 2867 4359 τὸ
2891 4304 3115 4375 Πνεῦμα
3145 4304 3208 4358 τὸ
3245 4305 3418 4372 ἅγιον,
3447 4300 3508 4357 οῦ
3542 4306 3635 4357 καὶ
3659 4305 3787 4366 τοὺς

555 4400 687 4439 vero
719 4387 880 4441 aliam
936 4389 1197 4460 aliquam,
1258 4401 1457 4461 przeter
1521 4396 1685 4459 hanc,
1740 4399 2095 4454 adorationen

2218 4400 2549 4464 Χαναναίους
2588 4402 2617 4453 ό
2659 4398 3006 4470 Πατριάρχης
3050 4396 3310 4467 ἡξίωσεν;
3347 4398 3417 4450 Ἦ
3456 4396 3622 4465 ἀλλην
3663 4396 3788 4447 τι.νά

554 4492 678 4533 esse
708 4478 1039 4544 existimant,
1066 4496 1123 4537 ut
1142 4486 1311 4538 altera
1336 4486 1553 4556 quidem
1582 4488 1918 4553 hominibus,
1942 4491 2099 4544 alter:

2220 4491 2370 4563 παρά
2393 4492 2593 4561 ταύτην
2621 4490 2897 4561 νομίξουσι
2928 4490 3026 4561 τὴν
3051 4489 3434 4559 προσκύνησιν,
3458 4488 3535 4551 ὡς
3556 4490 3654 4557 τὴν
3685 4488 3791 4554 μὲν

554 4586 686 4626 vero
712 4573 1135 4640 supereminenti
1166 4586 1374 4631 naturae
1392 4579 1724 4634 conveniens
1748 4580 1860 4635 sit?
1881 4581 1993 4636 Cur
2013 4583 2116 4635 ita-

556 4678 664 4732 que
692 4664 917 4717 omnino
946 4667 1243 4734 quamlibet
1275 4670 1653 4725 adorutionem
1686 4672 1916 4742 Spiritui
1950 4675 2113 4743 abju-

556 4757 759 4817 dicant,
791 4772 859 4812 ne
880 4757 1026 4811 illam
1057 4759 1278 4828 quidem
1303 4778 1425 4833 qum
1450 4764 1763 4820 hominibus
1794 4767 2119 4821 conceditur

556 4848 727 4902 eidem
758 4848 1092 4918 largientes!

627 4937 720 4993 25.
754 4937 1056 5003 Quemnam
1088 4955 1220 4997 vero
1265 4940 1522 5011 judicant
1576 4947 1795 5017 proprie
1828 4946 1947 5003 Deo.
1970 4949 2112 5003 assi-

562 5036 785 5097 gnatum
818 5028 1156 5085 adorationis
1186 5031 1407 5086 modum
1435 5032 1458 5085 ?
1482 5030 1679 5090 Verbis
1710 5036 1979 5105 prolatum
2002 5078 2017 5099 ,
2052 5053 2120 5091 an

561 5118 821 5189 corporis
842 5119 1030 5175 habitu
1068 5120 1421 5179 factitatum?
1469 5123 1614 5181 Sane
1656 5136 1889 5197 uterque
1929 5127 2123 5182 modus

560 5213 700 5283 apud
737 5213 987 5270 homines
1028 5231 1247 5286 quoque
1290 5216 1707 5287 frequentatur;
1767 5236 1889 5274 nam
1930 5228 1986 5275 et
2038 5220 2120 5274 di-

560 5309 761 5357 cuntur
784 5303 926 5358 inter
956 5306 1215 5361 homines
1251 5308 1439 5373 verba,
1479 5318 1534 5365 et
1576 5326 1869 5381 corporum
1926 5321 2116 5381 gestus

560 5394 716 5449 ﬁunt.
748 5395 889 5460 Quid
918 5412 1044 5467 ergo
1101 5400 1243 5468 apud
1300 5398 1467 5455 Deum
1525 5404 1917 5471 priestantius?
1953 5404 2118 5459 Certe

561 5486 784 5542 cuilibet
814 5502 949 5541 sano
982 5490 1186 5543 homini
1245 5499 1480 5557 constat,
1514 5495 1723 5549 nullum
1760 5495 1962 5551 habere
2005 5496 2111 5549 hu.

2214 4579 2539 4652 ἀνθρώποις,
2565 4580 2663 4651 τὴν
2708 4580 2764 4633 δὲ
2791 4581 2858 4650 τῇ
2910 4578 3249 4649 ὑπερεχούσῃ
3283 4577 3439 4645 φύσει
3477 4577 3793 4646 προσήκοι)⁸

2216 4690 2347 4739 σαν;
2384 4671 2506 4734 Πῶς
2557 4668 2650 4725 οῦν
2693 4670 2920 4725 καθόλου
2963 4670 3062 4741 τὴν
3108 4669 3472 4740 προσκύνησιν
3506 4667 3795 4720 ἀθετοῦσιν

2213 4765 2307 4817 ἐπὶ
2353 4764 2447 4817 τοῦ
2498 4763 2831 4836 Πνεῦματος,
2889 4762 3022 4834 μηδὲ
3072 4764 3170 4832 τὴν
3202 4762 3294 4814 ἐπὶ
3340 4760 3447 4813 τῶν
3489 4760 3795 4831 ἀνθρώπων

2224 4859 2719 4927 συγκεχωρημένην
2748 4854 2896 4925 αὑτῷ
2925 4854 3299 4926 χαριζόμενοις

2294 4946 2391 5000 κε’.
2416 4948 2548 5001 Τίνα
2571 4947 2629 5000 δὲ
2672 4948 2765 5000 καὶ
2796 4946 3104 5016 νομίζουσιν
3137 4946 3282 5009 ίδίως
3324 4944 3689 5013 ἀπτετάχθαι
3718 4939 3803 5010 τῷ

2224 5036 2343 5106 Θεῷ
2370 5038 2797 5108 προσκυνήσεως
2821 5037 3055 5108 τρόπον;
3092 5038 3167 5090 Τὸ
3193 5040 3366 5090 εἰπεῖν
3392 5037 3469 5105 τῷ
3499 5037 3731 5107 ῥήματι,
3761 5037 3792 5105 ἢ

2224 5125 2289 5179 τὸ
2330 5127 2621 5197 ἐνεργῆσαι
2653 5127 2729 5197 τῷ
2778 5129 3047 5198 σχήματις
3076 5124 3153 5180 Ἦ
3196 5128 3364 5181 ταῦτα
3396 5128 3493 5198 μὲν
3524 5128 3616 5179 καὶ
3657 5126 3792 5193 πρὸς

2223 5219 2540 5288 ἀνθρώπους
2568 5221 2684 5272 ἐστὶ
2712 5221 2893 5274 κοινά’
2931 5223 3023 5274 καὶ
3056 5222 3164 5293 γὰρ
3192 5222 3409 5289 λέγεται
3452 5220 3546 5273 καὶ
3578 5218 3664 5271 ἐπ’
3698 5220 3793 5271 ἀνι

2226 5310 2458 5380 θρώπων
2505 5310 2575 5364 τὰ
2634 5312 2873 5382 ῥήματα,
2929 5313 3022 5365 καὶ
3064 5314 3363 5383 ἐνεργεῖται
3404 5311 3473 5364 τὰ
3517 5312 3799 5379 σχήματα.

2226 5400 2290 5453 Τί
2314 5398 2406 5454 οῦν
2455 5404 2545 5454 ἐπὶ
2591 5403 2725 5456 Θεοῦ
2755 5403 2815 5456 τὸ
2863 5402 3169 5476 ἐξαίρετον;
3199 5400 3275 5457 Ἦ
3327 5404 3488 5456 παντὶ
3531 5402 3691 5471 δῆλον
3721 5401 3794 5470 τῷ

2226 5494 2317 5546 καὶ
2348 5494 2637 5547 ὁποσονοῦν
2669 5495 2903 5560 διανοίας
2932 5497 3240 5567 μετέχοντι,
3266 5498 3343 5550 ὅτι
3368 5495 3500 5549 Θεοῦ
3530 5496 3628 5565 μὲν
3651 5495 3801 5563 ἄξιοι

632 5622 677 5654 ³⁸
715 5622 871 5679 Deut.
909 5640 982 5686 vr,
1024 5627 1107 5682 l3.
1183 5632 1232 5662 "
1268 5628 1400 5685 Gen.
1433 5646 1623 5695 χχχιιι,
1657 5634 1708 5688 5.
1786 5634 1830 5665 ’³
1869 5633 2001 5690 Gen.
2038 5650 2099 5688 ιι

2215 5634 2269 5689 6.
2347 5633 2394 5664 ’⁷⁵
2427 5632 2561 5687 Gen.
2596 5648 2753 5698 χχιιι,
2793 5635 2843 5688 7.

638 5761 756 5835 (ﬂ)
790 5764 1052 5838 Vulgatus
1094 5768 1320 5826 Latinus
1350 5772 1555 5839 septies.
1614 5773 1741 5831 ltcin
1778 5779 1997 5835 (ἔκρουε
2058 5785 2099 5832 cl

2204 5778 2237 5832 ii
2272 5776 2330 5830 in
2362 5776 2706 5843 ptilygluttis.
