4008 6178
429 293 533 352 996

429 409 548 472 fuit,
581 407 833 478 quamdiu
873 405 1003 469 fuit;
1033 418 1153 459 cum
1185 417 1311 458 vero
1347 415 1467 456 esse
1491 401 1758 466 destitit‘,
1792 415 1895 454 non
1929 411 2008 451 est

428 497 569 570 quod
620 497 870 566 luitzqui
915 509 1044 550 vero
1088 509 1192 550 non
1237 491 1697 562 perseveraverit,
1741 491 2008 561 quomodo

431 601 782 660 perseverans
812 587 1091 651 fuit;cum
1136 581 1527 653 perseverando
1570 581 1793 652 quisque
1831 590 2006 634 osten-

430 682 520 735 dat
545 694 602 736 se
639 685 1103 750 perseverantem,
1143 674 1286 744 quod
1328 673 1430 728 iste
1475 686 1581 726 non
1621 669 1784 724 fecit?
1811 669 1913 731 Sed
1944 685 2007 724 ne

432 770 712 842 quisquam
742 769 1031 823 reluctetur
1057 775 1113 821 et
1139 767 1279 821 dicat
1303 807 1318 826 .
1347 764 1402 819 Si
1431 778 1496 818 ex
1524 779 1629 833 quo
1657 761 1830 817 ﬁdelis
1859 762 2009 832 quis-

431 878 536 932 quo
569 861 738 916 factus
763 869 864 925 est,
899 859 1059 923 vixit,
1091 858 1238 912 verbi
1275 857 1441 926 gratia
1463 895 1477 918 ,
1509 855 1694 908 decem
1734 869 1932 916 annos,
1959 862 2012 907 et

432 967 619 1008 eorum
647 950 822 1006 medio
845 959 1085 1018 tempore
1109 963 1137 1000 a
1165 947 1265 1001 ﬁde
1295 947 1474 1015 lapsus
1511 954 1588 998 est
1608 986 1620 1006 ,
1655 960 1829 997 nonne
1855 944 2010 1012 ψιίιι-

434 1057 539 1114 que
561 1056 731 1097 annos
757 1039 1156 1111 perseveravit?
1181 1036 1297 1092 Non
1337 1037 1600 1090 contendo
1629 1035 1695 1090 de
1726 1035 1900 1089 verbis
1924 1076 1938 1098 ,
1969 1035 2012 1088 si

441 1143 497 1190 et
521 1135 608 1190 illa
641 1132 1036 1205 perseverantia
1075 1139 1289 1200 putatur
1323 1144 1442 1182 esse
1481 1127 1734 1191 dicenda,
1767 1136 2012 1195 tanquam

435 1225 691 1296 temporis
716 1225 796 1279 sui
821 1242 833 1276 :
859 1222 994 1276 hanc
1022 1231 1166 1276 certe
1195 1219 1265 1274 de
1291 1236 1395 1288 qua
1426 1233 1564 1273 nunc
1595 1217 1804 1288 agimus
1833 1233 2016 1286 perse-

433 1317 749 1382 verantiam,
777 1330 878 1384 qua
917 1315 971 1368 in
1014 1312 1227 1368 Christo
1253 1319 1626 1382 perseveratur
1655 1325 1824 1379 usque
1867 1309 1922 1362 in
1953 1308 2014 1360 ﬁ-
2063 1304 2073 1322 ’

434 1421 579 1473 nem,
609 1406 751 1461 nullo
780 1403 939 1460 modo
959 1402 1208 1458 habuisse
1227 1401 1485 1456 dicendus
1510 1411 1612 1468 est,
1644 1399 1733 1471 Qui
1763 1414 1864 1454 non
1894 1415 2016 1468 per-

437 1489 762 1551 severaverit
801 1509 970 1562 usque
1010 1494 1062 1547 in
1100 1495 1298 1557 tinem;
1340 1493 1618 1562 potiusque
1661 1491 1798 1546 hanc
1836 1490 2016 1544 habuit

437 1589 599 1643 unius
636 1589 761 1642 anni
792 1587 964 1642 ﬁdelis
983 1628 997 1651 ,
1023 1596 1075 1641 et
1104 1570 1359 1656 quantum
1390 1583 1523 1639 infra
1552 1584 1773 1654 cogitari
1801 1591 1974 1654 potest
1998 1623 2015 1646 ,

441 1684 487 1737 si
528 1683 701 1737 donec
739 1691 1038 1738 moreretur
1080 1681 1304 1735 ﬁdeliter
1332 1679 1498 1742 vixit,
1530 1692 1688 1747 quam
1730 1675 2016 1728 multorum

437 1788 722 1840 annorum,
751 1773 794 1828 si
822 1773 1068 1844 exiguum
1101 1771 1352 1841 temporis
1399 1778 1526 1824 ante
1569 1777 1797 1822 mortem
1839 1782 1868 1818 a
1898 1764 2018 1819 lidei

435 1864 724 1920 stabilitate
751 1864 965 1920 defecit.

508 1955 735 2012 CAPUT
765 1957 828 2010 ll.
855 1987 924 1997 —
947 1957 1001 2010 2.
1044 1956 1161 2024 Quo
1188 1955 1496 2020 constituto,
1526 1953 1801 2008 videamus
1840 1959 2016 2004 utrum

440 2047 556 2103 lucc
578 2049 991 2118 perseverantia,
1019 2049 1085 2102 de
1115 2065 1215 2118 qua
1246 2048 1444 2102 dictum
1472 2056 1573 2109 est,
1606 2046 1706 2109 Qui
1734 2060 2020 2114 persevera-

438 2141 562 2195 verit
591 2157 746 2211 usque
772 2142 824 2195 in
853 2141 1004 2209 ﬁnem
1027 2181 1041 2206 ,
1075 2140 1155 2194 hic
1193 2140 1363 2193 salvus
1411 2138 1504 2192 erit
1536 2135 1760 2208 (Matth.
1789 2151 1843 2198 ι,
1873 2135 1980 2204 22)
2002 2175 2017 2200 ,

443 2217 642 2287 donum
669 2233 740 2287 sit
765 2233 880 2288 Dei.
905 2231 1057 2297 Quod
1098 2232 1142 2285 si
1173 2245 1278 2283 non
1306 2230 1374 2282 sit
1394 2271 1408 2294 ,
1439 2225 1707 2298 quomodo
1733 2241 1913 2279 verum
1941 2233 2023 2278 est

441 2325 584 2396 quod
630 2325 914 2394 Apostolus
943 2324 1016 2376 ait
1036 2363 1050 2382 ,
1088 2321 1238 2375 Vobis
1268 2323 1512 2374 donatum
1551 2329 1623 2372 est
1664 2333 1755 2387 pro
1782 2317 1982 2370 Christo
2003 2357 2018 2379 ,

441 2429 541 2467 non
567 2413 730 2468 solum
755 2423 808 2465 ut
835 2413 1049 2464 credatis
1073 2411 1124 2463 in
1155 2426 1288 2474 eum,
1318 2425 1487 2462 verum
1514 2409 1662 2462 etiam
1683 2416 1739 2459 ut
1761 2405 2022 2474 patiamini

441 2519 534 2572 pro
566 2518 623 2556 eo
651 2501 906 2573 (Philipp.
935 2517 972 2566 ι,
995 2498 1126 2572 29)?
1155 2499 1356 2554 Horum
1382 2498 1576 2568 quippe
1603 2511 1764 2551 unum
1793 2496 2024 2564 pertinet

440 2592 506 2645 ad
538 2591 771 2655 initium,
803 2591 1029 2644 alterum
1058 2589 1126 2644 ad
1173 2589 1329 2643 ﬁnem
1357 2607 1370 2642 :
1395 2597 1676 2657 utrumque
1723 2597 1896 2641 tamen
1940 2596 2024 2640 est

446 2684 540 2738 Dei
568 2683 788 2750 donum,
819 2683 941 2753 quia
965 2692 1246 2751 utrumque
1269 2681 1468 2735 dictum
1493 2689 1574 2734 est
1599 2693 1718 2734 esse
1745 2678 2017 2742 donatum,

445 2779 583 2830 sicut
607 2783 661 2828 et
685 2774 929 2844 superius
950 2773 1058 2842 jam
1089 2772 1341 2826 diximus.
1369 2770 1517 2838 Quod
1541 2771 1681 2824 enim
1705 2780 1785 2824 est
1814 2769 2020 2823 initium

441 2866 622 2920 verius
647 2863 940 2919 christiano
961 2905 973 2927 ,
1001 2878 1161 2933 quam
1203 2862 1426 2917 credere
1464 2863 1517 2916 in
1555 2861 1867 2916 Christum?
1893 2860 2022 2926 Quis

443 2959 566 3012 ﬁnis
591 2957 778 3011 melior
817 2964 928 3020 est,
956 2971 1112 3026 quam
1155 2956 1262 3024 pati
1299 2969 1397 3026 pro
1432 2954 1646 3009 Christo
1667 2955 1721 3008 ’ἰν
1748 2953 1854 3008 Sed
1881 2953 2022 3024 quod

443 3048 509 3101 ad
537 3047 589 3104 id
615 3047 842 3118 pertinet
867 3055 925 3100 ut
948 3046 1194 3100 credatur
1219 3046 1269 3098 in
1294 3045 1560 3100 Christum
1585 3085 1600 3108 ,
1626 3045 2024 3114 qualiscumque

445 3139 657 3195 inventa
689 3148 772 3193 est
795 3137 1167 3202 contradictio,
1214 3145 1272 3189 ut
1299 3136 1496 3190 donum
1526 3136 1618 3189 Dei
1659 3151 1762 3188 non
1793 3135 2020 3200 initium,

440 3231 537 3287 sed
560 3239 900 3302 augmentum
930 3229 1052 3284 ﬁdei
1086 3228 1390 3284 diceretur:
1415 3228 1500 3282 cui
1527 3227 1760 3298 Opinioni
1793 3226 2024 3280 donante

447 3323 672 3376 Domino
717 3323 847 3376 satis
895 3336 1159 3390 superque
1212 3319 1602 3388 respondimus.
1652 3319 1787 3384 Quid
1845 3327 2022 3370 autem

442 3413 546 3467 dici
592 3421 808 3482 potest,
841 3426 936 3464 cur
977 3409 1371 3478 perseverantia
1402 3399 1569 3478 usque
1613 3409 1664 3460 in
1709 3407 1865 3460 ﬁnem
1915 3421 2023 3461 non

444 3503 673 3558 donetur
712 3502 763 3555 in
808 3499 1022 3554 Christo
1047 3540 1060 3564 ,
1093 3499 1176 3552 cui
1217 3498 1447 3550 donatur
1489 3497 1594 3566 pati
1642 3513 1738 3567 pro
1775 3493 2020 3559 Christo,

440 3601 570 3656 aut,
622 3601 678 3644 ut
725 3590 1028 3659 expressius
1068 3589 1306 3658 eloquar,
1354 3587 1437 3642 cui
1479 3587 1704 3641 donatur
1744 3587 1875 3640 mori
1926 3601 2024 3657 pro

441 3680 690 3737 Christo?
711 3680 840 3734 Nam
862 3689 914 3733 et
940 3680 1126 3734 Petrus
1147 3678 1418 3747 apostolus
1437 3676 1634 3731 donum
1661 3678 1749 3731 Dei
1779 3676 1878 3732 hoe
1905 3692 2026 3732 esse

449 3773 820 3824 demonstrans
848 3789 860 3824 :
887 3769 1073 3823 Melius
1097 3779 1186 3835 est,
1222 3767 1406 3838 inquit,
1438 3767 1559 3821 bene
1583 3769 1841 3838 facientes,
1868 3769 1913 3821 si
1943 3783 2025 3822 ve-

447 3863 507 3914 lit
534 3861 766 3915 voluntas
781 3859 919 3924 Dei,
949 3860 1084 3930 pati,
1111 3875 1262 3930 quant
1291 3865 1422 3912 male
1450 3859 1685 3929 facientes
1707 3857 1747 3927 (l
1778 3855 1915 3909 Petr.
1946 3872 2022 3918 ttt,

447 3952 558 4022 1⁸7).
591 3951 723 4004 Cum
753 3949 900 4014 dicit,
933 3949 977 4002 si
1003 3935 1116 4002 veiit
1144 3952 1372 4002 voluntas
1402 3947 1537 4001 Dei:
1558 3947 1789 4002 ostendit
1817 3948 1916 4000 hoc
1941 3946 2024 4000 di-

445 4042 639 4096 vinitus
665 4041 849 4095 donari
875 4083 888 4104 ,
920 4056 1018 4095 nec
1056 4041 1304 4096 omnibus
1333 4042 1530 4094 sanctis
1550 4083 1564 4104 ,
1595 4051 1652 4094 ut
1689 4047 1785 4108 pro
1813 4039 2024 4092 Christo

446 4133 734 4200 patiantur.
765 4130 948 4199 Neque
987 4131 1128 4184 enim
1167 4146 1300 4200 quos
1337 4146 1442 4182 non
1482 4130 1855 4182 vultvolnntas
1889 4125 2024 4180 Dci’

446 4227 725 4295 pervenire
754 4225 817 4278 ad
845 4225 1228 4292 experientiam
1252 4224 1580 4292 gloriamque
1607 4222 1888 4292 passionis,
1919 4237 2022 4274 non

446 4315 761 4384 perveniunt
805 4314 870 4368 ad
917 4329 1137 4383 regnum
1189 4313 1321 4377 Dei,
1367 4313 1411 4366 si
1466 4311 1922 4381 perseveraverint
1974 4313 2024 4364 in

445 4407 662 4462 Christo
687 4421 852 4475 usque
889 4405 942 4458 in
971 4407 1152 4459 ﬁnem.
1185 4403 1288 4459 Sed
1317 4404 1435 4473 quis
1457 4404 1626 4467 dicat,
1657 4404 1771 4456 istis
1800 4419 1905 4456 non
1931 4402 2026 4456 do-

446 4501 558 4551 nati
584 4499 718 4552 hanc
739 4497 1209 4567 perseverantiam,
1239 4495 1326 4564 qui
1350 4495 1658 4565 mgritudine
1680 4495 1917 4564 corporis
1942 4496 2026 4548 vel

445 4579 780 4656 (ptoeumque
822 4601 947 4640 casu
997 4586 1295 4639 moriuntur
1338 4585 1388 4637 in
1430 4584 1674 4649 Christo;
1703 4599 1822 4638 cum
1869 4585 2026 4654 longe

445 4677 712 4731 diflicilior
745 4677 971 4730 donetur
1000 4676 1104 4728 illis
1125 4715 1140 4739 ,
1172 4691 1200 4727 a
1230 4676 1420 4743 quibus
1462 4675 1746 4744 suscipitur
1785 4685 1838 4730 et
1880 4692 2024 4730 mors

446 4773 556 4838 ipsa
589 4784 682 4838 pro
707 4768 959 4823 Christo?
986 4768 1146 4822 Multo
1172 4767 1365 4836 quippe
1397 4768 1661 4821 difﬁcilius
1701 4783 2014 4836 persevera-

452 4873 558 4925 tur,
588 4861 674 4914 ubi
703 4860 802 4914 hoc
825 4859 932 4930 agit
961 4861 1049 4929 qui
1089 4860 1424 4928 persequitur
1447 4875 1513 4913 ne
1543 4873 1930 4928 persevcretur,
1970 4871 2023 4915 et

449 4960 729 5020 propterea
758 4965 924 5019 usque
951 4950 1015 5003 ad
1042 4959 1268 5003 mortem
1299 4951 1588 5004 sustinetur
1615 4960 1670 5004 ut
1713 4968 2021 5020 persevere-

453 5054 556 5094 tur.
585 5041 732 5095 Illam
761 5041 978 5110 proinde
996 5039 1264 5094 difﬁcilius
1287 5042 1755 5108 perseverantiam,
1776 5044 1925 5097 istam
1954 5046 2024 5097 fa-

446 5137 599 5190 cilius
625 5147 707 5190 est
739 5137 932 5190 habere
958 5154 970 5188 :
998 5135 1092 5189 sed
1124 5136 1204 5190 cui
1232 5136 1361 5189 nihil
1386 5136 1603 5192 difﬁcile
1628 5147 1728 5201 est,
1762 5139 1914 5195 facile
1943 5153 2024 5196 est

448 5237 724 5294 utramth
751 5226 967 5278 donare.
1004 5227 1149 5280 llanc
1171 5228 1311 5280 enim
1345 5229 1587 5296 promisit
1613 5229 1771 5298 Deus,
1799 5231 1983 5286 dicens
2011 5274 2020 5285 .

514 5451 527 5475 ‘
551 5445 690 5501 Etliti,
720 5443 921 5493 desistit.
949 5451 1075 5501 Mss,
1103 5447 1297 5496 destitit.

507 5507 526 5534 ⁸
551 5513 614 5553 Ita
639 5506 872 5576 eveditis
892 5509 1138 5576 [Er-Lugd.
1168 5516 1283 5557 \‘en.
1312 5517 1415 5558 Lov.
1446 5517 1492 5558 In
1517 5517 1563 5559 Β.
1593 5512 1832 5576 :Qniﬁnis
1858 5515 2024 5566 melior

447 5580 589 5630 quam
620 5567 719 5626 pati
756 5580 844 5629 pro
875 5568 1059 5617 (Inisto
1081 5569 1104 5616 2
1167 5576 1216 5616 Μ.

513 5630 660 5691 ιιιιιιιι
685 5638 881 5702 uaeque
903 5630 1038 5702 enim.
1053 5632 1179 5702 quod
1220 5646 1310 5700 non
1337 5634 1428 5682 rnlt
1462 5643 1598 5684 rcus.
1630 5645 1678 5684 At
1706 5646 1811 5686 Mss.
1837 5649 2025 5702 neque

448 5699 574 5740 cmm
594 5692 716 5751 quod
742 5703 832 5740 non
858 5695 950 5741 vult
968 5692 1175 5742 wlwuas
1207 5693 1306 5752 Dei.

1651 286 1708 342 S.
1749 283 2110 340 AUGUSTINI
2159 282 2461 339 El’ISCOPI

3594 295 3696 351 996

2119 397 2372 449 Timorem
2411 415 2573 450 meum
2599 399 2730 452 dabo
2759 401 2808 449 in
2835 416 2923 452 cor
2949 417 3152 462 eorum,
3184 411 3240 455 ut
3265 419 3296 455 α
3321 421 3400 458 me
3434 421 3531 460 non
3561 423 3696 460 rer-c-

2116 491 2238 542 dant
2271 490 2478 560 (Jerem.
2511 506 2686 556 xxxn,
2713 491 2826 561 40).
2858 492 3008 560 Quod
3035 494 3159 563 quid
3193 505 3273 549 est
3300 496 3441 550 aliud
3466 539 3479 560 ,
3511 515 3694 567 quam,

2117 579 2260 633 Talis
2286 595 2347 634 ac
2374 589 2550 635 tantus
2577 582 2680 636 erit
2718 568 2876 636 timor
2921 599 3091 642 meus,
3136 601 3294 651 quem
3337 585 3477 641 dabo
3521 589 3571 640 in
3603 603 3697 645 cor

2118 687 2321 735 eorum,
2352 683 2408 726 ut
2439 673 2564 725 mihi
2595 683 2996 741 perseveranter
3021 675 3371 731 adlttereant?

2187 761 2240 816 5.
2283 761 2392 815 Cur
2419 773 2594 816 autem
2625 766 3014 831 perseverantia
3053 767 3148 818 ista
3175 769 3414 836 poscitur
3437 783 3466 822 a
3497 769 3623 829 Deo.
3651 773 3693 826 si

2119 865 2223 903 non
2248 851 2403 905 datur
2431 867 2459 905 a
2491 851 2630 906 Deo?
2662 855 2738 906 An
2763 863 2814 907 et
2841 854 2938 907 ista
2965 856 3197 909 irrisoria
3227 858 3419 925 petitio
3448 869 3550 922 est,
3577 876 3697 914 cum

2121 944 2170 996 id
2201 944 2268 997 ab
2291 961 2357 998 eo
2385 947 2578 1014 petitur
2599 947 2738 1014 quod
2763 946 2921 999 scitur
2955 962 3056 1001 non
3087 947 3258 1016 ipsum
3285 949 3433 1016 dare,
3458 951 3550 1005 sed
3583 954 3700 1022 ipso

2127 1050 2232 1088 non
2263 1035 2423 1090 dante
2461 1052 2580 1090 esse
2630 1037 2681 1090 in
2714 1036 2942 1092 hominis
2977 1047 3270 1106 potestate;
3300 1043 3434 1094 sicut
3465 1043 3700 1097 irrisoria

2122 1139 2204 1182 est
2250 1131 2408 1183 etiam
2453 1131 2538 1183 illa
2585 1131 2724 1184 actio
2765 1132 3049 1200 gratiarum
3077 1176 3091 1196 ,
3139 1135 3182 1188 si
3229 1151 3294 1190 ex
3336 1135 3475 1192 hoc‘
3516 1139 3698 1208 gratia:

2121 1231 2348 1290 aguntur
2390 1223 2520 1286 Deo,
2545 1223 2684 1290 quod
2725 1238 2829 1276 non
2869 1223 3084 1279 donavit
3115 1226 3244 1296 ipse,
3271 1243 3368 1282 nec
3390 1229 3555 1283 fecit?
3593 1230 3700 1284 Sed

2121 1313 2261 1381 quod
2299 1313 2365 1366 ibi
2411 1313 2517 1366 dixi
2555 1312 2642 1385 (In
2674 1313 2799 1367 libro
2830 1317 3115 1383 superiore,
3151 1335 3201 1370 η.
3232 1317 3358 1386 '59),
3394 1319 3494 1381 hoc
3523 1332 3576 1375 et
3615 1321 3701 1377 hic

2122 1405 2261 1458 dico.
2292 1405 2467 1460 Nolite
2490 1423 2659 1459 errare
2679 1449 2693 1468 ,
2724 1407 2893 1476 inquit
2931 1410 3254 1478 Apostolus;
3289 1412 3418 1466 Deus
3447 1430 3547 1467 non
3585 1415 3704 1467 irri-

2123 1496 2268 1550 detur
2297 1496 2490 1567 (Galat.
2522 1514 2593 1561 vr,
2627 1498 2704 1562 7).
2731 1497 2775 1553 Ο
2811 1498 2988 1564 homo,
3031 1516 3134 1554 non
3175 1503 3458 1557 verborum
3488 1514 3698 1558 tuorum

2124 1596 2326 1640 mtuum
2352 1629 2366 1652 ,
2393 1603 2574 1641 verum
2617 1590 2776 1642 etiam
2802 1591 3180 1658 cogitationum
3227 1594 3376 1646 testis
3401 1603 3482 1648 est
3527 1595 3699 1649 Deus:

2125 1677 2167 1730 si
2200 1676 2397 1746 aliquid
2429 1693 2460 1732 a
2493 1689 2638 1733 tanto
2663 1679 2824 1735 divite
2850 1682 3110 1736 veraciter
3137 1698 3198 1736 ac
3226 1684 3449 1739 ﬁdeliter
3488 1687 3661 1756 poscis
3686 1703 3700 1751 ;

2123 1768 2189 1820 ab
2229 1767 2336 1831 illo,
2362 1783 2391 1820 a
2432 1784 2538 1838 quo
2564 1770 2757 1838 poscis,
2787 1779 2838 1824 te
2871 1771 3113 1838 accipere
3137 1773 3298 1829 crede
3335 1776 3477 1844 quod
3506 1778 3700 1845 poscis.

2121 1860 2238 1915 Noli
2278 1877 2398 1917 eum
2439 1863 2592 1919 labiis
2632 1864 2927 1929 honorare,
2970 1875 3023 1920 et
3063 1882 3223 1937 super
3279 1885 3402 1924 eum
3441 1873 3602 1927 corde
3641 1884 3693 1928 te

2124 1951 2400 2016 extollere,
2446 1953 2670 2007 credens
2708 1969 2736 2007 a
2779 1963 2832 2008 te
2873 1954 2989 2022 ipso
3029 1956 3120 2010 tibi
3156 1971 3296 2024 esse,
3337 1961 3477 2028 quod
3519 1962 3586 2015 ab
3618 1963 3706 2017 illo

2124 2051 2177 2095 te
2206 2041 2359 2110 ﬁngis
2402 2056 2578 2097 orare.
2619 2045 2696 2096 An
2741 2044 2808 2098 ab
2858 2045 2949 2098 illo
2997 2050 3390 2114 perseverantia
3431 2050 3530 2105 ista
3571 2051 3708 2107 forte

2125 2147 2230 2184 non
2263 2132 2536 2200 poscitur?
2565 2133 2681 2188 Jam
2729 2134 2830 2189 hoc
2857 2137 2947 2205 qui
2978 2137 3125 2201 dicit,
3155 2153 3263 2194 non
3293 2142 3428 2196 meis
3467 2143 3706 2212 disputa-

2126 2221 2356 2276 tionibus
2385 2221 2729 2289 refellendus,
2763 2227 2856 2281 sed
2882 2236 3186 2282 sanctorum
3216 2232 3547 2288 orationibus
3570 2251 3704 2290 oue-

2126 2314 2321 2370 randus
2349 2324 2434 2371 est
2458 2318 2501 2369 ³.
2535 2319 2616 2370 Αη
2649 2333 2775 2372 vero
2807 2321 3086 2388 quisquam
3121 2337 3305 2376 eorum
3338 2333 3419 2377 est
3439 2365 3452 2386 ,
3482 2326 3573 2392 qui
3603 2342 3708 2380 non

2125 2406 2223 2458 sibi
2253 2416 2434 2475 poscat
2457 2421 2486 2460 a
2516 2407 2626 2461 Deo
2657 2417 2713 2460 ut
2743 2419 3048 2476 perseveret
3073 2410 3126 2463 in
3153 2427 3250 2476 eo;
3282 2426 3402 2465 cum
3434 2414 3542 2481 ipsa
3583 2430 3707 2467 ora-

2127 2495 2271 2550 tione
2294 2496 2315 2528 ³
2342 2512 2461 2566 qua:
2497 2497 2768 2553 Dominica
2790 2510 3143 2568 nuncupatur,
3173 2501 3292 2570 quia
3313 2515 3430 2556 eam
3455 2501 3708 2556 Dominus

2126 2586 2324 2652 docuit,
2350 2589 2565 2657 quando
2586 2599 2767 2643 oratur
2785 2606 2814 2643 a
2840 2591 3058 2653 sanctis,
3079 2591 3208 2645 nihil
3233 2608 3364 2661 pene
3386 2592 3527 2648 aliud
3547 2608 3706 2662 quam

2127 2682 2519 2746 perseverantia
2554 2683 2698 2750 posci
2727 2682 3086 2752 intelligatur?

2196 2772 2249 2823 4.
2293 2770 2474 2840 Legite
2502 2771 2768 2840 aliquanto
2798 2773 3052 2827 intentius
3077 2773 3191 2843 ejus
3230 2776 3624 2842 expositionem
3656 2777 3709 2830 in

2127 2859 2268 2912 beati
2293 2858 2545 2930 Cypriani
2577 2861 2828 2932 martyris
2849 2847 3014 2924 libro,
3044 2878 3201 2932 quem
3229 2863 3296 2918 de
3323 2864 3420 2917 hac
3443 2880 3501 2919 rc
3528 2867 3712 2919 condia

2126 2950 2222 3014 dit,
2254 2950 2403 3020 cujus
2431 2961 2514 3005 est
2543 2952 2758 3018 titulus,
2789 2953 2865 3008 De
2896 2953 3166 3008 Dominica
3207 2955 3499 3012 Oratione:
3529 2967 3582 3012 et
3624 2960 3706 3012 vi-

2125 3038 2249 3094 dete
2276 3049 2400 3094 ante
2425 3051 2550 3110 quot
2572 3057 2760 3107 annos,
2783 3052 2968 3098 contra
2998 3059 3058 3099 ea
3086 3061 3204 3114 qua:
3233 3045 3405 3112 futura
3431 3058 3582 3100 erant
3611 3049 3709 3103 Pe-

2127 3132 2452 3201 lagianorum
2485 3150 2708 3196 venena,
2732 3137 2889 3204 quale
2915 3137 2984 3189 sit
3012 3137 3306 3192 antidotum
3331 3151 3706 3208 prmparatum.

2127 3221 2258 3276 Nam
2290 3223 2388 3275 tria
2418 3233 2576 3287 sunt,
2613 3233 2670 3278 ut
2697 3225 2875 3291 scitis,
2917 3241 3035 3296 quze
3066 3229 3296 3282 maxime
3339 3229 3592 3283 adversus
3618 3246 3710 3285 eos

2127 3312 2386 3366 catholica
2413 3312 2652 3366 defendit
2691 3315 2924 3370 Ecclesia
2953 3332 3211 3386 :quorom
3243 3328 3327 3372 est
3354 3335 3550 3385 unum,
3581 3337 3706 3390 gra-

2130 3406 2254 3459 tiam
2287 3407 2375 3460 Dei
2405 3423 2507 3462 non
2537 3409 2824 3463 secundum
2851 3410 3040 3464 merita
3073 3419 3251 3464 nostra
3282 3410 3430 3475 dari;
3459 3413 3710 3480 quoniam

2130 3494 2220 3548 Dei
2252 3496 2388 3550 dona
2411 3507 2552 3563 sunt,
2575 3510 2626 3554 et
2658 3500 2747 3553 Dei
2774 3500 2940 3570 gratia
2967 3501 3310 3555 conferuntur
3333 3503 3493 3556 etiam
3521 3505 3709 3556 merita

2131 3584 2376 3640 universa
2416 3587 2680 3656 justorum
2709 3607 2720 3643 :
2749 3589 2974 3644 alterum
3019 3599 3136 3653 est,
3185 3591 3238 3644 in
3287 3601 3713 3661 quantacumque

2126 3677 2327 3743 jttstitia
2349 3720 2362 3742 ,
2395 3681 2513 3734 sine
2550 3681 3024 3750 qualibuscumque
3051 3683 3282 3750 peccatis
3309 3683 3360 3736 in
3404 3683 3503 3737 hoc
3527 3699 3704 3738 corru‘

2130 3767 2299 3834 ptibili
2326 3782 2552 3837 corpore
2595 3771 2864 3826 neminem
2904 3773 3082 3826 vivere
3112 3790 3124 3824 :
3151 3773 3364 3827 tertium
3394 3783 3477 3828 est
3496 3814 3512 3839 ,
3541 3764 3710 3828 obno-

2130 3857 2272 3909 xinm
2305 3859 2449 3911 nasci
2489 3857 2758 3914 hominem
2787 3871 3008 3928 peccato
3036 3863 3190 3930 primi
3224 3862 3451 3916 hominis
3472 3903 3486 3927 ,
3516 3874 3569 3917 et
3591 3866 3710 3917 vin-

2130 3945 2252 3999 colo
2280 3946 2635 4002 damnationis
2661 3949 2995 4015 obstrictum,
3024 3951 3121 4003 nisi
3152 3960 3347 4014 reatus,
3382 3953 3469 4020 qui
3491 3967 3712 4022 genera-

2132 4039 2274 4090 tione
2327 4039 2694 4102 contrahitur,
2748 4041 3150 4109 regeneratione
3205 4043 3456 4096 solvatur.
3513 4044 3709 4098 llornm

2133 4129 2287 4182 trium
2321 4130 2454 4194 hoc,
2483 4132 2624 4200 quod
2658 4133 2776 4186 loco
2807 4133 2992 4186 ultimo
3018 4134 3205 4203 posui,
3257 4137 3428 4189 solum
3463 4151 3567 4189 non
3600 4146 3709 4190 tra-

2130 4227 2301 4273 ctatur
2327 4222 2378 4272 in
2409 4221 2710 4290 supradicto
2745 4223 2965 4292 gloriosi
2997 4225 3244 4294 martyris
3287 4225 3422 4279 libro
3448 4244 3459 4278 :
3484 4226 3550 4280 de
3579 4225 3712 4279 duo-

2132 4311 2231 4364 bus
2261 4327 2387 4365 vero
2414 4313 2622 4367 caeteris
2669 4324 2810 4368 tanta
2857 4315 2966 4369 illic
3002 4316 3376 4385 perspicuitate
3413 4317 3710 4383 disseritur,

2133 4411 2190 4454 ut
2217 4403 2506 4470 supradicti
2551 4405 2819 4471 hmretici,
2855 4407 2977 4459 novi
3021 4407 3219 4462 inimici
3246 4409 3430 4477 gratia:
3474 4407 3708 4473 Christi,

2134 4494 2287 4562 longe
2311 4505 2431 4548 ante
2460 4486 2790 4564 reperiantur
2809 4499 3035 4552 convicti
3063 4514 3183 4554 esse
3203 4515 3360 4569 quam
3390 4500 3520 4553 nati.
3546 4499 3602 4554 ln
3631 4499 3714 4554 his

2132 4599 2258 4652 ergo
2289 4587 2490 4638 meritis
2513 4597 2838 4651 sanctorum,
2866 4605 2982 4658 qua:
3008 4590 3147 4644 nulla
3177 4591 3278 4643 nisi
3299 4590 3390 4644 Dei
3413 4591 3549 4644 dona
3566 4600 3708 4652 sunt,
3756 4576 3770 4589 “

2132 4678 2288 4727 etiam
2323 4680 2767 4744 persevcrantiam
2813 4680 3010 4734 donum
3062 4681 3151 4734 Dei
3183 4696 3306 4735 esse
3343 4681 3419 4735 sic
3459 4682 3707 4750 loquitur.

2133 4763 2379 4830 Dicimus,
2413 4766 2603 4835 inquit.
2639 4769 3002 4837 Sanctiﬁcetur
3039 4786 3216 4823 nomen
3248 4779 3388 4822 tuum
3414 4785 3431 4823 :
3453 4787 3551 4822 non
3579 4770 3712 4836 quod

2131 4867 2357 4924 aptemus
2389 4857 2495 4910 Deo
2519 4901 2533 4923 ,
2571 4870 2622 4911 ut
2650 4861 2997 4928 sanctiﬁcctnr
3035 4860 3342 4913 orationibus
3373 4860 3590 4920 nostris:
3623 4860 3712 4912 sed

2131 4949 2264 5014 quod
2295 4959 2519 5015 petamus
2549 4950 2608 5001 ab
2637 4967 2714 5014 eo,
2744 4961 2798 5003 ut
2830 4969 3008 5004 nomen
3037 4954 3146 5020 ejus
3175 4952 3519 5015 sanctiﬁcetur
3547 4952 3599 5003 in
3621 4968 3714 5003 no-

2132 5038 2225 5090 bis.
2259 5035 2498 5091 therum
2525 5057 2553 5091 α
2580 5057 2676 5108 quo
2713 5041 2844 5095 Deus
2867 5043 3232 5109 sancti/icitur,
3263 5043 3347 5110 qui
3385 5043 3496 5109 ipse
3519 5054 3710 5095 saucu-

2131 5129 2246 5195 ﬁcat
2265 5131 2405 5183 ?Sed
2415 5132 2531 5197 quia
2544 5132 2650 5200 ipse
2674 5133 2818 5192 divit,
2847 5150 2865 5181 ι
2893 5133 3068 5186 Sancti
3087 5143 3255 5195 estote,
3271 5135 3507 5202 quoniam
3523 5145 3570 5188 et
3583 5142 3711 5204 ego“

2129 5233 2329 5274 sanctus
2355 5237 2465 5273 sum
2499 5239 2515 5270 ι
2552 5220 2730 5289 (Lerit.
2762 5239 2868 5286 tux,
2909 5222 3074 5290 ‘2);id
3107 5223 3317 5291 petimus
3356 5234 3402 5278 et
3454 5240 3709 5295 rogamus,

2195 5458 2206 5486 ¹
2236 5459 2306 5505 sic
2326 5463 2430 5504 Mss.
2452 5458 2586 5514 Editi,
2611 5459 2654 5508 si
2675 5459 2730 5508 ob
2755 5458 2860 5508 hoc.

2193 5520 2211 5547 ³
2231 5523 2300 5566 sic
2324 5532 2494 5567 tnnues
2525 5525 2631 5567 Mss.
2659 5530 2711 5569 At
2736 5523 2879 5581 editi,
2903 5521 3197 5572 revocamina
3222 5532 3307 5573 est.
3369 5559 3372 5562 .

2196 5581 2214 5609 ³
2240 5585 2285 5626 In
2307 5585 2434 5636 uss,
2453 5581 2618 5630 oratio.

2193 5642 2642 5707 g‘is‘s't-quonhwdo
2697 5653 2740 5691 ﬂ
2783 5657 2883 5707 ego.
2945 5654 3014 5692 ςγ-
3068 5657 3209 5706 gnra
3259 5652 3536 5707 (Ἶιιιῖὶίξὶηιθτ
3586 5650 3716 5700 fere‘

2135 5704 2248 5749 baut
2283 5703 2328 5750 in
2365 5701 2484 5751 libro
2508 5704 2568 5752 de
2593 5701 2903 5768 correptione
2933 5716 2980 5756 et
3003 5701 3172 5764 Gratia,
3209 5719 3257 5754 υ.
3300 5705 3370 5755 1η.
