4008 6178
384 284 490 342 997

393 410 449 456 ut
474 402 562 469 qui
589 401 641 455 in
667 399 925 470 Baptismc
944 401 1242 466 sancti/ictui
1285 417 1473 460 sumus,
1521 399 1570 450 in
1611 414 1669 450 eo
1695 401 1829 469 quod
1857 412 1959 448 esse

385 493 628 562 coepimus
658 506 1043 561 perseveremus.
1077 489 1143 543 Et
1171 493 1325 559 paulo
1358 499 1478 557 post
1517 488 1584 541 de
1624 487 1724 540 hac
1763 487 1872 554 ipsa
1903 501 1962 537 re

390 582 568 638 adhuc
590 582 881 651 disputans,
906 590 960 636 et
980 584 1174 635 docens
1193 595 1289 645 nos
1311 579 1757 648 perseverantiam
1782 585 1964 644 petere

386 687 417 726 a
447 672 702 736 Domino;
729 671 870 742 quod
903 671 1049 725 nullo
1077 670 1234 725 modo
1259 678 1401 724 recte
1437 683 1499 722 ac
1524 666 1789 721 veraciter
1818 666 1960 718 face-

369 773 488 827 .ret,
519 764 617 818 nisi
641 763 756 832 ejus
779 764 978 818 donum
1004 771 1058 817 et
1085 761 1186 816 hoc
1224 770 1404 816 esset:
1436 759 1580 823 Huic,
1618 757 1808 826 inquit,
1837 772 1962 809 san-

383 853 620 920 ctiﬁcatio
648 863 704 906 ut
728 854 780 906 in
810 854 951 907 nobis
981 861 1268 921 permaneat
1295 866 1497 906 oramus
1523 865 1541 902 :
1566 858 1612 902 et
1640 848 1757 917 quia
1786 845 1965 899 Domi-

393 958 488 995 nus
511 951 557 995 et
577 943 742 1012 judea:
767 957 932 998 noster
960 957 1138 998 sanato
1162 960 1194 996 a
1222 959 1276 996 se
1302 953 1348 996 et
1376 942 1626 1010 viviﬁcato
1649 943 1666 972 ¹
1694 940 1965 992 commina-

387 1041 468 1083 tur
504 1047 604 1085 non
644 1033 962 1103 delinquere,
994 1049 1057 1086 ne
1092 1033 1212 1103 quid
1252 1033 1297 1086 ei
1336 1033 1554 1086 deterius
1580 1031 1670 1100 ﬁat
1698 1030 1876 1100 (Joun.
1905 1046 1959 1094 v,

402 1123 487 1190 14)
516 1139 529 1176 :
564 1124 693 1177 hanc
718 1125 965 1179 continuis
1004 1123 1310 1179 orationibus
1349 1140 1541 1194 precem
1587 1123 1804 1193 facimus
1825 1162 1839 1186 ,
1870 1122 1963 1174 hoc

387 1213 559 1268 diebus
585 1225 633 1268 et
661 1216 886 1268 noctibus
911 1217 1244 1280 postulamus,
1282 1226 1339 1269 ut
1363 1214 1696 1283 sanctiﬁcatio
1725 1223 1772 1265 et
1799 1213 1960 1280 viviﬁ-

388 1304 520 1355 catio
543 1320 657 1372 quae
682 1306 744 1358 de
763 1305 859 1359 Dei
883 1307 1048 1375 gratia
1072 1307 1306 1373 sumitur,
1333 1305 1491 1376 ipsius
1517 1305 1826 1375 protectione
1851 1319 1961 1355 ser-

382 1403 538 1447 uetur.
574 1395 627 1448 lu
678 1396 1094 1450 sanctiﬁcatione
1140 1396 1300 1466 igitur
1343 1394 1814 1466 perseverantiam,
1861 1391 1963 1446 hoc

382 1492 485 1545 est,
520 1483 655 1537 utin
699 1484 1122 1539 sanctiﬁcatione
1166 1500 1568 1555 perseveremus
1592 1525 1607 1548 ,
1652 1501 1748 1538 nos
1788 1484 1855 1538 ab
1894 1497 1960 1537 eo

386 1583 564 1640 petere
590 1573 690 1629 iste
716 1575 902 1630 doctor
922 1577 1187 1647 intelligit,
1218 1591 1336 1631 eum
1364 1575 1674 1630 sanctiﬁcati
1711 1574 1957 1638 dicimus,

385 1664 752 1732 Snucti/icetur
780 1683 957 1720 nomen
985 1677 1144 1719 tuum.
1175 1666 1308 1734 Quid
1335 1676 1416 1721 est
1443 1665 1583 1720 enim
1611 1663 1962 1744 aliud‘petere

385 1754 524 1822 quod
555 1756 876 1825 accepimus,
911 1757 1009 1810 nisi
1037 1766 1095 1811 ut
1119 1757 1170 1811 id
1195 1772 1405 1827 quoque
1432 1755 1586 1810 nobis
1613 1763 1896 1824 prmstetur
1916 1754 1957 1818 ',

388 1862 456 1900 ne
487 1846 681 1902 habere
704 1848 1047 1903 desinamus?
1078 1849 1225 1904 Sicut
1247 1865 1374 1919 ergo
1395 1857 1628 1912 sanctus,
1651 1861 1770 1901 eum
1797 1846 1958 1898 Deum

386 1947 532 2006 rugat
564 1947 620 1990 ut
661 1947 876 1993 sanctus
902 1940 992 2006 sit,
1025 1939 1078 1993 id
1111 1940 1287 2010 utique
1316 1942 1466 2008 rogat
1505 1947 1562 1992 ut
1599 1945 1810 1992 sanctus
1841 1949 1960 1989 esse

387 2039 730 2096 permaneat:
755 2031 826 2085 ita
859 2032 1037 2100 utique
1062 2041 1115 2085 et
1140 2040 1337 2096 castus,
1367 2046 1488 2084 cum
1517 2037 1668 2100 rogat
1692 2037 1749 2083 ut
1776 2037 1961 2081 castus

383 2123 482 2186 sit;
515 2124 832 2188 continens,
868 2131 925 2176 ut
965 2123 1245 2176 continens
1273 2123 1378 2187 sit;
1405 2123 1614 2189 justus,
1648 2127 1707 2174 ut
1740 2119 1916 2188 justus
1943 2133 1956 2180 ;

382 2213 524 2280 pius,
555 2222 613 2266 ut
639 2213 791 2282 pius;
824 2221 878 2266 et
904 2221 1118 2277 cmtera,
1144 2225 1260 2278 qua:
1286 2220 1472 2264 contra
1492 2209 1802 2277 Pelagianos
1825 2206 1964 2260 dona

382 2303 480 2356 Dei
506 2318 624 2356 esse
649 2301 978 2356 defendimus
1005 2317 1018 2354 :
1044 2301 1143 2355 hoc
1170 2301 1284 2354 sine
1312 2300 1471 2353 dubio
1495 2308 1697 2368 petunt,
1729 2306 1785 2350 ut
1809 2297 1860 2350 in
1886 2297 1964 2351 eis

388 2403 738 2461 perseverent
763 2391 935 2456 bonis,
966 2406 1083 2460 quae
1109 2405 1167 2444 se
1191 2391 1460 2458 accepisse
1489 2397 1764 2442 noverunt.
1809 2388 1962 2454 Quod

393 2482 439 2534 si
464 2481 759 2550 accipiunt,
796 2481 1030 2549 profecto
1068 2489 1123 2535 et
1161 2479 1327 2548 ipsam
1358 2479 1803 2547 perseverantiam
1844 2493 1960 2531 ma-

386 2587 541 2640 gnum
577 2572 664 2626 Dei
694 2570 893 2634 donum
921 2613 935 2638 ,
968 2587 1072 2641 quo
1103 2580 1293 2625 caetera
1319 2571 1456 2624 dona
1483 2570 1598 2639 ejus
1640 2582 1963 2623 conservan-

390 2671 493 2727 tur,
523 2661 806 2729 accipiunt.

459 2755 511 2807 5.
542 2753 716 2820 Quid?
743 2768 862 2808 cum
893 2753 1137 2818 dicimus,
1179 2751 1355 2806 Veniat
1383 2767 1594 2822 regnum
1625 2760 1801 2815 tuum;
1833 2765 1957 2803 num

389 2843 532 2897 aliud
574 2843 874 2911 poscimus,
921 2843 1022 2898 nisi
1068 2852 1127 2896 ut
1169 2841 1344 2895 veniat
1373 2849 1427 2896 et
1449 2840 1631 2905 nobis,
1675 2838 1814 2908 quod
1846 2853 1964 2893 esse

387 2943 668 2988 venturum
715 2950 818 2988 non
862 2934 1163 2988 dubitamus
1204 2933 1449 2987 omnibus
1492 2932 1721 2988 sanctis?
1751 2932 1888 3001 Ergo
1912 2940 1966 2985 et

391 3026 510 3090 hic,
541 3025 629 3095 qui
667 3025 775 3094 jam
814 3026 983 3079 sancti
1012 3035 1168 3086 sunt,
1212 3023 1338 3093 quid
1376 3033 1566 3087 orant,
1613 3023 1714 3076 nisi
1740 3031 1796 3076 ut
1823 3023 1874 3075 in
1903 3036 1964 3075 ea

387 3117 669 3170 sanctitate
697 3131 814 3184 qure
840 3115 944 3168 illis
969 3114 1087 3168 data
1115 3125 1197 3169 est
1220 3113 1599 3184 perseverent?
1623 3111 1803 3181 Neque
1824 3110 1964 3165 enim

388 3208 544 3260 aliter
563 3206 640 3259 eis
661 3205 836 3259 veniet
852 3221 1069 3275 regnum
1094 3205 1208 3270 Dei,
1231 3204 1369 3275 quod
1393 3220 1497 3258 non
1519 3204 1654 3269 aliis,
1669 3204 1761 3258 sed
1779 3201 1860 3255 his
1879 3202 1966 3270 qui

389 3305 731 3365 perseverant
747 3310 912 3365 usque
936 3297 985 3348 in
1005 3295 1182 3359 ﬁnem,
1201 3303 1403 3349 certum
1425 3303 1640 3348 estesse
1662 3301 1965 3347 venturum.

459 3385 685 3439 CAPUT
723 3384 807 3438 ΙΙΙ.
835 3414 907 3425 ---
929 3384 979 3439 6.
1010 3385 1188 3440 Tertia
1220 3384 1401 3454 petitio
1429 3393 1513 3439 est
1534 3424 1548 3448 ,
1596 3381 1717 3436 Fiat
1741 3383 1969 3435 voluntas

397 3487 482 3528 tua
508 3477 560 3528 in
595 3477 715 3530 caelo
743 3486 788 3529 et
830 3477 882 3528 in
907 3486 1074 3539 terra;
1103 3477 1206 3539 vel,
1237 3475 1376 3545 quod
1405 3475 1458 3528 in
1487 3465 1750 3544 plerisque
1775 3472 1970 3528 codici-

395 3568 493 3622 bus
516 3567 726 3636 legitur,
747 3567 1018 3637 magisque
1044 3567 1110 3621 ab
1135 3567 1408 3621 orantibus
1435 3565 1817 3636 frequentatur,
1841 3566 1971 3618 sicut

401 3659 451 3710 in
482 3660 606 3712 creto
636 3670 682 3712 et
711 3659 764 3712 in
809 3670 940 3712 terra
963 3675 981 3712 :
1003 3659 1142 3728 quod
1184 3659 1422 3728 plerique
1464 3658 1792 3727 intelligunt,
1824 3656 1972 3711 Sicut

394 3751 562 3804 sancti
598 3751 782 3820 Augeli
803 3751 823 3781 ³
846 3750 941 3821 (a),
971 3760 1020 3804 et
1050 3766 1146 3804 nos
1177 3750 1430 3804 faciamus
1449 3749 1772 3803 voluntatem
1805 3757 1967 3801 tuam.

409 3840 529 3891 Vult
559 3849 732 3893 autem
776 3841 862 3895 ille
903 3840 1089 3894 doctor
1117 3849 1169 3894 et
1195 3849 1425 3909 martyr,
1471 3839 1664 3893 caelum
1692 3845 1746 3890 et
1775 3845 1969 3891 terram

397 3930 617 3999 intelligi
647 3932 888 3999 spiritum
917 3941 970 3986 et
999 3946 1235 3992 carnem,
1265 3939 1320 3985 et
1346 3930 1446 3984 hoc
1472 3945 1567 3984 nos
1593 3944 1766 3992 orare,
1795 3938 1851 3981 ut
1875 3944 1971 3981 vo-

395 4021 649 4075 luntatem
680 4021 770 4075 Dei
803 4036 859 4076 re
889 4031 1112 4090 utraque
1136 4019 1496 4075 concordante
1524 4019 1795 4073 faciamus.
1828 4017 1974 4072 Vidit

396 4112 450 4165 in
479 4112 562 4166 his
594 4113 769 4166 verbis
793 4122 848 4166 et
872 4113 1100 4166 alterum
1128 4126 1342 4166 sensum
1370 4111 1664 4165 sanissimus
1690 4109 1810 4163 ﬁdei
1841 4124 1972 4163 con-

395 4215 693 4272 gruentem,
728 4203 793 4257 de
815 4219 918 4273 quo
935 4203 1227 4274 jam’supra
1255 4203 1414 4256 locuti
1443 4217 1626 4256 sumus
1651 4221 1663 4256 :
1689 4211 1744 4254 ut
1772 4203 1974 4256 scilicet

397 4311 494 4362 pro
522 4295 826 4349 inﬁdelibus
849 4296 936 4364 qui
956 4303 1078 4348 sunt
1099 4294 1270 4348 adhuc
1293 4303 1453 4356 terra,
1480 4303 1747 4347 terrenum
1771 4302 1970 4346 tantum

398 4385 666 4439 hominem
716 4385 881 4454 prima
925 4384 1194 4438 nativitate
1243 4391 1535 4453 portantes,
1581 4395 1737 4436 orare
1783 4381 1973 4435 intelli-

397 4485 586 4543 gantur
627 4474 832 4539 ﬁdeles,
869 4474 958 4543 qui
1003 4473 1204 4528 caelesti
1241 4473 1455 4527 homine
1487 4471 1687 4536 induti,
1734 4485 1837 4524 non
1871 4472 1972 4523 im-

397 4565 589 4616 merito
641 4564 761 4618 coeli
818 4564 1032 4618 nomine
1085 4572 1476 4632 nuncupantur.
1534 4560 1632 4617 Ubi
1689 4561 1973 4616 evidenter

396 4655 662 4718 ostendit,
710 4667 758 4709 et
811 4655 1016 4709 initium
1059 4655 1179 4709 ﬁdei
1219 4670 1336 4710 esse
1366 4655 1563 4709 donum
1592 4653 1719 4718 Dei,
1760 4653 1972 4723 quando

397 4761 505 4799 non
536 4755 736 4798 tantum
777 4761 872 4815 pro
905 4746 1147 4800 ﬁdelibus
1185 4755 1242 4800 ut
1275 4755 1532 4816 augeatur
1557 4746 1607 4799 in
1636 4746 1714 4799 eis
1741 4746 1820 4798 vel
1851 4762 1972 4814 per-

399 4846 608 4890 severet
637 4819 767 4890 ﬁdes
792 4879 806 4902 ,
849 4851 1031 4890 verum
1060 4837 1217 4890 etiam
1250 4851 1346 4906 pro
1375 4835 1674 4916 inﬁdelibus
1701 4847 1754 4890 ut
1783 4835 1977 4891 habere

401 4927 653 4996 incipiant
678 4942 793 4980 eam
823 4941 978 4996 quam
1012 4928 1220 4996 penitus
1251 4943 1355 4980 non
1385 4925 1681 4992 habebant,
1713 4941 1764 4980 et
1792 4937 1974 4980 contra

405 5034 556 5086 quam
584 5020 746 5074 corda
792 5021 1008 5088 insuper
1051 5019 1260 5073 inimica
1291 5019 1599 5089 gestabant,
1649 5029 1828 5072 sancta
1861 5027 1976 5071 orat

405 5107 656 5162 Ecclesia.
687 5109 881 5164 Verum
911 5125 1049 5164 nunc
1095 5125 1197 5163 non
1234 5109 1300 5164 de
1330 5109 1478 5164 initio
1504 5109 1624 5162 ﬁdei
1651 5149 1665 5172 ,
1697 5108 1761 5163 de
1791 5123 1896 5178 quo
1925 5113 1976 5166 in

401 5199 675 5266 superiore
705 5200 842 5254 libro
879 5199 1042 5253 multa
1079 5199 1186 5268 jam
1219 5199 1481 5262 diximus;
1527 5199 1620 5254 sed
1653 5198 1718 5253 de
1746 5199 1829 5252 illa
1859 5215 1977 5268 qua:

401 5289 643 5344 habenda
670 5301 751 5346 est
780 5306 946 5358 usque
991 5291 1040 5344 in
1090 5290 1248 5344 ﬁnem
1295 5291 1688 5360 perseverantia
1735 5289 1976 5358 disputa-

465 5447 723 5509 [vatieani
740 5453 865 5509 Mss,
884 5454 1049 5496 sanato
1069 5453 1114 5496 et
1128 5445 1412 5509 justi/ictuc.
1433 5453 1482 5496 tit
1501 5445 1642 5508 paulo
1661 5455 1782 5508 post,
1805 5453 1856 5496 ut
1873 5461 1980 5498 san-

403 5505 627 5566 ctiﬁcatio
646 5514 689 5556 et
703 5506 996 5568 iustiﬁcatio.

467 5572 486 5597 ¹
510 5570 581 5615 sic
606 5577 708 5616 uss.
737 5569 873 5627 Etliti,
899 5575 1105 5629 prmstct.

471 5631 490 5658 ³
515 5635 586 5674 Er.
613 5633 755 5687 Lugd.
788 5639 901 5677 Ven.
925 5639 972 5678 et
993 5637 1095 5679 Iov.
1131 5630 1205 5679 hic
1229 5630 1423 5691 addunt,
1446 5631 1643 5692 faciunt.
1716 5639 1769 5679 at.

467 5708 542 5768 (α)
566 5711 786 5773 subaudi,
811 5711 1009 5774 faciunt.

1409 287 1609 343 LIBER
1650 287 1737 339 Dii.
1775 284 1954 336 DUNU
1996 279 2605 346 PEKSEVERANTIE.

3455 349 3458 352 .
3540 299 3643 360 998

2071 413 2225 459 mus,
2266 417 2421 468 quam
2453 413 2636 471 petunt
2681 406 2857 474 utique
2899 407 3056 461 etiam
3100 409 3268 464 sancti
3303 413 3394 480 qui
3445 411 3640 468 faciunt

2072 487 2252 540 volunt
2271 500 2391 542 item
2423 492 2512 545 Dei
2535 533 2550 555 ,
2599 494 2836 550 dicentes
2862 497 2912 550 in
2938 497 3188 553 Oratione
3210 540 3224 564 ,
3268 499 3384 553 Fiat
3408 503 3639 557 voluntas

2071 587 2177 632 tua.
2208 580 2339 634 Cum
2382 585 2521 635 enim
2549 585 2656 651 jam
2687 585 2820 640 facta
2847 589 2914 642 sit
2941 589 2996 642 in
3019 590 3116 656 eis,
3148 606 3244 644 cur
3269 603 3324 646 ut
3353 593 3440 646 ﬁat
3463 595 3639 650 adhuc

2072 676 2276 735 petunt,
2305 671 2401 724 nisi
2426 680 2483 724 ut
2509 687 2848 739 perseverent
2873 678 2922 731 in
2947 693 3012 734 eo
3031 679 3171 748 quod
3191 696 3309 736 esse
3329 687 3641 752 ceperunt?

2070 760 2322 824 Quamvis
2349 762 2433 816 hic
2461 763 2563 817 diei
2607 770 2794 832 possit,
2841 783 2945 823 non
2984 783 3164 840 petere
3192 785 3423 840 sanctos,
3458 785 3516 829 ut
3539 791 3638 830 vo.

2095 851 2266 905 luntas
2295 853 2383 907 Dei
2422 855 2515 909 ﬁat
2552 856 2602 909 in
2633 857 2799 923 ctelo;
2840 860 2932 914 sed
2962 871 3019 916 ut
3047 863 3137 916 ﬁat
3179 865 3228 917 in
3270 874 3410 920 terra
3435 867 3570 920 sicut
3596 868 3646 921 in

2070 943 2318 997 ctelozut
2369 953 2508 998 terra
2549 947 2752 1002 scilicet
2795 935 3030 1006 imitetur
3067 955 3297 1020 caelum,
3345 957 3394 1010 id
3439 967 3542 1023 est,
3586 969 3645 1012 ut

2071 1031 2231 1087 homo
2265 1035 2531 1103 angelum,
2562 1038 2644 1092 vel
2689 1038 2914 1094 inﬁdelis
2957 1042 3164 1098 ﬁdelem
3193 1064 3205 1098 :
3231 1061 3293 1100 ac
3323 1062 3416 1115 per
3437 1048 3538 1101 hoc
3589 1049 3637 1101 id

2069 1133 2279 1179 sanctos
2310 1141 2545 1194 poscere,
2573 1136 2632 1180 ut
2654 1129 2722 1182 sit
2748 1130 2887 1197 quod
2915 1132 3146 1186 nondum
3171 1144 3273 1201 est,
3300 1152 3404 1190 non
3435 1147 3490 1191 ut
3520 1153 3644 1206 per-

2069 1225 2280 1269 severet
2307 1216 2447 1284 quod
2464 1227 2563 1271 est.
2579 1217 2916 1283 Quantalibet
2938 1223 3079 1276 enim
3104 1225 3345 1280 homines
3367 1229 3643 1283 sanctitate

2067 1304 2432 1372 prmpolleant,
2463 1308 2695 1361 nondum
2719 1319 2841 1364 sunt
2866 1313 3094 1380 aequales
3121 1316 3333 1382 Angelis
3358 1317 3449 1371 Dei
3475 1335 3487 1370 :
3513 1335 3644 1372 non-

2068 1392 2193 1446 dum
2226 1409 2353 1463 ergo
2379 1396 2518 1452 sicut
2546 1398 2597 1450 in
2624 1399 2764 1454 caelo
2793 1401 2845 1454 in
2877 1402 2957 1456 eis
2988 1402 3045 1456 ﬁt
3070 1403 3316 1460 voluntas
3339 1406 3454 1462 Dei.
3487 1409 3640 1474 Quod

2067 1486 2111 1537 si
2144 1485 2212 1538 ita
2239 1495 2348 1548 est,
2396 1487 2448 1540 in
2495 1503 2557 1542 ea
2587 1489 2799 1558 quidem
2846 1501 2992 1560 parte
3019 1508 3122 1563 qua
3152 1505 3396 1564 Optamus
3439 1509 3496 1552 ut
3540 1499 3632 1551 ho-

2069 1575 2236 1629 mines
2262 1590 2324 1629 ex
2353 1575 2655 1634 inﬁdelibus
2680 1581 2807 1634 ﬁant
2833 1582 3038 1650 ﬁdeles,
3070 1599 3176 1639 non
3209 1589 3603 1654 perseverantia
3627 1631 3641 1653 ,

2068 1665 2161 1719 sed
2199 1665 2408 1721 initium
2451 1669 2658 1723 videtnr
2686 1672 2858 1740 optari
2889 1691 2902 1726 :
2935 1673 2989 1728 in
3018 1690 3081 1729 ea
3110 1690 3238 1730 vero
3263 1691 3367 1745 qua
3398 1687 3642 1746 optamus

2069 1765 2124 1809 ut
2153 1755 2392 1810 homines
2422 1757 2472 1811 in
2513 1757 2750 1814 facienda
2783 1762 3054 1818 voluntate
3088 1765 3180 1818 Dei
3225 1775 3502 1834 aequentur
3531 1769 3645 1822 An-

2066 1844 2199 1913 gelis
2227 1845 2359 1911 Dei,
2389 1861 2509 1900 eum
2541 1848 2642 1903 hoc
2667 1861 2820 1904 orant
2848 1853 3039 1919 sancti,
3068 1857 3519 1923 perseverantiam
3546 1858 3645 1913 de-

2068 1951 2429 1996 monstrantur
2457 1958 2639 2009 orare;
2669 1945 2916 2014 quoniam
2948 1963 3106 2001 nemo
3132 1950 3370 2017 pervenit
3396 1951 3462 2004 ad
3496 1952 3639 2006 illam

2067 2044 2327 2083 summam
2353 2072 2367 2095 ,
2412 2047 2532 2100 qua:
2573 2033 2623 2085 in
2651 2048 2814 2100 regno
2840 2044 2954 2100 est,
2998 2035 3376 2092 beatitudinem
3401 2079 3416 2102 ,
3459 2041 3557 2094 nisi
3586 2041 3639 2094 in

2068 2133 2132 2172 ea
2157 2121 2435 2173 sanctitate
2459 2136 2618 2188 quam
2643 2125 2867 2190 sumpsit
2909 2124 2964 2178 in
3009 2134 3148 2180 terra
3172 2167 3188 2195 ,
3228 2133 3645 2197 perseveraverit
3716 2187 3723 2194 ,

2072 2223 2238 2277 usque
2265 2211 2316 2262 in
2350 2211 2528 2264 finem.

2140 2297 2364 2353 CAPUT
2389 2298 2475 2353 IV.
2495 2329 2565 2340 ——
2581 2301 2631 2353 7.
2655 2301 2849 2369 Quarta
2873 2305 3057 2373 petitio
3077 2316 3178 2372 est,
3202 2306 3395 2362 Panem
3417 2320 3642 2364 nostrum

2054 2387 2417 2462 quotidianum
2454 2387 2522 2440 da
2567 2389 2709 2442 nobis
2757 2391 2926 2445 hodie.
2979 2393 3078 2448 Ubi
3123 2395 3307 2452 beatus
3351 2396 3648 2468 Cyprianus

2067 2476 2301 2531 ostendit
2342 2479 2608 2547 quomodo
2651 2490 2706 2535 et
2750 2481 2836 2537 hie
2887 2484 3210 2556 intelligatur
3251 2493 3646 2557 perseverantia

2069 2567 2344 2636 postulari.
2384 2569 2472 2622 Ait
2514 2570 2710 2639 quippe
2754 2571 2895 2628 inter
2939 2586 3129 2631 cratera
3165 2595 3179 2633 :
3215 2597 3233 2629 ι
3269 2579 3422 2634 Ilunc
3464 2592 3641 2636 autem

2069 2673 2260 2727 panem
2314 2659 2430 2713 dari
2477 2662 2632 2716 nobis
2679 2665 2914 2730 quotidie
2962 2670 3310 2735 postulamus,
3359 2688 3428 2728 ne
3463 2675 3552 2744 qui
3591 2677 3649 2730 in

2070 2747 2286 2802 Christo
2325 2765 2526 2817 sumus,
2569 2762 2623 2806 et
2669 2754 3055 2811 Eucharistiam
3101 2761 3336 2827 quotidie
3378 2763 3442 2815 ad
3469 2764 3649 2820 cibum

2070 2839 2256 2892 salutis
2285 2841 2606 2908 accipimus,
2653 2842 3014 2900 intercedente
3052 2848 3230 2917 aliquo
3271 2852 3514 2920 graviore
3555 2852 3650 2908 de-

2072 2928 2200 2982 licto
2219 2971 2233 2992 ,
2280 2930 2403 2983 dum
2433 2932 2659 2987 abstenti
2687 2943 2742 2989 et
2767 2951 2872 2991 non
2902 2941 3356 2997 communicantes
3381 2960 3409 2998 a
3439 2945 3651 3000 ctelesu

2071 3032 2210 3088 pane
2255 3020 2637 3089 prohibemur,
2678 3039 2707 3076 a
2747 3024 2946 3080 Christi
2993 3043 3220 3098 corpore
3263 3046 3592 3102 separemur.
3623 3055 3644 3088 ι

2073 3109 2199 3164 llaec
2216 3112 2378 3165 verba
2395 3113 2564 3167 sancti
2582 3114 2809 3168 hominis
2828 3117 2940 3183 Dei,
2964 3123 3412 3186 perseverantiam
3434 3138 3650 3191 prorsus

2072 3215 2102 3253 a
2130 3201 2354 3257 Domino
2380 3213 2593 3259 sanctos
2631 3206 2865 3261 indicant
2906 3224 3156 3279 poscere.
3201 3213 3411 3280 quando
3437 3213 3534 3268 hac
3565 3216 3644 3270 in‘

2076 3293 2310 3347 tentione
2339 3293 2541 3358 dicunt,
2573 3293 2766 3349 Panem
2793 3308 3016 3351 nostrum
3043 3301 3388 3367 quotidianum
3417 3303 3483 3356 da
3508 3304 3651 3360 nobis

2075 3384 2254 3447 hodie;
2284 3399 2350 3438 ne
2370 3399 2398 3436 a
2419 3383 2613 3439 Christi
2640 3402 2865 3456 corpore
2889 3400 3220 3458 separentur,
3247 3393 3340 3446 sed
3366 3394 3417 3447 in
3444 3409 3506 3448 ea
3528 3410 3650 3450 sau-

2073 3471 2254 3526 ctitate
2299 3487 2674 3542 permaneant,
2721 3493 2823 3546 qua
2873 3479 3077 3533 nullttm
3105 3496 3210 3551 quo
3252 3482 3375 3540 inde
3413 3487 3651 3555 separari

2076 3573 2402 3626 mereantur,
2427 3565 2626 3619 crimen
2655 3567 2956 3624 admittant.

2148 3651 2372 3709 CAPUT
2417 3655 2646 3710 V.—8.
2687 3658 2880 3725 Quinto
2925 3661 3180 3716 orationis
3226 3661 3344 3718 loco
3388 3665 3648 3733 dicimus,

2077 3742 2287 3798 Dimitte
2311 3747 2450 3799 nobis
2479 3747 2643 3801 debita
2670 3760 2862 3814 nostra,
2895 3752 3022 3804 sicut
3049 3763 3098 3806 et
3124 3770 3216 3808 nos
3241 3755 3537 3813 dimittimus
3565 3759 3656 3812 den

2077 3832 2317 3906 littoribus
2356 3836 2556 3889 nostris.
2591 3836 2644 3889 lu
2671 3852 2771 3906 qua
2811 3840 2923 3892 sola
2952 3841 3209 3909 petitione
3244 3859 3347 3898 non
3386 3845 3653 3902 invenitur

2081 3922 2226 3990 posci
2273 3926 2687 3991 perseverantia.
2739 3927 3008 3982 Prmterita
3053 3931 3194 3984 enim
3235 3943 3358 3986 sunt
3401 3945 3651 4003 peccata,

2079 4027 2196 4079 qu:e
2225 4013 2378 4066 nobis
2405 4022 2463 4066 ut
2488 4015 2818 4068 dimittantur
2840 4032 3053 4070 oramus
3077 4036 3089 4069 :
3113 4023 3502 4086 perseverantia
3524 4038 3654 4083 vero

2079 4118 2197 4172 qua:
2226 4103 2277 4155 in
2305 4114 2560 4158 aeternum
2586 4106 2760 4174 salvos
2790 4107 2912 4162 facit
2930 4149 2946 4175 ,
2993 4110 3218 4179 tempori
3257 4095 3467 4180 quidem
3495 4114 3653 4184 hujus

2041 4217 2044 4220 η
2077 4194 2222 4257 vita},
2265 4209 2369 4247 non
2411 4206 2584 4249 tamen
2613 4206 2846 4265 peracto,
2877 4199 2970 4253 sed
2997 4201 3043 4254 ei
3084 4201 3222 4269 quod
3252 4218 3416 4272 usque
3442 4204 3506 4258 ad
3535 4205 3652 4272 ejus

2082 4286 2241 4338 ﬁnem
2268 4294 2452 4350 restat,
2481 4295 2562 4340 est
2588 4292 2904 4343 necessaria.
2922 4290 3108 4359 Operm
3130 4293 3352 4360 pretium
3375 4305 3454 4348 est
3476 4305 3650 4350 tamen

2081 4375 2351 4444 paulisper
2401 4377 2591 4430 intueri
2617 4419 2632 4443 ,
2674 4380 2941 4448 quomodo
2965 4390 3019 4434 et
3044 4381 3096 4434 iu
3127 4381 3224 4435 hac
3250 4383 3502 4450 petitione
3535 4384 3645 4452 jam

2083 4475 2207 4519 tunc
2237 4467 2408 4535 lingua
2431 4467 2700 4538 Cypriani,
2725 4463 2972 4538 tanquam
3002 4472 3106 4526 telo
3144 4471 3487 4528 invictissime
3513 4476 3527 4506 ¹
3559 4491 3649 4528 ve-

2080 4556 2251 4609 ritatis
2271 4597 2286 4619 ,
2332 4557 2488 4626 lenge
2519 4566 2699 4626 postea
2730 4558 2890 4613 futuri
2930 4560 3365 4616 confodiebantur
3393 4562 3648 4619 harretici.

2082 4645 2251 4699 Etiam
2280 4645 2381 4700 hoc
2407 4646 2549 4700 enim
2577 4647 2842 4719 Pelagiani
2881 4649 3080 4705 audent
3107 4651 3284 4706 dicere
3307 4693 3323 4716 ,
3377 4651 3644 4708 hominem

2078 4735 2275 4804 justum
2311 4737 2360 4789 iu
2394 4735 2491 4790 hac
2520 4737 2620 4791 vita
2655 4739 2855 4792 nullum
2886 4740 3080 4794 habere
3109 4743 3324 4795 omnino
3349 4751 3645 4810 peccatum,

2084 4838 2137 4880 et
2165 4827 2215 4879 iu
2245 4827 2436 4880 talibus
2463 4827 2764 4883 hominibus
2807 4846 2926 4885 esse
2964 4831 3072 4899 jam
3118 4832 3364 4902 praesenti
3410 4840 3653 4902 tempore

2088 4920 2374 4974 Erelesiam
2399 4936 2500 4973 non
2523 4921 2800 4975 habentem
2825 4924 3104 4988 maculam,
3122 4931 3210 4977 aut
3231 4939 3433 4992 rugam,
3452 4924 3654 4978 autali-

2085 5011 2207 5080 Quid
2229 5012 2486 5079 ejusmodi
2507 5012 2719 5084 (Epltes.
2743 5029 2791 5074 v,
2820 5013 2936 5084 27),
2958 5031 3075 5082 qua:
3097 5029 3197 5068 una
3223 5025 3275 5068 et
3297 5015 3411 5071 sola
3457 5030 3653 5084 sponsa

2086 5104 2153 5157 sit
2173 5103 2396 5156 Christi:
2414 5113 2660 5174 tanquam
2687 5119 2881 5173 Sponsa
2900 5106 3014 5175 ejus
3034 5122 3136 5160 non
3159 5108 3246 5173 sit,
3278 5123 3396 5175 qua:
3426 5123 3519 5175 per
3538 5109 3654 5162 uni-

2089 5208 2294 5245 wrsam
2315 5202 2507 5247 terram
2532 5195 2673 5264 quod
2703 5197 2770 5249 ab
2794 5211 2860 5250 eo
2888 5196 3088 5258 didicit,
3112 5197 3258 5262 dicit,
3287 5195 3489 5251 Dimitte
3513 5199 3654 5252 nobis

2089 5287 2252 5340 debita
2273 5297 2460 5341 nostra.
2484 5288 2588 5342 Sed
2616 5289 2870 5344 attendite
2896 5290 3158 5357 quomodo
3181 5290 3308 5344 istos
3330 5287 3653 5358 gloriosissi-

2090 5393 2208 5432 mus
2225 5376 2520 5448 Cyprianus
2543 5378 2827 5433 interimat.
2849 5378 2979 5433 Cum
3001 5379 3140 5432 enim
3164 5379 3334 5433 locum
3361 5379 3531 5446 ipsum
3557 5377 3656 5429 do-

2089 5471 2296 5523 minica:
2321 5470 2575 5524 orationis
2596 5480 2903 5546 exponeret,
2932 5472 3004 5522 ait
3029 5472 3164 5524 inter
3183 5481 3371 5524 cetera
3397 5485 3409 5519 :
3441 5485 3459 5518 ι
3483 5466 3651 5534 Quam

2091 5560 2387 5612 necessarie
2434 5569 2636 5621 autem,
2688 5575 2842 5629 quam
2899 5560 3230 5627 providenter
3272 5565 3324 5610 et
3369 5557 3657 5614 salubriter

2166 5714 2258 5764 tln
2309 5722 2422 5764 autc
2473 5714 2648 5772 editis,
2709 5714 3050 5764 iurcctissima‘.
