4008 6178
368 241 470 298 999

369 355 722 411 admonemur
741 350 883 423 quod
907 359 1215 422 peccatores
1240 361 1444 412 sumus,
1473 347 1560 417 qui
1592 361 1688 415 pro
1715 345 1944 414 peccatis

370 461 558 516 rogare
594 443 1001 513 compellimur:
1027 450 1084 496 ut
1110 439 1237 494 dum
1268 434 1587 508 indulgentia
1610 435 1677 490 de
1707 435 1816 489 Deo
1849 450 1943 502 pe-

368 538 515 601 titur,
556 534 895 590 conscientiae
938 546 1049 587 sua:
1089 530 1296 585 animus
1335 526 1663 584 recordetur.
1706 525 1783 581 Ne
1825 525 1944 595 quis

365 627 465 682 sibi
507 626 659 697 quasi
710 625 965 679 innocens
1006 622 1228 692 placeat,
1277 629 1332 675 et
1373 633 1432 674 se
1476 617 1780 673 extollendo
1826 617 1941 686 plus

366 726 570 786 pereat,
597 714 874 771 instruitur
892 723 947 770 et
968 713 1193 768 docetur
1211 726 1273 766 se
1292 723 1513 778 peccare
1532 706 1790 777 quotidie,
1812 707 1939 761 dum

367 807 601 877 quotidie
626 821 722 875 pro
752 804 981 874 peccatis
1019 803 1235 873 jubetur
1278 813 1455 854 orare.
1504 797 1592 869 Sic
1632 796 1860 866 denique
1885 806 1940 850 et

367 899 601 953 Joannes
640 896 693 950 in
725 894 962 964 Epistula
1003 906 1097 947 sua
1128 903 1334 960 ponens
1361 887 1530 952 dixit,
1561 886 1625 942 Si
1665 887 1938 940 dixerimus

365 990 481 1056 quia
508 997 766 1058 peccatum
793 1001 895 1039 non
935 982 1173 1037 habemus
1195 1021 1209 1045 ,
1250 996 1341 1034 nos
1368 980 1506 1049 ipsos
1539 978 1815 1043 decipimus
1835 1018 1848 1039 ,
1892 987 1939 1030 et

359 1081 544 1135 ueritas
572 1080 625 1134 in
651 1078 794 1133 nobis
820 1092 920 1129 non
938 1083 1009 1128 est
1033 1092 1053 1125 ι
1085 1072 1129 1143 (l
1162 1071 1319 1126 Joan.
1349 1085 1387 1137 ι,
1414 1069 1471 1140 8)
1490 1078 1573 1124 :et
1600 1076 1793 1123 caetera
1815 1082 1935 1136 qua:

361 1172 449 1226 hic
476 1171 715 1226 inserere
744 1168 958 1236 longum
982 1173 1084 1220 est.

428 1262 484 1319 9.
509 1261 625 1317 Jam
655 1275 786 1315 vero
822 1273 943 1313 cum
985 1255 1165 1310 dicunt
1206 1253 1408 1316 sancti,
1440 1250 1524 1306 Ne
1550 1267 1641 1305 nos
1669 1250 1935 1321 inferasin

359 1354 682 1408 tentationem
700 1391 715 1415 ,
744 1348 832 1403 sed
857 1347 1014 1402 libera
1041 1361 1132 1400 nos
1159 1361 1192 1398 α
1218 1344 1353 1398 malo
1386 1341 1596 1415 (Matth.
1626 1357 1717 1407 vt,
1747 1341 1930 1412 9-15);

359 1444 490 1513 quid
533 1442 675 1496 aliud
704 1454 861 1511 quam
892 1447 950 1492 ut
976 1438 1028 1491 in
1073 1435 1353 1491 sanctitate
1393 1441 1766 1503 perseverent,
1811 1447 1933 1501 pre-

357 1526 579 1581 cantur?
614 1523 746 1578 Nam
790 1519 1026 1590 profecto
1059 1532 1315 1574 concesso
1351 1517 1452 1571 sibi
1498 1515 1601 1570 isto
1629 1515 1726 1571 Dei
1754 1514 1931 1579 dono,

361 1617 502 1688 quod
533 1631 653 1672 esse
681 1614 776 1669 Dei
801 1614 1029 1677 donum,
1080 1625 1200 1666 eum
1246 1609 1315 1663 ab
1354 1608 1446 1663 illo
1488 1608 1759 1677 poscitur,
1803 1606 1934 1660 satis

362 1718 650 1778 aperteque
679 1689 1004 1760 mo’nstratur
1028 1721 1041 1756 :
1066 1702 1179 1756 isto”
1193 1714 1321 1770 ergo
1345 1712 1603 1754 concesso
1644 1697 1744 1751 sibi
1790 1695 1935 1750 dono

363 1799 479 1864 Dei,
510 1814 575 1852 ne
607 1795 898 1851 inferantur
936 1794 988 1847 in
1034 1790 1397 1854 tentationem,
1446 1803 1604 1842 nemo
1629 1796 1933 1841 sanctorum

366 1905 470 1942 non
498 1887 672 1941 tenet‘
705 1899 870 1954 usque
892 1883 942 1937 in
967 1882 1123 1935 linem
1148 1878 1596 1950 perseverantiam
1618 1877 1928 1931 sanctitatis.

358 1979 543 2048 Neque
573 1976 712 2031 enim
741 1976 1015 2044 quisquam
1067 1974 1121 2026 in
1162 1970 1431 2040 proposito
1460 1968 1780 2023 christiano‘
1809 1984 1932 2036 per-

355 2086 601 2127 severare
624 2067 850 2133 desistit,
883 2065 984 2119 nisi
1015 2066 1066 2118 in
1099 2063 1441 2118 tentationem
1471 2063 1714 2131 primitus
1739 2060 1934 2115 infera-

359 2172 467 2218 tur.
499 2161 553 2217 Si
584 2175 712 2230 ergo
737 2156 1058 2213 concedatur
1085 2155 1132 2207 ei
1161 2152 1304 2223 quod
1330 2161 1479 2217 orat,
1512 2160 1569 2205 nt
1593 2167 1698 2205 non
1731 2152 1927 2206 infera-

355 2264 474 2320 tur,
521 2251 701 2320 utique
745 2250 797 2303 in
845 2244 1289 2307 sanctiﬁcatione,
1339 2257 1499 2312 quam
1544 2242 1654 2297 Deo
1696 2241 1929 2296 donante

353 2344 609 2416 percepit,
642 2341 753 2395 Deo
777 2338 1011 2394 donante
1034 2334 1289 2406 persistit.

423 2431 648 2489 CAPUT
677 2428 949 2484 VL—iO.
983 2445 1001 2478 ι
1022 2424 1127 2481 Sed
1150 2425 1357 2489 nolunt,
1384 2442 1402 2474 ι
1431 2433 1487 2477 ut
1508 2422 1760 2487 scribitis,
1796 2439 1815 2472 ι
1840 2421 1927 2474 isti

354 2526 580 2590 lratres,
625 2520 697 2575 ita
728 2517 863 2572 hanc
907 2515 1357 2587 perseverantiam
1398 2513 1702 2585 praedicari,
1734 2521 1924 2565 utnon

353 2615 440 2670 vel
467 2611 777 2682 suppliciter
803 2608 1051 2669 emereri,
1082 2606 1166 2661 vel
1196 2606 1365 2659 amitti
1393 2604 1773 2660 contumaciter
1802 2617 1925 2671 pos-

355 2709 458 2763 sits
483 2706 699 2775 (Supra,
716 2703 769 2756 in
788 2699 1021 2772 Epistola
1038 2697 1246 2765 Hilarii,
1270 2714 1322 2751 η.
1353 2695 1510 2762 5,001.
1527 2694 1796 2764 949-950).
1824 2693 1926 2749 Ubi

351 2797 477 2870 quid
502 2797 700 2861 dicant,
730 2809 915 2864 parum
939 2792 1219 2862 diligenter
1243 2788 1541 2844 attendunt.
1568 2787 1641 2841 De
1668 2787 1753 2840 illa
1782 2786 1924 2839 enim

350 2887 741 2959 perseverantia
778 2884 1083 2954 loquimur,
1127 2895 1229 2951 qua
1270 2888 1639 2950 perseveratur
1681 2892 1844 2946 usque
1872 2884 1925 2929 in

351 2979 510 3034 linem
535 2996 551 3033 :
576 2992 694 3045 qua:
741 2975 785 3030 si
827 2976 949 3029 data
973 2981 1089 3038 est,
1121 2978 1519 3040 perseveratum
1562 2978 1643 3023 est
1673 2983 1841 3035 usque
1871 2967 1923 3021 in

352 3071 544 3134 linem;
565 3067 610 3121 si
632 3074 809 3130 autem
832 3079 938 3119 non
959 3071 1041 3118 est
1059 3070 1451 3131 perseveratum
1474 3075 1641 3128 usque
1663 3060 1716 3113 in
1741 3058 1918 3125 linem,

353 3175 458 3215 non
504 3166 587 3214 est
634 3157 787 3220 data;
835 3155 975 3225 quod
1020 3154 1128 3224 jam
1175 3161 1231 3208 et
1279 3153 1523 3223 superius
1566 3152 1694 3204 satis
1723 3153 1927 3220 egimus

351 3250 572 3320 (Supra,
602 3267 657 3302 η.
693 3249 767 3319 1).
796 3246 912 3302 Non
958 3246 1135 3316 itaque
1175 3245 1349 3299 dicant
1384 3243 1644 3308 homines,
1674 3258 1925 3312 perseve-

348 3341 575 3396 rantiam
619 3341 863 3410 cuiquam
907 3339 1085 3394 datam
1132 3353 1299 3408 usque
1344 3338 1394 3391 in
1437 3338 1632 3402 linem,
1677 3337 1775 3392 nisi
1804 3352 1923 3391 cum

349 3435 464 3502 ipse
491 3431 699 3486 venerit
722 3431 841 3483 linis
860 3470 875 3496 ,
903 3438 959 3483 et
987 3444 1357 3498 perseverasse
1379 3468 1394 3490 ,
1423 3429 1504 3481 cui
1535 3427 1657 3481 data
1699 3437 1800 3490 est,
1835 3442 1923 3481 re-

351 3532 534 3592 pertus
560 3519 719 3576 l'nerit
749 3534 916 3589 usque
945 3518 998 3573 in
1025 3519 1207 3573 linem.
1238 3518 1472 3572 Dicimus
1497 3517 1692 3587 quippe
1719 3525 1923 3571 castum

346 3629 505 3685 quem
534 3612 776 3668 novimus
803 3601 1028 3676 castum,
1052 3610 1163 3664 sive
1186 3608 1273 3672 sit,
1300 3609 1412 3664 sive
1442 3624 1542 3662 non
1571 3609 1639 3662 sit
1665 3608 1714 3662 in
1738 3608 1923 3663 eadem

347 3704 590 3760 castitate
617 3714 930 3765 mansurus;
969 3708 1024 3754 et
1054 3699 1101 3753 si
1142 3698 1267 3765 quid
1296 3697 1441 3753 aliud
1482 3698 1651 3752 divini
1685 3699 1924 3754 muneris

350 3796 565 3861 habeat,
606 3791 752 3864 quod
797 3791 963 3847 teneri
1005 3798 1060 3845 et
1082 3789 1257 3845 amitti
1300 3799 1505 3859 potest,
1550 3789 1775 3845 dicimus
1800 3805 1922 3844 eum

349 3886 550 3942 habere
577 3882 1060 3955 quamdiucumque
1098 3881 1290 3946 habet;
1320 3888 1378 3935 et
1411 3881 1456 3935 si
1485 3881 1745 3943 amiserit,
1792 3880 1924 3935 dici-

349 3995 469 4033 mus
504 3972 1253 4044 habuissezperseverantiam
1280 3987 1409 4029 vero
1436 3988 1606 4042 usque
1649 3973 1700 4026 in
1732 3974 1887 4027 linem
1906 4012 1920 4036 ,

346 4068 597 4139 quoniam
636 4080 742 4121 non
790 4064 951 4119 habet
990 4064 1306 4133 quisquam,
1350 4063 1454 4116 nisi
1495 4064 1583 4130 qui
1620 4071 1925 4131 perseverat

344 4174 514 4227 usque
543 4159 596 4212 in
627 4157 816 4220 linem,
859 4155 1011 4208 multi
1048 4169 1166 4208 eam
1211 4161 1436 4221 possunt
1474 4151 1671 4205 habere
1696 4192 1711 4213 ,
1744 4151 1923 4205 nullus

349 4249 612 4304 amittere.
636 4246 824 4316 Neque
852 4245 994 4299 enim
1033 4241 1375 4298 metuendum
1404 4250 1521 4308 est,
1548 4256 1615 4295 ne
1643 4242 1778 4295 forte
1800 4256 1920 4295 eum

349 4337 766 4410 perseveraverit
802 4335 962 4389 homo
999 4347 1167 4404 usque
1210 4332 1262 4386 in
1304 4331 1498 4396 linem,
1546 4329 1722 4400 aliqua
1763 4332 1813 4383 in
1857 4346 1923 4385 eo

349 4429 485 4482 mala
511 4428 753 4483 voluntas
776 4426 999 4491 oriatur,
1041 4438 1109 4479 ne
1137 4431 1443 4492 perseveret
1467 4437 1633 4491 usque
1657 4423 1709 4476 in
1740 4422 1917 4476 linem.

350 4518 462 4572 lloc
487 4531 614 4585 ergo
649 4515 742 4570 Dei
770 4514 967 4569 donum
1006 4512 1315 4583 suppliciter
1347 4512 1569 4566 emereri
1602 4520 1772 4580 potest
1793 4529 1805 4565 :
1826 4512 1919 4567 sed

349 4621 472 4661 cum
514 4604 692 4659 datum
736 4604 927 4669 fuerit,
972 4603 1142 4656 amitti
1180 4601 1564 4656 contumaciter
1591 4617 1695 4655 non
1725 4610 1916 4670 potest.

345 4697 477 4752 Cum
518 4696 659 4750 enim
693 4695 1119 4766 perseveraverit
1156 4694 1380 4763 quisque
1420 4708 1586 4763 usque
1629 4694 1680 4746 iu
1728 4693 1917 4758 linem,

348 4802 521 4858 neque
546 4787 646 4842 hoc
670 4787 868 4842 donum
897 4794 1073 4857 potest
1111 4785 1390 4850 amittere,
1422 4800 1520 4840 nec
1544 4786 1642 4838 alia
1674 4801 1791 4855 qua:
1821 4803 1918 4856 po-

350 4886 486 4932 terat
512 4884 635 4930 ante
658 4876 837 4930 linem.
868 4876 1145 4943 Quomodo
1175 4876 1332 4945 igitur
1359 4884 1535 4945 potest
1572 4876 1778 4942 amitti,
1826 4893 1919 4946 per

342 4966 487 5038 quod
518 4966 574 5020 lit
616 4975 676 5020 ut
714 4982 819 5020 non
856 4969 1127 5022 amittatur
1150 4968 1308 5022 etiam
1338 4967 1475 5036 quod
1509 4977 1684 5036 posset
1714 4970 1921 5023 amitti?

423 5058 511 5111 11.
543 5055 648 5112 Sed
677 5071 744 5110 ne
769 5056 906 5111 forte
931 5057 1138 5111 dicatur
1157 5099 1171 5121 ,
1206 5072 1372 5126 usque
1401 5057 1451 5110 in
1482 5057 1639 5111 linem
1670 5074 1912 5127 perseve-

351 5148 581 5200 rantiam
611 5161 716 5200 non
752 5145 921 5199 amitti
961 5147 1196 5216 quidem,
1225 5161 1345 5201 cum
1372 5146 1495 5201 data
1522 5147 1698 5213 fuerit,
1737 5148 1785 5202 id
1815 5159 1915 5217 est,

345 5252 466 5290 cum
500 5245 895 5304 perseveratum
940 5235 1101 5290 fuerit
1126 5226 1307 5306 “usque
1353 5238 1404 5291 in
1451 5237 1762 5293 finetnzsed
1796 5248 1920 5295 tunc

345 5327 516 5381 amitti
545 5326 773 5397 quodam
814 5326 1005 5394 modo,
1039 5327 1249 5397 quando
1276 5329 1384 5399 agit
1408 5328 1568 5384 homo
1607 5346 1700 5398 per
1725 5342 1917 5385 contu-

412 5497 427 5527 ι
452 5495 587 5553 Editi,
608 5510 747 5567 nemo
767 5505 1037 5548 armatorum
1066 5505 1135 5549 est
1166 5501 1249 5561 qui
1270 5513 1361 5550 non
1396 5509 1565 5553 teneat.
1600 5511 1771 5554 Manna
1790 5509 1917 5567 ripti,

345 5568 480 5604 mmo
502 5565 689 5607 sanctor
692 5572 771 5607 um
793 5572 883 5609 non
906 5567 1046 5610 tenet.

414 5617 435 5649 ι
456 5617 530 5668 ait:
551 5632 723 5670 attines
760 5623 1081 5686 manuscripti.
1108 5629 1161 5673 At
1178 5623 1312 5686 editi,
1336 5625 1716 5678 Christianitatis.

1596 234 1655 289 s.
1694 230 2057 291 AUGUSTINI
2098 184 2400 287 Episcort

3497 239 3631 297 ιουο

2054 342 2298 407 maciam,
2333 350 2390 394 ut
2414 340 2479 395 ad
2519 356 2636 396 eam
2669 343 2944 412 pervenire
2970 359 3073 400 non
3102 341 3271 414 possit
3294 361 3306 397 :
3331 345 3468 402 sicut
3494 348 3625 403 dici-

2053 447 2172 486 mus
2190 436 2484 500 hominem,
2504 439 2591 503 qul
2611 449 2716 488 non
2735 440 3161 503 perseveraverit
3176 449 3343 505 usque
3363 439 3416 490 in
3440 439 3624 505 linem,

2048 521 2292 577 amisisse
2317 522 2481 576 vitam
2510 531 2762 578 aeternam
2782 565 2797 590 ,
2838 524 2924 581 vel
2949 538 3173 596 regnum
3201 525 3324 591 Dei;
3354 541 3460 581 non
3486 528 3625 597 quod

2045 610 2153 681 iam
2183 622 2465 682 acceperat
2487 624 2543 669 et
2564 613 2813 681 habebat,
2844 616 2940 672 sed
2981 617 3124 687 quod
3158 618 3424 688 acciperet
3449 629 3504 675 et
3533 620 3625 673 ha—

2046 700 2228 767 beret,
2257 701 2304 757 si
2331 712 2769 773 perseverasset:
2796 706 3079 761 verborum
3104 712 3497 764 controversias
3524 725 3620 764 au-

2045 790 2312 858 feramus,
2344 802 2399 847 et
2427 794 2681 848 nonnulla
2710 794 2869 850 etiam
2900 812 3019 866 qua:
3061 812 3166 852 non
3197 796 3461 854 habentur
3480 841 3495 867 ,
3526 799 3622 853 sed

2046 881 2288 938 habenda
2314 885 2638 952 sperantur‘,
2667 900 2823 955 posse
2846 886 3086 943 dicamus
3104 889 3295 943 amitti.
3319 890 3466 945 Dicat
3491 891 3619 944 mihi

2043 973 2283 1041 quisquis
2307 972 2501 1040 audet,
2534 983 2710 1030 utrum
2742 976 2880 1031 Deus
2896 977 3028 1032 dare
3056 994 3160 1033 non
3191 980 3391 1049 possit,
3423 980 3566 1049 quod
3589 996 3618 1036 a

2043 1076 2102 1115 se
2126 1054 2273 1130 posci
2304 1063 2601 1134 imperavit.
2632 1065 2745 1121 Hoc
2765 1077 2913 1122 certe
2935 1068 3026 1138 qui
3054 1069 3215 1137 sapit,
3245 1086 3350 1124 non
3376 1069 3497 1125 dico
3521 1070 3617 1125 de-

2043 1152 2186 1221 sipit,
2216 1153 2309 1208 sed
2334 1154 2549 1210 insanit.
2580 1156 2865 1227 Imperavit
2888 1168 3064 1214 autem
3095 1160 3259 1222 Deus.
3290 1173 3345 1215 ut
3373 1162 3421 1216 ei
3452 1163 3619 1217 sancti

2041 1241 2158 1315 ejus
2195 1242 2373 1298 dicant
2408 1254 2661 1314 orantes,
2710 1246 2793 1301 Ne
2836 1248 3027 1318 inferas
3056 1266 3147 1303 nos
3184 1251 3237 1303 in
3269 1253 3609 1306 tentationem.

2044 1330 2295 1402 Quisquis
2335 1334 2496 1403 igitur
2520 1336 2803 1392 exauditur
2831 1339 2933 1394 hoc
2958 1355 3214 1410 poscens,
3260 1358 3365 1397 non
3393 1342 3617 1398 infertur

2041 1422 2093 1474 in
2119 1425 2466 1479 contumaciae
2497 1428 2873 1496 tentationem,
2900 1445 3002 1500 qua
3031 1430 3195 1501 possit
3221 1434 3305 1488 vel
3334 1435 3524 1504 dignus
3548 1437 3617 1489 sit

2039 1514 2490 1580 perseverantiam
2519 1519 2814 1572 sanctitatis
2839 1521 3102 1577 amittere.

2111 1600 2197 1654 l2.
2254 1603 2323 1656 At
2371 1604 2544 1670 enim,
2600 1624 2619 1656 ι
2677 1607 2946 1662 voluntate
2993 1624 3088 1664 sua
3140 1611 3365 1682 quisque
3415 1614 3617 1669 deserit

2040 1689 2237 1756 Deum,
2269 1700 2326 1745 ut
2349 1696 2539 1748 merito
2566 1694 2843 1752 deseratur
2879 1714 2911 1751 a
2956 1699 3086 1754 Deo.
3121 1720 3141 1753 ι
3168 1702 3295 1767 Quis
3323 1703 3425 1760 huc
3453 1722 3614 1775 nega-

2037 1780 2209 1835 verit?
2229 1781 2333 1836 Sed
2359 1782 2479 1837 ideo
2510 1784 2735 1853 petimus
2761 1801 2830 1842 ne
2854 1786 3145 1844 inferamur
3170 1791 3222 1845 in
3246 1794 3612 1858 tentatimzetn,

2036 1879 2098 1924 ut
2142 1871 2242 1925 hoc
2288 1886 2395 1926 non
2437 1874 2652 1928 liat.-Et
2694 1876 2738 1929 si
2768 1878 3110 1945 exaudimur,
3165 1882 3346 1952 utique
3386 1901 3488 1938 non
3521 1888 3612 1951 lit;

2035 1959 2157 2030 quia
2184 1961 2321 2015 Deus
2361 1978 2467 2017 non
2511 1964 2770 2033 permittit
2796 1977 2856 2020 ut
2899 1968 3010 2022 fiat.
3037 1969 3181 2023 Nihil
3206 1973 3347 2026 enim
3392 1976 3482 2039 lit,
3514 1976 3619 2030 nisi

2035 2048 2175 2117 quod
2214 2060 2303 2104 aut
2326 2051 2440 2120 ipse
2478 2052 2636 2119 facit,
2679 2065 2771 2111 aut
2815 2058 2927 2112 lieri
2968 2060 3082 2129 ipse
3107 2063 3382 2131 permittit.
3416 2065 3613 2122 Potens

2035 2153 2161 2209 ergo
2189 2150 2298 2205 est,
2330 2150 2383 2195 et
2408 2157 2436 2193 a
2467 2147 2608 2197 malo
2635 2144 2690 2198 in
2734 2145 2930 2201 bonum
2960 2148 3177 2206 ﬂectere
3203 2154 3534 2223 voluntates,
3560 2167 3615 2213 et

2034 2229 2310 2300 inlapsum
2339 2246 2530 2300 pronas
2556 2245 2868 2292 convertere
2886 2280 2901 2304 ,
2940 2253 3003 2293 ac
3026 2240 3254 2310 dirigere
3282 2244 3337 2300 in
3378 2247 3477 2301 sibi
3504 2248 3614 2317 pla—

2032 2320 2193 2372 citum
2238 2336 2501 2390 gressum.
2544 2323 2640 2377 Cui
2670 2341 2776 2378 non
2825 2328 3018 2383 frustra
3052 2333 3245 2386 dicitur
3270 2375 3286 2399 ,
3332 2336 3499 2402 Deus,
3556 2355 3611 2392 tu

2032 2418 2322 2462 convertens
2349 2411 2619 2479 viviﬁcabis
2647 2430 2736 2467 nos
2766 2414 2935 2485 (Psal.
2978 2434 3203 2486 ωηεν,
3235 2422 3289 2493 7)
3321 2441 3334 2476 :
3367 2440 3471 2479 non
3501 2426 3610 2481 fru-

2039 2506 2150 2551 stra
2176 2498 2385 2566 dicitur,
2421 2499 2503 2554 Ne
2529 2502 2615 2556 des
2640 2508 2707 2556 ad
2731 2507 3024 2561 movendum
3044 2512 3219 2578 pedem
3243 2531 3403 2568 nteant
3438 2515 3603 2587 (Psal.

2032 2604 2157 2654 va,
2186 2589 2243 2660 9)
2278 2608 2290 2642 :
2320 2607 2426 2646 non
2453 2592 2645 2647 frustra
2677 2596 2901 2664 dicitur,
2931 2599 3014 2653 Ne
3037 2603 3209 2657 tradas
3232 2622 3338 2673 me,
3375 2607 3605 2676 Domine,

2031 2699 2062 2734 (ι
2091 2682 2336 2736 desiderio
2378 2702 2486 2739 meo
2533 2691 2782 2756 percntari
2809 2689 2978 2762 (l’sal.
3006 2708 3234 2764 cum,
3276 2697 3330 2768 9)
3361 2712 3609 2769 :postre-q

2031 2787 2120 2825 mo
2139 2813 2154 2837 ,
2183 2788 2250 2828 ne
2278 2774 2441 2828 multa
2480 2789 2891 2835 commemorem
2915 2821 2931 2847 ,
2978 2798 3096 2837 cum
3141 2787 3290 2841 vobis
3318 2789 3465 2856 plura
3501 2791 3610 2846 for-

2033 2865 2189 2919 tassis
2211 2878 2522 2935 occurrant,
2554 2885 2662 2924 non
2711 2871 2906 2928 frustra
2935 2874 3158 2943 dicitur,
3220 2879 3303 2934 Ne
3339 2897 3429 2935 nos
3478 2885 3610 2955 infe-

2030 2970 2115 3006 ras
2151 2955 2570 3013 intentationem.
2598 2959 2730 3015 Nam
2760 2963 2998 3034 quisquis
3038 2967 3089 3020 in
3118 2972 3460 3027 tentationem
3501 2991 3607 3031 non

2031 3042 2271 3110 infertur,
2300 3047 2537 3116 profecto
2558 3064 2656 3105 nec
2682 3050 2733 3104 in
2754 3055 3094 3110 tentationem
3111 3072 3222 3112 sua:
3240 3061 3395 3116 mala:
3421 3063 3609 3118 volun-

2034 3133 2151 3187 tatis
2179 3133 2402 3190 infertur
2432 3153 2444 3189 :
2476 3148 2530 3192 et
2548 3139 2638 3207 qui
2658 3139 2710 3193 in
2742 3144 3084 3200 tentationem
3110 3161 3221 3202 sua:
3251 3151 3401 3205 mala:
3424 3155 3608 3210 volun-

2032 3225 2153 3279 tatis
2180 3240 2285 3280 non
2311 3225 2570 3294 infertur,
2607 3229 2659 3283 iu
2686 3233 2884 3286 nullam
2905 3250 3122 3303 prorsus
3151 3238 3397 3295 infertur.
3433 3242 3607 3299 Uuus~

2028 3314 2236 3384 quisque
2271 3316 2412 3370 enim
2431 3327 2667 3386 tentatur,
2693 3329 2748 3374 ut
2764 3322 3014 3392 seriptum
3034 3337 3136 3391 est,
3158 3345 3188 3380 a
3209 3334 3608 3400 concupiscentia

2028 3420 2121 3458 sua
2173 3405 2452 3462 abstractus
2495 3419 2543 3463 et
2594 3410 2792 3466 illectus
2848 3430 2867 3469 :
2915 3414 3054 3469 Deus
3124 3430 3288 3472 autem
3362 3425 3606 3477 nemiuem

2030 3503 2187 3549 tentat
2230 3496 2432 3568 (Jacobi
2468 3515 2520 3567 ι,
2551 3502 2654 3567 ll,
2683 3503 2808 3574 l5);
2860 3507 3148 3563 tentatioue
3191 3513 3392 3566 scilicet
3421 3516 3604 3568 noxia.

2030 3583 2161 3638 Nam
2191 3596 2347 3643 estet
2377 3589 2549 3656 utilis,
2591 3606 2695 3659 qua
2737 3608 2843 3647 non
2869 3594 3165 3665 decipimur
3193 3602 3212 3629 ²
3244 3601 3325 3654 vel
3352 3602 3608 3670 opprimi-

2030 3688 2183 3739 mur,
2229 3674 2324 3729 sed
2369 3677 2684 3746 probamur,
2733 3682 3023 3738 secundum
3061 3687 3202 3754 quod
3243 3688 3440 3743 dictum
3485 3702 3605 3758 est,

2031 3763 2203 3819 Proba
2233 3783 2344 3832 me,
2381 3767 2595 3822 Domine
2615 3811 2631 3836 ,
2660 3781 2707 3823 et
2749 3782 2883 3826 tenta
2912 3791 2990 3827 me
3036 3774 3203 3846 (Psal.
3241 3794 3345 3832 xxv
3365 3822 3380 3846 ,
3410 3780 3486 3851 ‘2).
3516 3783 3606 3838 illa

2029 3871 2158 3926 ergo
2183 3857 2339 3910 noxia
2363 3851 2654 3913 tentatione
2672 3901 2687 3924 ,
2717 3877 2875 3930 quam
2901 3864 3166 3933 signiticet
3190 3869 3501 3937 Apostolus,
3529 3874 3609 3926 di-

2029 3961 2157 4001 cens
2177 3987 2192 4009 ,
2238 3945 2322 4000 Ne
2364 3948 2494 4015 forte
2523 3952 2783 4003 tcutaverit
2809 3967 2895 4005 vos
2924 3955 3009 4020 qui
3051 3964 3205 4008 tenta!
3228 3996 3243 4022 ,
3280 3967 3328 4011 et
3353 3960 3517 4015 inanis
3544 3963 3608 4017 sit

2031 4037 2173 4090 labor
2191 4049 2357 4091 uoster
2383 4038 2425 4102 (Ι
2455 4038 2632 4092 Thess.
2662 4055 2748 4102 Ill,
2777 4041 2866 4109 5),
2894 4042 3031 4098 Deus
3049 4087 3064 4110 ,
3089 4054 3143 4099 ut
3171 4046 3313 4112 dixi,
3340 4050 3607 4106 neminem

2029 4134 2196 4181 tenlat
2216 4167 2230 4192 ,
2258 4126 2358 4181 hoc
2386 4139 2496 4194 est,
2526 4130 2789 4184 neminem
2821 4131 2979 4187 infert
3008 4135 3088 4189 vel
3129 4136 3328 4192 inducit
3356 4139 3407 4193 in
3433 4150 3607 4197 tenta-

2030 4216 2253 4271 tionem.
2284 4217 2415 4271 Nam
2448 4221 2638 4273 tentari
2668 4231 2721 4275 et
2767 4222 2819 4276 in
2865 4225 3210 4282 tentationem
3239 4246 3343 4284 non
3385 4232 3561 4287 inferri
3592 4276 3606 4299 ,

2030 4322 2134 4361 non
2157 4318 2237 4363 est
2267 4309 2462 4363 malum
2487 4352 2502 4376 ,
2531 4313 2637 4365 imo
2662 4314 2823 4367 etiam
2851 4315 3049 4371 bonum
3072 4328 3156 4373 est
3182 4338 3195 4372 :
3226 4320 3326 4376 hoc
3355 4335 3436 4378 est
3464 4328 3603 4380 enim

2030 4397 2265 4466 probari.
2296 4398 2445 4464 Quod
2478 4401 2653 4470 itaque
2681 4402 2904 4460 dicimus
2931 4407 3042 4463 Deo
3062 4449 3075 4473 ,
3113 4409 3195 4464 Ne
3232 4427 3321 4465 nos
3346 4413 3534 4483 inferas
3554 4418 3606 4470 iu

2030 4488 2386 4553 tentationem;
2414 4491 2538 4559 quid
2580 4491 2836 4560 dicimus,
2869 4496 3007 4563 nisi,
3047 4498 3123 4554 Ne
3157 4516 3252 4554 nos
3297 4503 3479 4557 inferri
3528 4506 3606 4559 si-

2029 4578 2158 4631 nas?
2186 4577 2335 4635 Unde
2359 4580 2437 4634 sic
2468 4590 2623 4635 orant
2648 4584 2918 4652 nonnulli,
2950 4597 3002 4641 et
3032 4587 3225 4659 legitur
3248 4591 3300 4645 in
3332 4594 3603 4650 codicibus

2028 4667 2299 4737 pluribus,
2332 4679 2385 4723 et
2430 4669 2530 4725 hoc
2554 4672 2631 4754 sic
2673 4675 2849 4741 pesuit
2885 4675 3222 4734 beatissimus
3264 4680 3599 4751 Cyprianus:

2031 4760 2114 4816 Ne
2152 4764 2361 4831 patiaris
2402 4780 2490 4818 nos
2531 4767 2705 4819 mduci
2740 4769 2792 4820 in
2837 4774 3175 4825 tentationem.
3220 4772 3276 4826 in
3318 4774 3606 4844 Evangelia

2032 4863 2205 4908 tamen
2231 4870 2405 4924 grmco
2437 4872 2694 4925 nusquam
2727 4859 2922 4925 inveni,
2951 4861 3050 4914 nisi
3071 4904 3086 4927 ,
3118 4861 3201 4916 Ne
3225 4881 3312 4917 nos
3338 4864 3522 4932 inferas
3566 4885 3614 4921 m

2028 4945 2369 4999 tentationem.
2411 4947 2652 5002 'l‘utiurcs
2697 4950 2853 5019 igitur
2901 4953 3159 5017 vivimus,
3215 4956 3257 5008 si
3294 4964 3458 5010 totum
3510 4961 3615 5014 Deo

2025 5034 2246 5100 damus;
2294 5053 2400 5090 non
2450 5048 2625 5092 autem
2675 5055 2771 5093 nos
2799 5042 2872 5093 illi
2917 5057 2981 5095 ex
3028 5052 3208 5111 parte,
3249 5056 3301 5099 et
3353 5047 3504 5103 nobis
3551 5069 3612 5105 ex

2028 5136 2175 5192 parte
2220 5127 2598 5184 committimus
2651 5142 2671 5187 ;
2732 5132 2872 5200 quod
2937 5134 3065 5186 vidit
3121 5135 3220 5190 iste
3286 5140 3613 5196 venerabilis

2027 5225 2247 5286 martyr.
2289 5216 2418 5272 Nam
2462 5234 2583 5272 cum
2658 5222 2900 5275 eumdem
2964 5224 3135 5276 locum
3190 5226 3453 5283 Orationis
3524 5249 3612 5284 es-

2028 5308 2376 5373 poneret,ait
2432 5317 2549 5377 post
2598 5319 2788 5363 extera
2846 5328 2858 5363 :
2916 5330 2935 5363 ς
2999 5313 3221 5380 Quando
3276 5329 3449 5373 autem
3522 5336 3607 5373 ro-

2025 5410 2242 5462 gamus.
2313 5412 2379 5450 ne
2445 5399 2494 5451 in
2568 5399 2910 5453 tentationem
2985 5404 3288 5471 veniamus;
3347 5407 3609 5463 admone-

2027 5501 2143 5537 mur
2188 5486 2503 5540 inlirtnitatis
2559 5497 2611 5541 et
2669 5489 3041 5547 imbecillitatis
3081 5507 3304 5562 nostrae,
3348 5496 3475 5553 dum
3534 5501 3611 5555 sic

2092 5582 2105 5640 ἡ
2145 5576 2257 5622 mliti
2278 5609 2291 5631 ,
2316 5577 2400 5626 sed
2424 5574 2589 5628 haberi
2607 5586 2878 5640 sperantur.

2092 5638 2109 5665 ³
2134 5646 2233 5683 Am.
2262 5643 2332 5684 ωε.
2362 5646 2412 5686 ct
2435 5645 2556 5700 Mss,
2580 5638 2770 5701 quando
2793 5655 2884 5693 non
2910 5644 3191 5708 deciputtur.
3273 5696 3315 5717 ο
