4008 6178
289 403 417 462 ltiti!

286 532 565 588 rogamus,
595 533 660 572 ne
688 517 805 586 quis
827 531 886 573 se
911 515 1197 571 insolenter
1235 515 1453 570 extollat
1474 557 1488 578 ,
1516 529 1583 571 ne
1606 516 1723 584 quis
1754 513 1857 571 sibi

285 609 515 678 superbe
576 618 629 664 et
686 616 995 677 arroganter
1043 606 1242 677 aliquid
1296 615 1564 671 assumat,
1616 620 1684 660 ne
1739 606 1859 674 quis

286 711 379 754 aut
408 699 752 756 confessionis
776 711 866 754 aut
898 700 1156 769 passionis
1177 700 1396 770 gloriam
1426 715 1576 755 suam
1605 699 1762 753 ducat
1790 700 1805 729 ¹
1844 717 1859 753 :

284 805 408 843 eum
438 790 688 843 Dominus
716 790 829 860 ipse
857 789 1208 845 humilitatem
1236 789 1435 845 docens
1460 832 1474 853 ,
1501 789 1689 844 dixerit
1713 831 1728 855 ,
1770 788 1860 844 Vi-

283 882 438 950 gilate
480 891 526 935 et
593 891 762 946 orate,
820 899 882 936 ne
919 883 1127 937 reniatis
1164 884 1216 936 in
1260 884 1611 945 Mutationem;
1653 881 1859 948 spiritus

286 972 484 1042 quidem
504 984 765 1043 promptus
786 983 876 1040 est,
905 992 1022 1029 caro
1051 984 1216 1029 autem
1242 974 1447 1043 inﬁrma
1473 973 1687 1046 (Matth.
1712 987 1857 1037 XXVI,

287 1062 377 1131 4t)
406 1080 420 1115 :
448 1072 502 1115 ut
525 1061 650 1116 dum
676 1062 923 1131 praecedit
950 1064 1159 1118 humilis
1185 1072 1239 1118 et
1262 1062 1525 1119 submissa
1552 1060 1856 1126 confessio,

283 1164 339 1208 et
361 1150 517 1208 datur
541 1164 705 1208 totum
736 1153 874 1220 Deo,
902 1154 1151 1224 quidquid
1181 1154 1491 1224 suppliciter
1517 1168 1641 1208 cum
1669 1152 1859 1207 timore

284 1244 377 1298 Dei
409 1244 633 1312 petitur,
668 1243 830 1311 ipsius
861 1245 1055 1313 pietate
1085 1252 1388 1314 przestetur.
1426 1261 1447 1295 ι

356 1333 583 1390 CAPUT
624 1332 732 1388 νη.
762 1366 835 1375 -
865 1335 949 1390 15.
990 1336 1044 1391 Si
1087 1352 1217 1406 ergo
1245 1336 1348 1390 alia
1387 1335 1705 1391 documenta
1752 1348 1859 1388 non

282 1436 466 1482 essent
486 1468 502 1491 ,
552 1426 666 1482 hzcc
694 1427 958 1482 dominica
987 1429 1158 1484 oratio
1204 1428 1357 1483 nobis
1396 1428 1465 1483 ad
1493 1442 1711 1483 causam
1736 1440 1861 1496 gra-

283 1518 371 1571 tim
391 1559 406 1582 ,
437 1533 592 1588 quam
638 1517 973 1574 defendimus
993 1560 1009 1585 ,
1064 1520 1177 1575 sola
1218 1518 1492 1574 sufﬁceret
1522 1536 1535 1570 :
1566 1518 1687 1586 quia
1731 1517 1861 1571 nihil

286 1609 441 1662 nobis
461 1609 673 1680 reliquit
698 1612 741 1677 ’,
771 1611 823 1664 in
853 1626 959 1679 quo
985 1618 1232 1679 tanquam
1263 1610 1312 1662 in
1346 1617 1528 1663 nostro
1547 1608 1857 1678 gloriemur.

285 1698 552 1766 Siquidem
583 1711 637 1767 et
667 1710 722 1753 ut
748 1715 853 1754 non
881 1699 1217 1756 discedamus
1246 1714 1274 1753 a
1305 1698 1416 1753 Deo
1437 1740 1451 1761 ,
1483 1714 1588 1754 non
1628 1696 1861 1752 ostendit

284 1785 666 1844 daadum‘essc
693 1790 791 1845 nisi
819 1807 846 1842 a
880 1790 1019 1857 Deo,
1066 1804 1188 1845 eum
1221 1788 1539 1858 poscendum
1569 1787 1802 1844 ostendit
1829 1801 1858 1840 a

286 1876 415 1931 Deo.
440 1877 536 1946 Qui
563 1881 702 1934 enim
730 1897 833 1936 non
863 1880 1088 1935 infertur
1118 1881 1168 1934 in
1201 1882 1542 1935 tentationem
1563 1921 1578 1944 ,
1610 1895 1716 1933 non
1746 1879 1859 1933 dis-

283 1969 424 2023 cedit
452 1985 481 2023 a
511 1969 639 2023 Deo.
669 1970 783 2025 Non
808 1980 891 2026 est
917 1971 1020 2025 hoc
1047 1971 1263 2024 omnino
1287 1970 1340 2023 in
1370 1970 1569 2023 viribus
1598 1968 1748 2023 liberi
1773 1982 1863 2020 ar-

285 2058 427 2135 bitrii
450 2101 465 2125 ,
494 2060 677 2130 quales
701 2078 843 2115 nunc
868 2070 1029 2115 sunt:
1059 2061 1229 2115 fuerat
1256 2060 1306 2113 in
1334 2059 1551 2113 homine
1579 2069 1861 2126 antequam

283 2149 517 2206 caderet.
549 2151 678 2218 Qutc
710 2163 885 2206 tamen
927 2152 1144 2206 libertas
1169 2149 1455 2204 voluntatis
1497 2150 1549 2201 in
1584 2148 1723 2201 illius
1753 2146 1864 2215 pri-

282 2257 385 2295 mm
410 2242 734 2297 conditionis
778 2242 1084 2311 prazstautia
1133 2249 1386 2310 quantum
1412 2238 1663 2302 valuerit,
1701 2251 1867 2306 appa-

281 2332 392 2385 ruit
434 2333 486 2386 in
531 2331 772 2400 Angelis,
806 2333 926 2401 qui,
965 2331 1178 2386 diabolo
1201 2345 1321 2384 cum
1351 2330 1460 2384 suis
1502 2328 1726 2384 cadente
1750 2369 1766 2393 ,
1809 2328 1862 2381 in

279 2424 507 2479 veritate
549 2431 835 2488 steterunt,
870 2430 924 2476 ct
950 2422 1014 2475 ad
1043 2422 1383 2477 securitatem
1416 2427 1721 2489 perpetuam
1754 2435 1859 2474 non

280 2513 543 2579 cadendi,
587 2513 637 2567 in
679 2528 779 2583 qua
830 2527 972 2567 nunc
1010 2528 1103 2567 eos
1146 2526 1267 2567 esse
1308 2511 1593 2566 certissimi
1633 2524 1818 2565 sumus
1842 2551 1858 2575 ,

281 2603 564 2674 pervenire
624 2612 953 2659 meruerunt.
1022 2605 1147 2657 Post
1210 2617 1391 2658 casum
1442 2611 1620 2656 autem
1684 2602 1861 2655 homi-

282 2695 407 2760 nis,
455 2694 660 2749 nonnisi
706 2693 773 2748 ad
822 2694 1044 2764 gratiam
1096 2708 1247 2748 suam
1294 2693 1433 2747 Deus
1490 2692 1654 2747 voluit
1697 2692 1862 2761 perti-

284 2802 449 2852 nere,
478 2795 535 2841 ut
560 2786 718 2841 homo
759 2785 976 2841 accedat
1004 2786 1070 2840 ad
1112 2801 1266 2850 eum;
1315 2800 1487 2855 neque
1513 2785 1615 2840 nisi
1639 2783 1706 2839 ad
1737 2799 1863 2854 gro-

285 2878 413 2931 tiam
456 2892 602 2931 suam
656 2877 822 2932 voluit
863 2876 1160 2947 pertinere,
1211 2887 1271 2932 ut
1296 2878 1454 2932 homo
1496 2891 1603 2933 non
1647 2875 1865 2933 recedat

282 2968 351 3021 ab
379 2982 463 3022 eo.

358 3060 442 3114 i4.
491 3058 638 3115 Hane
680 3060 905 3130 gratiam
950 3061 1127 3129 posuit
1166 3060 1221 3116 in
1264 3061 1390 3127 illo,
1421 3061 1472 3115 in
1511 3075 1617 3131 quo
1659 3068 1860 3118 sortem

282 3148 552 3204 consecuti
602 3164 818 3218 sumus,
872 3151 1229 3220 praedestinati
1277 3150 1568 3206 secundum
1614 3153 1858 3222 proposi-

282 3249 394 3296 tum
440 3239 555 3310 ejus
606 3242 695 3310 qui
739 3241 984 3297 universa
1032 3252 1301 3312 operatur.
1350 3242 1430 3297 Ac
1454 3258 1550 3313 per
1574 3241 1681 3298 hoc
1722 3241 1865 3300 sicut

280 3341 532 3400 operatur
560 3340 618 3386 ut
642 3332 961 3387 accedamus
978 3374 994 3401 ,
1022 3333 1100 3388 sic
1137 3343 1387 3405 operatur
1415 3349 1482 3389 ne
1500 3333 1857 3391 discedamus.

282 3422 507 3491 Propter
550 3421 691 3492 quod
737 3424 787 3479 ei
829 3439 925 3493 per
963 3423 1276 3494 prephetam
1303 3423 1546 3479 ‘dictum
1572 3434 1689 3493 est,
1737 3424 1861 3480 Fiat

279 3532 461 3569 manus
490 3524 577 3568 tua
612 3532 763 3585 super
787 3516 947 3569 virum
975 3515 1195 3570 dextera:
1235 3526 1367 3584 tute,
1414 3527 1461 3571 et
1503 3533 1657 3588 super
1692 3515 1859 3583 ﬁlium

285 3605 501 3660 hominis
524 3622 667 3675 quem
686 3606 996 3676 conﬁrmasti
1023 3607 1149 3673 tibi;
1197 3617 1242 3661 et
1268 3624 1369 3662 non
1401 3608 1702 3663 discedimus
1742 3626 1774 3662 a
1811 3618 1859 3663 te

284 3692 455 3764 (Psat.
489 3711 674 3762 LXXIX,
708 3696 794 3761 i8,
818 3695 928 3762 l9).
962 3696 1067 3751 Iste
1112 3704 1258 3752 certe
1300 3712 1404 3751 non
1441 3706 1523 3752 est
1550 3697 1717 3751 Adam
1749 3699 1857 3765 pri-

279 3800 433 3851 mus,
482 3786 532 3839 in
577 3801 683 3856 quo
712 3786 1055 3843 discessimus
1082 3786 1150 3854 ab
1175 3801 1241 3842 eo
1273 3805 1286 3840 :
1314 3786 1409 3841 sed
1439 3787 1603 3842 Adam
1636 3787 1860 3841 novissi-

278 3891 401 3931 mus
418 3918 430 3939 ,
453 3892 615 3946 super
638 3892 796 3947 quem
824 3878 881 3931 lit
905 3891 1091 3932 manus
1116 3877 1233 3946 ejus
1251 3919 1266 3945 ,
1298 3888 1357 3931 ut
1384 3893 1489 3931 non
1520 3876 1857 3933 discedamus

276 3966 348 4020 ab
391 3983 475 4021 eo.
520 3968 763 4022 Christus
792 3969 933 4023 enim
977 3977 1116 4023 totus
1144 3983 1265 4022 cum
1304 3969 1556 4024 membris
1596 3969 1708 4024 suis
1731 3978 1851 4036 est,

278 4064 496 4126 propter
543 4040 838 4113 Ecclesium
860 4097 875 4121 ,
922 4073 1040 4127 qua:
1087 4066 1168 4112 est
1194 4072 1387 4127 corpus
1412 4057 1558 4126 ejus,
1587 4058 1856 4127 plenitudo

276 4146 417 4215 ejus.
446 4146 577 4201 Cum
606 4163 735 4218 ergo
764 4149 1000 4223 litsuper
1023 4163 1144 4202 eum
1174 4163 1367 4203 manus
1390 4148 1504 4211 Dei,
1532 4157 1589 4203 ut
1613 4164 1716 4202 non
1741 4150 1848 4203 dis~

276 4239 530 4293 cedamus
566 4254 596 4293 a
644 4241 786 4304 Deo,
838 4240 905 4294 ad
949 4254 1047 4294 nos
1091 4241 1274 4309 utique
1318 4240 1556 4309 pervenit
1599 4256 1732 4310 opus
1762 4242 1853 4296 Dei

282 4329 409 4400 (hoc
454 4338 538 4384 est
581 4331 723 4385 enim
755 4328 988 4386 ‘manus
1031 4329 1145 4400 Dei)
1185 4329 1368 4400 :quo'
1394 4346 1556 4399 opere
1602 4331 1692 4386 Dei
1720 4331 1777 4386 lit
1797 4342 1855 4386 ut

274 4419 443 4473 simus
467 4419 518 4473 in
541 4419 752 4475 Christo
778 4428 1147 4489 permanentes
1176 4436 1295 4475 cum
1324 4421 1468 4487 Deo;
1501 4437 1606 4476 non
1636 4422 1772 4477 sicut
1800 4424 1851 4477 in

275 4508 475 4575 Adam,
522 4510 854 4566 discedentes
899 4527 930 4565 a
978 4511 1105 4566 Deo.
1136 4510 1192 4566 lu
1236 4510 1446 4567 Christo
1472 4512 1615 4567 enim
1653 4523 1851 4569 sortem

273 4603 550 4657 consecuti
592 4618 810 4669 sumus,
863 4603 1224 4674 prtedcstinati
1266 4603 1557 4659 secundum
1603 4606 1851 4675 proposi-

276 4704 389 4749 tum
434 4695 551 4764 ejus
594 4696 681 4765 qui
723 4695 966 4751 universa
1010 4706 1280 4765 operatur.
1322 4696 1506 4750 Manus
1554 4698 1712 4767 igitur
1757 4698 1848 4752 Dei

276 4794 360 4836 est
388 4784 486 4838 ista
504 4825 517 4848 ,
545 4799 651 4838 non
696 4794 874 4839 nostra
898 4826 912 4848 ,
946 4793 1003 4839 ut
1033 4801 1136 4839 non
1164 4785 1500 4840 discedamus
1523 4802 1554 4841 a
1585 4787 1712 4842 Deo.
1744 4788 1851 4842 Ma-

272 4887 415 4938 nus,
463 4874 707 4945 inquam,
758 4874 873 4944 ejus
923 4884 1004 4930 est
1051 4875 1182 4939 iSta,
1238 4875 1327 4944 qui
1379 4877 1538 4941 dixit,
1597 4876 1850 4933 Timorem

274 4982 443 5019 meum
469 4967 593 5020 dabo
621 4969 671 5021 in
692 4984 779 5022 cor
803 4984 993 5030 eorum,
1019 4976 1072 5020 ut
1097 4984 1127 5019 a
1156 4984 1234 5021 me
1258 4985 1356 5022 non
1385 4970 1615 5023 recedunt
1633 4968 1844 5042 (Jerem.

270 5071 430 5109 xxxu
455 5096 470 5121 ,
494 5055 603 5127 ib).
1686 5135 1688 5138 ν

349 5147 438 5200 15.
473 5146 692 5215 Propter
732 5148 871 5217 quod
901 5157 956 5204 et
998 5148 1137 5218 posci
1171 5165 1199 5201 a
1226 5164 1284 5203 se
1314 5151 1505 5217 voluit,
1541 5167 1607 5205 ne
1653 5152 1850 5208 iniera-

268 5252 394 5290 Inur
420 5236 476 5290 in
505 5238 847 5292 tcntationem
879 5256 891 5291 :
921 5239 1041 5309 quia
1069 5250 1121 5293 ct
1163 5239 1205 5293 si
1233 5256 1337 5294 non
1365 5240 1677 5308 inferimur,
1706 5244 1845 5299 nulla

334 5474 349 5503 ¹
388 5471 534 5521 tidem
552 5472 765 5530 codices.
788 5469 936 5521 dicat.

333 5534 354 5595 ξ
388 5532 576 5595 Aliquot
597 5539 727 5591 uss,
755 5530 997 5595 relinquit.

333 5593 356 5625 ⁸
387 5593 591 5658 ΛιὶιῇυῡιΔ
603 5601 742 5658 ωειλ
752 5606 840 5658 per
856 5593 1171 5658 prophetiam.

332 5658 355 5684 ⁵
390 5654 640 5713 Particulo,
663 5654 810 5715 enim,
832 5654 973 5706 abest
1003 5669 1030 5704 a
1052 5658 1212 5706 veteri
1235 5657 1399 5707 codice
1421 5659 1714 5710 Corhctenst.

329 5716 350 5747 '
381 5716 456 5786 sic
476 5718 628 5766 nostri
644 5714 816 5767 omnes
826 5726 877 5768 et
899 5714 1075 5780 Belgiei
1101 5726 1203 5768 tros
1222 5722 1478 5789 manuscrij
1497 5722 1549 5771 ti.
1575 5724 1690 5772 Editi
1707 5735 1841 5784 vero,

258 5786 504 5839 quoniam.

593 5854 859 5917 P.t't'ttot..
901 5862 945 5919 δὲ
965 5864 1059 5922 ΙΝ
1073 5907 1086 5922 .

1305 403 1501 459 LIBER
1540 404 1625 457 DE
1666 399 1841 456 ΒΟΝο
1882 399 2500 457 PERSEVERANTLE.

3408 406 3540 463 100⁸2

1965 511 2033 566 ab
2054 528 2118 568 eo
2143 513 2350 568 ratione
2374 513 2718 569 discedimus.
2746 513 2897 581 Quod
2931 524 3132 586 poterat
3163 518 3314 572 nobis
3342 528 3397 574 et
3427 534 3536 574 non

1966 604 2240 659 orantibus
2275 604 2387 659 dari
2433 622 2447 657 :
2496 605 2590 660 sed
2627 606 2868 661 oratione
2908 618 3083 662 nostra
3115 624 3211 663 nos
3243 610 3408 664 voluit
3436 612 3536 665 ad—

1967 694 2190 759 moneri,
2217 709 2247 748 a
2273 709 2377 762 quo
2398 695 2715 764 accipiamus
2743 697 2858 753 haec
2875 698 3152 754 beneﬁcia.
3175 701 3217 753 Δ
3244 716 3349 771 quo
3372 702 3538 766 enim,

1967 781 2067 835 nisi
2095 782 2163 837 ab
2183 783 2275 838 illo
2298 784 2617 854 accipimus,
2649 800 2679 840 a
2699 802 2805 856 quo
2834 787 3035 857 iussum
3065 799 3145 844 est
3172 799 3227 845 ot
3260 797 3540 860 petamus?

1968 873 2193 929 Prorsus
2235 876 2287 929 in
2333 876 2431 931 hac
2475 893 2532 931 re
2581 893 2686 933 non
2732 893 2987 947 onerosus
3030 882 3416 950 disputationes
3440 898 3538 938 ex-

1967 975 2171 1034 spectet
2200 967 2436 1023 Ecclesia
2469 986 2481 1021 :
2513 969 2606 1024 sed
2634 970 2871 1025 attendat
2913 973 3247 1040 quotidianas
3270 975 3540 1030 orationes

1967 1071 2110 1112 suas.
2133 1058 2292 1122 Orat,
2320 1068 2379 1114 ut
2404 1061 2660 1117 increduli
2699 1062 2920 1118 credant
2949 1080 2961 1115 :
2994 1064 3132 1117 Deus
3161 1079 3288 1137 ergo
3313 1081 3540 1120 conver-

1968 1146 2029 1201 tit
2055 1148 2120 1203 ad
2147 1149 2302 1204 tidem
2330 1152 2370 1205 ‘.
2398 1152 2554 1216 Orat,
2586 1161 2644 1206 ut
2670 1153 2950 1209 credentes
2984 1164 3325 1223 perseverent
3354 1175 3367 1210 :
3400 1157 3539 1213 Dens

1968 1252 2095 1307 ergo
2124 1238 2284 1292 donat
2306 1242 2751 1308 perseverantiam
2775 1258 2939 1312 usque
2965 1244 3014 1297 in
3042 1243 3222 1298 linem.
3253 1245 3376 1300 Haec
3403 1247 3541 1300 Dens

1970 1327 2226 1387 facturum
2257 1347 2315 1385 se
2344 1346 2464 1387 esse
2496 1334 2757 1402 przescivit
2785 1335 2805 1366 ’
2836 1352 2851 1388 :
2891 1334 2998 1405 ipsa
3027 1344 3111 1391 est
3148 1337 3544 1405 pmdestinatio

1968 1431 2270 1476 sanctorum
2292 1466 2306 1487 ,
2337 1438 2472 1493 quos
2493 1425 2639 1495 elegit
2680 1426 2733 1479 in
2770 1423 2971 1481 Christo
2997 1436 3114 1481 ante
3139 1430 3541 1483 constitutionem

1969 1511 2178 1578 mundi,
2208 1523 2262 1565 ut
2285 1523 2463 1568 essent
2485 1516 2648 1569 sancti
2670 1526 2718 1570 et
2744 1516 3055 1571 inmaculati
3072 1521 3124 1572 in
3147 1530 3411 1589 conspectu
3433 1522 3544 1590 ejus

1969 1602 2023 1654 in
2067 1602 2349 1679 charitate;
2388 1606 2748 1673 pm’destinans
2773 1622 2867 1663 eos
2890 1608 2943 1660 in
2977 1609 3297 1679 adoptionem
3324 1611 3545 1680 filiorum

1970 1710 2058 1761 per
2079 1693 2256 1749 Jesum
2284 1694 2538 1750 Christum
2571 1698 2623 1751 in
2660 1698 2860 1767 ipsum,
2885 1700 3159 1754 secundum
3189 1701 3433 1772 placitum
3459 1719 3545 1757 uo-

1968 1783 2175 1839 luntatis
2200 1802 2306 1840 sua:
2332 1788 2384 1840 in
2414 1788 2612 1842 lattdem
2642 1790 2817 1859 gloria:
2840 1792 3017 1862 gratim
3043 1808 3176 1857 sum,
3194 1793 3267 1859 _in
3292 1810 3390 1863 qua
3426 1811 3546 1863 gra-

1967 1876 2172 1944 tiﬁcavit
2199 1892 2292 1931 eos
2313 1878 2365 1931 in
2391 1879 2572 1932 dilecto
2595 1878 2734 1934 Filio
2759 1898 2848 1935 suo
2869 1924 2883 1947 ,
2914 1883 2965 1935 in
2993 1899 3090 1953 quo
3116 1883 3312 1938 habent
3348 1885 3547 1937 redem-

1968 1967 2187 2036 ptionem
2217 1984 2304 2035 per
2327 1971 2617 2037 sanguinem
2645 1971 2805 2039 ipsius
2825 2013 2839 2034 ,
2862 1972 3204 2026 remissionem
3225 1984 3543 2040 peccatorum

1967 2057 2242 2109 secundum
2279 2058 2479 2110 divitias
2505 2060 2682 2127 gratia:
2710 2062 2855 2129 ejus,
2903 2077 3018 2127 qua:
3038 2063 3309 2117 abundavit
3352 2065 3408 2117 in
3449 2080 3546 2120 eos

1969 2144 2022 2196 in
2046 2146 2183 2197 onmi
2211 2147 2455 2215 sapientia
2476 2156 2522 2199 et
2548 2148 2851 2215 prudentia;
2882 2158 2936 2202 ut
2961 2151 3235 2204 ostenderet
3259 2151 3339 2205 eis
3363 2163 3549 2222 myste-

1971 2233 2104 2285 rium
2157 2234 2426 2288 voluntatis
2485 2252 2593 2288 suaz
2655 2238 2928 2291 secundum
2999 2238 3179 2292 bonam
3241 2242 3545 2296 voluntatem

1967 2340 2143 2386 suum,
2171 2340 2321 2393 quam
2360 2326 2619 2395 prepositit
2655 2329 2706 2379 in
2730 2327 2852 2389 illo,
2885 2329 2938 2381 in
2976 2328 3345 2395 dispensatione
3385 2332 3546 2401 pleni-

1967 2412 2154 2465 tudinis
2172 2422 2450 2481 temporum
2469 2454 2483 2475 ,
2510 2414 2795 2468 instaurare
2829 2417 2998 2470 omnia
3032 2418 3086 2471 in
3107 2416 3304 2473 Christo
3346 2436 3463 2490 qua!
3490 2422 3542 2478 iu

1965 2502 2102 2555 catis
2127 2511 2244 2556 sunt
2267 2512 2312 2556 et
2337 2519 2450 2573 quia
2478 2505 2529 2558 in
2551 2506 2696 2559 terris
2721 2507 2772 2559 in
2795 2507 2904 2575 ipso
2919 2524 2940 2572 ;
2968 2509 3020 2562 in
3047 2525 3146 2579 quo
3178 2511 3328 2564 etiam
3356 2522 3402 2565 et
3430 2530 3547 2567 sor-

1966 2600 2064 2646 tem
2095 2598 2343 2648 consecuti
2370 2610 2543 2649 sumus
2565 2635 2581 2660 ,
2632 2597 2974 2665 prwdestinati
3010 2600 3287 2654 secundum
3316 2604 3547 2670 proposio

1968 2693 2073 2738 tum
2117 2686 2204 2755 qui
2241 2686 2472 2740 universa
2513 2697 2749 2760 operatur
2779 2688 2996 2759 (Ephes.
3050 2706 3101 2759 ι,
3131 2692 3308 2764 4-11).
3350 2696 3545 2751 Contra

1968 2773 2120 2830 istam
2162 2777 2403 2834 veritatis
2449 2788 2555 2833 tam
2593 2781 2789 2835 claram
2836 2782 3049 2849 tubam,
3093 2786 3210 2855 quis
3254 2786 3413 2842 homo
3457 2803 3544 2843 so-

1966 2866 2097 2923 brize
2139 2869 2506 2941 vigilantisque
2533 2870 2654 2926 lidei
2696 2886 2854 2929 voces
2900 2874 3034 2931 ullas
3078 2877 3321 2932 admittat
3359 2879 3545 2933 buma-

1894 3016 1903 3021 ν
1967 2959 2095 3014 nas?

2038 3051 2262 3110 CAPUT
2292 3055 2424 3111 Vlll.
2456 3056 2632 3113 -16.
2680 3057 2785 3114 Sed
2817 3077 2835 3110 ‹
2867 3074 2994 3127 cur,
3031 3080 3050 3113 ι
3080 3061 3280 3131 inquit,
3316 3081 3336 3114 ι
3370 3066 3537 3133 gratia

1969 3143 2068 3201 Dei
2120 3162 2226 3201 non
2273 3148 2563 3204 secundum
2606 3151 2792 3205 merita
2840 3150 3115 3208 hominum
3162 3154 3349 3210 datur?
3385 3177 3403 3208 ι
3440 3157 3542 3212 Re-

1966 3237 2223 3307 spoudco,
2251 3237 2510 3306 Quoniam
2538 3240 2677 3295 Deus
2708 3241 3010 3297 misericors
3035 3256 3136 3298 est.
3161 3261 3182 3296 ι
3204 3245 3314 3300 Cur
3337 3262 3483 3317 ergo,
3518 3267 3536 3301 ι

1967 3328 2165 3399 inquit,
2204 3346 2223 3381 ι
2261 3344 2366 3383 non
2414 3331 2700 3386 omnibus?
2729 3350 2748 3384 ι
2781 3331 2851 3389 Ει
2894 3332 2981 3388 hic
3026 3336 3323 3405 respondeo
3346 3378 3360 3404 ,
3393 3337 3539 3406 Quo-

1965 3417 2106 3471 niam
2140 3417 2465 3487 Deusjudcx
2508 3429 2590 3474 est
2619 3419 2659 3473 ³.
2710 3422 2788 3477 Ac
2828 3437 2923 3491 per
2964 3421 3068 3479 hoc
3094 3432 3149 3479 et
3191 3427 3355 3495 gratis
3379 3426 3447 3482 ab
3475 3444 3541 3482 eo

1963 3506 2121 3562 datur
2143 3509 2337 3578 gratia;
2368 3518 2421 3564 et
2440 3509 2586 3579 justo
2607 3511 2721 3580 ejus
2756 3512 2809 3566 in
2835 3513 2951 3568 aliis
2971 3513 3171 3589 judicio
3196 3515 3536 3572 demonstra-

1966 3605 2083 3662 tur,
2111 3598 2235 3667 quid
2260 3599 2310 3652 in
2334 3597 2358 3630 ⁸
2384 3600 2462 3653 eis
2498 3600 2690 3670 quibus
2732 3600 2891 3657 datur
2914 3602 3156 3660 conferat
3196 3606 3387 3676 gratia.
3419 3607 3533 3662 Non

1964 3689 2140 3758 itaque
2168 3689 2336 3744 simus
2366 3689 2592 3759 ingrati,
2639 3692 2789 3761 quod
2821 3695 3113 3750 secundum
3154 3697 3403 3765 placitum
3448 3712 3542 3753 vo-

1962 3779 2178 3835 luntatis
2204 3795 2315 3835 sua:
2335 3822 2349 3844 .
2379 3782 2431 3835 in
2459 3782 2665 3838 laudem
2694 3784 2875 3852 gloriae
2913 3788 3097 3856 gratia:
3132 3802 3243 3843 sua:
3269 3797 3375 3843 tam
3398 3791 3538 3845 mul-

1963 3878 2045 3926 tos
2069 3870 2260 3926 liberat
2287 3871 2592 3928 misericors
2617 3874 2758 3930 Deus
2782 3875 2849 3930 de
2873 3885 2979 3930 tam
3003 3877 3184 3933 debita
3216 3880 3533 3948 perditione,

1963 3973 2017 4017 ut
2044 3963 2089 4017 si
2114 3963 2236 4018 inde
2265 3964 2532 4019 neminem
2564 3965 2847 4031 liberaret,
2879 3982 2981 4021 non
3014 3979 3159 4024 esset
3187 3971 3432 4040 injustas.
3456 3975 3537 4029 Ex

1962 4068 2067 4106 uno
2087 4054 2280 4122 quippe
2319 4068 2505 4108 omnes
2535 4053 2586 4108 iu
2616 4055 3109 4113 condemnationem
3154 4073 3257 4114 non
3290 4059 3537 4131 injustam

1956 4143 2171 4212 judicati
2192 4152 2315 4198 sunt
2342 4144 2440 4207 ire,
2469 4144 2561 4199 sed
2585 4143 2802 4214 justam.
2826 4145 2926 4214 Qui
2949 4161 3075 4218 ergo
3095 4147 3350 4205 liberatur
3370 4192 3382 4214 ,
3410 4158 3534 4220 graé

1962 4237 2083 4289 tiam
2107 4235 2307 4305 diligat,
2326 4237 2414 4306 qui
2435 4252 2538 4291 non
2567 4237 2840 4303 liberatur,
2861 4238 3094 4294 debitum
3111 4251 3380 4311 agnoscat.
3404 4243 3458 4298 Si
3483 4246 3533 4307 in

1959 4325 2276 4381 remittendo
2289 4326 2468 4382 debito
2482 4327 3041 4399 bonitas,in,esigendo
3061 4333 3281 4399 aequitas
3298 4331 3533 4402 intelligi-

1960 4426 2062 4479 tur,
2104 4432 2363 4485 nusquam
2392 4432 2511 4473 esse
2542 4418 2678 4487 apud
2709 4419 2871 4473 Deum
2898 4419 3145 4490 iniquitas
3173 4420 3457 4478 invenitur.

2028 4506 2114 4560 i7.
2150 4524 2170 4558 ι
2203 4506 2307 4562 Sed
2337 4522 2460 4572 cur,
2492 4527 2512 4560 ι
2546 4508 2747 4577 inquit,
2782 4527 2802 4561 ι
2840 4523 2942 4563 non
2979 4510 3149 4565 solum
3196 4511 3248 4566 in
3292 4516 3538 4583 parvulo-

1955 4612 2104 4663 rum,
2138 4612 2318 4653 verum
2348 4599 2506 4653 etiam
2534 4600 2586 4653 in
2623 4601 2953 4669 geminorum
3016 4618 3116 4657 una
3150 4614 3306 4676 atque
3346 4607 3533 4662 eadem

1955 4703 2151 4753 causa,
2205 4700 2311 4744 tam
2375 4690 2641 4746 diversum
2696 4692 2989 4761 judicium?
3036 4713 3056 4747 ι
3107 4695 3292 4753 Nonne
3344 4699 3557 4755 similis

1956 4782 2181 4851 qnznstio
2225 4792 2340 4847 est,
2387 4799 2484 4839 cur
2532 4785 2580 4838 in
2613 4785 2821 4842 diversa
2867 4802 3024 4843 causa
3073 4790 3210 4844 idem
3233 4791 3535 4859 judicium?

1956 4872 2273 4928 Recolamns
2298 4874 2457 4943 igitur
2488 4874 2607 4931 illos
2633 4878 2905 4945 operarios
2934 4878 2986 4932 in
3013 4879 3165 4933 vinea
3193 4882 3281 4951 qui
3309 4891 3418 4937 toto
3447 4885 3534 4940 die

1955 4964 2364 5031 laboraverunt,
2394 4975 2447 5021 et
2467 4982 2561 5022 eos
2585 4968 2675 5035 qui
2703 4968 2831 5023 hora
2859 4985 2960 5024 una
2992 4986 3006 5025 :
3035 4987 3225 5041 nempe
3248 4990 3408 5031 causa
3445 4979 3528 5032 di-

1954 5072 2104 5112 versa
2148 5067 2230 5112 est
2257 5058 2478 5127 impensi
2526 5059 2749 5122 laboris,
2797 5070 2851 5115 et
2880 5071 3057 5117 tamen
3101 5064 3237 5119 idem
3275 5068 3528 5136 judicium

1954 5147 2006 5199 in
2051 5147 2345 5202 redditione
2371 5149 2392 5180 ⁸
2418 5150 2700 5206 mercedis.
2750 5150 3013 5220 Numquid
3045 5163 3099 5207 et
3124 5155 3210 5209 hic
3248 5160 3526 5214 audierunt

2016 5300 2030 5330 ί
2067 5298 2200 5359 aditi,
2252 5307 2476 5350 COttt‘Ct‘ltl
2511 5314 2589 5351 eos
2627 5315 2689 5351 aa
2736 5300 2901 5366 ﬁdem.
2941 5306 3240 5368 Manuseripti
3283 5302 3535 5363 omittunt,

1950 5373 2045 5453 eos"
2067 5429 2166 5470 Am.
2181 5428 2231 5471 et
2254 5428 2326 5490 Er.
2348 5437 2359 5471 :
2392 5431 2487 5472 Hoc
2514 5431 2640 5490 Deus
2657 5426 2876 5490 futurum
3290 5433 3524 5490 Currere.

1949 5489 2064 5532 runt
2087 5486 2424 5551 _tovanienses
2447 5499 2520 5551 ei
2537 5484 2834 5548 Belgicorutn
2858 5496 2962 5537 Mss.
2990 5484 3082 5539 ﬁde
3101 5522 3115 5548 ,
3156 5489 3333 5551 quibus
3361 5487 3520 5538 Gallici

1950 5544 2100 5609 nostri
2116 5551 2178 5609 Aet
2192 5546 2396 5609 Vaticani
2419 5544 2762 5609 suifragantur.

2013 5607 2034 5679 ξ
2067 5606 2208 5679 είξῃῇ,
2225 5604 2668 5679 Ῐιιᾴεξπλιιςςωιδξιδι.
2696 5613 2860 5679 abest,
2882 5611 3063 5679 iustus,
3102 5622 3128 5679 τε
3172 5614 3522 5679 manuscriptis.

2012 5667 2200 5776 ‘nglxistsi’,
2224 5666 2339 5729 quid
2384 5666 2452 5719 eis
2497 5670 2666 5733 quibus
2688 5666 2855 5734 datur;
2879 5666 3080 5731 omisso,
3103 5669 3172 5728 in,
3195 5672 3322 5722 aliud
3366 5666 3528 5725 eisiat

2012 5740 2042 5776 ιι
2188 5762 2199 5773 .

1949 5740 2076 5791 apuu
2093 5740 2199 5776 uss.

2017 5790 2038 5821 ⁸
2072 5787 2237 5838 Plures
2252 5796 2378 5853 Mss,
2405 5791 2732 5842 redhibitione.

3112 5868 3187 5931 32
