4008 6178
407 343 543 398 1005
1597 343 1655 399 S.
1697 344 2061 402 AUGUSTIM
2101 349 2398 408 EPISCOPI
2671 364 2675 369 '
3543 383 3675 440 mm

404 462 793 512 murmurantes
840 469 870 508 ε
914 451 1328 524 patrcl'amilias,
1371 452 1502 520 nisi,
1551 454 1664 510 lloc
1702 457 1857 512 volo?
1901 456 1974 512 lta

402 547 597 618 quippe
617 546 730 617 ejus
755 561 877 618 erga
909 545 1036 601 alios
1057 545 1155 600 fuit
1181 546 1415 618 largitas,
1446 554 1508 602 ut
1526 563 1649 618 erga
1673 549 1805 605 alios
1834 552 1976 605 nulla

400 646 544 693 esset
569 637 839 708 iniquitas.
872 637 940 691 Et
961 635 1047 691 isti
1071 636 1283 707 quidem
1318 638 1528 706 utrique
1559 639 1610 692 in
1633 639 1788 694 bonis
1813 652 1936 695 sunt
1961 659 1975 697 :

401 741 763 785 verumtamen
801 737 1056 800 quantum
1103 730 1168 784 ad
1207 729 1464 799 justitiam
1517 739 1723 800 spectat
1763 741 1817 787 et
1857 748 1980 804 gra-

397 825 525 879 tiam
546 863 562 886 ,
590 830 764 891 potest
793 832 845 877 et
885 823 951 876 de
995 837 1088 878 reo
1116 823 1203 892 qui
1232 822 1519 889 liberatur,
1551 835 1698 880 recte
1734 826 1840 881 dici
1883 843 1976 880 reo

396 914 484 983 qtti
517 912 797 967 damnatur
827 913 868 979 ¹,
897 911 1043 967 Tolle
1081 913 1217 984 quod
1262 922 1403 967 tuum
1431 923 1531 980 est,
1561 925 1608 968 et
1651 916 1813 981 vade;
1861 917 1977 1007 huic

394 997 562 1056 autem
584 1004 696 1057 volo
717 1003 860 1073 quod
883 1018 985 1058 non
1012 1003 1236 1059 debetur
1260 1005 1468 1060 donare.
1500 1006 1579 1059 An
1605 1023 1705 1061 non
1726 1008 1840 1062 licet
1881 997 1978 1062 mi-

397 1093 450 1144 hi
474 1097 639 1164 facere
660 1094 796 1170 quod
832 1094 982 1148 volo!
1018 1093 1097 1148 Αη
1121 1095 1295 1148 oculus
1325 1105 1438 1150 tuus
1467 1113 1679 1166 nequam
1715 1107 1786 1152 est
1811 1140 1826 1163 ,
1856 1099 1977 1170 quia

394 1200 486 1254 ego
516 1184 675 1240 bonus
718 1201 832 1238 sum
860 1183 1070 1254 (Matth.
1096 1201 1165 1240 xx
1185 1226 1199 1249 ,
1229 1185 1424 1258 1-15)?
1454 1187 1549 1243 llic
1592 1187 1679 1243 ille
1709 1189 1753 1243 si
1793 1189 1932 1244 dicat
1957 1232 1973 1257 ,

395 1275 504 1328 Cur
534 1291 638 1329 non
666 1285 720 1330 et
744 1275 915 1329 mihi?
944 1277 1134 1330 merito
1159 1277 1370 1339 audiet.
1403 1277 1448 1330 0
1475 1279 1624 1332 homo
1647 1319 1663 1344 ,
1692 1287 1745 1346 tu
1768 1280 1880 1350 quis
1900 1297 1970 1345 es,

394 1366 481 1435 qui
529 1366 833 1438 respondeas
876 1366 982 1421 Deo
1026 1366 1200 1441 (Rom.
1228 1385 1309 1435 ιι,
1340 1369 1467 1440 20)?
1515 1370 1687 1438 Quem
1731 1381 1877 1428 certe
1919 1372 1972 1428 in

397 1471 505 1511 uno
564 1466 801 1513 vestrum
874 1458 1309 1530 benignissimum
1377 1461 1716 1532 largitorem,
1797 1463 1852 1518 in
1919 1471 1973 1519 te

397 1563 524 1603 vero
564 1557 868 1606 exactorem
918 1550 1305 1619 justissimum,
1351 1552 1402 1606 in
1443 1553 1591 1607 nullo
1636 1563 1809 1608 tamen
1855 1567 1974 1608 cer-

397 1641 478 1695 nis
543 1642 816 1710 injustum.
877 1642 1010 1697 Cum
1076 1644 1214 1698 enim
1277 1644 1451 1712 justus
1523 1653 1697 1709 esset,
1764 1645 1970 1700 etiamsi

396 1744 676 1804 utrumque
723 1735 933 1804 puniret
982 1752 996 1788 :
1048 1735 1136 1806 qui
1167 1735 1453 1804 liberatur,
1501 1736 1662 1791 habet
1687 1735 1826 1792 unde
1855 1752 1972 1807 grav

396 1825 494 1878 tias
515 1833 667 1896 agat;
713 1827 802 1896 qui
843 1825 1158 1893 damnatur,
1191 1841 1297 1880 non
1331 1825 1487 1881 habet
1511 1826 1651 1897 quod
1679 1827 1971 1897 reprehen-

392 1913 502 1967 sint.

464 2004 551 2059 18.
588 2023 606 2055 ι
640 2004 744 2059 Sed
788 2005 834 2058 si
873 2005 982 2075 jam
1005 2048 1017 2068 ,
1069 2023 1089 2058 ι
1125 2006 1325 2077 inquit,
1355 2023 1375 2058 ι
1411 2007 1517 2062 hoc
1562 2008 1868 2077 oportebat,
1915 2017 1974 2064 ut

392 2095 654 2150 damnatis
711 2111 818 2150 non
874 2097 1156 2160 omnibus,
1205 2097 1329 2164 quid
1393 2099 1640 2153 omnibus
1691 2100 1973 2156 deberetur

391 2185 734 2252 ostenderet,
780 2193 941 2256 atque
986 2186 1054 2240 ita
1099 2187 1301 2256 gratius
1341 2201 1490 2242 suam
1534 2190 1754 2258 gratiam
1782 2191 1970 2246 vasis”

390 2275 768 2329 misericordiae
798 2275 1228 2339 commendaret;
1257 2291 1353 2331 cur
1396 2277 1448 2331 in
1480 2277 1666 2332 eadem
1695 2294 1852 2332 causa
1887 2295 1972 2334 me

389 2379 547 2432 quam
577 2363 721 2418 illum
753 2365 924 2432 potius
956 2365 1172 2432 puniet,
1202 2375 1293 2419 aut
1320 2366 1465 2429 illum
1498 2383 1654 2435 quam
1687 2383 1772 2423 me
1795 2371 1970 2438 potius

391 2452 672 2507 liberabit?
708 2452 865 2508 illoc
902 2468 1007 2506 non
1054 2453 1176 2507 dico
1223 2469 1238 2506 :
1287 2455 1329 2508 si
1377 2457 1573 2524 quarris
1601 2473 1800 2526 quare;
1848 2460 1968 2527 quia

391 2544 561 2599 fateor
591 2560 675 2600 me
706 2561 808 2598 non
837 2545 1075 2601 invenire
1104 2547 1228 2617 quid
1266 2547 1458 2601 dicam.
1493 2548 1548 2603 Si
1574 2559 1625 2604 et
1653 2549 1752 2605 hoc
1773 2553 1968 2621 quaeris

389 2651 586 2703 quare;
629 2636 748 2705 quia
782 2637 833 2690 in
881 2635 979 2692 hac
1007 2652 1066 2692 re
1094 2639 1242 2692 sicut
1259 2639 1402 2707 justa
1428 2648 1512 2694 est
1537 2640 1613 2694 ira
1638 2641 1752 2709 ejus
1772 2684 1786 2708 ,
1833 2644 1968 2698 sicut

390 2741 578 2796 magna
606 2735 689 2782 est
724 2727 1082 2782 misericordia
1111 2727 1257 2798 ejus,
1289 2729 1358 2784 ita
1390 2729 1744 2785 inscrutabilia
1771 2733 1966 2802 judicia

394 2816 530 2886 ejus.

403 2973 408 2979 _
456 2909 544 2964 19.
574 2908 761 2964 Adhuc
797 2920 979 2981 pergat
1007 2920 1060 2966 et
1089 2911 1261 2978 dicat,
1295 2911 1398 2968 Cur
1423 2915 1722 2983 quibusdam
1745 2918 1832 2988 qui
1856 2935 1969 2972 eum

385 2999 645 3052 coluerunt
675 3001 803 3054 bona
831 3001 953 3070 ﬁde,
983 3018 1296 3072 perseverare
1319 3019 1473 3071 usque
1498 3005 1549 3058 in
1575 3005 1726 3074 finem
1751 3024 1849 3061 non
1877 3009 1967 3062 de-

384 3087 500 3143 dit?
526 3089 633 3142 Cur
660 3097 845 3159 putas,
884 3090 983 3145 nisi
1012 3091 1133 3161 quia
1161 3107 1266 3147 non
1295 3095 1546 3150 mentitur
1573 3097 1660 3167 qui
1700 3099 1854 3164 dicit,
1887 3100 1970 3154 Ex

383 3179 524 3235 stabis
545 3182 803 3246 exierunt,
835 3184 921 3237 sed
941 3201 1041 3238 non
1079 3194 1220 3239 erant
1249 3202 1311 3242 ea:
1338 3187 1518 3254 nobis;
1544 3206 1663 3243 nam
1687 3192 1731 3245 si
1759 3192 1968 3262 fuissent

382 3287 447 3325 ea:
469 3273 611 3327 nobis
628 3314 644 3341 ,
671 3274 969 3330 mansissent
998 3277 1167 3347 utique
1195 3278 1450 3332 nobiscum
1478 3278 1520 3352 (Ι
1548 3279 1704 3336 Joan.
1731 3299 1765 3336 ll
1786 3327 1799 3346 ,
1835 3283 1920 3355 l9)
1941 3285 1967 3339 ?

382 3361 645 3434 Numquid
675 3379 801 3434 ergo
837 3365 1109 3421 hominum
1151 3377 1352 3424 natura:
1377 3370 1494 3426 dua:
1522 3372 1682 3427 sunt?
1709 3374 1876 3429 Absit.
1908 3376 1962 3430 Si

381 3453 500 3507 dute
525 3465 727 3509 natura:
751 3465 933 3510 essent
952 3497 965 3520 ,
987 3460 1155 3526 gratia
1186 3460 1289 3513 ulla
1319 3475 1424 3514 non
1450 3473 1592 3516 esset
1619 3481 1632 3515 :
1657 3465 1784 3518 nulli
1822 3467 1961 3520 enim

381 3543 598 3598 daretur
640 3545 865 3616 gratuita
906 3547 1176 3615 liberatio,
1205 3551 1249 3603 si
1281 3561 1482 3606 naturze
1505 3553 1679 3608 debita
1709 3555 1962 3613 reddere-

380 3644 485 3692 tur.
516 3636 828 3693 llominibus
855 3648 1031 3696 autem
1053 3640 1261 3696 videtur
1281 3683 1295 3706 ,
1326 3658 1512 3700 omnes
1530 3645 1618 3716 qui
1653 3646 1775 3702 boni
1803 3665 1965 3718 appa-

381 3735 498 3783 rent
527 3727 741 3796 ﬁdeles,
773 3731 1221 3799 perseverantiam
1248 3748 1418 3804 usque
1456 3736 1507 3790 in
1539 3736 1695 3792 ﬁnem
1721 3738 1962 3808 accipere

375 3817 642 3874 debuisse.
683 3819 822 3874 Deus
848 3831 1024 3877 autem
1061 3823 1249 3878 melius
1275 3839 1395 3880 esse
1417 3825 1671 3895 judicavit
1695 3871 1710 3892 ,
1737 3828 1962 3886 miscere

376 3907 634 3976 quosdam
661 3925 765 3963 non
789 3920 1218 3979 perseveraturos
1239 3923 1388 3970 εει-ιο
1410 3931 1634 3972 numero
1657 3929 1958 3974 εειιιειιινιιιη

375 4014 626 4066 suorum;
659 4009 716 4056 ut
755 4003 946 4073 quibus
972 4019 1075 4058 non
1101 4005 1316 4075 expedit
1345 4008 1396 4061 in
1442 4009 1598 4079 hujus
1622 4010 1744 4066 vita:
1784 4021 1957 4066 tenta-

377 4093 516 4146 tione
542 4094 829 4158 securitas,
861 4109 966 4149 non
997 4097 1201 4164 possint
1225 4113 1345 4152 esse
1375 4102 1568 4154 securi.
1598 4101 1788 4155 Multos
1816 4103 1955 4156 enim

375 4198 404 4235 a
440 4183 746 4252 perniciosa
772 4184 1000 4239 elatiore
1038 4185 1281 4254 reprimit
1321 4189 1460 4255 quod
1508 4188 1582 4242 ait
1611 4190 1896 4257 Apostolus
1939 4210 1953 4246 :

379 4276 696 4345 Quapropter
715 4318 729 4342 ,
764 4291 846 4338 qui
879 4275 1073 4328 videtur
1099 4285 1251 4339 stare,
1277 4277 1442 4330 uideat
1489 4295 1552 4332 ne
1583 4280 1730 4334 cadat
1757 4280 1800 4350 (1
1834 4280 1952 4337 Cor.

377 4382 409 4420 χ
432 4407 447 4432 ,
480 4362 589 4435 19.).
632 4359 905 4419 ~v'oiuutatc
929 4376 1106 4420 autem
1136 4381 1228 4420 sua
1255 4365 1428 4434 cadit,
1460 4368 1545 4437 qui
1573 4369 1750 4434 cadit;
1777 4380 1831 4425 et
1860 4387 1956 4425 vo-

375 4456 576 4509 luntate
605 4455 696 4508 Dei
734 4465 872 4521 stat,
903 4454 992 4523 qui
1027 4464 1148 4510 stat.
1181 4455 1366 4509 Potens
1391 4466 1463 4511 est
1491 4459 1622 4512 enim
1667 4459 1804 4515 Deus
1850 4472 1956 4515 sta-

374 4557 509 4598 tuere
527 4545 669 4598 illum
692 4544 862 4616 (Rom.
895 4561 1006 4612 xtv,
1030 4544 1086 4619 4)
1112 4564 1127 4599 :
1156 4561 1262 4601 non
1283 4562 1408 4617 ergo
1427 4563 1486 4603 se
1516 4551 1647 4618 ipse,
1672 4552 1764 4605 sed
1793 4553 1949 4609 Deus.

375 4634 748 4689 Verumtamen
767 4640 970 4690 bonum
997 4645 1077 4691 est
1100 4652 1204 4691 non
1225 4638 1390 4692 altum
1410 4653 1616 4710 sapere,
1647 4642 1739 4696 sed
1768 4643 1952 4699 timere

372 4727 482 4795 (Id.
507 4743 567 4783 ιι
588 4769 604 4794 ,
627 4726 744 4798 20).
775 4728 834 4783 in
861 4727 1179 4798 cogitatione
1198 4739 1373 4784 autem
1401 4747 1495 4785 sua
1535 4734 1616 4787 vel
1642 4735 1779 4788 cadit
1802 4737 1951 4806 quis-

369 4835 493 4889 que,
514 4822 599 4876 vel
626 4828 750 4875 stat.
774 4818 920 4875 Sicut
946 4828 1124 4876 autem
1146 4822 1428 4890 Apostolus
1453 4823 1546 4887 ait,
1569 4825 1708 4894 quod
1739 4827 1790 4880 in
1815 4827 1952 4881 libro

370 4913 644 4980 superiore
666 4912 975 4977 memoravi,
1001 4910 1122 4966 Non
1138 4929 1311 4968 sumus
1335 4914 1501 4968 idonei
1527 4917 1746 4988 cogitare
1759 4919 1952 4988 aliquid

371 5003 512 5071 quasi
543 5019 605 5057 ex
643 5003 1038 5074 nobismetipsis,
1067 5004 1157 5058 sed
1193 5005 1487 5075 sufﬁcientia
1525 5019 1697 5061 nostra
1733 5026 1796 5063 ea:
1840 5009 1950 5064 Deo

370 5103 439 5145 est
461 5092 526 5161 (II
555 5092 670 5146 Cor.
705 5108 758 5147 nl
777 5135 792 5158 ,
818 5093 894 5162 5).
915 5093 1085 5162 Quem
1111 5105 1324 5150 secutus
1350 5106 1404 5150 et
1433 5095 1617 5152 beatus
1637 5099 1950 5156 Ambrosius

369 5183 526 5238 audet
572 5194 625 5239 et
665 5183 794 5238 dicit
832 5201 847 5238 :
890 5183 1010 5238 Non
1049 5187 1182 5240 enim
1204 5186 1257 5240 in
1287 5195 1524 5258 potestate
1549 5199 1721 5242 nostra
1749 5208 1836 5244 eor
1860 5209 1950 5245 no-

371 5289 547 5340 strum,
574 5287 620 5332 et
649 5287 834 5331 nostrte
866 5277 1209 5349 cogitationes.
1238 5279 1388 5345 Quod
1418 5281 1591 5335 omnis
1619 5283 1707 5352 qui
1739 5283 1951 5338 humili-

373 5379 452 5421 ter
471 5376 523 5423 et
550 5368 808 5423 veraciter
840 5367 954 5436 pius
981 5376 1063 5422 est
1081 5409 1096 5430 ,
1126 5383 1245 5423 esse
1268 5368 1599 5424 verissimum
1627 5372 1807 5426 sentit.

439 5459 528 5514 20.
558 5459 670 5514 Hoc
709 5467 889 5513 autem
939 5459 1250 5514 Ambrosius
1277 5467 1333 5513 ut
1358 5459 1592 5528 diceret,
1641 5477 1692 5516 tn
1715 5478 1785 5538 eo
1815 5464 1948 5518 libro

434 5638 450 5669 ¹
485 5640 556 5685 sic
584 5643 690 5686 Mss.
712 5643 764 5706 At
783 5636 897 5687 editi
917 5669 932 5695 ,
955 5640 1082 5686 recte
1106 5633 1222 5696 dici,
1257 5633 1368 5686 ιὀιο
1397 5649 1414 5687 :
1438 5643 1584 5701 potest
1620 5647 1665 5690 et
1692 5639 1751 5691 de
1774 5653 1828 5690 co
1867 5655 1947 5706 qus

389 5701 623 5726 Ιιη-ηιηιυν
669 5701 788 5726 ΤΛΙΙΑ

368 5701 640 5748 damnatur.
669 5699 808 5753 Tolle,
836 5706 930 5749 etc.
1127 5757 1138 5770 θ
1280 5759 1288 5768 ι

441 5763 462 5793 ί
491 5770 585 5807 Am.
607 5767 672 5808 Fr.
700 5765 747 5808 et
773 5761 954 5823 aliquot
969 5766 1097 5820 Mss,
1120 5771 1168 5810 tn
1193 5771 1332 5810 t'usts.

2097 460 2407 531 loquebatur
2431 481 2586 536 quem
2609 468 2674 524 de
2695 469 2837 542 Fuga
2865 476 3042 531 saeculi
3070 481 3302 550 scripsit,
3329 482 3546 554 docens,
3574 491 3676 546 ltoe

2089 553 2340 608 saeculum
2371 571 2475 610 non
2503 573 2725 628 corpore
2748 604 2762 628 ,
2812 564 2905 618 sed
2941 569 3102 622 corde
3145 570 3447 641 fugiendum
3482 596 3496 633 :
3529 581 3671 649 quod

2088 645 2187 699 nisi
2217 648 2415 703 auxilio
2441 650 2533 705 Dei
2575 652 2686 708 ﬁeri
2721 671 2826 710 non
2869 673 3024 726 posse
3051 662 3317 720 disseruit.
3351 668 3440 722 Ait
3477 672 3618 726 enim
3654 691 3667 728 :

2089 734 2348 808 Frequens
2387 740 2531 795 nobis
2567 744 2630 796 de
2668 748 2906 815 fugiendo
2944 753 3128 806 sarculo
3156 755 3249 810 isto
3283 775 3482 822 sermo;
3523 773 3672 833 atque

2087 827 2276 880 utinam
2299 845 2448 898 quam
2474 832 2639 900 facilis
2666 852 2828 891 sermo
2851 879 2866 904 ,
2899 849 3001 894 tam
3025 853 3201 898 cautus
3241 856 3286 899 et
3310 850 3554 905 sollicitus
3582 857 3668 920 af-

2085 915 2284 983 fectus:
2308 923 2397 973 sed
2419 962 2434 986 ,
2466 924 2600 991 quod
2619 926 2763 995 peius
2793 935 2894 994 est,
2939 935 3224 1001 frequenter
3246 938 3418 1008 irrepit
3444 915 3665 996 terrena.

2083 1022 2195 1061 rum
2231 1009 2464 1066 illecebra
2496 1016 2855 1086 cupiditatum,
2903 1031 2950 1074 et
2982 1025 3257 1080 sanitatum
3299 1029 3482 1097 o/i'usio
3529 1051 3666 1089 meu-

2081 1103 2181 1150 tem
2207 1111 2443 1171 occupat;
2471 1112 2523 1156 ut
2550 1112 2682 1173 quod
2707 1108 2909 1163 studeas
2935 1113 3106 1181 vitare,
3138 1115 3232 1170 hoc
3259 1121 3442 1191 cogites
3466 1124 3663 1178 animo-

2080 1202 2176 1258 que
2193 1190 2380 1245 colens.
2416 1192 2570 1259 Quod
2591 1212 2765 1252 cavere
2799 1200 3000 1271 difﬁcile
3023 1214 3094 1258 cst
3115 1190 3344 1276 homini,
3370 1228 3552 1267 exuere
3577 1231 3664 1268 au-

2088 1286 2184 1331 tem
2208 1278 2532 1350 impossibile.
2563 1283 2790 1357 Denique
2807 1291 2909 1344 voti
2936 1295 3095 1364 magis
3119 1297 3228 1350 eam
3254 1316 3359 1354 esse
3386 1319 3488 1356 rem
3512 1320 3662 1373 quam

2094 1365 2320 1436 effectus,
2345 1379 2552 1428 testatur
2573 1377 2818 1446 prOpIteta
2845 1380 3056 1437 dicendo
3079 1425 3094 1449 ,
3125 1403 3146 1438 ι
3161 1386 3367 1442 Declina
3387 1407 3474 1444 cor
3500 1365 3662 1448 meum

2080 1454 2131 1508 in
2159 1459 2442 1514 testimonia
2465 1473 2572 1531 tua,
2597 1475 2643 1518 et
2687 1483 2788 1522 non
2825 1470 2878 1524 in
2922 1474 3185 1530 avaritiam
3221 1497 3241 1531 ι
3268 1478 3436 1550 (Psal.
3463 1497 3620 1538 cxvnt
3643 1526 3660 1549 ,

2080 1545 2192 1616 '56).
2251 1547 2373 1603 Non
2417 1555 2548 1608 enim
2595 1556 2648 1610 in
2689 1568 2931 1629 potestate
2958 1579 3129 1620 nostra
3149 1584 3237 1622 cor
3262 1581 3486 1626 nostrum
3513 1585 3559 1628 et
3586 1594 3662 1629 co-

2076 1637 2342 1704 gitationes
2377 1654 2590 1711 nostras,
2621 1663 2734 1717 qua:
2768 1650 3037 1721 improviso
3079 1656 3259 1724 offusa:
3293 1674 3503 1717 utentem
3546 1669 3659 1720 ani-

2077 1744 2311 1800 mumque
2331 1738 2669 1805 confundunt,
2696 1751 2846 1814 atque
2870 1745 2973 1799 alio
2995 1749 3200 1803 trahunt
3224 1768 3374 1821 quam
3400 1765 3452 1807 tu
3473 1773 3659 1827 propo-

2075 1820 2234 1874 sueris
2261 1835 2282 1874 :
2307 1823 2376 1875 ad
2401 1826 2665 1881 swcularia
2693 1843 2928 1888 revocant
2949 1877 2962 1898 ,
2991 1839 3252 1893 mundana
3287 1842 3510 1898 inserunt
3535 1888 3549 1912 ,
3583 1864 3658 1901 tto-

2076 1909 2333 1980 luptuaria
2356 1915 2591 1986 ingerunt
2622 1920 2638 1952 ⁸
2658 1960 2675 1988 ,
2715 1923 3006 1980 illecebrosa
3033 1929 3263 1986 intexunt
3289 1934 3332 1999 ³,
3362 1909 3571 2007 ipsoque
3607 1940 3658 1993 in

2074 2007 2296 2071 tempore
2320 2021 2418 2075 quo
2439 2007 2630 2064 elevare
2656 2022 2868 2067 mentem
2888 2033 3142 2087 paramus,
3176 2021 3352 2078 inserti
3377 2024 3396 2055 ³
3423 2026 3658 2082 inanibus

2076 2093 2456 2163 cogitationibus
2475 2099 2544 2152 ad
2564 2111 2759 2157 terrena
2780 2105 3072 2180 plerumque
3093 2112 3358 2183 dejicimur
3379 2117 3482 2188 (De
3507 2119 3658 2192 Fuga

2075 2182 2249 2237 seaculi
2270 2225 2285 2249 ,
2327 2201 2442 2257 cap.
2471 2189 2549 2259 1).
2580 2189 2693 2284 [Ἳοη
2733 2194 2909 2265 itaque
2938 2198 2991 2253 in
3021 2182 3290 2259 hominum
3314 2247 3327 2271 ,
3356 2182 3448 2262 sed
3481 2211 3531 2264 in
3564 2182 3656 2266 Dei

2075 2281 2157 2324 cst
2204 2282 2502 2343 potestate,
2555 2281 2615 2334 ut
2654 2281 2884 2340 habeant
2936 2289 3175 2347 homines
3221 2305 3535 2364 potestatem
3567 2301 3656 2356 ﬁlii

2076 2359 2167 2412 Dei
2192 2363 2302 2414 ﬁeri
2336 2365 2512 2433 (Joan.
2538 2384 2587 2431 ι,
2620 2370 2728 2438 12).
2759 2374 2841 2427 ΑΙ)
2866 2376 2979 2443 ipso
3001 2381 3193 2450 quippe
3221 2359 3485 2454 accipiunt
3513 2406 3652 2457 eam,

2073 2451 2162 2520 qui
2183 2451 2270 2505 dat
2293 2456 2439 2508 cordi
2464 2457 2692 2513 humano
2721 2465 3068 2532 cogitationes
3098 2471 3238 2540 pias,
3273 2451 3368 2542 per
3403 2493 3534 2546 quas
3557 2479 3652 2534 ha-

2073 2539 2193 2594 beat
2221 2541 2376 2598 ﬁdem
2397 2586 2410 2610 ,
2438 2561 2554 2615 quae
2594 2561 2843 2617 operetur
2872 2569 2966 2622 per
2992 2539 3328 2617 dilectionem
3357 2539 3551 2637 (G-alat.
3581 2585 3613 2622 v
3635 2612 3650 2634 ,

2073 2630 2128 2703 6)
2163 2649 2176 2685 :
2203 2633 2269 2687 ad
2297 2635 2437 2704 quod
2465 2637 2659 2692 bonum
2683 2645 2994 2699 sumendum
3023 2658 3073 2702 et
3104 2630 3409 2721 tenendum,
3433 2666 3486 2711 et
3514 2659 3564 2712 in
3588 2630 3654 2714 eo

2071 2736 2474 2792 perseveranter
2497 2742 2662 2799 usque
2691 2731 2741 2785 in
2775 2732 2931 2788 ﬁnem
2976 2739 3355 2806 proﬁciendum
3376 2788 3391 2812 ,
3423 2761 3525 2801 non
3557 2765 3651 2804 su-

2071 2827 2189 2866 mus
2227 2813 2401 2870 idonei
2440 2819 2672 2887 cogitare
2700 2821 2895 2893 aliquid
2925 2829 3074 2896 quasi
3105 2844 3170 2884 cx
3215 2835 3609 2907 nobismetipsis
3633 2882 3650 2906 ,

2070 2901 2164 2957 sed
2189 2905 2502 2961 suﬁicieniia
2533 2919 2712 2998 nostra
2752 2929 2816 2967 ex
2849 2916 2956 2969 Deo
2984 2929 3096 2984 est;
3127 2920 3177 2973 in
3217 2925 3366 2992 cujus
3391 2935 3473 2981 est
3499 2901 3650 2998 pote;

2071 3000 2206 3046 state
2230 3009 2323 3047 cor
2348 3006 2585 3053 nostrum
2626 3011 2679 3054 et
2705 3004 3054 3072 Cogitationes
3085 3019 3299 3067 nostrae.

2140 3084 2365 3142 CAPUT
2401 3087 2490 3142 IX.
2516 3119 2590 3130 —
2609 3090 2699 3147 2|.
2726 3094 2802 3148 Ex
2834 3096 3040 3152 duobus
3081 3101 3256 3172 itaque
3282 3107 3514 3173 parvulis
3541 3110 3649 3164 ori-

2069 3173 2225 3245 ginali
2251 3187 2465 3246 peccato
2491 3182 2686 3248 pariter
2713 3185 2979 3241 obstrictis
3001 3232 3014 3254 ,
3059 3206 3155 3245 cur
3185 3194 3283 3250 iste
3307 3208 3611 3254 assumatur
3632 3241 3646 3264 ,

2070 3265 2156 3320 ille
2188 3268 2546 3339 relinquatur;
2591 3284 2644 3327 et
2674 3291 2736 3328 ex
2782 3276 2986 3334 duobus
3029 3292 3185 3338 (etate
3221 3285 3330 3354 jam
3361 3290 3648 3358 grandibus

2069 3355 2244 3426 impiis
2267 3399 2282 3424 ,
2309 3374 2404 3413 cur
2448 3361 2545 3417 iste
2574 3364 2643 3418 ita
2674 3377 2893 3422 vocetur
2912 3412 2925 3433 ,
2956 3381 3013 3425 ut
3042 3385 3314 3431 vocantem
3358 3391 3609 3450 sequatur
3630 3425 3646 3450 ,

2068 3447 2156 3502 ille
2181 3456 2356 3504 autem
2387 3459 2476 3506 aut
2514 3469 2620 3509 non
2647 3467 2897 3524 vocetur,
2926 3471 3014 3514 aut
3043 3478 3146 3518 non
3175 3465 3241 3518 ita
3265 3447 3517 3535 vocetur;
3561 3471 3644 3526 iu-

2065 3539 2365 3595 scrutabilia
2403 3552 2528 3596 sunt
2561 3545 2758 3613 judicia
2800 3549 2915 3605 Dei.
2945 3551 3023 3605 Ex
3053 3554 3259 3610 duobus
3297 3568 3471 3613 autem
3506 3560 3604 3630 piis
3630 3603 3644 3622 ,

2063 3642 2159 3682 cur
2190 3629 2312 3684 huic
2351 3630 2581 3687 donetur
2620 3645 3012 3704 perseverantia
3045 3658 3213 3714 usque
3255 3645 3308 3700 in
3339 3629 3531 3712 tinem,
3573 3651 3643 3706 illi

2063 3733 2170 3772 non
2197 3720 2457 3788 donetur;
2498 3724 2922 3785 inserutabiliora
2967 3742 3092 3788 sunt
3131 3735 3328 3804 judicia
3360 3738 3471 3792 Dei.
3514 3740 3644 3794 Illud

2065 3817 2239 3866 tamen
2270 3813 2512 3870 ﬁdelibus
2541 3817 2698 3872 debet
2727 3835 2849 3876 esse
2877 3825 3251 3893 certissimum,
3278 3828 3416 3885 hunc
3435 3846 3554 3888 esse
3577 3848 3642 3889 ex

2062 3903 2452 3971 pratdestinatis
2472 3946 2485 3969 ,
2515 3907 2661 3961 illum
2704 3925 2809 3964 non
2836 3926 2975 3967 esse.
3003 3913 3141 3968 Nam
3167 3933 3210 3970 si
3237 3919 3445 3988 fuissent
3473 3938 3536 3975 ea:
3560 3941 3644 3976 no-

2062 3993 2154 4058 bis,
2183 3995 2256 4047 ait
2284 4011 2417 4049 unus
2440 3997 2956 4068 pmdestinatorum,
2983 4006 3071 4074 qui
3095 4007 3163 4062 de
3193 4019 3404 4078 pectore
3434 4013 3639 4069 Domini

2060 4083 2264 4139 biberat
2306 4086 2405 4142 hoc
2449 4100 2713 4146 secretum
2738 4132 2754 4156 ,
2809 4097 3106 4151 mansissent
3156 4101 3322 4172 utique
3364 4105 3637 4162 nobiscum.

2059 4172 2194 4240 Quid
2221 4185 2298 4229 est
2324 4217 2340 4243 ,
2367 4192 2566 4247 quaeso,
2592 4177 2711 4234 Non
2739 4195 2881 4236 erant
2911 4202 2972 4239 ex
2997 4187 3156 4255 nobis,
3182 4209 3298 4244 num
3325 4194 3369 4247 si
3390 4196 3634 4266 fuissent,

2059 4269 2353 4323 mansissent
2403 4272 2579 4344 utique
2622 4274 2922 4333 nobiscum?
2971 4279 3156 4336 Nonne
3201 4286 3409 4356 utrique
3453 4304 3485 4342 a
3531 4289 3639 4345 Deo

2057 4359 2251 4424 creati,
2282 4362 2491 4431 utrique
2513 4377 2580 4418 ex
2611 4365 2777 4419 Adam
2804 4369 2940 4434 nati,
2982 4373 3192 4442 utrique
3218 4374 3285 4430 de
3329 4385 3469 4432 terra
3512 4378 3634 4435 facti

2056 4461 2228 4518 erant,
2252 4460 2305 4506 et
2331 4453 2399 4507 ab
2418 4468 2484 4508 eo
2507 4455 2592 4525 qui
2615 4455 2766 4520 dixit,
2799 4457 3008 4513 Omnem
3037 4464 3216 4532 ﬂatum
3238 4483 3327 4538 ego
3355 4470 3452 4535 {cci
3483 4469 3634 4542 (Isai.

2057 4555 2159 4595 Lm
2179 4583 2193 4606 ,
2227 4542 2352 4613 16),
2395 4545 2549 4602 unius
2578 4547 2922 4620 ejusdemque
2953 4562 3154 4610 natura:
3181 4559 3386 4615 animas
3410 4577 3634 4633 accepe-

2057 4634 2208 4687 rant?
2235 4633 2422 4690 Nonne
2452 4646 2722 4704 postremo
2757 4643 2964 4712 utrique
3000 4647 3167 4699 vocati
3194 4648 3432 4718 fuerant,
3463 4663 3516 4707 et
3539 4671 3633 4708 vo-

2053 4732 2261 4778 cantem
2293 4727 2492 4792 secuti,
2524 4729 2730 4798 utrique
2755 4746 2817 4785 ex
2842 4723 3324 4804 impiiSjuSliiicali,
3353 4751 3406 4794 et
3433 4757 3528 4810 per
3555 4744 3635 4798 la-

2057 4831 2268 4870 vacrum
2312 4821 2728 4888 regenerationis
2764 4823 2974 4893 utrique
3003 4829 3280 4882 renovati?
3307 4830 3410 4884 Sed
3436 4834 3480 4884 si
3522 4832 3635 4890 lucc

2054 4906 2260 4961 audiret
2299 4908 2416 4972 ille,
2458 4911 2546 4979 qui
2576 4911 2773 4966 sciebat
2805 4915 2987 4982 procul
3023 4917 3184 4970 dubio
3212 4919 3350 4989 quod
3388 4922 3632 4992 diccbat,

2054 4999 2376 5067 respondere
2409 5012 2585 5070 posset
2611 5011 2664 5057 et
2692 5003 2870 5061 dicere
2899 5024 2912 5061 :
2949 5007 3080 5061 Vera
3119 5019 3240 5062 sunt
3266 5009 3411 5078 lucc,
3443 5029 3636 5069 secun-

2053 5089 2178 5143 dum
2209 5089 2321 5145 lucc
2348 5094 2525 5146 omnia
2549 5110 2614 5148 ex
2638 5096 2793 5150 nobis
2835 5107 2985 5151 erant
3009 5114 3022 5161 ;
3049 5110 3414 5158 verumtamen
3443 5120 3635 5162 secun-

2053 5179 2178 5234 dum
2201 5181 2356 5235 aliam
2389 5185 2669 5252 quamdam
2700 5186 3074 5242 discretionem
3107 5206 3211 5244 non
3240 5204 3392 5248 erant
3428 5212 3492 5250 ex
3538 5212 3632 5251 no-

2054 5275 2168 5338 bis;
2199 5290 2317 5328 nam
2349 5277 2392 5329 si
2433 5275 2655 5332 fuissent
2684 5295 2747 5332 ex
2780 5281 2958 5345 nobis,
2989 5283 3309 5340 mansissent
3333 5289 3510 5356 utique
3534 5306 3628 5340 no-

2056 5365 2275 5419 biscum.
2301 5366 2430 5434 Qurc
2454 5377 2530 5421 est
2565 5369 2776 5424 tandem
2800 5369 2822 5402 ⁸
2847 5371 2942 5425 ista
2965 5371 3253 5431 discretio?
3282 5377 3463 5430 Patent
3488 5376 3628 5432 Libri

2055 5455 2180 5519 Dei;
2225 5471 2328 5510 non
2355 5467 2654 5514 avertamus
2690 5471 2960 5531 aspectum
2991 5481 3003 5518 :
3029 5465 3195 5521 clama
3249 5465 3516 5536 Scriptura
3546 5468 3630 5521 di-

2119 5583 2137 5659 ξ
2169 5583 2473 5659 cor-beiensis
2490 5593 2542 5636 et
2555 5590 2954 5642 Manessicrianus
2967 5601 3092 5656 Mss,
3108 5593 3371 5658 llt‘itlpMM
3394 5594 3628 5659 ingerunt.

2117 5645 2138 5674 '
2173 5646 2323 5706 Nostri
2341 5657 2512 5695 omnes
2534 5657 2658 5706 Μελ,
2682 5659 2954 5705 contexunt.

2122 5706 2141 5736 ³
2173 5704 2453 5754 Noalliensis
2474 5713 2578 5767 Msa,
2605 5704 2810 5763 inSertis.

2119 5767 2140 5800 δ
2170 5776 2346 5815 omnes
2371 5775 2495 5833 uss,
2513 5778 2687 5824 tamen.
