4008 6178
317 353 455 408 1005

310 478 429 531 vina
453 516 469 542 ,
500 474 848 531 adhibeamus
886 473 1147 531 auditum.
1191 473 1307 530 Non
1342 484 1495 531 erant
1522 490 1589 535 ex
1628 473 1744 541 eis,
1774 475 1897 547 quia

304 582 416 621 non
445 575 597 621 erant
620 566 914 623 secundum
939 566 1269 637 propositum
1294 566 1466 622 vocati
1489 583 1502 621 :
1527 581 1635 622 non
1663 576 1818 623 erant
1845 566 1897 620 in

303 656 525 712 Christo
553 656 707 714 electi
733 665 858 713 ante
884 657 1318 714 constitutionem
1347 656 1567 725 mundi,
1612 671 1719 714 non
1744 666 1899 730 erant

301 745 361 800 in
399 762 468 803 eo
510 756 707 804 sortem
736 748 1043 815 consecuti,
1074 762 1181 804 non
1223 756 1377 804 erant
1412 747 1778 819 prtedestinati
1806 762 1897 803 se-

300 840 541 895 cundum
566 840 891 911 prepositum
914 840 1048 911 ejus,
1068 839 1158 911 qui
1183 840 1431 896 universa
1459 849 1736 909 oneratur.
1764 840 1896 895 Nam

299 931 351 986 si
380 929 493 986 hoc.
508 941 705 997 essent,
735 945 800 987 ex
827 931 931 988 illis
953 940 1156 999 essent,
1186 940 1381 988 etcum
1410 931 1516 986 illis
1542 932 1661 989 sine
1687 931 1900 989 dubita-

300 1024 453 1079 tione
476 1022 821 1080 mansissent.

375 1114 467 1169 22.
499 1113 569 1172 Ut
602 1116 748 1172 enim
777 1131 881 1170 non
911 1113 1085 1172 dicam
1121 1131 1279 1188 quam
1324 1116 1396 1173 sit
1443 1117 1699 1188 possibile
1742 1116 1854 1174 Deo
1879 1157 1893 1178 ,

298 1222 523 1263 aversas
547 1216 604 1264 et
629 1207 883 1264 adversas
911 1208 964 1263 in
1005 1208 1164 1281 fidem
1192 1223 1341 1265 suam
1368 1208 1645 1264 hominum
1666 1223 1895 1263 conver-

300 1307 420 1354 tere
447 1298 764 1362 voluntates,
791 1307 846 1354 et
873 1300 928 1355 in
956 1314 1143 1356 eorum
1159 1300 1412 1356 cordibus
1430 1300 1663 1370 operari,
1695 1310 1753 1354 ut
1778 1300 1897 1355 nul-

298 1391 371 1446 lis
409 1390 823 1447 adversitatibus
860 1392 1087 1459 cedant,
1122 1407 1221 1448 nec
1248 1392 1315 1447 ab
1343 1392 1434 1448 illo
1456 1394 1630 1461 aliqua
1656 1392 1893 1465 superati

301 1483 604 1539 tentatione
623 1483 940 1548 discedant;
971 1499 1092 1540 cum
1118 1482 1292 1556 possit
1317 1494 1373 1539 et.
1401 1481 1539 1555 quod
1566 1482 1640 1540 ait
1660 1483 1893 1553 Aposto-

301 1571 391 1628 lus
417 1572 596 1631 facere
611 1616 628 1639 ,
653 1584 711 1629 ut
736 1590 840 1629 non
869 1589 965 1632 cos
986 1575 1254 1648 permittat
1277 1576 1468 1632 tentari
1496 1590 1659 1645 super
1681 1574 1731 1630 id
1752 1575 1892 1645 quod

303 1673 527 1732 possunt
556 1662 598 1738 (l
623 1661 743 1720 Car.
773 1682 806 1720 κ
828 1705 845 1733 ,
881 1667 968 1736 13)
999 1683 1013 1720 :
1046 1675 1102 1720 ut
1134 1680 1264 1736 ergo
1290 1664 1343 1720 id
1373 1681 1478 1719 non
1502 1664 1675 1719 dicam
1702 1704 1715 1730 ,
1746 1675 1892 1720 certe

300 1766 512 1828 poterat
537 1758 656 1814 illos
684 1759 822 1815 Deus
851 1759 1139 1829 przesciens
1167 1774 1288 1816 esse
1316 1760 1579 1830 lapsuros,
1604 1769 1889 1830 antequam

298 1848 358 1903 id
394 1848 582 1914 fieret,
623 1850 834 1905 auferre
852 1850 920 1906 de
944 1849 1042 1906 hac
1067 1851 1195 1905 vita.
1220 1851 1298 1905 An
1331 1866 1396 1905 eo
1423 1850 1641 1906 redituri
1668 1864 1854 1905 sumus
1872 1891 1887 1915 ,

296 1950 361 1996 ut
388 1943 562 1997 adhuc
590 1943 941 2015 diSputemus,
964 1954 1157 2015 quanta
1183 1944 1509 1999 absurditate
1531 1944 1765 2010 dicatur,
1799 1944 1888 2013 jn-

292 2031 470 2087 dicari
497 2033 738 2088 homines
777 2046 1017 2088 mortuos
1044 2035 1204 2089 etiam
1231 2033 1299 2090 de
1339 2033 1422 2089 his
1460 2035 1726 2103 peccatis,
1768 2048 1889 2103 qua:

296 2123 570 2188 prrescivit
598 2139 692 2179 eos
718 2124 859 2179 Deus
885 2132 1284 2194 perpetraturos
1315 2124 1479 2181 fuisse
1497 2166 1512 2189 ,
1538 2125 1584 2179 si
1613 2124 1891 2180 viverent?

292 2211 455 2279 Quod
488 2212 557 2267 ita
578 2214 830 2268 abhorret
863 2229 894 2268 a
924 2215 1170 2269 sensibus
1198 2215 1501 2270 Christianis
1519 2256 1535 2279 ,
1558 2224 1651 2269 aut
1676 2230 1892 2284 prorsus

295 2305 555 2359 humanis
578 2347 592 2369 ,
624 2313 683 2359 ut
703 2304 754 2359 id
783 2304 943 2360 etiam
972 2304 1219 2360 refellere
1244 2304 1456 2374 pudeat.
1478 2304 1587 2360 Cur
1604 2305 1747 2360 enim
1785 2321 1890 2360 non

294 2395 545 2457 dicatur,
579 2407 632 2451 et
664 2396 832 2465 ipsum
860 2396 1206 2466 Evangelinm
1232 2410 1352 2450 cum
1379 2404 1524 2451 tanto
1548 2397 1728 2451 labore
1772 2412 1892 2467 pas-

294 2486 655 2556 sionibusque
684 2495 990 2542 sanctorum
1028 2486 1222 2541 frustra
1244 2501 1366 2542 esse
1396 2486 1735 2556 praedicatum
1759 2528 1776 2553 ,
1804 2489 1888 2544 vel

290 2580 477 2635 adhuc
514 2580 674 2637 etiam
714 2579 994 2649 praedicari
1028 2598 1043 2635 :
1074 2580 1118 2634 si
1154 2578 1381 2649 judicari
1424 2588 1670 2650 poterant
1712 2580 1888 2635 homi-

288 2685 393 2725 nes
413 2711 430 2736 ,
462 2670 620 2724 etiam
648 2687 754 2726 non
797 2669 980 2726 audito
1007 2670 1329 2741 Evangelio,
1367 2655 1666 2726 secundum
1695 2681 1887 2727 conlu-

288 2764 523 2819 maciam
552 2764 636 2819 vel
665 2763 1051 2830 obedientiam,
1081 2778 1239 2833 quam
1266 2764 1531 2833 prteseivit
1557 2764 1698 2819 Deus
1733 2764 1887 2819 habi‘

291 2864 450 2910 turos
469 2855 632 2912 fuisse
654 2896 670 2919 ,
698 2856 743 2910 si
767 2855 1080 2912 audissent?
1101 2855 1211 2911 Nec
1234 2855 1617 2910 damnarentur
1637 2856 1810 2927 Tyrus
1835 2865 1891 2912 et

290 2946 487 3010 Sidon,
519 2947 758 3017 quamvis
787 2946 1064 3001 remissius
1080 2961 1237 3016 quam
1258 2946 1364 3001 illa:
1385 2946 1659 3012 civitates,
1689 2946 1741 3001 in
1765 2946 1887 3015 qui-

291 3038 398 3093 bus
441 3054 547 3093 non
589 3038 934 3094 credentibus
973 3054 1003 3093 a
1036 3038 1263 3093 Domino
1289 3037 1503 3092 Christo
1529 3036 1789 3093 mirabilia
1814 3038 1890 3093 si-

295 3144 405 3199 gna
426 3129 446 3162 ¹
474 3141 598 3185 sunt
622 3129 759 3185 facta
792 3148 807 3185 :
839 3130 1089 3201 quoniam
1124 3131 1167 3184 si
1192 3129 1332 3199 apud
1363 3129 1479 3184 illas
1508 3128 1643 3185 facta
1667 3139 1848 3185 essent
1866 3171 1883 3197 ,

294 3222 350 3275 in
372 3223 558 3278 cinere
579 3230 633 3278 et
656 3222 832 3277 cilicio
859 3222 1229 3292 pmttitentiam
1256 3221 1513 3292 egissent;
1544 3221 1683 3276 sicut
1702 3235 1764 3277 se
1792 3220 1888 3276 ha-

295 3312 429 3367 bent
443 3313 655 3384 elcqnia
681 3313 951 3381 veritatis,
984 3312 1038 3367 in
1059 3312 1254 3383 quibus
1277 3312 1458 3369 verbis
1493 3312 1606 3367 suis
1632 3312 1887 3367 Dominus

294 3402 456 3459 Iesus
496 3404 657 3459 altius
701 3404 854 3459 nobis
901 3405 1211 3477 mysterium
1267 3403 1746 3474 pratdestinationis
1793 3416 1885 3459 os-

297 3497 492 3552 tendit.

366 3592 460 3645 25.
485 3590 541 3646 Si
570 3591 711 3646 enim
740 3602 1010 3663 qtneratur
1031 3606 1059 3645 a
1088 3591 1242 3646 nobis
1261 3634 1277 3657 ,
1317 3607 1414 3647 cur
1448 3591 1586 3661 apud
1619 3606 1715 3647 eos
1742 3600 1885 3647 tanta

295 3681 555 3736 miracula
594 3680 726 3736 facta
772 3682 878 3736 sint
905 3683 994 3753 qui
1025 3682 1268 3737 videntes
1294 3698 1354 3738 ea
1384 3697 1489 3737 non
1520 3682 1730 3738 fuerant
1769 3698 1889 3739 ere-

294 3770 460 3825 dituri
481 3813 496 3838 ,
529 3780 582 3825 et
600 3772 738 3841 apud
761 3787 855 3827 eos
878 3772 1012 3827 facta
1040 3788 1144 3827 non
1184 3772 1292 3827 sint
1318 3773 1407 3842 qui
1430 3772 1711 3828 crederent
1731 3773 1775 3827 si
1804 3774 1885 3828 vi-

295 3860 504 3926 derent;
529 3863 656 3933 quid
681 3863 1164 3933 respondebimus?
1182 3862 1445 3933 Numquid
1463 3862 1656 3918 dicturi
1677 3878 1882 3928 sumus,

294 3953 440 4022 quod
461 3954 512 4007 in
540 3953 676 4009 libro
698 3954 788 4009 illo
815 3953 925 4009 dixi
946 3996 962 4021 ,
990 3954 1079 4010 ubi
1111 3968 1204 4012 sex
1233 3953 1551 4025 quibusdam
1576 3954 1888 4024 quaestioni-

295 4044 397 4098 bus
428 4044 757 4115 Paganorum
777 4086 792 4108 ,
824 4046 940 4100 sine
966 4044 1273 4114 praeiudicio
1301 4052 1477 4100 tamen
1501 4044 1723 4099 aliarum
1753 4061 1885 4100 eau-

294 4151 474 4193 sarnm
497 4179 513 4202 ,
543 4153 677 4209 quas
703 4138 992 4208 prudentes
1022 4147 1244 4209 possunt
1268 4138 1562 4208 vestigare,
1593 4137 1886 4208 respondi?

296 4229 413 4284 iloe
437 4233 658 4300 quippe,
692 4240 750 4286 ut
778 4230 959 4295 scitis,
990 4245 1111 4286 cum
1146 4230 1387 4285 Christus
1413 4243 1578 4301 quare
1615 4238 1737 4300 post
1774 4239 1881 4285 tam

293 4320 451 4391 longa
483 4330 722 4393 tempora
760 4323 969 4379 venerit
991 4364 1008 4390 ,
1038 4331 1369 4392 qumrcretur
1391 4363 1406 4387 ,
1438 4322 1547 4378 dixi
1572 4362 1588 4389 ,
1627 4323 1762 4394 quod
1806 4324 1885 4379 Itis

294 4413 604 4482 temporibus
628 4424 675 4468 et
718 4414 799 4469 Itis
826 4414 947 4469 locis
970 4414 1151 4485 quibus
1192 4412 1525 4486 Evangelium
1550 4416 1660 4487 ejus
1686 4432 1788 4470 non
1812 4427 1883 4471 est

294 4504 629 4572 pra'dicatum
653 4546 670 4567 ,
703 4506 831 4561 tales
856 4522 1028 4561 omnes
1052 4506 1105 4560 in
1143 4507 1254 4577 ejus
1283 4507 1645 4578 pradieatiane
1686 4512 1885 4581 futuros

291 4612 401 4650 esse
421 4596 736 4666 prwsciebat,
766 4598 941 4666 quales
968 4596 1116 4652 multi
1135 4598 1187 4652 in
1212 4597 1324 4668 ejus
1343 4599 1596 4669 corporali
1618 4600 1885 4668 prementia

292 4687 500 4754 {uerunt
521 4729 535 4751 ,
566 4688 652 4755 qui
674 4688 724 4741 in
753 4705 866 4741 eum
887 4704 975 4742 nec
1002 4688 1256 4742 suscitatis
1277 4687 1417 4751 abeo
1432 4690 1642 4742 mortuis
1679 4689 1885 4745 credere

291 4774 579 4831 valuerunt.
626 4776 752 4831 Item
800 4778 957 4846 paulo
985 4784 1107 4847 post
1148 4776 1200 4831 in
1230 4777 1418 4833 eodem
1449 4777 1615 4842 libro,
1644 4785 1803 4848 atque
1829 4779 1880 4833 in

289 4868 482 4924 eadem
522 4870 817 4939 quarstionc
844 4888 857 4923 :
890 4870 1025 4938 Quid
1059 4870 1243 4924 mirum
1262 4911 1277 4935 ,
1301 4870 1547 4940 inquam,
1575 4870 1619 4924 si
1646 4880 1749 4923 tam
1773 4871 1883 4939 inﬁ-

288 4960 490 5015 delibus
533 4963 736 5032 plenum
773 4962 942 5018 orbem
969 4972 1217 5016 terrarum
1245 4962 1477 5017 Christus
1514 4962 1766 5032 prioribus
1789 4978 1883 5017 sa:-

288 5052 424 5104 culis
447 5063 681 5118 noverat,
722 5062 778 5107 ut
821 5054 893 5107 eis
922 5053 1189 5123 praedicari
1222 5054 1398 5108 merita
1426 5052 1611 5117 nollet,
1641 5070 1766 5124 quas
1793 5071 1883 5108 nec

290 5142 454 5213 uerbis
501 5162 589 5199 nec
643 5147 905 5200 miraculis
969 5146 1077 5200 suis
1128 5145 1404 5201 credituros
1442 5162 1549 5200 esse
1594 5145 1882 5215 prandebat

290 5232 488 5304 (Epist.
521 5236 653 5301 102,
684 5246 860 5307 quam.
882 5236 974 5307 2)?
1002 5236 1127 5291 llmc
1155 5245 1301 5292 certe
1324 5235 1395 5291 de
1417 5236 1559 5307 Tyro
1593 5245 1649 5292 et
1682 5236 1882 5293 Sidone

287 5342 398 5380 non
425 5341 711 5397 possumus
734 5326 913 5383 dicere
935 5367 951 5393 ,
984 5336 1038 5383 et
1065 5327 1116 5382 in
1159 5328 1239 5383 eis
1266 5326 1638 5397 cognoscimus
1677 5318 1741 5382 ad
1790 5342 1880 5385 eas

286 5434 483 5474 causas
513 5419 992 5489 praedestinationis
1022 5420 1136 5475 lucc
1159 5419 1337 5475 divina
1363 5419 1558 5490 judicia
1589 5420 1876 5490 pertinere,

286 5510 409 5564 sine
436 5526 662 5579 quarum
690 5526 968 5567 causarum
999 5512 1273 5568 latentium
1302 5510 1612 5583 pratjndicio
1632 5520 1757 5568 tunc
1782 5512 1879 5567 ista

287 5601 617 5676 respondere
642 5617 731 5656 tne
754 5601 865 5659 dix.
910 5601 1088 5658 Facile
1115 5613 1196 5659 est
1216 5604 1411 5674 quippe
1434 5611 1494 5658 ut
1515 5602 1879 5658 inﬁdelitatem

286 5705 604 5747 accusemus
626 5691 930 5775 intimorum
957 5693 1025 5748 tle
1052 5693 1217 5748 libera
1244 5694 1516 5751 voluntate
1542 5691 1840 5752 venientem
1859 5728 1876 5756 ,

369 5806 389 5836 ί
414 5812 514 5854 Am.
540 5810 613 5852 Er.
633 5812 684 5855 et
697 5803 875 5865 aliquot
894 5813 997 5857 uss.
1018 5841 1030 5863 ,
1053 5812 1098 5855 et
1121 5802 1275 5867 signa.

1331 353 1533 410 LIBER
1571 353 1659 410 DE
1699 353 1877 412 DONO
1916 357 2533 424 PERSEVERANTLE.

3463 389 3599 447 1006

2008 479 2098 548 qui
2127 480 2278 537 factis
2305 486 2444 554 apud
2472 503 2532 543 se
2558 498 2664 544 tam
2695 493 2902 565 magnis
2925 494 3210 555 virtutibus
3233 498 3456 559 credere
3500 520 3597 560 no-

2006 568 2240 658 luerunt.
2269 574 2421 640 Quod
2447 586 2501 632 et
2532 579 2785 638 Dominus
2814 582 3101 656 increpans
3118 590 3309 658 arguit,
3339 599 3393 647 et
3418 592 3546 652 dicit
3576 616 3591 657 :

2015 657 2105 755 the
2128 661 2218 717 tibi
2240 705 2255 727 ,
2284 661 2571 724 Cltorazain
2609 680 2658 725 et
2684 671 2961 729 Bethsaida
2988 692 3006 730 :
3037 679 3158 745 quin
3186 657 3244 734 si
3288 681 3342 735 in
3384 681 3519 755 Tyra
3547 699 3593 741 et

2006 750 2200 807 Sidone
2227 756 2377 826 facta
2397 758 2606 826 fuissent
2629 764 2860 830 virtutes,
2888 782 3002 836 qua:
3030 770 3325 841 [aette‘sunt
3349 773 3402 827 in
3427 750 3588 835 uobis.

2003 844 2125 898 olim
2160 845 2215 899 in
2246 846 2408 902 cilicio
2428 860 2475 904 et
2497 853 2662 908 cinere
2680 857 3017 925 ptrnitentiam
3041 861 3273 931 egissent.
3305 863 3407 918 Sed
3435 881 3588 921 num-

2001 937 2127 1006 quid
2157 953 2436 1007 possumus
2454 943 2632 1001 dicere
2651 986 2667 1012 ,
2694 947 2854 1003 etiam
2894 948 3084 1020 Tyrios
3108 963 3160 1007 et
3185 950 3437 1012 Sidonios
3464 958 3585 1013 tali-

2003 1031 2100 1087 bus
2124 1034 2265 1104 apud
2310 1050 2370 1092 se
2410 1037 2694 1094 virtutibus
2736 1039 2888 1095 factis
2926 1043 3149 1101 credere
3188 1045 3451 1115 noluisse,
3494 1061 3586 1107 aut

2000 1123 2299 1179 credituros
2325 1141 2429 1183 non
2453 1128 2643 1194 fuisse,
2668 1132 2713 1187 si
2741 1132 2964 1190 tierent?
2987 1150 3106 1192 cum
3134 1138 3215 1194 eis
3254 1140 3369 1209 ipse.
3401 1142 3583 1197 Domi-

2003 1228 2101 1266 nus
2137 1222 2448 1282 attestetur,
2480 1220 2620 1289 quod
2648 1219 2812 1275 acturi
2836 1228 3014 1273 essent
3042 1234 3243 1289 magna:
3274 1221 3583 1275 humilitatis

2002 1304 2399 1376 paenitentiam,
2429 1309 2476 1365 si
2516 1309 2569 1364 in
2594 1309 2675 1365 cis‘
2702 1308 2835 1366 facta
2862 1318 3044 1367 essent
3065 1309 3363 1368 divinarum
3391 1313 3481 1369 illa
3506 1313 3591 1368 si-

1996 1408 2100 1469 gna
2150 1398 2433 1455 virtutum.
2477 1400 2546 1454 Et
2592 1409 2768 1455 tamen
2811 1399 2870 1454 in
2914 1400 3003 1456 die
3036 1398 3219 1469 iudicii
3259 1416 3574 1468 punientur,

1997 1500 2242 1555 quamvis
2265 1490 2460 1545 minori
2492 1496 2753 1562 supplicio
2792 1506 2949 1560 quam
2994 1491 3100 1547 illre
3138 1492 3381 1548 civitates
3404 1533 3421 1558 ,
3464 1509 3589 1564 quat

1997 1576 2135 1646 apud
2161 1592 2221 1632 se
2249 1579 2528 1635 virtutibus
2568 1581 2718 1635 factis
2759 1580 2981 1637 credere
3026 1582 3332 1638 noluerunt.
3358 1582 3585 1639 Secutus

1995 1668 2137 1723 enim
2182 1670 2433 1726 Dominus
2471 1673 2547 1726 ait
2576 1690 2589 1725 :
2630 1671 2979 1728 Verumtamen
3011 1674 3124 1728 dico
3166 1672 3303 1728 vobis
3324 1716 3339 1740 ,
3373 1672 3507 1746 Tyro
3536 1686 3584 1730 et

1998 1760 2182 1816 Sidoni
2205 1764 2460 1818 remissius
2488 1765 2581 1819 erit
2606 1765 2660 1819 in
2686 1765 2766 1818 die
2801 1765 2988 1834 jndicii
3017 1782 3168 1835 quant
3204 1765 3340 1820 vobis
3366 1764 3580 1839 (Matth.

1995 1867 2047 1906 st
2068 1893 2083 1917 ,
2112 1852 2214 1918 21,
2238 1853 2357 1923 22).
2384 1854 2632 1910 Severius
2660 1870 2786 1923 ergo
2816 1856 3101 1925 punientur
3136 1856 3254 1920 isti,
3289 1855 3359 1911 illi
3390 1858 3584 1913 remis-

1994 1942 2144 2007 sius;
2175 1945 2268 1999 sed
2297 1954 2471 2000 tamen
2499 1946 2805 2015 punientur.
2835 1947 3000 2001 Porro
3025 1948 3069 2002 si
3095 1947 3254 2002 etiam
3291 1948 3582 2004 secundum

1994 2032 2127 2086 facta
2145 2051 2261 2101 qu:e
2285 2036 2471 2091 facturi
2497 2046 2676 2091 essent
2697 2036 2744 2091 si
2762 2038 3018 2101 viverent,
3042 2039 3233 2093 mortui
3255 2038 3580 2107 iudicantur;

1996 2122 2254 2190 profecto,
2277 2125 2398 2194 quia
2430 2126 2613 2181 fideles
2643 2127 2803 2181 futuri
2830 2137 2984 2183 erant
3008 2129 3115 2194 isti,
3139 2130 3184 2182 si
3214 2130 3293 2183 eis
3320 2145 3441 2184 cum
3468 2140 3585 2185 tan-

1997 2213 2065 2266 tis
2112 2214 2386 2269 miraculis
2415 2214 2604 2271 fuisset
2648 2218 2991 2288 Evangelinm
3034 2219 3378 2289 praedicatum
3403 2262 3420 2286 ,
3475 2237 3582 2277 non

1994 2305 2905 2380 suntutiquepuniendi;punientur
2926 2322 3139 2376 autem;
3173 2313 3249 2385 (α)
3272 2313 3457 2368 falsum
3500 2324 3584 2370 est

1995 2393 2154 2465 igitur
2180 2406 2234 2450 et
2252 2397 2545 2453 secundum
2582 2413 2645 2454 ea
2676 2408 2916 2455 mortuos
2957 2399 3183 2471 iudicari
3206 2444 3221 2465 ,
3247 2417 3368 2473 quzc
3392 2403 3581 2459 facturi

1993 2496 2174 2541 essent
2209 2486 2256 2542 si
2290 2486 2357 2542 ad
2384 2489 2628 2545 viventes
2675 2489 3018 2561 Evangelium
3057 2493 3379 2560 perveniret.
3426 2492 3494 2548 Et
3535 2494 3582 2548 si

1994 2576 2096 2632 hoc
2125 2577 2314 2634 falsum
2351 2587 2463 2644 est,
2488 2596 2593 2635 non
2624 2590 2706 2637 est
2729 2596 2826 2637 cur
2845 2582 3052 2637 dicatur
3084 2582 3151 2638 de
3179 2582 3465 2640 infantibus
3489 2587 3581 2655 qui

1993 2679 2217 2738 pereunt
2247 2671 2364 2727 sine
2404 2671 2731 2741 Baptismatc
2776 2673 3096 2741 morientes,
3140 2672 3244 2729 hoc
3285 2674 3338 2728 in
3390 2674 3470 2730 eis
3516 2691 3583 2730 eo

1991 2760 2183 2815 merito
2204 2760 2342 2830 ﬂeri,
2369 2762 2491 2832 quia
2512 2763 2781 2835 praeseivit
2800 2778 2895 2820 eos
2918 2751 3078 2830 Deus,
3100 2765 3146 2821 si
3165 2765 3426 2831 viverent,
3452 2782 3583 2836 prte-

1991 2850 2332 2924 dicatumque
2358 2855 2462 2909 illis
2488 2855 2674 2912 fuisset
2700 2856 3041 2927 Evangelium
3066 2898 3080 2921 ,
3112 2857 3398 2914 infideliter
3425 2858 3579 2912 audi-

1993 2948 2159 2999 turos.
2179 2943 2361 2999 Restat
2382 2945 2541 3017 igitur
2569 2955 2626 3000 ut
2652 2947 2765 3001 solo
2786 2955 3004 3017 peccato
3031 2947 3271 3019 originali
3305 2959 3580 3005 teneantur

1992 3034 2261 3100 obstricti,
2292 3045 2344 3091 et
2365 3048 2585 3108 prepter
2608 3037 2711 3094 hoc
2730 3039 2901 3094 solum
2930 3049 3057 3097 cant
3086 3041 3139 3095 in
3160 3041 3575 3109 damnationem;

1992 3125 2134 3194 quod
2183 3127 2425 3183 videmus
2464 3131 2481 3162 ³
2511 3130 2630 3185 aliis
2672 3130 2914 3185 eamdem
2962 3131 3278 3188 habentibus
3317 3149 3532 3190 causam
3558 3178 3575 3201 ,

1992 3230 2100 3271 non
2130 3216 2231 3271 nisi
2257 3233 2351 3287 per
2380 3219 2471 3275 Dei
2501 3221 2783 3289 gratuitam
2803 3223 3026 3292 gratiam
3055 3225 3456 3294 regeneratione
3480 3226 3579 3280 do-

1991 3307 2137 3373 nari;
2164 3315 2219 3362 et
2245 3308 2360 3378 ejus
2394 3310 2634 3376 occulto,
2674 3309 2820 3381 justo
2850 3322 3027 3368 tamen
3062 3313 3296 3382 judicio,
3326 3315 3578 3385 quoniam
3678 3306 3690 3316 ⁶

1990 3412 2097 3452 non
2126 3407 2211 3453 est
2236 3398 2485 3472 iniquitas
2511 3399 2649 3469 apud
2680 3401 2848 3456 Deum
2881 3400 3056 3475 (Rom.
3106 3418 3160 3458 rx
3185 3445 3199 3471 ,
3249 3404 3369 3477 14),
3413 3422 3578 3477 quos-

1990 3488 2110 3544 dam
2138 3490 2298 3546 etiam
2338 3500 2459 3562 post
2486 3492 2816 3564 Baptismum
2847 3495 3079 3566 pessime
3105 3497 3335 3554 vivendo
3376 3500 3578 3570 peritu-

1990 3597 2112 3647 ros,
2143 3584 2194 3639 in
2222 3584 2323 3640 hac
2363 3595 2539 3641 tamen
2579 3587 2686 3643 vita
2713 3603 2821 3657 quo
2848 3603 3018 3660 usque
3045 3600 3268 3660 pereant
3305 3591 3574 3659 detineri;

1989 3673 2080 3742 qui
2101 3690 2206 3728 non
2233 3676 2492 3744 perirent,
2521 3676 2566 3731 si
2591 3677 2670 3731 eis
2694 3679 2936 3747 corporis
2956 3693 3121 3750 mors,
3156 3680 3358 3751 lapsum
3388 3698 3575 3739 eorum

1990 3764 2355 3832 pratvcniens,
2418 3765 2744 3821 subveniret.
2800 3768 3061 3836 Quoniam
3110 3770 3288 3826 nullus
3334 3781 3577 3829 mortuus

1985 3852 2253 3919 iudicatur
2276 3869 2343 3909 ex
2372 3855 2526 3910 bonis
2554 3871 2647 3912 seu
2674 3859 2829 3913 malis
2849 3899 2865 3923 ,
2898 3876 3018 3929 qua:
3059 3861 3231 3918 fuerat
3257 3864 3302 3918 si
3329 3879 3435 3920 non
3463 3881 3577 3921 mo-

1992 3952 2199 3998 reretur
2222 3952 2439 4000 acturus
2469 3962 2485 4000 :
2508 3946 2741 4016 alioquin
2769 3949 2915 4020 Tyrii
2944 3959 2999 4006 et
3024 3951 3226 4007 Sidonii
3249 3969 3352 4007 non
3380 3969 3575 4010 secun-

1988 4034 2114 4088 dum
2141 4048 2203 4089 ea
2233 4050 2351 4105 qua:
2369 4046 2652 4103 gesserunt
2688 4024 2874 4108 poenas
2902 4040 3138 4105 luerent;
3166 4043 3257 4097 sed
3285 4046 3458 4112 potius
3486 4061 3575 4100 sc-

1989 4125 2221 4181 cundum
2246 4142 2309 4182 ea
2331 4143 2451 4198 quae
2476 4129 2672 4199 gesturi
2701 4128 2929 4195 fuerant,
2958 4131 3003 4186 si
3032 4132 3084 4187 in
3112 4133 3190 4187 eis
3222 4134 3327 4188 ilhc
3353 4136 3574 4191 virtutes

1987 4218 2309 4290 evangelica:
2334 4218 2488 4274 facta:
2516 4218 2768 4288 fuissent,
2797 4237 2895 4292 per
2922 4223 3177 4293 grandem
3206 4227 3572 4295 paenitentiam

1987 4317 2044 4365 et
2070 4326 2165 4380 per
2190 4311 2383 4366 Christi
2412 4311 2571 4367 ﬁdem
2601 4324 3062 4384 consequerentur
3086 4317 3326 4371 salutem.

2058 4425 2284 4482 CAPUT
2320 4424 2391 4482 X.
2425 4457 2499 4467 —
2529 4427 2620 4482 24.
2661 4426 2885 4497 Quidam
2932 4428 3230 4498 disputator
3277 4431 3571 4485 catholicus

1989 4532 2093 4571 non
2125 4516 2370 4587 ignobilis
2398 4516 2539 4572 hunc
2565 4517 2844 4589 Evangelii
2883 4519 3056 4573 locum
3099 4519 3177 4574 sic
3219 4522 3486 4591 exposuit,
3518 4532 3572 4576 ut

1988 4607 2189 4664 diceret
2215 4608 2494 4680 praescisse
2521 4609 2802 4663 Dominum
2835 4608 3025 4681 Tyrios
3051 4617 3109 4666 et
3134 4610 3437 4666 Sidoniosa
3469 4611 3573 4667 fide

1990 4698 2150 4755 fuisse
2168 4708 2353 4770 postea
2381 4714 2708 4765 recessuros,
2740 4715 2859 4755 cum
2885 4699 3036 4755 factis
3062 4701 3201 4771 apud
3222 4718 3280 4757 se
3306 4703 3572 4758 miraculis

1987 4789 2357 4854 credidissent,
2384 4798 2438 4846 et
2460 4790 2821 4846 misericordia
2851 4791 3026 4862 potius
3053 4808 3157 4846 non
3185 4807 3307 4847 cum
3340 4793 3447 4849 illic
3471 4794 3569 4850 ista

1990 4884 2209 4940 fecisse:
2239 4886 2487 4957 quoniam
2517 4886 2748 4957 graviori
2792 4903 2966 4958 pinna:
3011 4890 3227 4945 obnoxii
3278 4891 3490 4957 fierent,
3523 4893 3566 4943 si

1989 4975 2143 5031 fidem
2166 4991 2322 5048 quam
2347 4986 2628 5033 tenuerant
2648 4979 3008 5049 reliquissent,
3034 4996 3193 5051 quam
3216 4983 3258 5036 si
3285 4998 3401 5039 eam
3425 4985 3570 5038 nullo

1986 5075 2225 5136 tempore
2255 5068 2570 5124 tenuissent.
2600 5069 2654 5123 ln
2682 5085 2782 5140 qua
2806 5071 3065 5124 sententia
3089 5072 3229 5128 docti
3262 5075 3492 5129 hominis
3513 5088 3567 5129 et

1984 5159 2267 5214 admodum
2295 5161 2455 5223 acuti,
2487 5177 2605 5231 qua:
2631 5162 2737 5216 sint
2765 5160 2938 5217 adhuc
2966 5164 3156 5219 merito
3180 5166 3495 5237 requirenda
3521 5169 3566 5228 ',

1985 5251 2110 5321 quid
2140 5266 2224 5306 me
2251 5268 2391 5308 nunc
2419 5254 2608 5308 attinet
2637 5254 2837 5320 dicere,
2874 5269 2993 5311 cum
3017 5266 3072 5313 et
3098 5258 3207 5327 ipsa
3240 5261 3393 5313 nobis
3417 5257 3482 5313 ad
3515 5258 3565 5311 id

1984 5341 2124 5412 quod
2146 5344 2350 5413 agimus
2374 5343 2731 5414 suffragetur?
2755 5345 2809 5401 Si
2837 5347 2977 5402 enim
3015 5347 3355 5403 miseratione
3385 5348 3564 5401 Domi—

1986 5451 2086 5491 nus
2114 5452 2219 5490 non
2250 5434 2374 5492 fecit
2404 5437 2454 5490 in
2498 5436 2612 5491 istis
2646 5436 2887 5500 virtutes,
2921 5453 3017 5508 per
3041 5454 3171 5509 quas
3202 5435 3315 5492 fieri
3346 5445 3566 5506 possent

2049 5622 2066 5653 ⁸
2082 5621 2173 5692 _sie
2188 5628 2294 5671 Mss.
2318 5621 2436 5692 aditi
2459 5633 2599 5682 vero,
2615 5621 2839 5692 quoniam
2862 5620 3095 5692 ridemus.
3120 5630 3173 5672 Et
3196 5623 3336 5683 infra,
3364 5636 3452 5689 per
3482 5625 3566 5677 Del

1982 5682 2241 5745 qratuitam
2261 5682 2469 5746 gratiam
2488 5682 2888 5746 regenerationem
2910 5684 3099 5746 donari.
3162 5698 3173 5703 ‘

2047 5747 2069 5808 ξ
2102 5750 2151 5791 tn
2170 5742 2282 5808 stas;
2301 5742 2500 5805 legitur,
2517 5742 2626 5804 titur
2641 5744 2735 5794 sint
2756 5746 2917 5808 adhuc
2934 5744 3103 5794 merita
3119 5744 3425 5808 requirenda.

2050 5804 2123 5865 (tt)
2157 5804 2239 5852 llic
2273 5804 2433 5863 incipit
2453 5818 2591 5865 enim
2626 5808 2680 5853 l0
2701 5806 2826 5867 apud
2852 5818 2944 5854 Αιυ-
2968 5812 3018 5851 ιιι
3043 5812 3117 5856 Fr.
