4008 6178
447 284 581 344 ίΟΟἹ

442 398 644 462 fideles,
673 409 737 449 ne
759 392 967 462 gravii“
991 391 1302 460 punirentur
1324 403 1444 443 cum
1471 397 1653 459 postea
1682 389 1866 442 tierent
1895 388 2014 441 inli-

442 490 610 551 deles,
633 486 771 558 quod
801 499 894 542 eos
922 483 1127 537 futuros
1149 483 1309 537 fuisse
1336 480 1624 550 prmscivit;
1653 481 1783 534 satis
1806 487 2016 549 aperte«

443 593 546 649 que
575 584 920 639 monSIratur,
964 573 1031 627 de
1070 571 1155 626 bis
1196 571 1429 641 peccatis
1478 569 1744 624 neminem
1786 568 2011 637 iudicari

440 678 791 733 mortuorum,
822 680 939 735 qure
967 663 1229 732 przrscivit
1258 661 1421 716 fuisse
1459 660 1737 723 facturum,
1766 659 1808 713 si
1836 659 2011 727 aliquo

440 759 598 815 modo
623 759 672 814 ei
700 772 765 811 ne
796 756 879 809 illa
910 754 1064 808 faciat
1092 752 1440 807 subvenitur:
1468 752 1603 804 sicut
1633 749 1806 819 Tyriis
1832 757 1885 802 et
1922 747 2011 802 Si-

436 849 629 911 doniis,
658 847 701 900 si
742 836 1004 900 sententia
1034 843 1118 896 illa
1166 856 1286 895 vera
1318 850 1419 906 est,
1466 840 1776 895 subvenisse
1817 838 2010 892 dicitur

434 941 698 1003 Christus,
731 952 865 1007 quos
908 936 1095 991 maluit
1126 949 1228 989 non
1256 934 1514 989 accedere
1539 932 1603 987 ad
1636 931 1814 996 fidem,
1850 945 2004 1000 quam

435 1032 637 1086 scelere
665 1030 829 1083 multo
853 1027 1092 1098 graviore
1119 1024 1394 1080 discedere
1416 1038 1446 1077 a
1478 1022 1598 1086 fide,
1641 1022 1779 1091 quod
1814 1035 1929 1085 eos,
1961 1020 2004 1073 si

432 1122 802 1188 accessissent,
835 1117 1146 1189 praeviderat
1175 1114 1336 1172 fuisse
1378 1114 1625 1169 facturos.
1674 1112 1925 1178 Quamvis
1961 1113 2003 1163 si

431 1211 657 1276 dicatur,
685 1209 790 1265 Cur
828 1222 937 1263 non
964 1206 1157 1261 factum
1187 1212 1269 1259 est
1310 1211 1368 1257 nt
1403 1201 1683 1258 crederent
1726 1200 1921 1267 potius,
1952 1209 2007 1253 et

436 1303 537 1359 hoc
557 1303 634 1359 eis
654 1308 1013 1371 prmstaretur,
1041 1306 1098 1352 ut
1123 1306 1402 1366 antequam
1435 1280 1593 1349 fidem
1620 1275 1998 1362 relinquerent,

430 1409 493 1447 ex
518 1394 613 1446 hac
633 1393 737 1447 vita
757 1387 1078 1461 migrarent?
1095 1386 1220 1457 quid
1242 1384 1551 1455 responderi
1578 1383 1763 1453 possit,
1794 1382 1999 1451 ignoro.

429 1484 529 1550 Qui
559 1485 698 1537 enim
726 1481 874 1547 dicit,
905 1478 1168 1534 relicturis
1200 1477 1353 1531 fidem
1380 1473 1640 1530 beneficio
1683 1471 1842 1527 fuisse
1869 1486 1998 1526 con-

430 1587 660 1638 cessam,
685 1588 753 1627 ne
778 1571 974 1625 habere
996 1569 1287 1641 inciperent
1307 1565 1445 1635 quod
1468 1565 1708 1635 graviore
1733 1563 2001 1632 impietate

427 1664 759 1728 desererent,
789 1662 918 1718 satis
949 1661 1145 1716 indicat
1171 1675 1277 1713 non
1300 1656 1523 1728 judieari
1550 1655 1818 1709 hominem
1850 1668 1914 1707 ex
1935 1666 2000 1705 eo

426 1754 565 1823 quod
594 1754 941 1825 pramoseitnr
970 1749 1107 1805 male
1129 1748 1289 1803 fuisse
1318 1747 1572 1812 facturus,
1603 1745 1645 1799 si
1674 1745 1721 1800 ei
1748 1757 2000 1813 quocum-

424 1861 526 1914 que
556 1845 812 1900 beneficio
839 1854 899 1898 ut
928 1844 978 1896 id
1008 1857 1111 1896 non
1146 1840 1302 1895 faciat
1328 1839 1655 1893 consulatur.
1687 1835 1994 1890 Cousultum

423 1946 503 1990 est
534 1936 689 2004 igitur
718 1944 771 1990 ct
799 1935 896 1997 illi,
925 1934 1014 2002 qui
1039 1942 1214 2001 raptus
1233 1939 1325 1994 est,
1360 1945 1422 1982 ne
1456 1927 1651 1980 malitia
1679 1933 1891 1977 mutaret
1918 1924 1995 1976 iu-

422 2027 670 2077 trllrcmm
691 2028 800 2094 ejus
821 2023 975 2095 (Snp.
1006 2036 1076 2088 tv,
1110 2020 1217 2090 ll).
1235 2018 1339 2075 Sed
1362 2033 1455 2073 cur
1481 2033 1584 2070 non
1608 2016 1675 2069 ita
1697 2013 1993 2069 consultum

420 2117 580 2171 fuerit
603 2116 777 2187 Tyriis
807 2130 870 2169 ac
895 2113 1149 2176 Sidoniis,
1177 2122 1235 2165 ιιι
1262 2110 1542 2165 crederent
1577 2117 1630 2161 et
1663 2116 1989 2175 raperentur,

421 2222 487 2260 ne
515 2206 711 2260 malitia
743 2213 971 2260 mutaret
1015 2202 1341 2258 intellectum
1374 2215 1590 2264 eorum;
1637 2197 1855 2252 forsitan
1906 2212 1992 2249 re-

419 2297 705 2367 sponderet
744 2297 851 2355 ille,
884 2295 968 2350 cui
1016 2293 1212 2363 placuit
1261 2293 1363 2347 isto
1406 2290 1564 2345 modo
1611 2291 1746 2343 hanc
1786 2288 1993 2341 Solvere

418 2386 767 2452 quaestionem
794 2403 806 2437 :
835 2399 934 2453 ego
963 2399 1088 2436 vero
1114 2392 1369 2451 quantum
1397 2380 1460 2434 ad
1490 2380 1590 2433 hoc
1610 2377 1749 2447 quod
1780 2393 1879 2445 ago
1908 2387 1988 2429 at-

418 2476 569 2540 tinet,
600 2472 848 2527 sufficere
876 2471 1050 2537 video,
1079 2480 1135 2524 ut
1154 2469 1445 2524 secundum
1472 2467 1622 2520 istam
1640 2479 1849 2534 quoque
1865 2481 1988 2517 seu-

419 2565 657 2628 tentiam,
684 2563 1119 2618 demonstrentur
1148 2560 1391 2615 homines
1420 2572 1526 2613 non
1561 2556 1787 2626 judicari
1816 2556 1882 2611 de
1908 2556 1990 2609 his

415 2670 532 2723 qua:
557 2669 663 2708 non
685 2652 943 2716 fecerunt,
967 2652 1172 2707 etiamsi
1204 2649 1391 2706 facturi
1418 2648 1581 2703 fuisse
1606 2646 1812 2716 prmvisi
1842 2656 1985 2699 sunt.

415 2745 748 2814 Quanquam,
766 2753 835 2798 ut
858 2743 989 2809 dixi,
1021 2742 1157 2797 hanc
1181 2741 1505 2811 opinionem,
1537 2755 1638 2809 qua
1668 2746 1913 2808 putantur
1935 2738 1985 2792 in

416 2833 763 2889 morientibus
784 2832 867 2888 vel
894 2832 1115 2887 mortuis
1135 2830 1387 2886 vindicari
1416 2840 1627 2901 peceata
1650 2832 1689 2894 ί,
1720 2847 1836 2900 quae
1854 2844 1989 2899 prte—

413 2924 533 2978 sciti
563 2932 687 2980 sunt
710 2923 896 2978 facturi
927 2937 1046 2979 esse
1073 2923 1115 2976 si
1144 2921 1402 2985 viverent,
1431 2922 1589 2977 etiam
1623 2918 1869 2976 refellere
1890 2933 1989 2990 pu-

414 3016 557 3078 dettl,
608 3030 676 3072 ne
718 3015 994 3071 videamur
1038 3023 1092 3069 et
1139 3029 1237 3069 nos
1266 3014 1599 3069 existimasse
1626 3013 1848 3081 alicujus
1868 3028 1988 3069 esse

422 3110 708 3177 momenti,
753 3126 908 3179 quam
962 3108 1243 3164 maluimus
1295 3108 1650 3177 disputatione
1698 3107 1983 3170 cohibere,

414 3216 571 3269 quam
602 3200 815 3255 silentio
844 3201 1132 3270 praeterire.

488 3289 711 3348 CAPUT
754 3289 844 3345 XI.
872 3319 945 3330 --
985 3289 1077 3345 25.
1119 3290 1370 3356 Proinde,
1417 3290 1552 3346 siettt
1582 3289 1865 3359 Apostolus
1892 3289 1985 3351 ait,

418 3380 537 3436 Non
581 3381 791 3436 volentis
837 3397 996 3450 neque
1029 3381 1294 3444 currentis,
1334 3379 1423 3434 sed
1453 3379 1729 3434 ntisrrentis
1772 3388 1843 3433 est
1891 3376 1988 3431 υνὶ

416 3471 590 3543 (Rom.
621 3487 697 3537 Ix,
718 3472 808 3542 lli)
830 3489 843 3524 :
866 3472 954 3540 qui
984 3479 1038 3525 ct
1066 3470 1298 3541 parvulis
1322 3469 1511 3538 quibus
1535 3470 1666 3535 vult,
1695 3470 1853 3524 etiam
1880 3483 1984 3524 non

417 3563 715 3617 volentibus
736 3577 906 3631 neque
921 3562 1255 3616 currentibus
1273 3560 1538 3626 subvenit,
1565 3576 1700 3630 quos
1723 3569 1847 3616 ante
1864 3575 1994 3616 eou-

416 3654 743 3710 stitutionem
771 3653 951 3709 mundi
978 3653 1139 3724 elegit
1167 3653 1219 3708 in
1247 3651 1480 3715 Christo,
1510 3652 1729 3707 daturus
1753 3651 1830 3708 eis
1859 3667 1985 3723 gra—

417 3745 543 3798 tiam
567 3744 751 3815 gratis,
791 3745 893 3797 hoc
920 3752 1022 3806 est,
1052 3743 1213 3797 nullis
1242 3758 1427 3797 eorum
1467 3741 1554 3797 vel
1598 3739 1720 3796 lldei
1746 3742 1829 3796 vel
1854 3756 1985 3811 epe—

417 3850 534 3889 rum
579 3833 783 3889 meritis
810 3832 1268 3904 prmcedentibus:
1293 3843 1345 3888 et
1374 3831 1660 3902 majoribus
1699 3832 1857 3887 etiam
1902 3831 1986 3886 bis

415 3940 546 3994 quos
573 3925 833 3995 pra:vidit,
857 3924 900 3978 si
930 3923 1069 3994 apud
1097 3938 1188 3978 eos
1216 3923 1345 3977 facta
1367 3930 1566 3989 essent,
1589 3922 1699 3976 suis
1720 3922 1988 3976 miraculis

419 4016 735 4080 credituros,
763 4016 954 4087 quibus
983 4030 1087 4069 non
1119 4015 1231 4069 vult
1253 4013 1554 4080 subvenire,
1575 4028 1682 4067 non
1706 4012 1982 4075 subvenit;

414 4107 483 4164 de
510 4108 698 4178 quibus
724 4108 775 4161 in
803 4122 898 4161 sua
924 4106 1387 4176 prtcdestinatioue
1410 4104 1614 4160 occulte
1636 4102 1872 4173 quidem,
1892 4102 1984 4155 sed

411 4200 554 4268 jnste
595 4197 737 4253 aliud
777 4196 1050 4266 judicavit.
1098 4196 1212 4250 Non
1257 4195 1396 4249 enim
1440 4202 1521 4249 est
1572 4194 1820 4261 iniquitas
1846 4192 1984 4261 apud

424 4292 618 4356 Deum;
641 4289 732 4344 sed
756 4287 1112 4343 inscrutabilia
1151 4285 1484 4355 suntjudicia
1512 4284 1646 4355 ejus,
1679 4294 1732 4338 et
1770 4285 1988 4340 investi.

414 4381 614 4452 gabiles
636 4380 736 4436 viro
764 4380 877 4451 ejus
903 4377 1011 4451 (Id.
1038 4394 1114 4445 ιι,
1139 4376 1229 4449 55)
1252 4394 1264 4429 :
1290 4377 1546 4431 universa:
1571 4387 1749 4431 autem
1765 4376 1861 4430 vim
1881 4376 1986 4429 Do-

418 4474 543 4527 mini
579 4471 934 4527 misericordia
967 4479 1020 4525 ct
1048 4468 1241 4523 veritas
1271 4466 1440 4541 (Paul.
1473 4481 1619 4532 ΠΝ,
1668 4464 1781 4536 10).
1832 4465 1985 4521 luve-

417 4564 674 4635 stigabilis
702 4577 829 4633 ergo
852 4568 937 4618 est
964 4558 1341 4624 misericordia,
1372 4573 1472 4628 qua
1501 4555 1650 4629 cujus
1686 4557 1794 4610 vult
1821 4557 1986 4612 mise-

416 4665 584 4720 retur,
612 4652 766 4707 nnllis
790 4652 906 4722 ejus
933 4648 1352 4721 prmeedentibns
1374 4648 1607 4704 meritis:
1631 4656 1683 4702 et
1704 4647 1984 4715 investiga-

420 4745 540 4799 bilis
569 4742 784 4809 veritas,
816 4757 914 4811 qua
945 4755 1101 4810 quem
1143 4739 1254 4793 vult
1296 4738 1521 4793 obdurat
1550 4736 1722 4809 (Rom.
1763 4753 1839 4804 ιχ,
1871 4736 1982 4806 18),

419 4837 536 4908 ejus
563 4833 773 4907 quidem
798 4831 1219 4905 praecedentibus
1245 4830 1467 4893 meritis,
1490 4830 1583 4885 sed
1606 4845 1723 4885 cum
1751 4845 1816 4885 eo
1837 4829 1986 4899 cujus

421 4928 702 4982 miseretur
730 4925 1039 4996 plerumque
1062 4921 1451 4978 communibus.
1481 4920 1629 4976 Sicut
1655 4920 1878 4975 duorum
1896 4936 1988 4990 ge-

420 5020 705 5085 minorum,
732 5033 957 5087 quorum
985 5029 1121 5071 unus
1148 5014 1453 5080 assumitur,
1487 5029 1622 5068 unus
1648 5013 1985 5083 relinquitur,

412 5112 594 5180 dispar
615 5122 697 5167 est
724 5109 915 5172 exitus,
946 5107 1133 5163 merita
1160 5104 1491 5161 communia:
1517 5104 1568 5158 in
1593 5104 1785 5174 quibus
1810 5114 1983 5157 tamen

416 5201 493 5254 sic
518 5199 651 5253 alter
691 5212 877 5269 magna
905 5195 998 5252 Dei
1029 5195 1263 5250 bonitate
1288 5193 1565 5258 liberatur,
1594 5201 1651 5246 ιιι
1680 5193 1813 5247 alter
1841 5192 1984 5244 nulla

414 5290 530 5357 ejus
555 5287 827 5357 iniquitate
844 5285 1144 5341 damnetur.
1172 5282 1433 5354 Numquid
1459 5282 1602 5338 enim
1631 5282 1877 5352 iniquitas
1906 5290 1988 5335 est

415 5378 553 5449 apud
586 5377 953 5435 Deum?'Absit
974 5394 987 5430 :
1011 5375 1105 5432 scd
1134 5374 1526 5444 investigahiles
1547 5373 1783 5426 suntvim
1802 5371 1981 5440 ipsius.

419 5472 596 5541 Itaque
627 5467 1041 5525 misericordiam
1071 5467 1186 5538 ejus
1233 5466 1284 5519 in
1318 5466 1400 5519 bis
1447 5464 1535 5536 qui
1580 5464 1889 5526 liberantur,
1932 5470 1986 5515 et

475 5626 493 5657 ί
528 5624 753 5735 egit-ique
792 5630 896 5673 ttss.
921 5656 935 5680 ,
964 5618 1200 5672 tindicari
1243 5631 1351 5683 qua:
1373 5618 1585 5682 p'vcsciti
1608 5626 1748 5679 smn;
1780 5616 1983 5673 omisso,

475 5698 557 5735 cca

414 5698 557 5748 pecco

1670 275 1725 332 Β.
1767 274 2122 332 AUGUSTINI
2166 274 2458 331 [LPlSCOI‘I

3617 276 3770 330 (θοις

2122 390 2393 445 veritatem
2425 395 2473 442 in
2507 389 2586 443 bis
2611 388 2699 458 qui
2730 388 3033 457 puniuntur,
3068 392 3182 447 sine
3210 389 3592 448 dubitatione
3622 401 3763 442 cre-

2117 480 2305 534 damus
2330 496 2341 532 :
2368 494 2539 548 neque
2568 480 2925 534 insrrutabilia
2952 483 3194 547 scrutari,
3229 492 3329 535 aut
3363 480 3759 551 investigahi-
3805 546 3816 553 θ

2116 571 2184 625 lia
2212 572 2472 642 vesngare
2499 584 2771 624 conemur.
2798 570 2875 624 Ex
2903 586 2996 625 ore
3021 573 3214 641 quippe
3236 571 3558 626 infantium
3589 579 3651 623 et
3676 572 3761 623 la-

2115 664 2366 719 ctentium
2411 678 2560 718 suam
2613 662 2849 732 perlicit‘
2881 663 3089 718 laudem
3144 663 3318 734 (PSul.
3380 678 3516 727 vm,
3553 663 3663 732 5):
3696 673 3759 715 ut

2113 756 2250 825 quod
2270 756 2322 809 in
2342 755 2422 810 his
2442 755 2679 810 videmus
2699 771 2923 825 quorum
2948 756 3321 812 liberationem
3357 757 3515 810 bona
3536 771 3754 811 eorum

2113 847 2298 901 merita
2324 846 2464 899 nulla
2495 846 2819 915 pra-cedunt,
2858 857 2908 901 et
2938 847 2989 900 in
3019 847 3101 901 his
3127 860 3366 917 quot-tim
3401 847 3753 901 damnatio-

2112 951 2232 991 nem
2281 936 2518 1006 utrisque
2545 937 2844 990 communia
2875 937 3146 1007 originalia
3181 937 3293 992 mia
3346 935 3750 1006 prmcedunt;

2112 1025 2212 1081 hoc
2237 1034 2291 1081 ct
2316 1027 2366 1079 in
2394 1026 2685 1096 majoribus
2710 1026 2821 1079 fieri
2853 1041 3184 1097 nequaquam
3218 1029 3457 1083 omnino
3502 1034 3750 1081 cuncte-

2110 1135 2249 1184 mur,
2292 1118 2344 1172 id
2383 1128 2484 1182 est,
2514 1133 2617 1173 non
2646 1126 2911 1187 putantes,
2943 1119 3028 1173 vel
3054 1119 3350 1173 secundum
3385 1133 3496 1172 sua
3529 1118 3747 1171 merita

2108 1212 2326 1279 gratiam
2353 1211 2597 1280 cuiquam
2628 1209 2762 1275 dari,
2811 1210 2896 1264 vel
2943 1210 3043 1264 nisi
3090 1211 3201 1265 suis
3242 1209 3472 1264 meritis
3528 1223 3741 1279 quem-

2108 1308 2262 1367 quam
2303 1300 2496 1370 puniri,
2543 1299 2656 1353 sive
2703 1314 2860 1368 pares
2906 1301 2995 1368 qui
3042 1298 3336 1353 liberantur
3384 1308 3572 1367 atque
3625 1313 3741 1367 pn-

2109 1391 2341 1456 uinntur,
2388 1391 2500 1445 sive
2538 1390 2778 1458 dispares
2808 1390 3037 1444 habeant
3064 1403 3251 1444 causas
3280 1390 3497 1453 malas;
3538 1396 3605 1442 ut
3636 1389 3737 1457 qui

2108 1479 2313 1533 videtur
2342 1488 2503 1545 stare,
2531 1479 2708 1533 videat
2738 1495 2803 1533 ne
2827 1479 2978 1533 cadat
3009 1479 3049 1547 (l
3078 1478 3198 1533 Cor.
3234 1496 3287 1544 κ,
3336 1479 3436 1549 l2)
3465 1495 3482 1544 ;
3539 1488 3600 1532 et
3633 1480 3735 1548 qui

2100 1571 2376 1638 gloriatur,
2435 1587 2537 1624 non
2590 1573 2639 1624 in
2690 1586 2748 1626 se
2792 1572 2929 1641 ipso,
2972 1571 3065 1626 sed
3095 1571 3149 1626 in
3181 1572 3412 1627 Domino
3442 1571 3735 1641 glorietur

2108 1660 2214 1731 (Id.
2236 1678 2271 1724 l,
2296 1660 2409 1731 δι).

2170 1752 2258 1806 26.
2301 1751 2407 1805 Cur
2429 1760 2605 1805 autem
2634 1769 2653 1801 ‹
2683 1766 2896 1806 causam
2927 1752 3262 1821 parvulorum
3285 1751 3350 1805 ad
3377 1751 3724 1819 exemplum

2104 1841 2383 1909 majorum,
2423 1859 2442 1892 ι
2473 1842 2605 1895 sicut
2654 1842 2885 1895 St-ribitis
2906 1882 2919 1905 ,
2967 1860 2986 1892 ‹
3022 1856 3125 1895 ηοιι
3156 1842 3435 1909 patiuntur
3460 1842 3664 1897 afferri
3690 1862 3712 1893 9

2104 1932 2318 2003 (Supra,
2344 1934 2395 1985 in
2420 1933 2584 2003 Epist.
2617 1932 2823 1997 Hilarii,
2853 1950 2907 1987 ιι.
2947 1932 3001 2004 8)
3043 1933 3307 1999 homines,
3346 1935 3443 2003 qui
3496 1942 3713 1988 contra

2099 2024 2410 2093 Pelagianos
2453 2040 2558 2078 non
2603 2023 2848 2079 dubitant
2895 2038 3014 2079 esse
3062 2033 3334 2093 peccatum
3391 2024 3713 2094 originale,

2098 2118 2238 2189 quod
2270 2134 2365 2188 per
2404 2134 2563 2172 unum
2593 2117 2859 2172 hominem
2889 2116 3102 2171 intravit
3131 2116 3181 2169 in
3222 2114 3515 2179 mundum,
3545 2123 3607 2170 et
3634 2129 3707 2168 ex

2098 2224 2205 2263 uno
2228 2224 2412 2263 omnes
2441 2210 2545 2263 isse
2566 2208 2618 2263 in
2648 2199 3139 2262 condemnationem
3165 2204 3335 2275 (Rom.
3360 2221 3410 2267 ν,
3445 2204 3544 2270 19.,
3580 2203 3711 2272 16)?

2101 2299 2251 2366 Quod
2279 2310 2332 2353 et
2362 2298 2634 2352 Maniclnei
2669 2313 2772 2351 non
2793 2296 3080 2364 accipiunt,
3113 2294 3198 2363 qui
3230 2307 3333 2346 non
3359 2294 3548 2347 solum
3572 2307 3709 2347 om-

2100 2402 2193 2439 nes
2225 2387 2430 2440 V’eteris
2460 2385 2799 2439 lustrumenti
2827 2384 3117 2453 scripturas
3142 2384 3194 2435 in
3221 2382 3325 2435 ulla
3354 2382 3705 2436 auctoritate

2096 2490 2200 2529 non
2247 2475 2471 2539 habent;
2513 2490 2696 2529 verum
2725 2474 2883 2527 etiam
2925 2488 3017 2528 eas
3044 2487 3163 2543 qua:
3191 2472 3256 2525 ad
3282 2471 3494 2525 Novum
3521 2472 3706 2539 perti-

2098 2576 2223 2619 nent
2248 2565 2646 2619 Testamentum
2672 2565 2749 2619 sic
2772 2564 3058 2633 accipiunt,
3091 2571 3150 2617 ut
3185 2576 3283 2618 suo
3307 2562 3550 2632 quodam
3578 2563 3703 2632 pri-

2095 2656 2304 2725 vilegio,
2336 2655 2444 2708 imo
2482 2636 2782 2723 sacrilegio,
2828 2653 2968 2724 quod
3010 2653 3196 2707 volunt
3242 2659 3481 2716 sumant,
3537 2653 3697 2721 quod

2095 2746 2279 2800 nolunt
2309 2744 2551 2813 rejiciant
2573 2761 2586 2797 :
2609 2753 2793 2798 contra
2823 2758 2957 2814 quos
2985 2744 3204 2813 agebam
3232 2744 3285 2797 in
3313 2742 3461 2797 libris
3493 2739 3567 2795 de
3590 2740 3696 2795 Li-

2097 2837 2225 2891 bero
2248 2834 2498 2899 Arbitrio,
2528 2835 2666 2889 unde
2688 2833 2773 2888 istt
2805 2833 2956 2889 nobis
2984 2831 3433 2904 prtescribcndum
3459 2838 3689 2901 putant.

2096 2928 2217 2982 Ideo
2245 2927 2565 2998 quaestiones
2609 2925 3014 2995 operosissimas
3055 2924 3348 2979 incidentes
3390 2922 3689 2977 enucleate

2092 3023 2298 3075 solvere
2322 3019 2491 3086 nolui,
2522 3034 2589 3074 ne
2617 3019 2838 3073 nimium
2868 3018 3082 3088 longum
3113 3031 3247 3086 Opus
3272 3024 3435 3081 esset,
3460 3014 3559 3070 ubi
3585 3030 3682 3070 me

2092 3111 2347 3165 adversus
2368 3119 2472 3164 tam
2493 3123 2769 3178 perversos
2788 3108 3214 3163 testimoniorum
3240 3106 3546 3160 divinorum
3567 3118 3684 3159 non

2093 3200 2376 3272 adjuvabat
2402 3200 2708 3254 auctoritas.
2744 3199 2810 3252 Et
2835 3206 3096 3266 poteram,
3137 3196 3276 3251 sicut
3305 3196 3426 3262 feci,
3452 3194 3681 3266 quodli-

2093 3293 2182 3346 bet
2209 3291 2404 3346 horum
2428 3306 2612 3345 verum
2637 3298 2800 3356 esset,
2831 3304 2950 3359 qua:
2971 3303 3079 3343 non
3106 3288 3325 3343 definite
3354 3288 3679 3356 interpone-

2091 3382 2234 3447 bam,
2276 3388 2425 3457 certa
2464 3388 2640 3435 tamen
2685 3379 2889 3433 ratione
2933 3377 3270 3441 concludere,
3316 3376 3367 3430 in
3421 3375 3681 3429 omnibus

2095 3475 2255 3529 Deum
2286 3486 2406 3529 esse
2429 3470 2771 3533 laudandum,
2801 3471 2916 3524 sine
2944 3470 3049 3523 ulla
3072 3470 3388 3524 necessitate
3413 3466 3676 3523 credendi

2089 3565 2241 3630 duas,
2259 3566 2396 3619 sicut
2420 3564 2494 3617 illi
2517 3564 2717 3627 volunt,
2736 3573 3029 3618 comternas
3054 3562 3178 3617 boni
3205 3571 3258 3617 et
3282 3561 3405 3616 mali
3424 3560 3668 3631 permix-

2092 3665 2171 3710 tas
2194 3670 2314 3710 esse
2337 3654 2679 3709 substantias.

2159 3749 2251 3803 27.
2295 3748 2533 3818 Denique
2566 3748 2616 3802 in
2644 3748 2814 3818 primo
2841 3747 3300 3802 Iit-tractationum
3332 3746 3487 3812 libro,
3521 3744 3682 3815 quod

2091 3857 2226 3911 opus
2253 3857 2425 3895 meum
2454 3841 2686 3895 nondum
2717 3841 2938 3909 legistis,
2971 3855 3090 3894 cum
3130 3839 3195 3893 ad
3236 3838 3450 3893 eosdem
3498 3836 3682 3893 libros

2090 3930 2456 3987 rctractandos
2483 3930 2766 3991 venissem,
2800 3930 2901 3983 hoc
2938 3939 3041 3991 est,
3088 3929 3155 3983 de
3184 3929 3374 3983 Libero
3405 3926 3673 3994 Arbitrio,

2094 4025 2165 4078 ita
2193 4023 2400 4077 loculus
2423 4036 2538 4075 sunt
2563 4038 2577 4074 :
2609 4040 2625 4071 ι
2658 4020 2711 4073 lu
2740 4021 2842 4086 his,
2881 4038 2900 4072 ι
2929 4021 3164 4090 inquam,
3190 4038 3209 4071 ‹
3239 4019 3388 4073 libris
3410 4019 3478 4072 ita
3496 4020 3675 4076 multa

2090 4116 2314 4170 disserta
2341 4123 2484 4177 sunt,
2507 4121 2564 4166 ut
2586 4112 2876 4167 incidentes
2896 4113 3162 4166 nonnulla:
3190 4112 3509 4181 quaestiones
3532 4126 3676 4179 quas

2092 4207 2173 4263 vel
2198 4205 2430 4261 enodare
2455 4219 2560 4258 non
2591 4214 2850 4273 poteram,
2889 4202 2974 4258 vel
3020 4203 3230 4273 longam
3262 4202 3675 4256 sermocinatio-

2092 4314 2215 4354 nem
2256 4298 2309 4353 in
2353 4297 2598 4368 praesenti
2640 4296 3000 4366 requirebant,
3031 4296 3101 4350 ita
3127 4295 3486 4359 differrentur,
3512 4301 3573 4349 ut
3602 4311 3668 4351 ex

2094 4399 2317 4459 utraque
2344 4397 2516 4458 parte,
2547 4387 2631 4442 vel
2676 4401 2741 4440 ex
2786 4386 3031 4440 omnibus
3070 4384 3376 4440 earumdem
3408 4384 3667 4454 qurcstio-

2094 4498 2218 4537 num
2259 4482 2515 4552 partibus,
2546 4480 2596 4533 in
2624 4480 2814 4549 quibus
2845 4494 2947 4534 non
2990 4479 3279 4548 apparebat
3315 4477 3439 4549 quid
3486 4479 3667 4548 potius

2094 4584 2410 4648 congrueret
2436 4574 2666 4635 veritati,
2693 4571 2759 4627 ad
2786 4571 2888 4627 hoc
2915 4579 3090 4625 tamen
3119 4570 3452 4624 ratiocinatio
3481 4577 3663 4624 nostra

2094 4666 2515 4729 concluderetur,
2542 4671 2598 4716 ut
2624 4663 2897 4732 quodlibet
2925 4676 3109 4717 eorum
3133 4676 3315 4715 verum
3345 4667 3508 4725 esset,
3546 4657 3664 4712 lau.

2095 4758 2299 4815 dandus
2324 4756 2649 4821 crederetur,
2672 4755 2753 4811 vel
2773 4756 2931 4809 etiam
2947 4754 3321 4811 ostenderetur
3344 4751 3504 4806 Deus.
3524 4750 3660 4805 Pro-

2094 4862 2212 4922 pter
2240 4866 2333 4904 cos
2362 4848 2554 4918 quippe
2597 4847 2881 4917 disputatio
2906 4846 2993 4899 illa
3031 4854 3273 4912 suscepta
3304 4850 3408 4905 est,
3441 4840 3531 4909 qui
3559 4856 3663 4896 ne-

2092 4950 2219 5012 gant
2241 4956 2305 4996 ex
2335 4939 2501 4993 libero
2523 4935 2804 4993 voluntatis
2831 4936 3051 4991 arbitrio
3081 4935 3204 4988 mali
3231 4933 3491 5003 originem
3515 4931 3660 4995 duct.

2092 5043 2147 5089 et
2178 5034 2364 5095 Deum,
2387 5032 2430 5085 si
2450 5031 2518 5085 ita
2534 5039 2636 5094 est,
2658 5038 2951 5085 creatorem
2970 5030 3204 5081 omnium
3229 5034 3538 5080 naturarum
3552 5025 3665 5080 cul-

2094 5124 2321 5193 pandum
2338 5136 2456 5177 csse
2474 5119 2797 5176 contendunt
2817 5138 2831 5173 :
2850 5134 2916 5173 eo
2937 5118 3094 5173 modo
3115 5118 3352 5173 volentes
3372 5116 3662 5173 secundum

2092 5230 2201 5269 sua:
2229 5214 2512 5283 impietatis
2526 5226 2761 5268 errorem
2787 5211 3083 5283 (ilauichmi
3110 5211 3250 5264 enim
3269 5209 3440 5282 sunt),
3470 5211 3630 5263 immu
3646 5237 3665 5249 -

2097 5306 2309 5361 labilem
2334 5306 2636 5375 quamdam,
2666 5312 2717 5358 et
2749 5304 2856 5357 Deo
2872 5312 3193 5358 coaeternau':
3219 5302 3554 5357 introducere
3571 5315 3662 5354 naa

2097 5409 2266 5452 turam
2298 5398 2419 5451 mali
2459 5417 2475 5448 ι
2504 5400 2749 5463 (ﬂeti-act.
2782 5395 2869 5447 lib.
2894 5396 2946 5459 1,
2970 5410 3086 5467 cap.
3114 5395 3165 5460 9,
3198 5413 3250 5449 ιι.
3278 5395 3357 5465 2).
3390 5394 3519 5448 Item
3543 5402 3662 5459 post

2097 5486 2710 5558 aliquantutualioloco:
2744 5503 2761 5537 ι
2795 5485 2992 5541 Deinde
3020 5487 3217 5543 dictum
3239 5496 3342 5553 est,
3370 5502 3388 5537 ι
3420 5485 3655 5553 inquam,

2157 5689 2172 5718 ι
2207 5688 2278 5736 Sic
2305 5684 2466 5748 jlures
2489 5692 2592 5736 atss.
2620 5687 2757 5736 mliti.
2781 5686 2994 5749 perfecit.
