4008 6178
231 339 355 392 ῑξιιψ

212 478 225 502 ι
260 471 318 510 ex
378 466 476 522 qua
496 451 708 507 miseria
747 452 1084 522 peccantibus
1108 452 1401 521 justissime
1428 452 1643 515 inflicta,
1670 453 1799 505 libe-

210 556 285 604 rat
315 545 450 603 IDei
478 540 680 611 gratia:
707 542 826 611 quia
860 542 1017 596 homo
1047 554 1255 613 sponte,
1294 544 1346 597 id
1376 553 1476 606 est,
1516 544 1681 597 libero
1712 558 1796 596 ιιι-ς

217 632 372 692 bitrio
402 631 594 686 cadere
614 632 802 701 potuit,
834 648 938 687 non
969 633 1125 686 etiam
1148 648 1403 703 surgere:
1426 633 1492 687 ad
1518 649 1674 703 quam
1699 634 1784 685 mi-

220 726 409 777 seriam
431 723 589 793 justa:
608 724 961 779 damnationis
988 724 1217 794 pertinet
1247 727 1539 795 ignorantia
1571 734 1620 778 et
1650 724 1760 777 difli
1778 756 1792 764 -

219 814 403 879 cultas,
424 830 579 883 quam
598 815 790 883 patitur
817 815 990 870 omnis
1009 815 1169 869 homo
1184 815 1250 869 ab
1269 816 1484 870 exordio
1507 815 1797 868 nativitatis

216 921 351 969 sine;
386 921 487 961 nec
513 906 579 959 ab
605 908 705 960 isto
737 907 877 969 malo
908 907 1159 961 liberatur
1201 907 1504 977 quisquam,
1548 907 1650 961 nisi
1698 905 1790 960 Dei

217 996 428 1061 gratia:
475 1009 633 1064 quam
684 996 952 1049 miseriam
1000 997 1183 1049 nolunt
1227 996 1492 1066 Pelagiani
1540 1011 1604 1049 ex
1642 996 1788 1065 jnsta

216 1085 553 1138 damnatione
574 1084 920 1153 descendere,
945 1096 1196 1157 negantes
1218 1087 1472 1156 originale
1493 1096 1786 1156 peccatum:

217 1176 453 1242 quamvis
480 1176 777 1246 ignorantia
816 1185 871 1232 et
914 1177 1215 1245 difficultas,
1246 1179 1453 1233 etiamsi
1480 1186 1660 1233 essent
1687 1179 1785 1231 bo-

216 1264 368 1318 minis
414 1265 699 1334 primordia
745 1267 1033 1331 naturalia;
1080 1283 1179 1323 nec
1225 1271 1301 1323 sic
1344 1269 1656 1339 culpandus,
1694 1269 1788 1324 sed

217 1354 510 1409 laudandus
538 1365 681 1410 esset
696 1357 1018 1421 Deus,sicuti
1047 1359 1098 1411 in
1129 1358 1316 1413 eodem
1347 1359 1481 1413 libro
1503 1359 1657 1413 tertio
1679 1358 1788 1414 dis-

217 1445 531 1512 putavimus.
574 1445 705 1513 Qutc
742 1446 1028 1515 disputatio
1081 1457 1264 1502 contra
1308 1448 1629 1504 Maniclunos
1683 1449 1776 1503 ba-

216 1535 383 1590 benda
408 1546 508 1603 est,
537 1538 624 1607 qui
656 1552 760 1592 non
789 1539 1053 1608 accipiunt
1079 1541 1368 1610 scripturas
1397 1551 1607 1596 sanctas
1628 1541 1790 1596 Vete-

214 1630 286 1684 ris
318 1629 683 1694 lnstrumenti,
713 1632 766 1684 in
796 1631 988 1701 quibus
1024 1640 1300 1702 peceatum
1325 1632 1576 1702 originale
1604 1647 1789 1686 narra-

214 1727 326 1785 tur;
352 1728 408 1774 et
435 1720 688 1790 quidquid
730 1720 852 1776 inde
888 1721 940 1775 in
986 1722 1201 1777 Litteris
1244 1722 1546 1791 apostolicis
1574 1724 1782 1793 legitur,

212 1813 507 1869 detestabili
537 1814 858 1883 impudentia
889 1817 1183 1870 immissum
1216 1815 1378 1871 fuisse
1406 1817 1733 1871 contendunt
1752 1833 1781 1871 a

210 1906 608 1974 corruptoribus
648 1906 1063 1976 Scripturarum,
1096 1918 1343 1978 tanquam
1387 1924 1493 1963 non
1536 1908 1693 1963 fuerit
1717 1910 1784 1964 ab

209 1995 476 2063 Apostolis
497 1996 715 2050 dictum.
738 1997 935 2052 Contra
959 1998 1266 2068 Pelagianos
1282 2006 1456 2052 autem
1477 2000 1577 2054 boc
1600 1997 1786 2053 defen-

208 2083 437 2139 dendum
457 2094 555 2150 est,
575 2086 714 2156 quod
735 2096 955 2156 utraque
969 2086 1238 2155 Scriptura
1256 2088 1610 2150 commendat,
1626 2104 1783 2158 quam

208 2176 524 2246 seaccipere
547 2176 1152 2246 prolitentun(Retract.
1178 2176 1334 2240 lib.l,
1352 2193 1395 2229 ε.
1415 2177 1466 2240 9,
1488 2193 1539 2229 η.
1564 2176 1641 2248 6).
1664 2177 1787 2230 llaec

210 2267 311 2322 dixi
340 2267 390 2320 in
423 2269 607 2336 primo
631 2268 767 2321 libro
793 2266 1271 2333 Retractationum,
1302 2280 1422 2320 cum
1445 2274 1784 2321 retractarent

208 2360 365 2414 libros
383 2359 460 2414 de
487 2359 683 2414 Libero
713 2358 967 2412 Arbitrio.
1000 2358 1106 2412 Nec
1134 2357 1245 2412 sola
1268 2372 1395 2412 sane
1423 2359 1519 2411 ista
1550 2357 1620 2411 ibi
1648 2374 1674 2410 a
1699 2373 1783 2413 me

207 2452 337 2508 dicta
363 2462 493 2508 sunt
512 2451 579 2507 de
606 2451 690 2506 his
709 2451 889 2515 libris;
910 2466 1093 2506 verum
1120 2458 1175 2505 et
1195 2450 1295 2505 alia
1322 2450 1507 2514 multa,
1526 2450 1782 2520 qumbuic

206 2544 265 2599 ad
286 2560 383 2601 vos
410 2544 562 2614 operi
593 2544 828 2598 inserere
857 2544 1067 2613 longum
1102 2541 1298 2612 putavi,
1325 2550 1379 2596 et
1401 2542 1502 2594 no‘n
1533 2555 1779 2597 necessa-

207 2635 373 2688 rium:
398 2634 541 2703 quod
579 2641 633 2688 et
670 2647 765 2686 vos
806 2632 1055 2688 existimo
1096 2646 1215 2687 esse
1254 2630 1603 2701 judicaturos,
1653 2647 1778 2687 cum

205 2725 380 2786 omnia
408 2725 662 2795 legeritis.
693 2723 947 2791 Quamvis
989 2738 1118 2794 ergo
1159 2724 1213 2779 in
1255 2724 1388 2778 libro
1416 2724 1570 2779 tertio
1596 2723 1663 2780 de
1692 2723 1780 2779 Li-

206 2817 333 2872 bero
361 2816 598 2870 Arbitrio
621 2817 690 2870 ita
712 2815 778 2871 de
797 2815 1032 2886 parvulis
1062 2815 1456 2883 disputaverim,
1494 2825 1548 2871 ut
1570 2816 1777 2872 etiamsi

205 2920 388 2960 verum
419 2913 561 2960 esset
601 2905 740 2975 quod
780 2905 963 2960 dicunt
1004 2904 1292 2975 Pelagiani,
1335 2905 1684 2975 ignorantiam
1726 2915 1780 2960 et

203 2994 591 3060 difficultatem,
628 2995 748 3050 sine
781 2994 973 3065 quibus
1002 2995 1175 3049 nullus
1201 2995 1475 3050 hominum
1521 2997 1775 3063 nascitur,

201 3085 513 3154 primordia,
545 3099 649 3140 non
693 3085 946 3155 supplicia
992 3100 1111 3142 esse
1158 3076 1391 3153 naturm;
1439 3088 1778 3142 vincerentur

199 3187 376 3231 tamen
419 3175 720 3242 Manichazi,
764 3177 853 3246 qui
900 3176 1086 3231 volunt
1124 3176 1277 3241 duas,
1319 3177 1442 3231 boni
1487 3177 1689 3233 scilicet
1725 3186 1779 3233 et

198 3267 348 3333 mali,
377 3276 672 3322 coaeternas
702 3282 822 3322 esse
850 3276 1097 3321 naturas:
1128 3268 1381 3338 numquid
1420 3268 1540 3323 ideo
1567 3270 1697 3324 fides
1724 3269 1774 3324 in

198 3356 420 3411 dubium
437 3357 673 3411 vocanda
694 3357 778 3412 vel
801 3356 1094 3413 deserenda
1114 3366 1214 3421 est,
1234 3374 1392 3428 quam
1419 3367 1599 3413 contra
1632 3360 1777 3431 ipsos

200 3447 516 3518 Pelagianos
544 3446 806 3501 catholica
854 3447 1091 3502 defendit
1131 3448 1387 3516 Ecclesia,
1428 3465 1547 3519 qua:
1588 3452 1777 3505 asserit

196 3537 458 3607 originale
503 3550 624 3591 esse
668 3545 967 3605 peccatum,
1015 3537 1168 3604 cujus
1213 3547 1391 3593 reatus
1435 3539 1776 3608 generatione

197 3636 527 3692 contractus,
556 3628 956 3695 regeneratione
1003 3627 1288 3682 solvendus
1329 3629 1442 3682 est?
1470 3628 1619 3696 Quod
1649 3629 1693 3683 si
1722 3640 1775 3683 et

197 3717 281 3769 isti
307 3716 550 3770 fatentur
578 3716 872 3781 nobiseum,
896 3724 955 3770 ut
977 3715 1133 3770 simul
1161 3716 1212 3769 in
1236 3716 1335 3771 bac
1356 3731 1514 3770 causa
1540 3717 1775 3786 Pelagia-

194 3822 388 3861 norum
419 3806 760 3861 destruamus
786 3822 1058 3872 errorem;
1105 3823 1202 3861 cur
1244 3816 1428 3877 putant
1455 3822 1574 3862 esse
1617 3807 1774 3862 dubi-

192 3897 440 3964 tandum,
471 3897 612 3967 quod
636 3898 794 3952 etiam
826 3899 1074 3967 parvulos
1099 3898 1265 3964 Deus,
1297 3901 1488 3968 quibus
1510 3899 1600 3953 dat
1626 3914 1774 3953 suam

188 3988 421 4057 gratiam
462 4004 557 4057 per
597 3988 939 4057 Baptismatis
968 3997 1382 4055 sacramentum,
1411 3998 1564 4043 cruat
1586 3989 1653 4044 de
1679 4004 1777 4059 po-

190 4086 394 4132 testate
422 4078 784 4143 tenebrarum,
815 4087 869 4133 et
893 4077 1174 4133 transferat
1194 4080 1242 4132 in
1265 4094 1486 4149 regnum
1506 4079 1623 4134 Filii
1642 4079 1770 4134 cha-

187 4169 374 4222 ritatis
397 4184 509 4222 suae
538 4167 756 4239 (Colon.
780 4185 819 4237 ι,
852 4166 976 4242 l3)?
1004 4170 1056 4224 ln
1089 4186 1153 4223 eo
1190 4184 1320 4240 ergo
1347 4170 1487 4240 quod
1514 4171 1631 4225 aliis
1652 4187 1767 4227 eam

185 4257 301 4325 dat,
325 4259 451 4313 aliis
478 4274 581 4313 non
611 4260 723 4327 dat,
753 4275 848 4315 cur
887 4260 1071 4315 nolunt
1090 4272 1304 4316 cantare
1325 4262 1546 4317 Domino
1566 4263 1778 4319 miseri-

187 4348 437 4403 cordiam
467 4349 790 4419 etjudieium
821 4349 992 4419 (Psaf.
1024 4365 1055 4405 c
1075 4393 1087 4414 ,
1112 4349 1203 4421 l)?
1223 4350 1328 4406 Cur
1348 4360 1521 4405 autem
1546 4353 1647 4406 illis
1676 4368 1774 4423 po-

189 4440 303 4493 tius
328 4454 494 4508 quam
538 4440 642 4494 illis
683 4440 865 4499 detur?
890 4440 1018 4508 Quis
1054 4443 1299 4512 cognovit
1328 4457 1541 4497 sensum
1571 4444 1776 4496 Domini

193 4530 392 4601 (Rom.
429 4547 509 4599 ιι,
538 4533 677 4605 34)?
728 4533 857 4601 Quis
905 4534 1264 4588 inscrutabilia
1302 4536 1527 4588 scrutari
1577 4536 1779 4589 valeat?

188 4623 323 4692 quis
343 4623 732 4693 investigabilia
752 4625 1052 4695 vestigare?

266 4733 501 4790 CAPUT
538 4735 729 4790 Xll.-—~
752 4736 842 4791 28.
892 4736 1186 4792 Conficitur
1207 4737 1390 4808 itaque
1435 4739 1655 4809 gratiam
1685 4740 1777 4794 Dei

191 4841 307 4881 non
329 4828 625 4881 secundum
655 4829 839 4883 merita
880 4829 1249 4898 accipientium
1268 4830 1403 4894 dari,
1452 4829 1547 4885 sed
1585 4844 1779 4886 secun-

189 4918 326 4973 dum
345 4919 598 4988 placitum
622 4920 908 4975 voluntatis
936 4916 1071 4988 (πρε,
1120 4922 1170 4976 in
1201 4921 1405 4977 Iaudem
1459 4930 1514 4977 et
1560 4921 1779 4994 gloriam

190 5009 368 5078 ipsius
418 5010 604 5079 gratia:
648 5011 804 5080 cjus(
834 5010 1021 5079 Ephcs.
1070 5027 1109 5078 ι,
1140 5009 1233 5084 5),
1266 5019 1321 5066 ut
1370 5012 1459 5081 qui
1503 5012 1779 5082 gloriatur,

189 5100 346 5154 nullo
378 5099 541 5154 modo
572 5100 623 5154 in
652 5101 863 5171 seipso,
891 5101 1058 5157 scdiu
1082 5102 1303 5156 Domino
1319 5101 1574 5173 glerietur
1595 5101 1637 5175 (l
1657 5100 1777 5157 Cor.

187 5189 350 5263 1,31)
390 5207 405 5244 :
435 5191 525 5260 qui
551 5190 853 5247 hominibus
877 5193 965 5247 dat
991 5193 1181 5263 quibus
1225 5193 1356 5258 vult,
1402 5194 1648 5264 quoniam
1680 5195 1781 5247 mi-

185 5283 436 5337 sericors
455 5290 539 5336 est
567 5298 583 5350 ;
624 5283 763 5353 quod
791 5292 844 5338 et
864 5285 907 5338 si
938 5300 1043 5338 non
1090 5284 1199 5347 det,
1240 5283 1414 5354 justus
1437 5291 1519 5338 est
1549 5300 1563 5335 ε
1594 5292 1647 5338 et
1674 5301 1777 5337 non

186 5372 287 5427 dat
314 5373 517 5443 quibus
560 5388 667 5428 non
694 5374 827 5440 vult,
878 5384 935 5429 ut
982 5385 1133 5429 uetas
1178 5373 1338 5430 faciat
1363 5374 1574 5430 divitias
1602 5376 1783 5445 gloriae

182 5476 309 5519 suae
367 5465 425 5519 in
477 5480 603 5520 vasa
646 5466 1021 5522 misericordia:
1053 5467 1071 5540 (
1104 5465 1250 5520 Rom.
1296 5484 1384 5534 ix,
1428 5467 1500 5524 25
1531 5468 1571 5537 ).
1602 5467 1783 5523 Dando

184 5555 349 5609 enim
376 5556 694 5625 quibusdam
740 5557 884 5628 quod
909 5573 1012 5613 non
1057 5567 1344 5625 merentur,
1397 5558 1638 5630 profecto
1663 5573 1785 5629 gra-

180 5684 660 5799 mgglitihltbcret.
678 5696 731 5741 At
743 5695 849 5742 Mss.
858 5725 871 5752 ,
883 5687 1505 5743 liberat.—netractationcs
1517 5691 1594 5744 bic
1605 5692 1782 5755 ferunt,

1212 340 1409 394 Lilllili
1486 336 1572 392 DE
1613 335 1790 392 ΒΟΝο
1830 332 2453 395 ΡιῖιιδιῐκἘηΑΝιίιε.

3350 356 3485 411 “HO

1911 450 2113 513 tuitam,
2137 461 2190 505 et
2217 467 2308 521 per
2348 450 2446 507 hoc
2470 469 2648 509 veram
2677 473 2823 511 suam
2857 466 3079 528 gratiam
3113 476 3229 519 esse
3272 468 3438 521 voluit
3468 485 3480 520 :

1907 554 2010 591 non
2042 539 2289 594 omnibus
2315 540 2510 608 dando,
2538 545 2663 615 quid
2718 562 2904 603 omnes
2952 562 3221 608 merentur
3249 557 3266 587 ³
3302 568 3476 611 osten-

1905 631 2000 684 dit.
2025 630 2201 686 Bonus
2232 632 2282 686 in
2311 624 2569 688 beneficio
2605 648 2891 704 certorum,
2942 640 3119 710 justus
3144 644 3194 697 in
3216 647 3479 716 supplicio

1904 733 2216 775 cacterorum
2251 740 2263 775 :
2294 732 2347 777 et
2374 723 2545 779 bonus
2566 725 2616 778 in
2663 729 2929 794 omnibus,
2959 728 3223 802 'quoniam
3277 736 3473 792 bonum

1903 819 2003 874 est,
2055 827 2176 865 cum
2219 811 2455 866 debitum
2510 813 2790 882 redditur;
2820 828 2872 872 ct
2904 818 3082 889 justus
3128 824 3180 877 iu
3209 827 3475 894 omnibus,

1901 902 2148 970 quoniam
2174 903 2373 972 justum
2402 915 2503 971 est,
2532 922 2651 961 cum
2677 907 2969 965 iudebitum
2988 914 3008 944 ¹
3036 916 3151 971 sine
3166 917 3475 989 cujusquam

1901 990 2086 1047 fraude
2112 993 2359 1049 donatur.

1967 1082 2060 1137 29.
2090 1083 2397 1140 Defenditur
2421 1095 2597 1142 autem
2624 1089 2740 1145 sine
2774 1090 2980 1147 meritis
3029 1094 3120 1150 Dei
3174 1099 3359 1167 gratia,
3407 1100 3459 1156 id

1898 1182 1980 1227 est
2006 1188 2128 1228 vera
2148 1176 2337 1243 gratia,
2361 1176 2569 1231 etiamsi
2601 1180 2799 1249 parvuli
2831 1181 3100 1252 baptizati,
3132 1187 3270 1242 sicut
3324 1190 3476 1247 Pela-

1895 1263 2033 1331 giani
2057 1265 2306 1329 sentiunt,
2330 1280 2432 1318 non
2457 1279 2714 1323 eruuntur
2729 1270 2794 1324 de
2813 1281 3073 1340 potestate
3098 1277 3461 1350 tenebrarum,

1895 1353 2015 1421 quia
2050 1354 2197 1407 nulli
2226 1356 2461 1424 peccato,
2500 1358 2636 1413 sicut
2693 1371 2877 1429 putant
2904 1362 3191 1434 Pelagiani,
3227 1378 3475 1425 tenentur

1894 1443 2126 1508 obnoxii,
2161 1445 2253 1499 sed
2268 1455 2469 1501 tantum
2492 1448 2545 1502 in
2575 1465 2794 1520 regnum
2815 1452 3429 1516 Dominitransferuntur
3457 1481 3474 1518 :

1892 1533 2053 1587 etiam
2082 1535 2159 1588 sic
2184 1536 2327 1590 enim
2359 1539 2475 1593 sine
2521 1540 2642 1594 ullis
2682 1542 2836 1598 bonis
2864 1547 3068 1601 meritis
3097 1548 3251 1603 datur
3278 1552 3357 1607 eis
3380 1568 3470 1608 re—

1890 1638 2052 1692 gnum
2084 1624 2273 1692 quibus
2315 1627 2488 1695 datur,
2530 1638 2585 1684 et
2637 1631 2753 1686 sine
2776 1631 2900 1687 ullis
2938 1635 3092 1690 malis
3135 1639 3337 1694 meritis
3364 1655 3470 1697 non

1892 1712 2049 1768 datur
2074 1715 2152 1768 eis
2179 1716 2369 1785 quibus
2391 1734 2497 1774 non
2547 1720 2723 1776 datur.
2754 1721 2906 1790 Quod
2952 1726 3207 1783 adversus
3252 1731 3471 1788 eosdem
3510 1712 3515 1723 i

1892 1805 2205 1876 Pelagianos
2227 1808 2406 1865 dicere
2434 1811 2689 1881 solemus,
2732 1816 2946 1885 quando
2997 1818 3150 1875 nobis
3191 1821 3468 1892 objiciunt,

1890 1897 2033 1966 quod
2078 1897 2185 1954 fato
2216 1900 2508 1957 tribuamus
2564 1904 2658 1959 Dei
2687 1906 2935 1975 gratiam,
2960 1908 3185 1965 dicendo
3216 1927 3334 1967 eam
3363 1930 3469 1969 non

1890 1989 2182 2043 secundum
2215 1992 2402 2046 merita
2452 2003 2632 2048 nostra
2681 1995 2817 2051 dari.
2850 1997 2953 2067 Ipsi
3001 2003 3142 2055 enim
3173 2005 3348 2072 potius
3378 2005 3470 2061 Dei

1890 2078 2113 2146 gratiam
2145 2079 2253 2134 fato
2277 2080 2331 2134 in
2378 2084 2609 2150 parvulis
2663 2085 2922 2153 tribuunt,
2953 2090 3043 2158 qui
3084 2090 3266 2146 dicunt
3306 2092 3469 2149 fatum

1890 2181 2031 2233 esse,
2062 2168 2150 2222 ubi
2177 2170 2422 2225 meritum
2447 2186 2551 2226 non
2595 2182 2678 2227 est
2707 2173 2808 2244 (α).
2852 2176 3007 2231 Nulla
3037 2179 3231 2249 quippe
3260 2184 3467 2251 merita,

1890 2255 2048 2308 etiam
2076 2258 2366 2313 secundum
2389 2260 2532 2329 ipsos
2558 2262 2893 2333 Pelagianos,
2924 2279 3147 2336 possunt
3176 2271 3228 2323 iu
3268 2287 3460 2340 parvu-

1892 2344 1957 2398 lis
1976 2343 2220 2412 inveniri,
2252 2361 2349 2403 cur
2386 2350 2473 2403 alii
2500 2365 2683 2406 eorum
2711 2353 2989 2411 mittantur
3012 2358 3066 2413 in
3110 2375 3353 2429 regnum,
3375 2363 3464 2419 alii

1888 2448 2015 2487 vero
2043 2434 2343 2491 alit-nentur
2369 2452 2399 2492 a
2426 2454 2608 2510 regno.
2633 2440 2782 2497 Sicut
2810 2454 2985 2500 autem
3008 2463 3168 2517 nunc,
3193 2460 3250 2504 ut
3275 2460 3459 2507 osten-

1884 2522 2067 2579 derem
2095 2527 2316 2595 gratiam
2343 2527 2434 2583 Dei
2461 2544 2565 2584 non
2595 2533 2887 2588 secundum
2934 2538 3123 2593 merita
3153 2549 3334 2596 nostra
3370 2543 3465 2597 da-

1884 2613 1950 2679 ri,
1980 2615 2272 2670 secundum
2289 2624 2569 2690 utrumque
2585 2635 2801 2677 sensum
2828 2626 2929 2680 hoc
2943 2626 3231 2685 defendere
3257 2632 3416 2686 malui
3443 2650 3459 2698 ;

1884 2711 1939 2759 et
1967 2705 2255 2761 secundum
2303 2718 2541 2764 nostrum
2588 2713 2815 2782 scilicet,
2869 2718 2958 2787 qui
2996 2719 3279 2778 obstrictos
3304 2723 3465 2794 origi-

1884 2795 1989 2849 nali
2009 2805 2228 2867 peccato
2268 2800 2518 2869 parvulos
2538 2803 2782 2874 dicimus,
2810 2816 2864 2863 et
2911 2811 3201 2867 secundum
3227 2814 3463 2887 Pelagia.

1886 2898 2098 2949 norum,
2124 2888 2213 2958 qui
2257 2889 2511 2959 originale
2536 2905 2732 2964 negant
2756 2912 2875 2952 esse
2900 2911 3210 2970 peccatum;
3241 2920 3344 2961 nec
3376 2917 3452 2961 ta-

1885 2992 2009 3032 men
2057 2979 2175 3034 ideo
2221 2981 2350 3036 mihi
2407 2993 2490 3038 est
2528 2985 2925 3057 ambigendum,
2968 2992 3167 3050 habere
3212 2998 3458 3067 parvulos

1882 3066 2023 3135 quod
2050 3068 2130 3123 eis
2153 3068 2382 3125 dimittat
2426 3074 2515 3141 qui
2565 3077 2771 3131 salvum
2812 3076 2934 3134 facit
2962 3085 3212 3151 populum
3243 3100 3398 3140 suum
3421 3104 3451 3141 a

1884 3158 2113 3225 peccatis
2137 3173 2321 3213 eorum
2352 3160 2370 3231 (
2397 3160 2586 3217 Matth.
2606 3179 2644 3231 ι,
2671 3164 2735 3220 2|
2772 3166 2792 3236 )
2822 3184 2836 3219 :
2868 3170 2938 3223 ita
2969 3170 3021 3224 in
3063 3173 3217 3228 tertio
3239 3174 3372 3228 libro
3392 3176 3459 3230 de

1885 3247 2077 3304 Libero
2108 3250 2341 3307 Arbitrio
2385 3255 2673 3309 secundum
2715 3265 2997 3330 utrumque
3048 3277 3261 3317 sensum
3290 3268 3457 3320 restiti

1882 3337 2206 3403 Ilauicbaais,
2261 3341 2372 3396 sive
2421 3345 2700 3415 supplicia,
2748 3348 2863 3404 sive
2915 3351 3199 3419 primordia
3247 3365 3452 3411 natura:

1879 3429 2301 3499 sintignorautia
2330 3432 2703 3504 etdifficultas,
2754 3439 2869 3495 sine
2919 3441 3111 3511 quibus
3140 3445 3314 3500 nullus
3362 3445 3458 3502 ho-

1880 3517 2082 3572 tuinum
2105 3520 2377 3587 nascitur;
2405 3534 2459 3577 et
2490 3534 2667 3580 tamen
2716 3543 2878 3583 unum
2927 3532 3118 3588 borum
3174 3544 3348 3601 teneo,
3379 3538 3449 3592 ibi

1880 3622 2091 3677 quoque
2116 3624 2145 3662 a
2188 3625 2274 3665 me
2301 3612 2430 3666 satis
2457 3614 2729 3671 evidenter
2770 3632 3078 3688 expressum
3115 3642 3129 3676 :
3160 3626 3299 3694 quod
3350 3642 3453 3681 non

1881 3698 2071 3751 sitista
2100 3708 2287 3753 natura
2335 3702 2557 3758 instituti
2601 3705 2852 3774 hominis,
2899 3712 2993 3767 sed
3034 3729 3186 3783 pmna
3224 3716 3457 3772 damnati

1882 3789 1899 3855 (
1928 3785 2088 3858 Capp.
2113 3789 2184 3843 ΞΟ
2201 3800 2245 3842 et
2268 3790 2339 3846 2'5
2354 3792 2395 3861 ).

1951 3877 2039 3933 50.
2065 3878 2279 3934 Frustra
2308 3880 2483 3952 itaque
2508 3885 2636 3941 mibi
2661 3887 2729 3943 de
2775 3891 2917 3947 illius
2939 3893 3057 3949 libri
3088 3898 3189 3951 mei
3221 3908 3454 3954 vetuSta-

1887 3976 1938 4023 tc
1968 3970 2346 4038 prmscribitur,
2378 3987 2446 4027 ne
2474 3990 2623 4043 agam
2650 3992 2864 4034 causam
2918 3984 3056 4038 sicut
3098 3985 3270 4042 debeo
3294 4003 3452 4059 agere

1883 4059 2242 4128 parvulorum,
2266 4069 2322 4116 et
2349 4063 2471 4119 inde
2507 4067 2731 4136 gratiam
2757 4069 2851 4126 Dei
2889 4088 2995 4127 non
3024 4076 3315 4132 secundum
3346 4095 3433 4135 me

1887 4150 1984 4205 rita
2004 4149 2273 4205 hominum
2303 4152 2438 4220 dari,
2468 4158 2763 4227 perspicua:
2804 4162 3040 4219 veritatis
3087 4165 3204 4221 luce
3229 4170 3453 4225 convin-

1882 4255 2018 4294 cam.
2041 4240 2098 4297 Si
2124 4242 2265 4296 enim
2291 4244 2505 4313 quando
2534 4247 2698 4303 libros
2725 4249 2793 4306 de
2813 4250 3008 4308 Libero
3036 4255 3273 4311 Arbitrio
3292 4257 3458 4315 laicus

1883 4333 2040 4402 coepi,
2062 4335 2341 4405 presbyter
2366 4337 2627 4406 explicavi
2647 4340 2691 4407 ³,
2719 4341 2894 4397 adlntc
2918 4344 2986 4399 de
3014 4345 3354 4403 damnatione
3370 4349 3454 4403 in-

1884 4421 2103 4477 fantium
2131 4439 2235 4478 non
2268 4430 2654 4484 reuascentium
2686 4431 2827 4487 etde
2846 4436 3237 4491 reuascentium
3268 4438 3456 4495 libera-

1886 4514 2028 4568 tione
2046 4513 2382 4584 dubitarem;
2406 4533 2583 4585 nemo,
2610 4528 2667 4574 ut
2693 4522 2906 4590 opinor,
2936 4534 3079 4580 esset
3103 4537 3208 4582 tam
3231 4528 3459 4599 injustus

1884 4612 2042 4674 atque
2067 4605 2291 4671 invidus,
2322 4609 2411 4676 qui
2443 4623 2529 4662 me
2572 4608 2834 4678 proficere
2861 4612 3187 4683 prohiberet,
3224 4622 3457 4688 atquein

1886 4694 1985 4749 bac
2040 4694 2367 4752 dubitatione
2410 4700 2789 4755 remanendum
2839 4702 2968 4757 ιη’ὺὶ
3020 4719 3140 4761 esse
3172 4707 3455 4776 judicaret.

1884 4786 2016 4840 Cum
2042 4801 2169 4842 vero
2196 4787 2394 4842 rectius
2421 4791 2590 4858 possit
2628 4791 2870 4863 intelligi,
2915 4808 3021 4848 non
3065 4810 3153 4851 me
3180 4809 3459 4867 preptcrea

1885 4877 1952 4933 de
1980 4877 2079 4932 bac
2098 4893 2157 4932 re
2184 4877 2454 4934 dubitasse
2470 4880 2615 4934 credi
2644 4890 2913 4952 oportere,
2932 4885 3055 4953 quia
3086 4897 3271 4941 contra
3310 4902 3449 4959 quos

1889 4985 2006 5024 mea
2030 4970 2355 5040 dirigebatur
2383 4972 2627 5038 intentio,
2655 4976 2732 5031 sic
2751 4977 2879 5032 mibi
2902 4978 2999 5033 visi
3013 4978 3456 5049 suntrefellendi,

1889 5073 1941 5117 ut
1958 5063 2075 5118 sive
2121 5078 2279 5133 pruna
2332 5074 2476 5121 esset
2524 5069 2724 5138 peccati
2772 5070 3042 5140 originalis
3101 5073 3155 5128 in
3205 5074 3456 5143 parvulis,

1897 5153 2038 5223 quod
2075 5154 2271 5209 veritas
2307 5153 2501 5222 habet;
2533 5158 2645 5212 sive
2670 5172 2775 5213 non
2821 5167 2995 5226 esset,
3024 5164 3164 5233 quod
3220 5164 3460 5219 nonnulli

1888 5250 2128 5297 (‘I'Pames
2157 5242 2477 5311 opinamur;
2520 5246 2666 5302 nullo
2701 5247 2860 5305 modo
2892 5258 3066 5307 tamen
3095 5267 3251 5323 quam
3289 5252 3456 5306 Mani-

1953 5394 1967 5425 ’
2005 5393 2078 5442 sic
2099 5401 2204 5443 Mss.
2228 5394 2378 5456 mliti,
2393 5402 2707 5449 mererentur.

1951 5457 1988 5524 ξ·
2007 5460 2057 5501 tn
2078 5462 2193 5524 ante
2217 5455 2438 5524 egcttSis,
2462 5457 2692 5509 debitum.
2728 5464 2891 5524 Aptius
2905 5463 2954 5512 iu
2970 5466 3221 5513 nemensis
3241 5462 3464 5512 Ecclesiae

1888 5515 2052 5564 codice
2068 5549 2083 5575 ,
2107 5514 2388 5566 indebitum.

1887 5576 2187 5687 “21331.net
2219 5584 2314 5641 En,
2358 5575 2510 5632 laicus
2551 5588 2707 5635 Roma:
2726 5582 2866 5648 crept“,
2890 5592 2935 5637 ct
2955 5583 3008 5636 in
3036 5582 3199 5647 Africa
3219 5582 3466 5649 presbyter

1890 5673 2171 5808 ζιῖἀξῗῖὶξξ
2196 5697 2370 5750 librum
2401 5701 2433 5750 2
2465 5711 2628 5753 contra
2670 5705 2789 5758 duae
2820 5706 3052 5771 Epistolas
3085 5704 3462 5771 Pelagianorum,

1958 5797 1968 5806 .
2012 5792 2083 5819 ..,
2117 5792 2185 5808 ι...
