4008 6178
455 263 583 319 1οη

449 379 717 430 clncorum
755 387 905 427 error
960 367 1181 436 inducit,
1230 366 1455 422 duarum
1510 375 1854 431 naturarum,
1905 363 2032 418 boni

451 465 655 520 scilicet
682 472 736 519 et
756 462 904 527 mali,
947 458 1228 530 permixtio
1273 457 1617 511 crederetur:
1647 455 1788 509 absit
1809 464 1866 509 ut
1898 469 2029 508 cau-

448 572 561 610 sam
592 555 930 626 parvulorum
959 551 1036 606 sic
1061 550 1444 619 relinquamus,
1477 557 1533 600 ut
1563 561 1684 602 esse
1709 545 1860 600 nobis
1890 545 2029 600 dica-

450 665 568 703 mus
585 648 865 708 incertum,
891 652 1066 698 utrum
1090 642 1140 695 itt
1157 641 1369 696 Chrisw
1387 638 1704 710 regenerati,
1724 637 1770 692 si
1800 637 2032 691 morian-

451 753 534 794 tur
567 738 797 809 parvuli,
831 744 1103 791 transeant
1131 735 1182 788 itt
1213 742 1466 788 aeternam
1511 732 1734 787 salutem
1761 749 1775 796 ;
1799 748 1903 784 non
1941 747 2029 785 re-

447 831 682 901 generati
734 839 912 884 autem
961 835 1233 882 transeant
1295 825 1346 878 in
1392 834 1618 879 mortent
1685 824 2008 878 secundam:

449 923 698 994 quoniam
720 920 862 992 quod
889 921 1142 990 scriptum
1181 927 1284 985 est,
1320 918 1423 972 Per
1447 934 1603 970 unum
1629 915 1882 969 hominem
1913 933 2029 987 pec-

447 1028 616 1070 catum
646 1015 850 1070 intravit
875 1014 928 1067 in
976 1011 1239 1078 mundum,
1272 1019 1318 1064 et
1340 1026 1430 1079 per
1483 1019 1742 1079 peccatum
1775 1025 1908 1060 mors
1934 1025 1950 1072 ;
1981 1018 2026 1060 et

446 1109 518 1160 ita
541 1107 592 1161 in
618 1122 790 1161 omnes
815 1104 1039 1158 homines
1066 1102 1356 1174 pertransiit
1377 1101 1394 1172 (
1416 1099 1567 1154 Rom.
1586 1116 1641 1166 v,
1669 1100 1753 1164 l2,
1790 1101 1844 1171 );
1873 1100 2030 1154 aliter

449 1206 590 1253 recte
611 1196 826 1267 intelligi
855 1210 960 1250 non
991 1202 1168 1264 potest
1196 1211 1210 1248 :
1240 1207 1339 1248 nec
1362 1208 1392 1246 a
1413 1200 1583 1246 morte
1615 1200 1891 1260 perpetua,
1912 1206 2032 1260 qua:

443 1291 736 1358 iustissime
761 1297 844 1344 est
869 1287 1126 1342 rctributa
1179 1294 1420 1357 peccato,
1467 1283 1658 1338 liberat
1701 1298 2023 1353 quemquant

449 1380 757 1448 pusillorum
790 1386 949 1447 atque
974 1391 1308 1446 magnorum,
1337 1373 1435 1428 nisi
1469 1373 1555 1427 ille
1583 1373 1672 1443 qui
1706 1381 1919 1442 propter
1948 1387 2029 1426 re-

453 1471 710 1525 mittenda
737 1477 793 1524 et
820 1468 1094 1538 originalia
1120 1477 1172 1522 et
1198 1465 1414 1537 propria
1437 1474 1614 1518 nostra
1647 1471 1862 1532 peccata
1888 1476 2031 1516 mor-

450 1573 568 1615 tuus
595 1570 678 1616 est
724 1561 841 1614 sine
873 1559 985 1614 ullo
1021 1573 1128 1634 suo
1173 1556 1415 1628 originali
1463 1556 1743 1625 propriove
1789 1563 2026 1624 peccato.

445 1653 549 1709 Sed
580 1669 744 1723 quare
781 1653 900 1707 illos
949 1650 1123 1721 potius
1144 1665 1301 1720 quam
1326 1647 1482 1703 illos?
1509 1647 1702 1702 lterum
1745 1655 1904 1716 atque
1933 1647 2030 1700 itc-

444 1761 560 1798 rum
588 1744 836 1810 dicimus,
878 1758 979 1798 nec
1009 1756 1107 1798 nos
1134 1742 1294 1812 piget,
1335 1737 1380 1794 0
1422 1740 1590 1801 homo,
1620 1749 1673 1790 tu
1719 1739 1831 1808 quis
1855 1754 1906 1792 es
1929 1738 2016 1806 qui

445 1835 746 1907 respondeas
785 1834 895 1890 Deo
925 1832 944 1906 (
974 1834 1122 1888 Rom.
1170 1849 1245 1899 ιχ,
1289 1831 1360 1886 20
1387 1829 1454 1903 )?
1499 1827 1862 1883 Inscrutabitia
1914 1838 2032 1882 sunt

441 1929 632 2001 judicia
658 1930 766 1999 ejus
786 1971 804 1997 ,
830 1939 878 1982 et
903 1926 1269 1996 investigabites
1306 1925 1401 1978 via:
1422 1925 1530 1994 ejus
1559 1919 1681 1994 (Id.
1705 1938 1778 1986 xt,
1807 1923 1932 1992 55).
1964 1921 2033 1976 Et

446 2021 547 2073 hoc
574 2019 883 2086 adjiciamus
916 2035 929 2071 :
958 2018 1154 2070 Altiora
1193 2026 1238 2070 te
1277 2031 1339 2069 ne
1363 2014 1642 2083 quasieris,
1675 2024 1723 2067 et
1750 2014 1966 2083 [artiora
1987 2023 2034 2067 te

449 2125 511 2162 nc
533 2117 785 2162 scrutatus
812 2094 969 2178 [ueris
993 2105 1013 2176 (
1034 2105 1192 2159 Eccli.
1223 2120 1297 2170 Ill,
1325 2103 1456 2174 2'2).

518 2201 608 2256 '51.
631 2198 834 2254 Videtis
859 2198 1002 2253 enim
1029 2197 1069 2262 ¹,
1092 2194 1415 2261 charissimi,
1446 2205 1602 2263 quam
1627 2194 1695 2248 sit
1713 2192 2024 2258 absurdum,

446 2300 501 2347 ct
522 2308 552 2345 a
573 2290 696 2345 iidei
725 2290 952 2345 sanitate
980 2297 1140 2358 atque
1187 2286 1491 2342 sinceritate
1514 2285 1752 2338 veritatis
1777 2284 2031 2349 alienum,

445 2392 504 2437 ut
537 2381 775 2436 dicamus
814 2378 1062 2448 parvulos
1090 2386 1330 2431 mortuos
1376 2373 1669 2430 secundum
1699 2389 1761 2429 ea
1783 2372 2030 2444 iudicari,

443 2488 564 2529 oua:
612 2471 842 2542 prtesciti
882 2479 1008 2526 sunt
1047 2467 1236 2523 facturi
1261 2479 1380 2522 csse
1406 2466 1450 2520 si
1480 2465 1737 2520 viverent.
1788 2464 1849 2519 ln
1895 2463 2035 2518 hanc

445 2572 620 2618 autem
643 2560 982 2625 sententiam,
1006 2573 1164 2629 quam
1187 2566 1334 2612 certe
1358 2555 1533 2612 omnis
1550 2569 1740 2610 sensus
1761 2554 2029 2608 humanus

442 2651 929 2724 quantulacumque
981 2649 1186 2703 ratione
1213 2645 1489 2709 subnixus,
1517 2646 1854 2715 maximeque
1881 2644 2028 2700 chri-

448 2745 675 2810 stianus,
698 2743 969 2807 exhorret,
1001 2740 1081 2795 ire
1124 2737 1386 2807 compulsi
1413 2744 1558 2804 sunt,
1601 2736 1691 2807 qui
1717 2737 1840 2790 sica
1879 2735 2033 2791 Pela-

442 2834 724 2903 gianorum
746 2846 930 2886 errore
957 2829 1116 2884 alieni
1142 2843 1262 2884 esse
1291 2827 1592 2895 voluerunt,
1624 2835 1679 2880 ut
1712 2836 1886 2881 tamen
1906 2841 2030 2896 gra-

450 2925 577 2979 tiam
609 2925 700 2979 Dei
729 2939 825 2994 pcr
879 2921 1062 2978 Jesum
1111 2919 1382 2975 Christum
1435 2918 1715 2973 Dominum
1757 2925 2026 2983 nostrum,

447 3031 550 3085 qua
573 3015 729 3070 nobis
771 3029 875 3069 una
905 3025 1025 3084 post
1045 3013 1252 3082 lapsum
1307 3010 1459 3081 primi
1514 3010 1747 3064 hominis
1775 3051 1790 3078 ,
1839 3009 1892 3063 in
1925 3024 2031 3080 quo

448 3124 635 3163 omnes
651 3107 962 3172 cecidimus,
1000 3105 1333 3170 subvenitur,
1383 3101 1675 3158 secundum
1707 3102 1897 3157 merita
1926 3117 2029 3157 no—

447 3210 556 3254 stra
584 3200 696 3254 dari
737 3200 838 3254 sibi
867 3197 1043 3252 adhuc
1084 3196 1385 3251 existiment
1436 3210 1556 3250 esse
1600 3193 1948 3261 credendum,
1977 3204 2034 3250 et

447 3293 804 3362 disputatione
848 3290 1067 3360 insuper
1109 3288 1507 3359 proferendum.
1535 3287 1686 3356 Quod
1732 3289 1846 3357 ipse
1878 3287 2033 3342 Pela-

447 3385 563 3454 gius
595 3391 718 3438 ante
762 3380 1048 3436 orientales
1077 3381 1357 3450 episcopos
1408 3378 1636 3448 judices,
1678 3377 2032 3433 damnationis

448 3488 560 3527 sua:
587 3473 776 3527 timore
801 3469 1090 3525 damnavit.
1119 3470 1231 3524 iloc
1254 3477 1435 3524 autent
1461 3469 1505 3522 si
1550 3484 1657 3522 non
1701 3467 1928 3532 dicatur,
1962 3468 2031 3524 de

451 3574 780 3618 mortuorum
809 3563 1013 3618 scilicet
1053 3563 1325 3632 operibus,
1354 3577 1473 3632 quae
1517 3560 1704 3615 facturi
1749 3561 1958 3615 fuerant
1984 3562 2030 3615 si

451 3656 708 3722 viverent,
734 3653 884 3708 bonis
898 3663 991 3708 aut
1015 3653 1190 3719 malis,
1221 3667 1285 3707 ac
1311 3667 1405 3722 per
1454 3651 1558 3706 hoc
1589 3652 1746 3708 nullis
1765 3661 1822 3708 et
1840 3653 1892 3706 in
1917 3655 2030 3722 ipsa

450 3748 545 3802 Dei
577 3747 944 3818 prtescientia'
972 3761 1077 3800 non
1108 3744 1299 3800 futuris
1327 3762 1341 3798 :
1375 3744 1479 3799 hoc
1503 3759 1632 3815 ergo
1675 3745 1720 3800 si
1747 3760 1850 3800 non
1882 3745 2030 3801 dica-

451 3849 555 3906 tur,
585 3838 724 3908 quod
750 3838 971 3893 cernitis
985 3845 1184 3908 quanto
1211 3850 1394 3892 errore
1436 3835 1682 3900 dicatur;
1707 3836 1838 3906 quid
1864 3845 2033 3892 resta-

454 3929 549 3994 bit,
581 3929 679 3986 nisi
710 3937 768 3983 ut
791 3928 1014 3999 gratiam
1041 3928 1131 3983 Dei
1162 3943 1267 3982 non
1307 3927 1601 3983 secundum
1625 3927 1814 3982 merita
1845 3938 2026 3982 nostra

449 4021 586 4087 dari,
610 4021 750 4090 quod
781 4029 967 4075 contra
1015 4020 1261 4075 haeresim
1289 4019 1623 4088 Pelagianam
1649 4019 1911 4074 catholica
1937 4019 2032 4074 deo

452 4116 474 4167 f
476 4115 618 4170 endit
635 4114 890 4176 Ecclesia,
909 4121 1112 4168 remota
1128 4112 1481 4184 contentionis
1497 4111 1720 4182 caligine
1737 4110 2030 4176 fateamur;

451 4217 608 4276 atque
635 4205 688 4259 id
718 4205 946 4259 maxime
966 4205 1019 4258 in
1048 4205 1278 4273 parvulis
1302 4203 1629 4259 evidentiore
1652 4203 1874 4258 veritate
1899 4219 2019 4258 cer-

453 4311 640 4351 namus
667 4300 691 4350 ’ἰ
717 4295 900 4368 Neque
943 4295 1084 4350 enim
1131 4293 1238 4350 fato
1265 4294 1473 4364 cogitur
1500 4294 1639 4349 Deus
1668 4294 1773 4348 illis
1817 4293 2035 4350 infanti—

454 4389 550 4442 bus
592 4387 900 4452 subvenire,
933 4387 1040 4441 illis
1067 4397 1244 4442 autem
1300 4401 1404 4440 non
1465 4386 1785 4451 subvenire;
1813 4401 1936 4440 cum
1965 4389 2036 4442 sit

455 4480 692 4549 utrisque
717 4493 878 4533 causa
921 4478 1220 4533 communis
1247 4496 1260 4533 :
1283 4487 1375 4532 aut
1413 4493 1499 4533 res
1529 4477 1788 4532 humanas
1833 4478 1886 4532 in
1914 4493 2034 4547 par-

455 4571 587 4624 vulis
637 4584 744 4624 non
774 4569 950 4623 divina
996 4569 1325 4638 providentia
1351 4609 1369 4634 ,
1397 4569 1490 4624 sed
1521 4568 1754 4624 fortuitis
1781 4570 1864 4640 agi
1895 4569 2035 4624 casi-

451 4662 550 4714 bus
580 4659 938 4730 opinabintur,
969 4674 1092 4714 cum
1139 4659 1428 4714 rationales
1469 4660 1552 4715 vel
1583 4659 1901 4715 damnanda:
1949 4661 2034 4715 vel

455 4753 736 4813 liberanda:
771 4753 878 4808 sint
902 4752 1093 4807 animm
1114 4767 1131 4817 ;
1153 4751 1578 4822 quandoquidem
1608 4766 1710 4808 nec
1738 4768 1921 4822 passer
1940 4768 2030 4807 ca-

447 4850 527 4900 dit
545 4846 598 4900 in
630 4855 824 4900 terram
863 4845 980 4901 sine
1011 4846 1279 4899 voluntate
1301 4844 1475 4900 Patris
1495 4846 1661 4900 nostri
1687 4846 1776 4915 qui
1807 4847 1858 4899 in
1881 4847 2034 4902 caelis

453 4944 536 4990 est
562 4935 583 5007 (
613 4934 799 4990 Matth.
848 4952 903 5004 x,
941 4933 1056 5006 29)
1089 4953 1103 4992 :
1133 4943 1225 4991 aut
1266 4947 1545 5005 parentum
1587 4938 1921 5007 negligentia:
1955 4938 2032 4992 sic

451 5026 784 5083 tribuendum
814 5027 933 5082 est‘
955 5069 972 5096 ,
1000 5027 1142 5099 quod
1183 5027 1387 5098 parvuli
1417 5027 1532 5083 sine
1559 5029 1884 5098 Baptismate
1913 5044 2030 5084 mo-

449 5119 678 5184 riuntur,
712 5127 768 5172 ut
796 5118 923 5172 nihil
955 5119 1026 5172 ibi
1071 5128 1230 5190 agant
1258 5118 1742 5188 supernajudicia;
1777 5127 2030 5190 tanquam

451 5209 547 5277 lpSi
582 5210 790 5280 quihoe
825 5208 986 5264 modo
1013 5211 1154 5266 male
1185 5210 1505 5276 moriuntur,
1533 5221 1782 5279 parentes
1807 5213 1906 5268 sibi
1937 5230 2031 5270 ne-

449 5300 705 5371 gligentes
735 5300 1006 5355 voluntate
1057 5301 1268 5371 propria
1309 5300 1375 5356 de
1422 5301 1614 5372 quibus
1658 5317 2027 5373 nascerentur,

451 5393 704 5466 elegerint
727 5410 740 5446 :
764 5392 891 5466 quid
922 5393 1114 5459 dicam,
1143 5393 1283 5464 quod
1310 5393 1558 5464 parvulus
1606 5395 1896 5466 aliquando
1931 5413 2027 5453 an-

511 5569 527 5633 ξ
560 5567 632 5617 sic
647 5573 754 5618 uss.
781 5566 914 5623 editi,
929 5565 1136 5633 ridetis,
1157 5564 1459 5633 charissimi;
1492 5573 1690 5633 omisso,
1715 5570 1859 5623 enim.

508 5628 527 5690 ξ
563 5634 690 5686 Iov.,
715 5628 984 5690 praesentia.
1006 5629 1293 5678 Emendatur
1317 5645 1381 5679 ex
1407 5639 1511 5681 Mss.

511 5687 529 5717 ³
561 5687 739 5740 omnes
759 5697 886 5750 Mss,
916 5689 1271 5742 rrtribuemtum
1294 5699 1380 5742 est.

1667 251 1723 305 S.
1766 246 2130 306 AUGUSTINI
2172 247 2463 303 EPISCOI’!

3581 256 3721 312 101?.

2139 363 2440 432 tequamilli
2473 379 2566 433 per
2593 365 2945 421 ministerium
2971 367 3290 436 baptizantis
3323 371 3570 426 succurri
3597 384 3720 440 pos-
3757 414 3767 420 .

2135 454 2240 517 sit,
2273 455 2547 524 exspirat?
2579 456 2898 527 Plerumque
2933 459 3075 512 enim
3104 459 3476 516 festinantibus.
3521 476 3712 532 paren-

2137 547 2275 600 tibus
2293 559 2345 601 et
2375 548 2570 617 paratis
2597 549 2853 603 ministris
2875 559 2929 603 ut
2955 549 3256 619 Baptismus
3284 555 3512 621 parvulo
3538 552 3718 621 detur,

2136 640 2247 694 Deo
2271 653 2445 695 tamen
2473 643 2684 697 nolente
2731 658 2835 696 non
2871 643 3046 704 datur,
3080 644 3168 713 qui
3215 659 3334 697 eum
3366 644 3637 712 paululum
3667 646 3718 698 in

2137 732 2234 788 hac
2261 734 2362 788 vita
2411 749 2514 788 non
2562 737 2731 789 tenuit
2759 747 2815 790 ut
2865 735 3100 789 daretur.
3159 735 3296 804 Quid
3347 736 3528 802 etiam,
3576 736 3720 805 quod

2134 826 2415 896 aliquando
2456 829 2686 896 parvulis
2726 827 3014 882 infidelium
3065 827 3188 882 filiis
3236 829 3424 897 potuit,
3465 843 3532 883 ne
3580 829 3721 882 irent

2136 919 2187 971 in
2217 919 2588 986 perditionem,
2633 929 2685 973 et
2717 921 2838 974 ﬁliis
2887 919 3118 974 fidelium
3169 937 3276 975 non
3318 922 3490 990 potuit
3537 920 3725 990 Bapti-

2137 1019 2308 1064 smate
2335 1011 2649 1065 subveniri?
2680 1010 2779 1066 Ubi
2807 1022 2952 1066 certe
2977 1012 3277 1066 Ostenditur
3296 1013 3434 1082 quod
3457 1006 3720 1082 persona-

2136 1116 2252 1153 rum
2303 1101 2442 1170 apud
2491 1101 2660 1156 Deum
2699 1119 2804 1155 non
2859 1104 2928 1156 sit
2972 1104 3211 1174 acceptio
3241 1104 3439 1174 (Rom.
3468 1119 3525 1169 ll,
3561 1105 3620 1158 Η
3657 1104 3718 1174 );

2134 1193 2367 1262 alioquin
2411 1193 2676 1248 cultorum
2705 1210 2922 1250 suorum
2954 1195 3150 1265 potius,
3169 1212 3326 1266 quam
3374 1195 3711 1251 inimicorum

2136 1284 2271 1336 filios
2302 1283 2570 1338 liberaret.
3499 1345 3512 1357 ,

2204 1373 2429 1430 CAPUT
2469 1375 2604 1431 Xlll.
2638 1406 2708 1417 —
2730 1377 2818 1433 5'2.
2847 1378 2963 1432 iam
2993 1394 3139 1442 vero,
3169 1380 3417 1447 quoniam
3441 1379 3507 1434 de
3529 1379 3670 1434 dono
3701 1380 3716 1412 ¹

2136 1467 2545 1533 perseverantia}
2591 1483 2732 1522 nunc
2759 1469 2984 1537 agimus,
3014 1468 3140 1538 quid
3168 1481 3250 1524 est
3287 1469 3427 1538 quod
3460 1469 3718 1524 morituro

2136 1573 2239 1610 non
2271 1558 2535 1628 baptizato
2561 1559 2872 1614 subvenitur
2890 1601 2905 1626 ,
2930 1576 2995 1614 ne
3025 1561 3139 1616 sine
3165 1560 3492 1630 Baptismate
3520 1560 3720 1614 moria:

2136 1659 2252 1711 tur;
2287 1658 2339 1702 et
2361 1648 2625 1717 baptizato
2645 1664 2834 1704 casuro
2858 1664 2961 1704 non
2995 1651 3326 1718 subvenitur,
3357 1659 3414 1704 ut
3451 1660 3574 1704 ante
3600 1666 3716 1704 mo-

2135 1738 2342 1791 riatur?
2370 1739 2479 1792 Nisi
2500 1739 2633 1792 forte
2659 1739 2732 1792 illi
2750 1739 2923 1794 adhuc
2943 1740 3255 1795 absurditati
3277 1740 3718 1807 auscultabimus,

2136 1845 2238 1898 qua
2265 1830 2458 1883 dicitur
2500 1830 2633 1885 nihil
2675 1829 2928 1900 prodesse
2974 1832 3220 1902 cuiquam
3261 1833 3395 1886 mori
3434 1840 3720 1900 antequam

2133 1921 2325 1988 cadat,
2368 1921 2490 1990 quia
2536 1923 2826 1978 secundum
2873 1938 2966 1978 eos
3017 1936 3168 1980 actus
3210 1923 3555 1995 judicabitur,
3585 1938 3722 1992 quos

2135 2028 2254 2066 eum
2287 2013 2546 2081 praescivit
2577 2013 2718 2067 Deus
2762 2024 3004 2068 acturum
3041 2014 3206 2069 fuisse
3249 2015 3294 2069 si
3323 2015 3548 2069 viveret.
3573 2013 3722 2068 lianc

2136 2102 2534 2169 perversitatem
2589 2103 2800 2157 sanitati
2855 2103 2978 2158 fidei
3005 2113 3112 2159 tant
3145 2106 3494 2162 vehementer
3522 2105 3715 2162 adver-

2135 2208 2268 2258 sam,
2300 2195 2416 2263 quis
2440 2194 2705 2265 patienter
2725 2194 2939 2249 audiat?
2964 2197 3081 2265 quis
3111 2196 3287 2251 fcrat?
3313 2199 3378 2250 lit
3402 2207 3581 2252 tamen
3605 2197 3708 2253 hoc

2136 2283 2313 2338 dicere
2347 2294 2614 2354 urgentur,
2667 2285 2758 2354 qui
2813 2301 2918 2339 non
2968 2287 3199 2341 fatentur
3217 2288 3439 2358 gratiam
3470 2287 3560 2342 Dei
3612 2304 3716 2341 non

2135 2376 2429 2430 secundum
2452 2381 2642 2432 merita
2671 2387 2852 2432 nostra
2883 2377 3018 2432 dari.
3047 2377 3146 2445 Qui
3194 2388 3369 2432 autent
3416 2379 3605 2434 nolunt
3647 2379 3718 2433 di-

2135 2481 2256 2520 cere
2288 2482 2718 2538 unumquemque
2767 2477 3101 2522 mortuorum
3151 2467 3444 2524 secundum
3471 2486 3533 2524 ea
3568 2471 3712 2540 judi-

2136 2555 2267 2621 cari,
2296 2571 2415 2624 qua:
2451 2556 2593 2610 Deus
2619 2557 2766 2611 illum
2790 2557 3054 2626 prwscivit
3099 2566 3335 2612 acturum
3367 2558 3529 2613 fuisse
3555 2561 3601 2614 si
3630 2561 3710 2615 vi-

2137 2656 2303 2710 veret,
2326 2646 2589 2702 intuentes
2617 2663 2777 2717 quam
2820 2645 3099 2702 manifesta
3149 2647 3377 2704 falsitate
3424 2659 3479 2704 et
3507 2661 3703 2722 quanta

2135 2734 2465 2792 absurditate
2519 2737 2760 2803 dicatur;
2793 2753 2898 2793 non
2941 2739 3023 2793 eis
3070 2749 3310 2793 remanet
3363 2755 3460 2794 cur
3507 2740 3711 2808 dicant,

2137 2827 2278 2897 quod
2311 2829 2362 2882 in
2393 2829 2689 2898 Pelagianis
2715 2829 3006 2896 damnavit,
3039 2839 3094 2885 et
3139 2831 3206 2885 ab
3233 2830 3346 2900 ipso
3381 2831 3594 2903 Pelagio
3631 2833 3720 2888 da-

2135 2919 2458 2975 mnarifecit
2501 2921 2760 2986 Ecclesia,
2804 2922 3025 2990 gratiam
3056 2922 3149 2977 Dei
3203 2923 3493 2978 secundum
3531 2927 3716 2982 merita

2137 3022 2318 3068 nostra
2345 3014 2496 3069 dari:
2528 3029 2648 3069 cum
2697 3014 2910 3069 videant
2956 3014 3090 3069 alios
3112 3016 3360 3085 parvulos
3409 3032 3517 3072 non
3561 3033 3719 3089 rcge-

2135 3114 2349 3160 neratos
2373 3104 2440 3160 ad
2468 3113 2723 3160 aeternam
2754 3115 3005 3172 mortem,
3031 3106 3166 3162 alios
3194 3111 3374 3162 autent
3398 3124 3675 3178 ‘regenera
3693 3137 3714 3149 -

2137 3208 2217 3252 tos
2245 3197 2312 3252 ad
2361 3205 2617 3252 aeternam
2666 3198 2826 3252 vitam
2859 3198 2973 3252 tolli
3008 3198 3076 3253 de
3126 3199 3224 3253 hac
3275 3201 3428 3266 vita;
3471 3201 3720 3272 ipsosque

2134 3298 2496 3360 regeneratos,
2520 3289 2652 3342 alios
2689 3297 3094 3359 perseverantes
3123 3305 3287 3360 usque
3313 3291 3364 3344 in
3391 3293 3550 3347 finem
3592 3294 3716 3348 hinc

2133 3379 2231 3445 ire,
2262 3378 2394 3432 alios
2449 3393 2723 3448 quousque
2775 3379 3019 3434 decidant
3065 3381 3152 3434 hic
3195 3381 3496 3451 teneri,qui
3541 3384 3721 3454 utique

2135 3485 2240 3524 non
2289 3470 2628 3534 decidissent,
2664 3472 2709 3525 si
2753 3481 3036 3540 antequam
3082 3472 3386 3528 laberentur
3424 3473 3548 3529 hine
3570 3478 3720 3531 exis-

2134 3572 2281 3628 sent;
2314 3571 2368 3616 et
2396 3577 2579 3617 rursus
2599 3563 2858 3632 quosdam
2881 3565 3058 3632 lapsos
3075 3580 3348 3635 quousque
3363 3567 3585 3621 redeant
3612 3584 3718 3622 non

2135 3653 2284 3708 exire
2308 3652 2377 3708 de
2401 3652 2501 3707 hac
2534 3655 2664 3721 vita,
2693 3655 2782 3725 qui
2831 3655 3012 3725 utique
3055 3656 3308 3724 perirent,
3353 3656 3398 3711 si
3433 3666 3716 3728 antequam

2135 3743 2392 3808 redirent,
2421 3744 2651 3799 exirent.

2207 3832 2296 3886 55.
2329 3831 2478 3887 Unde
2504 3833 2635 3887 satis
2671 3833 2902 3888 dilucide
2951 3835 3266 3902 ostenditur,
3314 3846 3370 3891 et
3412 3838 3716 3903 inchoandi,

2137 3934 2190 3978 et
2219 3939 2384 3993 usque
2415 3924 2466 3977 itt
2492 3924 2650 3978 linem
2701 3925 3075 3994 perseverandi
3122 3928 3344 3996 gratiam
3374 3929 3469 3984 Dei
3499 3945 3603 3984 non
3629 3945 3716 3984 se—

2135 4015 2366 4070 cundum
2421 4017 2608 4069 merita
2657 4027 2839 4071 nostra
2901 4017 3061 4083 dari;
3108 4019 3202 4073 sed
3265 4019 3379 4074 dari
3427 4021 3717 4076 secundum

2137 4105 2305 4175 ipsius
2351 4107 2761 4161 secretissimam
2787 4149 2803 4174 ,
2850 4109 3202 4179 eamdemque
3241 4111 3612 4180 iustissimam,
3643 4131 3720 4168 sa-

2135 4196 2540 4274 pientissimum,
2583 4197 3118 4254 beneficentissimant
3168 4203 3490 4258 voluntatem
3535 4223 3549 4258 :
3583 4221 3718 4274 quo-

2138 4289 2278 4340 niam
2304 4303 2438 4356 quos
2484 4289 2898 4359 prtedcstinavit,
2939 4291 3084 4360 ipsos
3112 4305 3166 4348 et
3210 4294 3573 4364 voeavit(ld.
3601 4310 3716 4361 vui,

2137 4378 2206 4433 50
2233 4379 2252 4450 )
2277 4380 2552 4435 vocatione
2581 4381 2668 4435 illa
2699 4380 2765 4436 de
2787 4399 2889 4451 qua
2911 4382 3108 4439 dictum
3132 4395 3232 4447 est,
3264 4386 3388 4440 Sine
3425 4389 3718 4457 pmnitentia

2136 4480 2252 4523 sunt
2282 4470 2416 4524 dona
2445 4480 2492 4524 et
2527 4473 2720 4526 uacatio
2747 4472 2845 4527 Dei
2869 4473 2888 4545 (
2917 4472 3002 4528 Id.
3048 4491 3126 4542 xt,
3154 4476 3224 4530 ἓξ)
3246 4476 3286 4547 ).
3335 4478 3417 4533 Ad
3455 4495 3610 4548 quam
3628 4496 3721 4533 vo-

2136 4565 2397 4618 cationem
2417 4565 2682 4633 pertinere
2708 4566 2884 4622 nullus
2904 4577 2985 4623 est
3010 4567 3169 4623 homo
3192 4569 3258 4624 ab
3280 4569 3583 4626 hominibus
3604 4587 3723 4626 cer-

2139 4664 2188 4707 ta
2234 4656 2629 4712 asseveratione
2675 4656 2954 4722 dicendus,
2994 4659 3096 4714 nisi
3144 4675 3264 4714 cum
3291 4660 3360 4716 de
3399 4661 3499 4715 hoc
3525 4663 3721 4718 saxqu

2137 4747 2325 4801 exierit
2353 4763 2365 4799 :
2397 4747 2449 4802 in
2505 4748 2603 4802 hae
2627 4757 2805 4803 autem
2844 4751 2948 4804 vita
2992 4749 3223 4805 humana
3248 4767 3367 4822 qua:
3394 4754 3613 4807 tentatio
3639 4766 3722 4810 est

2135 4851 2296 4906 super
2324 4846 2517 4892 terram
2549 4837 2688 4910 (Job
2728 4855 2827 4906 vn,
2859 4841 2882 4895 l
2914 4837 2957 4911 ),
2979 4842 3086 4920 aui
3108 4842 3313 4896 videtur
3340 4851 3504 4906 stare,
3549 4843 3725 4899 videat

2136 4944 2202 4983 ne
2227 4928 2422 5000 cadat(
2451 4929 2468 4983 l
2499 4929 2616 4985 Cor.
2647 4947 2702 4997 x,
2743 4932 2804 4986 12
2831 4931 2866 5002 ).
2909 4932 3031 4987 Ideo
3058 4934 3252 5004 quippe
3279 4933 3298 5005 (
3329 4934 3468 4988 sicut
3489 4935 3598 5005 jant
3629 4952 3723 4992 su-

2138 5035 2227 5088 pra
2253 5019 2483 5075 diximus
2504 5020 2653 5093 [Cap.
2678 5023 2743 5086 8,
2775 5039 2830 5078 n.
2864 5021 2975 5094 19])
2997 5038 3102 5077 non
3125 5027 3513 5092 perseveraturi
3541 5041 3724 5094 perse-

2135 5113 2393 5167 veraturis
2435 5114 2891 5182 providentissima
2950 5115 3044 5171 Dei
3103 5117 3373 5172 voluntate
3412 5119 3722 5186 miscentur,

2137 5212 2338 5258 utesse
2362 5201 2632 5260 discamus
2669 5221 2774 5259 non
2814 5206 2918 5260 alta
2949 5205 3238 5275 sapientes,
3289 5209 3383 5264 sed
3435 5209 3725 5264 humilibus

2135 5295 2531 5349 consentientes
2561 5295 2581 5367 (
2610 5295 2760 5350 Rom.
2795 5312 2892 5364 xu,
2918 5298 2984 5352 16
3017 5295 3059 5368 ),
3091 5306 3282 5355 etcum
3325 5299 3514 5353 timore
3535 5308 3592 5353 et
3620 5311 3726 5355 tre-

2136 5404 2281 5441 more
2314 5399 2550 5444 nostrant
2582 5388 2815 5455 ipsorum
2863 5389 3092 5445 salutent
3122 5407 3406 5460 Opcremur
3434 5408 3447 5444 :
3473 5391 3613 5445 Deus
3642 5402 3725 5446 est

2137 5477 2275 5536 enim
2298 5479 2389 5548 qui
2424 5487 2674 5548 operatur
2725 5480 2778 5534 in
2819 5481 2970 5538 nobis
2997 5492 3051 5538 et
3082 5483 3219 5540 velle
3249 5490 3302 5538 ct
3349 5483 3581 5552 Operari,
3627 5498 3724 5554 pro

2202 5712 2218 5728 ο
2251 5708 2349 5745 am.
2375 5701 2447 5746 Fr.
2477 5705 2526 5748 et
2549 5705 2679 5762 Mss,
2705 5699 2766 5751 de
2786 5701 2919 5751 bona,
