4008 6178
318 295 454 350 1015

311 415 453 468 bona
482 410 754 466 voluntate
783 408 1036 481 (Philipp.
1069 423 1126 474 ιι,
1172 406 1237 462 i9.
1261 415 1305 460 et
1338 406 1446 476 l5).
1473 405 1580 459 Nos
1603 421 1730 476 ergo
1757 405 1907 459 volu-

315 520 456 571 mus,
495 501 588 558 sed
614 501 754 557 Deus
783 503 834 555 in
875 500 1028 554 nobis
1057 507 1307 568 operatur
1333 506 1386 551 et
1423 497 1560 551 velle
1595 515 1608 550 :
1641 511 1738 550 nos
1781 512 1908 564 ergo

314 598 641 665 operamdr,
681 591 775 647 sed
814 592 953 646 Deus
1007 591 1057 644 in
1094 589 1247 644 nobis
1301 599 1552 659 Operatur
1595 598 1649 644 et
1674 588 1906 658 operari,

318 703 416 756 pro
460 687 598 740 bona
642 685 928 739 voluntate.
962 682 1074 736 lloc
1101 681 1254 736 nobis
1280 680 1494 750 expedit
1529 690 1584 737 et
1607 679 1828 734 credere
1855 688 1908 733 et

313 779 501 832 dicere
530 795 544 830 :
585 773 684 831 hoc
728 783 811 829 est
849 773 1012 843 pium,
1046 771 1147 827 hoc
1176 787 1382 834 verum,
1416 779 1472 824 ut
1499 771 1567 823 sit
1607 768 1820 824 humilis
1843 779 1896 821 et

314 867 585 922 submissa
615 864 909 928 confessio,
962 873 1016 918 et
1057 862 1213 917 detur
1239 870 1407 916 totum
1436 861 1564 914 Deo.
1596 859 1904 929 Cogitantes

312 957 586 1012 credimus
611 997 628 1022 ,
671 955 962 1025 cogitantes
1014 954 1316 1022 loquimur,
1357 952 1649 1021 cogitantes
1693 949 1899 1019 agimus

314 1048 572 1118 quidquid
592 1047 798 1118 agimus
827 1065 840 1100 :
870 1045 1011 1116 quod
1033 1053 1208 1098 autem
1236 1043 1425 1097 attinet
1452 1041 1517 1096 ad
1539 1041 1747 1111 pietatis
1761 1041 1900 1093 viam

314 1149 376 1195 et
397 1153 585 1193 verum
616 1138 709 1192 Dei
735 1138 955 1198 cultum,
978 1152 1081 1190 non
1119 1150 1306 1190 sumus
1330 1133 1505 1188 idonei
1529 1133 1763 1201 cogitare
1797 1130 1900 1184 ali-

313 1229 446 1300 quid
471 1240 718 1299 tauquam
735 1244 797 1282 ex
818 1226 1211 1295 nobismetipsis
1232 1269 1247 1291 ,
1270 1225 1364 1279 sed
1381 1223 1692 1278 sufficientia
1719 1231 1902 1276 nostra

313 1337 384 1377 ex
412 1322 524 1377 Deo
558 1329 640 1376 est
667 1321 684 1389 (
710 1319 884 1375 llCor.
918 1335 995 1383 ιιι,
1020 1319 1116 1390 5).
1165 1337 1183 1370 ι
1219 1316 1338 1373 Non
1379 1317 1520 1372 enim
1549 1324 1630 1373 est
1675 1317 1728 1370 in
1755 1324 1906 1384 pote-

314 1393 456 1468 state
499 1421 680 1468 nostra
724 1427 816 1467 cor
850 1419 1091 1467 nostrum
1134 1418 1188 1464 et
1235 1418 1429 1464 nostrae
1459 1408 1844 1478 cogitationes:
1881 1425 1900 1457 ι

314 1504 463 1560 unde
486 1504 628 1559 idem
657 1503 746 1574 qui
774 1503 873 1558 hoc
888 1503 980 1566 ait,
1015 1503 1140 1556 item
1170 1499 1627 1556 dicitAmbrosius
1657 1497 1769 1570 (De
1794 1497 1908 1550 Fu-

319 1612 386 1666 ga
413 1597 608 1662 swculi,
659 1611 772 1664 cap.
801 1595 823 1648 l
850 1593 891 1666 ),
927 1614 946 1646 ι
978 1594 1108 1662 Quis
1151 1601 1328 1648 autem
1358 1603 1462 1646 tam
1514 1591 1699 1646 beatus
1730 1590 1818 1660 qui
1850 1591 1903 1643 in

318 1685 487 1740 corde
501 1700 598 1739 suo
627 1699 840 1754 semper
860 1683 1158 1739 ascendat?
1194 1682 1299 1739 Sed
1330 1683 1429 1737 hoc
1463 1682 1577 1736 sine
1603 1681 1784 1735 divino
1806 1696 1904 1733 au-

318 1775 553 1846 xilioqui
573 1775 686 1829 licri
718 1773 937 1844 potest?
967 1774 1111 1828 nullo
1133 1772 1370 1843 profecto
1397 1773 1574 1827 modo.
1598 1773 1852 1842 Denique,
1879 1791 1898 1824 ι

314 1863 515 1934 inquit,
550 1883 570 1917 ι
597 1880 756 1934 supra
777 1865 962 1920 eadem
988 1864 1257 1934 Scriptura
1287 1863 1432 1929 dicit,
1462 1862 1645 1918 Beatus
1670 1865 1744 1917 vir
1757 1865 1905 1933 cujus

315 1966 392 2011 est
412 1956 662 2011 auxilium
682 1959 790 2027 ejus
823 1957 910 2012 abs
951 1968 1026 2023 te,
1072 1957 1330 2022 Domine;
1369 1973 1605 2011 ascensus
1653 1958 1706 2010 in
1753 1957 1907 2011 corde

313 2048 428 2117 ejus
455 2065 477 2099 ι
509 2048 527 2120 (
564 2047 711 2102 Psal.
753 2065 971 2114 Lxxxnt,
1003 2047 1034 2102 6
1061 2047 1099 2118 ).
1123 2048 1233 2101 lloe
1273 2049 1451 2117 utique
1481 2047 1777 2112 utdiceret,
1801 2062 1906 2100 non

312 2138 492 2190 solum
515 2137 568 2191 in
594 2137 808 2192 Litteris
842 2122 1007 2192 sacris
1036 2137 1262 2205 legebat,
1294 2136 1387 2190 sed
1415 2136 1553 2190 sicut
1577 2135 1646 2190 de
1687 2136 1777 2190 illo
1795 2136 1910 2190 viro

312 2226 435 2282 sine
456 2227 790 2282 dubitatione
827 2226 1151 2280 credendum
1177 2234 1279 2292 est,
1317 2225 1476 2280 etiam
1525 2226 1577 2279 in
1606 2224 1769 2280 corde
1811 2240 1912 2280 suo

313 2319 586 2373 sentiebat
605 2317 936 2372 Ambrosius.
956 2317 1108 2384 Quod
1133 2332 1261 2387 ergo
1295 2319 1349 2370 in
1396 2320 1744 2372 sacramentis
1773 2317 1907 2371 lide-

313 2410 446 2463 lium
477 2408 692 2472 dicitur,
723 2418 776 2462 ut
797 2423 1008 2462 sursum
1042 2422 1137 2462 cor
1160 2407 1448 2462 habeamus
1494 2409 1560 2462 ad
1601 2409 1908 2475 Dominum,

314 2514 512 2552 tnunus
552 2505 633 2551 est
666 2497 907 2552 Domini:
936 2497 1002 2552 de
1027 2512 1134 2567 quo
1164 2513 1384 2551 munere
1414 2498 1514 2566 ipsi
1541 2499 1770 2552 Domino
1795 2500 1906 2554 Deo

314 2599 503 2644 nostro
523 2590 720 2659 gratias
762 2604 939 2656 agere,
977 2604 1009 2642 a
1037 2588 1314 2642 sacerdote
1370 2599 1491 2657 post
1529 2588 1667 2644 hanc
1719 2604 1906 2646 vocem

313 2680 510 2749 quibus
540 2678 641 2734 hoc
659 2677 852 2733 dicitur
875 2678 1264 2746 admonentur;
1292 2688 1345 2733 et
1383 2679 1597 2750 dignum
1619 2695 1683 2733 ac
1705 2679 1906 2748 justum

312 2788 439 2829 esse
462 2771 785 2842 respondent
813 2770 834 2845 (
860 2769 926 2824 In
949 2771 1247 2842 prtcfatione
1279 2770 1348 2824 ad
1385 2788 1628 2826 canonem
1660 2771 1837 2827 Missa:
1861 2773 1902 2843 ).

312 2867 453 2922 Cum
481 2865 622 2920 enim
648 2879 756 2920 non
782 2865 851 2918 sit
877 2865 930 2919 in
959 2873 1136 2918 nostra
1183 2872 1446 2932 potestate
1495 2879 1589 2919 cor
1641 2872 1904 2932 nostrum,

314 2957 414 3012 sed
464 2957 642 3010 divino
684 2955 988 3010 sublevetur
1025 2954 1246 3020 auxilio,
1296 2963 1353 3009 ut
1389 2953 1660 3019 ascendat,
1690 2965 1744 3009 et
1785 2971 1906 3025 qua:

312 3063 530 3103 sursum
551 3057 675 3102 sunt
698 3047 884 3117 sapiat,
909 3046 997 3101 ubi
1013 3046 1252 3101 Christus
1274 3055 1356 3100 est
1399 3045 1452 3100 in
1493 3045 1678 3100 dextra
1700 3046 1796 3101 Dei
1822 3061 1907 3102 se-

312 3141 471 3203 dens,
500 3154 610 3195 non
638 3156 755 3210 qua:
775 3154 936 3210 super
975 3148 1169 3193 terrain
1197 3137 1217 3208 (
1247 3135 1444 3191 Coloss.
1475 3153 1553 3203 ιιι,
1588 3138 1639 3202 1,
1665 3137 1741 3207 2)
1777 3154 1790 3190 :
1818 3138 1905 3192 cui

314 3233 385 3289 de
411 3233 512 3287 hac
539 3241 680 3286 tanta
710 3247 769 3286 re
791 3230 1008 3300 agendae
1033 3238 1155 3284 sunt.
1174 3228 1377 3298 gratiae,
1415 3229 1516 3282 nisi
1546 3227 1647 3283 hoc
1691 3226 1905 3283 facienti

319 3323 544 3376 Domino
567 3323 677 3377 Deo
712 3329 915 3386 nostro,
952 3319 1041 3390 qui
1068 3334 1166 3372 nos
1188 3334 1283 3390 per
1309 3319 1413 3374 tale
1429 3318 1745 3374 beneficium
1773 3319 1907 3374 libe-

314 3413 485 3468 raudo
501 3413 569 3468 de
594 3411 859 3483 profundo
900 3412 1056 3482 hujus
1110 3409 1312 3474 mundi,
1355 3410 1534 3481 elegit,
1557 3418 1610 3465 et
1624 3410 1904 3480 praedesti-

317 3505 466 3558 navit
490 3514 612 3559 ante
639 3503 1068 3559 constitutionem
1098 3500 1327 3555 mundi?

386 3613 612 3670 CAPUT
643 3612 855 3668 XlV.—
870 3613 958 3668 5-1.
974 3611 1078 3667 Sed
1101 3611 1248 3665 aiunt
1264 3628 1283 3661 ι
1310 3609 1792 3680 prmdestinationis
1805 3609 1902 3666 de-

315 3705 616 3760 ﬁnitionem
645 3704 850 3760 utilitati
882 3702 1273 3773 praedicationis
1297 3702 1573 3757 adversam
1597 3702 1816 3774 (Supra,
1848 3703 1905 3758 in

317 3798 563 3868 Epistolis
599 3796 791 3851 Hilarii
833 3805 880 3851 et
926 3795 1199 3866 Prosperi,
1251 3794 1351 3848 col.
1405 3792 1699 3865 947-954).
1739 3794 1904 3862 Quasi

317 3905 448 3943 vero
480 3889 754 3944 adversata
777 3890 846 3944 sit
862 3887 1118 3958 Apostolo
1136 3886 1460 3955 praedicanti.
1483 3885 1671 3940 Nonne
1692 3886 1781 3941 ille
1807 3885 1906 3941 do-

315 3990 436 4036 ctor
463 3979 712 4036 Gentium
748 3982 801 4034 in
835 3980 940 4034 fide
966 3987 1021 4034 et
1049 3979 1270 4034 veritate
1306 3988 1359 4032 et
1381 3978 1903 4048 praedestinationem

315 4074 476 4128 toties
517 4070 949 4138 commendavit,
992 4079 1047 4124 et
1087 4069 1306 4124 verbum
1339 4069 1432 4123 Dei
1462 4068 1754 4138 praedicare
1795 4083 1904 4124 non

313 4164 568 4219 destitit?
594 4163 858 4233 Numquid
886 4162 1009 4232 quia
1033 4161 1186 4225 dixit,
1217 4159 1353 4214 Deus
1383 4169 1454 4214 est
1476 4161 1563 4229 qui
1590 4169 1826 4229 operatur
1848 4160 1902 4214 in

314 4255 462 4309 vobis
477 4266 526 4309 et
547 4256 673 4310 velle
695 4263 740 4307 et
764 4252 984 4322 operari,
1010 4267 1101 4320 pro
1126 4252 1255 4308 bona
1277 4251 1528 4305 uoluntate
1548 4249 1816 4320 (Philipp.
1841 4266 1899 4317 tt,

315 4345 388 4400 15
410 4346 470 4416 );
499 4345 619 4400 ideo
643 4358 747 4399 non
769 4345 911 4413 ipsa,
939 4350 994 4396 et
1017 4350 1075 4396 ut
1099 4341 1321 4396 velimus
1341 4356 1460 4411 qua:
1482 4341 1595 4395 Deo
1619 4342 1900 4409 placeant,

313 4444 372 4491 et
399 4442 460 4489 ut
487 4449 803 4506 operemur,
845 4432 1086 4486 hortatus
1115 4431 1237 4486 est?
1264 4440 1355 4484 aut
1381 4431 1506 4500 quia
1530 4429 1684 4497 dixit,
1718 4430 1820 4496 Qui
1846 4431 1902 4486 in

314 4523 456 4578 vobis
482 4524 666 4578 bonum
694 4540 822 4594 opus
847 4522 1017 4592 coepit,
1049 4521 1270 4590 perficiet
1296 4536 1452 4591 usque
1479 4520 1532 4573 in
1559 4520 1692 4575 diem
1714 4519 1900 4576 Christi

313 4618 449 4674 Iesu
472 4618 492 4689 (
509 4618 596 4672 Id.
626 4634 664 4687 ι,
697 4619 750 4673 6.
774 4616 794 4690 )
820 4634 834 4683 ;
867 4617 988 4671 ideo
1019 4624 1077 4670 ut
1095 4614 1397 4684 inciperent
1424 4613 1671 4670 homines
1696 4623 1751 4670 et
1777 4629 1902 4684 per-

317 4721 634 4770 severarent
656 4727 826 4781 usque
855 4711 908 4764 in
937 4709 1117 4775 finem,
1161 4709 1276 4777 ipse
1313 4723 1420 4762 non
1448 4706 1657 4762 suasit?
1698 4706 1902 4776 Nempe

315 4806 434 4875 ipse
460 4805 714 4858 Dominus
736 4799 1039 4856 hominibus
1066 4798 1317 4869 pra-cepit
1341 4809 1398 4852 ut
1420 4797 1719 4864 crederent,
1742 4807 1903 4867 atque

312 4897 428 4962 ait,
452 4893 680 4949 Credite‘
704 4893 754 4946 in
779 4891 972 4956 Deum,
1004 4899 1047 4944 et
1069 4890 1122 4942 in
1146 4905 1225 4942 me
1247 4888 1433 4966 credite
1453 4887 1474 4957 (
1491 4885 1650 4941 Joan.
1676 4885 1821 4952 nv,l
1843 4886 1898 4957 ):

313 5003 418 5042 nec
449 4996 624 5042 tamen
651 4985 769 5040 ideo
798 4984 911 5054 ejus
939 4982 1071 5037 falsa
1095 4980 1355 5036 sententia
1381 4988 1484 5045 est,
1517 4995 1615 5034 nec
1642 4994 1775 5034 vana
1802 4979 1901 5036 de-

317 5078 493 5132 finitio
520 5077 608 5133 ubi
634 5077 729 5140 ait,
763 5075 926 5129 Nemo
950 5075 1078 5128 venit
1101 5072 1168 5126 ad
1195 5089 1292 5139 nte,
1321 5073 1371 5127 id
1397 5081 1500 5137 est,
1535 5087 1693 5127 nemo
1733 5072 1902 5127 credit

312 5171 366 5223 in
397 5185 519 5233 me,
549 5169 645 5222 nisi
673 5167 825 5238 fuerit
853 5169 900 5221 ei
925 5167 1098 5219 datum
1125 5181 1156 5217 a
1183 5163 1342 5218 Patre
1365 5181 1474 5218 meo
1499 5165 1516 5234 (
1538 5162 1624 5218 Id.
1657 5181 1732 5231 vl,
1763 5165 1832 5220 66
1857 5165 1897 5235 ).

311 5259 424 5314 Nec
462 5273 671 5326 rursus,
709 5259 830 5328 quia
871 5272 997 5313 vera
1041 5265 1125 5310 est
1167 5255 1282 5309 haec
1321 5255 1581 5320 definitio,
1612 5255 1732 5310 ideo
1765 5271 1904 5310 vana

311 5359 398 5405 est
427 5350 515 5404 illa
543 5348 844 5419 praeceptio.
878 5349 984 5402 Cur
1011 5361 1140 5416 ergo
1169 5345 1556 5415 praedicationi,
1587 5347 1901 5416 praeceptio-

311 5442 399 5504 ni,
432 5438 789 5495 exhortationi
811 5478 826 5502 ,
855 5435 1175 5509 COﬂ’OpllOlll
1197 5476 1212 5502 ,
1241 5449 1360 5506 qua:
1389 5434 1567 5489 omnia
1599 5433 1902 5504 frequentat

309 5530 590 5601 Scriptura
630 5527 830 5596 divina,
866 5526 1234 5583 existimamus
1263 5523 1507 5581 inutilem
1536 5524 1896 5582 deﬁnitionem

375 5689 392 5719 '
424 5687 560 5748 Lov.,
602 5683 816 5737 creditis.
851 5693 949 5734 Am.
977 5689 1048 5734 Er.
1095 5689 1145 5734 et
1178 5687 1303 5744 Mss,
1349 5680 1562 5745 credite;
1600 5681 1737 5747 juxta
1775 5695 1900 5745 grae-

308 5761 532 5810 ctua._

1340 287 1540 343 Ulli-Ill
1581 289 1666 343 DE
1711 287 1887 344 DONO
1926 287 2538 345 Pl‘lRSEVElUNleE.

2951 367 2959 376 ,
3456 296 3592 354 um

2019 405 2518 474 prmdestiuat'tonis,
2547 421 2705 476 quam
2733 407 3071 462 commendat
3099 408 3286 464 eadem
3311 409 3590 480 Scriptura

2016 497 2215 552 divina.

2083 589 2172 643 55.
2215 589 2294 642 An
2322 588 2597 658 quisquam
2625 588 2803 644 dicere
2824 589 3061 657 audebit,
3091 590 3256 647 Deum
3284 606 3388 644 non
3416 607 3587 660 pries-

2013 679 2150 732 cisse
2179 678 2369 747 quibus
2395 686 2540 732 esset
2567 677 2788 732 daturus
2817 689 2874 733 ut
2897 679 3198 746 crederent,
3228 690 3318 734 aut
3343 695 3474 751 quos
3499 686 3596 735 da-

2016 777 2164 820 turus
2192 776 2336 821 esset
2364 767 2500 822 Filio
2525 781 2644 834 suo,
2676 778 2732 822 ut
2759 784 2824 823 ex
2864 770 2944 823 eis
2982 785 3085 824 non
3121 769 3368 840 perderet
3405 786 3594 840 quem-

2012 876 2169 928 quam
2201 858 2376 930 (Joan.
2407 876 2562 928 xvut,
2586 861 2641 932 9)
2661 862 2685 911 ‘l
2713 861 2840 927 Quae
2868 863 3050 932 utique
3076 863 3120 917 si
3157 863 3440 933 praescivit,
3468 878 3596 932 pro-

2012 949 2151 1004 lecto
2193 950 2446 1005 beneficia
2488 965 2618 1018 sua,
2666 953 2854 1022 quibus
2898 967 2996 1006 nos
3038 953 3283 1022 dignatur
3325 953 3588 1019 liberare,

2013 1044 2299 1111 praescivit.
2349 1044 2472 1098 ΙΙωο
2513 1054 2597 1099 est
2638 1044 3032 1114 przedestinatio
3077 1054 3404 1113 sanctorum,
3459 1046 3588 1100 nihil

2011 1133 2154 1186 aliud
2185 1153 2198 1187 :
2233 1136 2564 1204 praescientia
2610 1136 2850 1190 scilicet‘
2877 1179 2892 1202 ,
2923 1145 2976 1190 et
3020 1139 3338 1208 prmparatio
3383 1138 3586 1192 benefi-

2012 1225 2215 1280 ciorum
2245 1227 2358 1294 Dei,
2389 1229 2581 1298 quibus
2604 1229 2901 1283 certiSsime
2927 1228 3239 1296 liberantur,
3273 1232 3593 1300 quicumque

2012 1318 2322 1373 liberantur.
2351 1320 2544 1376 Czeteri
2569 1332 2746 1376 autem
2769 1322 2857 1376 ubi
2878 1322 2978 1376 uisi
3002 1324 3054 1376 in
3077 1337 3250 1378 massa
3277 1323 3596 1392 perditionis

2007 1408 2152 1477 justo
2194 1409 2372 1464 divino
2404 1410 2604 1480 judicio
2645 1411 3059 1482 relinquuntur?
3101 1411 3202 1468 Ubi
3232 1413 3376 1483 Tyrii
3424 1414 3595 1468 relicti

2012 1509 2135 1552 sunt
2166 1510 2220 1554 et
2245 1501 2470 1567 Sidonii,
2498 1503 2586 1572 qui
2615 1503 2772 1558 etiam
2800 1503 3020 1558 credere
3047 1513 3354 1573 potuerunt,
3383 1504 3430 1558 si
3457 1504 3593 1557 mira

2012 1590 2101 1644 illa
2121 1589 2317 1647 Christi
2339 1595 2486 1663 signa
2508 1594 2777 1650 vidissent.
2801 1595 2907 1650 Sed
2934 1597 3182 1665 quoniam
3209 1607 3262 1650 ut
3283 1595 3592 1660 crederent,

2014 1699 2118 1738 non
2146 1695 2264 1739 erat
2289 1687 2366 1740 eis
2389 1686 2569 1741 datum
2589 1729 2606 1754 ,
2653 1688 2813 1742 etiam
2843 1688 2980 1743 unde
3009 1689 3291 1744 crederent
3317 1698 3402 1744 est
3433 1704 3598 1758 nega-

2014 1783 2146 1829 tum.
2183 1777 2255 1830 Ex
2285 1792 2391 1847 quo
2417 1788 2635 1847 apparet
2661 1777 2861 1834 habere
2882 1780 3142 1849 quosdam
3171 1781 3220 1835 in
3249 1780 3364 1851 ipso
3386 1781 3598 1851 ingenio

2011 1867 2250 1922 divinum
2276 1871 2584 1924 naturaliter
2605 1886 2796 1925 munus
2817 1870 3204 1942 intelligentiae,
3229 1888 3335 1942 quo
3355 1887 3600 1928 movean-

2015 1969 2097 2012 tur
2123 1959 2188 2013 ad
2217 1959 2374 2014 fidem
2400 2001 2415 2025 ,
2447 1961 2492 2014 si
2520 1976 2748 2032 congrua
2791 1963 2904 2016 suis
2931 1963 3196 2018 mentibus
3215 2004 3230 2028 ,
3265 1963 3348 2017 vel
3378 1961 3598 2017 audiant

2014 2051 2195 2117 verba,
2223 2053 2305 2106 vel
2336 2053 2482 2122 signa
2516 2055 2846 2123 conspiciant
2879 2073 2891 2107 :
2926 2065 2978 2110 et
3005 2063 3183 2110 tamen
3211 2056 3256 2110 si
3288 2056 3380 2110 Dei
3405 2055 3598 2110 altiore

2009 2139 2230 2207 judicio,
2261 2156 2290 2194 a
2319 2142 2631 2210 perditionis
2665 2157 2839 2196 massa
2865 2158 2969 2198 non
2999 2153 3122 2197 sunt
3146 2144 3328 2213 gratia:
3357 2143 3601 2213 praedes—

2017 2230 2273 2284 tinatione
2308 2230 2560 2297 discreti,
2603 2246 2702 2286 nec
2727 2233 2841 2302 ipsa
2872 2233 2950 2287 eis
2987 2233 3305 2288 adhibentur
3334 2232 3418 2287 vel
3456 2233 3598 2286 dicta

2015 2319 2188 2373 divina
2217 2323 2299 2375 vel
2326 2320 2486 2385 facta,
2520 2339 2614 2390 per
2637 2339 2754 2392 quae
2780 2326 3262 2393 posseutcredere,
3288 2325 3333 2379 si
3359 2325 3605 2380 audirent

2016 2403 2197 2472 utique
2227 2405 2348 2458 talia
2379 2407 2460 2460 vel
2489 2405 2749 2461 viderent.
2785 2408 2838 2460 lu
2869 2408 3053 2462 eadem
3085 2407 3396 2477 perditionis
3423 2422 3600 2463 massa

2013 2493 2180 2548 relicti
2211 2506 2333 2550 sunt
2363 2497 2522 2550 etiam
2562 2497 2760 2564 Judtei,
2799 2498 2888 2568 qui
2921 2513 3025 2553 non
3067 2507 3352 2569 potuerunt
3379 2498 3602 2554 credere

2013 2586 2169 2641 factis
2199 2588 2249 2641 in
2281 2597 2575 2658 conspectu
2604 2605 2702 2645 suo
2731 2599 2835 2652 tam
2865 2575 3072 2660 magilis
3099 2591 3364 2662 clarisque
3388 2591 3600 2647 virtuti-

2015 2680 2134 2735 bus.
2160 2681 2268 2735 Cur
2288 2682 2428 2736 enim
2452 2699 2555 2736 non
2581 2667 2823 2752 poterant
2843 2683 3088 2749 credere,
3113 2700 3218 2740 non
3245 2685 3405 2739 tacuit
3427 2684 3600 2739 Evan-

2013 2771 2206 2840 gelitnn
2225 2814 2239 2836 ,
2269 2773 2453 2828 dicens
2483 2792 2494 2826 :
2524 2772 2649 2828 Cum
2670 2779 2840 2828 autem
2867 2784 3007 2830 tanta
3031 2777 3177 2847 signa
3203 2776 3397 2845 fecisset
3425 2792 3596 2829 coram

2011 2862 2101 2927 eis,
2134 2877 2233 2916 non
2257 2863 2573 2918 crediderunt
2604 2865 2656 2918 in
2685 2881 2794 2918 eum
2818 2881 2839 2930 ;
2876 2874 2929 2919 ut
2971 2882 3133 2921 sermo
3159 2864 3314 2920 Isaia:
3339 2866 3599 2936 propheta:

2011 2952 2336 3022 impleretur,
2377 2971 2522 3024 quem
2547 2955 2716 3010 dixit:
2737 2954 2955 3010 Domine
2973 2998 2988 3023 ,
3025 2956 3138 3027 guis
3161 2955 3371 3010 credidit
3399 2956 3599 3010 auditui

2012 3053 2182 3099 nostro
2205 3045 2230 3099 ει
2259 3055 2303 3099 ct
2328 3045 2586 3100 brachium
2614 3047 2821 3102 Domini
2850 3049 2931 3103 cui
2954 3047 3225 3103 revelatum
3251 3049 3368 3103 est?
3396 3048 3459 3102 Et
3481 3049 3595 3102 ideo

2013 3151 2113 3188 non
2145 3145 2373 3204 poterant
2401 3137 2624 3202 credere,
2652 3138 2769 3207 quia
2798 3138 2979 3192 iterant
3008 3138 3136 3192 dixit
3165 3137 3334 3193 Isaias
3363 3157 3376 3193 :
3405 3137 3594 3193 Excae-

2011 3229 2139 3278 cavit
2164 3227 2335 3280 oculos
2360 3243 2552 3293 eorum,
2580 3237 2625 3280 et
2653 3227 2908 3281 induravit
2933 3244 3020 3282 cor
3047 3227 3250 3282 illorum
3273 3244 3293 3292 ,°
3319 3238 3370 3281 ut
3396 3245 3496 3282 non
3521 3229 3599 3280 ui-

2011 3316 2159 3370 deant
2189 3316 2376 3383 oculis,
2417 3333 2506 3372 nec
2531 3316 2811 3388 intelligant
2837 3317 2988 3372 corde
3007 3357 3021 3383 ,
3056 3327 3104 3372 et
3131 3327 3486 3394 convertantur
3503 3360 3520 3385 ,
3548 3328 3597 3371 et

2010 3423 2182 3461 sanam
2223 3405 2339 3462 illos
2379 3406 2556 3478 (Joan.
2602 3424 2673 3462 xu
2697 3449 2713 3476 ,
2757 3406 2973 3478 37.40).
3017 3407 3134 3463 Non
3174 3418 3328 3464 erant
3366 3425 3492 3479 ergo
3519 3409 3597 3464 sic

2010 3499 2259 3552 excaecati
2299 3497 2472 3564 oeuli,
2516 3513 2615 3554 nec
2642 3499 2720 3554 sic
2750 3499 3053 3553 induratum
3094 3513 3189 3554 cor
3226 3499 3511 3572 Tyriorum
3541 3509 3599 3555 et

2010 3589 2349 3645 Sidoniorum
2381 3607 2394 3642 :
2425 3591 2674 3660 quoniam
2721 3590 3110 3658 credidissent,
3142 3593 3185 3646 si
3218 3592 3394 3661 qualia
3439 3591 3596 3647 video

2010 3690 2134 3736 runt
2173 3681 2257 3735 isti
2287 3681 2436 3752 signa
2465 3682 2740 3737 vidissent.
2783 3682 2889 3738 Sed
2920 3697 3020 3738 nec
3064 3683 3168 3739 illis
3212 3682 3411 3754 profuit
3446 3683 3591 3753 quod

2009 3781 2254 3842 poterant
2281 3773 2504 3828 credere
2523 3815 2539 3840 ,
2568 3775 2691 3844 quia
2716 3775 3076 3844 prazdestinati
3102 3790 3209 3831 non
3235 3784 3390 3831 erant
3412 3776 3479 3830 ab
3505 3789 3593 3842 eo,

2009 3863 2160 3934 cujus
2186 3863 2542 3918 inscrutahilia
2567 3873 2690 3918 sunt
2709 3865 2929 3934 judicia,
2959 3875 3013 3920 ct
3039 3867 3430 3935 investigahiles
3455 3867 3589 3928 viae;

2012 3970 2110 4010 nec
2138 3954 2253 4011 istis
2281 3955 2539 4010 obfuisset
2575 3956 2718 4026 quod
2750 3971 2857 4010 non
2889 3966 3135 4026 poterant
3161 3959 3401 4021 credere,
3436 3959 3479 4012 si
3522 3960 3593 4013 ita

2010 4044 2369 4114 prtedestinati
2399 4054 2608 4111 essent,
2641 4054 2697 4098 ut
2721 4060 2818 4100 eos
2854 4060 3026 4100 caecos
3062 4047 3202 4101 Deus
3239 4047 3592 4110 illuminaret,

2008 4146 2062 4192 et
2087 4136 2343 4191 induratis
2371 4151 2464 4190 cor
2487 4136 2753 4206 lapideum
2773 4138 2941 4192 vellet
2963 4136 3196 4193 auferre.
3226 4137 3427 4194 Verum
3452 4139 3592 4209 quod

2009 4229 2142 4285 dixit
2167 4229 2418 4284 Dominus
2441 4229 2510 4284 de
2533 4229 2709 4302 Tyriis
2735 4239 2788 4284 et
2812 4230 3066 4299 Sidoniis,
3093 4232 3273 4303 aliquo
3298 4233 3404 4288 alio
3428 4233 3588 4288 modo

2009 4329 2186 4390 potest
2221 4319 2465 4376 fortassis
2506 4321 2726 4391 intelligi
2759 4340 2775 4377 :
2807 4324 3078 4380 neminem
3110 4334 3286 4380 tamen
3314 4326 3495 4380 venire
3524 4327 3591 4380 ad

2014 4410 2307 4477 Christum,
2335 4411 2436 4466 nisi
2459 4411 2543 4466 cui
2569 4411 2727 4467 fuerit
2749 4413 2954 4481 datum,
2981 4425 3035 4469 et
3063 4415 3144 4469 eis
3166 4413 3280 4469 dari
3307 4416 3392 4485 qui
3422 4415 3473 4468 in
3501 4416 3594 4470 illo

2009 4500 2164 4556 electi
2194 4509 2319 4556 sunt
2354 4512 2475 4556 ante
2503 4503 2933 4558 constitutionem
2965 4502 3184 4571 mundi,
3218 4505 3401 4574 procul
3429 4505 3589 4563 dubio

2008 4589 2307 4658 confitetur,
2339 4607 2369 4646 a
2399 4606 2506 4661 quo
2533 4607 2637 4646 non
2668 4592 2843 4646 surdis
2870 4594 3088 4649 auribus
3115 4595 3295 4650 cordis
3319 4596 3588 4665 eloquium

2007 4679 2245 4736 divinum
2275 4681 2493 4738 auribus
2527 4682 2702 4737 carnis
2729 4683 2961 4740 auditur.
2996 4685 3065 4740 Et
3106 4696 3280 4742 tamen
3314 4687 3428 4742 hmc
3456 4703 3593 4756 prce-

2008 4770 2290 4826 dcstinatio
2309 4812 2325 4838 ,
2362 4787 2480 4841 qua:
2507 4772 2637 4827 satis
2662 4781 2848 4842 aperte
2873 4774 3033 4830 etiam
3061 4776 3238 4831 verbis
3267 4778 3592 4848 evangelicis

2009 4861 2305 4931 explicatur
2325 4903 2339 4926 ,
2371 4877 2478 4916 non
2509 4863 2781 4932 prohibuit
2811 4865 3097 4921 Dominum
3125 4876 3182 4922 et
3209 4877 3427 4938 propter
3456 4869 3592 4923 inci-

2009 4952 2258 5021 piendum
2285 4951 2483 5017 dicere,
2512 4953 2652 5024 quod
2680 4955 2835 5024 paulo
2860 4965 2984 5010 ante
3008 4958 3443 5022 commemoravi,
3475 4959 3595 5013 Cre-

2008 5041 2112 5096 dite
2135 5042 2188 5095 in
2213 5039 2398 5108 Deum,
2425 5052 2473 5096 et
2498 5043 2550 5096 in
2577 5059 2655 5096 me
2677 5044 2866 5098 credite
2887 5059 2906 5098 :
2929 5055 2981 5100 et
3006 5057 3224 5115 pr0pter
3248 5062 3594 5117 perseveran-

2010 5134 2156 5199 dum,
2185 5133 2394 5204 Oportet
2419 5152 2614 5207 semper
2638 5153 2803 5201 orare,
2828 5146 2872 5191 et
2895 5153 2996 5192 non
3018 5137 3231 5207 deﬁcere
3252 5139 3401 5210 (Luc.
3433 5157 3588 5206 xvtu,

2010 5226 2034 5281 1
2066 5227 2104 5296 ).
2147 5224 2380 5280 Audiunt
2403 5227 2545 5281 enim
2583 5226 2699 5282 lucc
2724 5237 2778 5282 et
2805 5225 3023 5297 faciunt,
3052 5231 3243 5301 quibus
3265 5232 3443 5288 datum
3469 5241 3587 5288 est:

2011 5331 2114 5370 non
2154 5326 2330 5370 autem
2373 5315 2591 5387 faciunt,
2631 5316 2743 5372 sive
2781 5319 3019 5386 audiant,
3063 5321 3175 5377 sive
3209 5338 3313 5378 non
3350 5322 3587 5386 audiant,

2007 5408 2200 5477 quibus
2227 5422 2333 5462 non
2362 5407 2542 5462 datum
2571 5415 2672 5463 est.
2720 5409 2852 5474 Quia
2881 5411 3048 5479 vobis,
3079 5411 3283 5483 inquit,
3311 5413 3486 5467 datum
3513 5424 3590 5467 est

2006 5515 2150 5555 nosse
2191 5515 2485 5569 mysterium
2526 5516 2666 5570 regni
2705 5502 2984 5570 ctelorum;
3023 5502 3128 5560 illis
3167 5514 3334 5558 autent
3374 5519 3475 5558 non
3515 5514 3589 5560 est

2005 5591 2181 5645 datum
2221 5589 2432 5662 (Matth.
2461 5606 2553 5644 xm
2575 5633 2589 5656 ,
2619 5590 2729 5664 ll).
2759 5593 2994 5659 Quorum
3021 5594 3246 5650 alterum
3274 5593 3340 5649 ad
3371 5593 3586 5651 miseri-

2066 5682 2088 5750 }
2127 5687 2192 5750 tta
2222 5688 2336 5750 uss.
2363 5685 2418 5728 Al.
2439 5680 2556 5730 editi
2582 5695 2595 5750 ς
2623 5691 2738 5750 Hcce
2779 5680 3139 5750 prcedestinatio
3158 5690 3428 5736 sanctorum
3467 5683 3591 5738 nihil

2011 5740 2145 5794 aliud
2163 5748 2231 5794 est
2252 5754 2396 5807 quant
2417 5742 2722 5807 prst'scieutia
2745 5740 2943 5806 scilicet,
2969 5751 3064 5794 etc.
