4008 6178
384 201 520 257 10ιό

381 315 637 379 conﬂant,
660 314 881 370 alterum
906 310 969 366 ad
989 309 1243 382 judicium
1266 310 1496 379 pertinet
1519 308 1659 363 illius
1679 351 1694 373 ,
1722 305 1805 362 cui
1829 304 1958 359 dicit

381 407 554 460 anima
584 414 783 471 nostra,
818 403 1226 459 .llisericordiam
1257 411 1303 456 ct
1323 400 1579 473 judicium
1609 399 1819 454 cantabo
1849 398 1958 463 tibi,

382 497 598 552 Domine
620 495 789 569 (I’saI.
821 512 872 563 c,
905 496 980 567 ί).

450 588 538 643 36.
578 587 688 643 Nec
714 587 1192 658 praedestinationis
1216 587 1371 657 igitur
1395 583 1774 658 praedicatione
1797 583 1957 653 impe-

378 676 568 732 dienda
594 687 677 732 est
701 677 1007 746 pnndicatio
1037 675 1155 731 ﬁdei
1182 675 1567 745 perseverantis
1594 683 1647 729 et
1674 673 1945 743 proﬁcien-

381 771 477 834 tis,
519 779 576 823 ut
610 769 752 837 quod
794 778 1003 840 oportet
1034 769 1280 832 audiant,
1319 767 1509 837 quibus
1546 765 1728 820 datum
1773 774 1856 821 est
1899 776 1957 819 ut

379 858 634 914 obediant
663 861 680 892 ³
715 860 1023 930 :quomodo
1060 859 1201 913 enim
1229 858 1445 913 audient
1479 859 1594 913 sine
1630 858 1952 928 pnndicante

379 949 555 1022 (Rom.
583 967 645 1018 κ,
679 952 808 1023 M)?
843 951 952 1006 Nec
982 967 1193 1018 rursus,
1225 951 1608 1020 prmdicatione
1636 950 1758 1006 ﬁdei
1787 951 1954 1021 proﬁ-

375 1040 565 1096 cientis
588 1050 640 1098 et
663 1057 826 1111 usque
845 1041 909 1095 ad
934 1042 1177 1095 ultimum
1201 1042 1578 1111 permanentis,
1606 1042 1937 1112 impedienda

376 1149 461 1192 est
498 1137 801 1208 prmdicalio
842 1136 1353 1207 przedestinationis,
1397 1147 1453 1191 ιιι
1493 1137 1580 1207 qui
1626 1136 1855 1192 ﬁdeliter
1897 1146 1953 1192 et

375 1229 685 1284 obedienter
709 1229 867 1293 vivit,
900 1242 1003 1283 non
1033 1226 1101 1283 de
1135 1226 1246 1298 ipsa
1276 1226 1579 1283 obedientia
1605 1236 1853 1297 tanquam
1883 1226 1950 1281 de

375 1336 473 1375 suo
503 1336 607 1376 non
634 1329 853 1389 accepto
885 1319 1025 1374 bono
1054 1320 1342 1375 extollatur
1368 1338 1382 1372 :
1412 1320 1504 1375 sed
1532 1320 1620 1390 qui
1651 1320 1906 1390 gloriatur
1934 1362 1949 1387 ,

376 1413 427 1465 in
458 1413 681 1467 Domino
707 1411 966 1482 glorietur
994 1410 1035 1483 (l
1064 1409 1181 1467 Cor.
1214 1428 1252 1476 ι,
1279 1412 1392 1484 5i).
1428 1432 1447 1466 ι
1483 1412 1539 1466 lu
1570 1413 1715 1467 nullo
1750 1431 1768 1463 ι
1803 1413 1945 1467 enim

379 1525 398 1556 ι
424 1504 778 1575 gloriandum,
809 1504 1021 1574 quando
1050 1512 1287 1560 nostrum
1318 1503 1445 1559 nihil
1471 1504 1558 1558 sit.
1591 1523 1611 1556 ι
1636 1503 1785 1570 Quod
1815 1505 1947 1559 vidit

374 1595 677 1652 ﬁdelissime
694 1597 716 1629 ⁸
739 1595 1035 1668 Cyprianus
1054 1640 1068 1663 ,
1099 1606 1152 1652 et
1179 1596 1523 1651 ﬁdentissime
1545 1594 1783 1651 deﬁnivit
1806 1594 1941 1667 (Lib.

371 1687 404 1742 5
429 1686 497 1740 ad
523 1686 748 1754 Quirin.,
780 1705 895 1757 cap.
917 1688 993 1759 4),
1028 1703 1123 1759 per
1148 1688 1288 1759 quod
1316 1688 1497 1758 utique
1523 1687 1947 1756 prmdestinatio-

371 1795 490 1834 nem
516 1778 870 1834 certissimam
899 1779 1272 1847 pronuntiavit.
1302 1778 1432 1833 Nam
1458 1778 1505 1832 si
1529 1797 1549 1830 ι
1582 1779 1633 1832 in
1660 1777 1805 1831 nullo
1827 1777 1945 1847 glo-

274 1908 277 1913 μ
371 1871 613 1925 viandum
634 1878 734 1936 est,
758 1871 970 1941 quando
994 1878 1232 1925 nostrum
1255 1871 1386 1924 nihil
1406 1870 1505 1924 sit:
1537 1889 1556 1922 ι
1584 1867 1822 1939 profecto
1847 1884 1946 1924 nec

368 1960 435 2015 de
459 1960 757 2016 ohedientia
786 1961 1308 2031 perseverantissima
1333 1959 1667 2030 gloriandum
1700 1969 1815 2025 est;
1846 1974 1944 2013 nec

371 2053 438 2105 ita
470 2060 650 2107 nostra
675 2095 688 2121 ,
723 2061 970 2123 tanquam
1001 2067 1108 2109 non
1137 2053 1207 2108 sit
1235 2052 1389 2107 nobis
1431 2051 1663 2122 desuper
1702 2052 1895 2106 donata
1923 2094 1939 2118 ,

374 2143 594 2199 dicenda
625 2153 724 2199 est.
768 2143 840 2199 Et
865 2144 975 2214 ipsa
1008 2143 1165 2215 igitur
1203 2143 1296 2199 Dei
1329 2143 1529 2198 donum
1555 2152 1671 2205 est,
1705 2143 1845 2211 quod
1887 2156 1945 2196 se

368 2234 610 2290 daturum
643 2235 782 2292 Deus
809 2236 1007 2290 vocatis
1056 2236 1166 2290 suis
1211 2234 1295 2289 illa
1324 2236 1620 2299 vocatione,
1649 2234 1715 2288 de
1743 2249 1842 2303 qna
1873 2234 1947 2289 di-

370 2338 514 2381 ctum
537 2327 771 2394 est,Sine
788 2329 1073 2398 poenitentia
1092 2337 1209 2382 sunt
1230 2328 1364 2381 dona
1383 2338 1430 2381 et
1449 2329 1639 2382 vacatio
1656 2325 1941 2395 Dei(Rom.

368 2436 456 2485 xl,
497 2420 626 2491 29),
653 2422 798 2474 omni
840 2420 1130 2475 christiano
1169 2419 1456 2474 conﬁtente
1495 2418 1780 2489 prmscivit.
1818 2419 1943 2474 Hu‘c

368 2523 449 2568 est
476 2514 634 2585 igitur
658 2512 1076 2583 prmdcstinatio,
1104 2528 1261 2583 quam
1291 2511 1517 2567 ﬁdeliter
1544 2521 1701 2581 alque
1730 2511 1944 2565 humili-

366 2619 453 2661 ter
484 2607 852 2677 praedicamus.
891 2605 1002 2662 Nec
1042 2605 1217 2661 tamen
1258 2605 1397 2660 idem
1436 2603 1627 2659 doctor
1653 2611 1708 2658 et
1733 2601 1942 2668 factor,

366 2698 454 2769 qni
495 2706 549 2754 et
586 2699 639 2752 in
674 2698 942 2753 Christum
984 2696 1227 2760 credidit,
1267 2704 1322 2751 et
1350 2696 1401 2749 in
1430 2703 1610 2750 sancta
1640 2694 1941 2750 obedientia

371 2804 538 2859 usque
577 2788 648 2843 ad
684 2789 984 2858 passionem
1031 2803 1127 2858 pro
1165 2782 1377 2842 Christo
1418 2785 1943 2856 perseverantissime

372 2881 521 2943 vixit,
555 2879 674 2934 ideo
702 2879 928 2935 cessavit
955 2877 1244 2948 praedicare
1274 2875 1637 2946 Evangelium,
1668 2872 1940 2930 exhortari

363 2970 428 3024 ad
471 2970 629 3026 ﬁdem
668 2970 888 3040 piosque
926 2983 1124 3034 mores,
1170 2976 1327 3038 atque
1366 2966 1432 3020 ad
1471 2966 1638 3036 ipsam
1676 2980 1847 3035 usque
1887 2964 1938 3018 in

369 3062 526 3116 ﬁnem
554 3061 1025 3133 perseverantiam,
1058 3057 1483 3130 quoniamdixit,
1519 3075 1539 3109 ι
1572 3057 1628 3111 in
1656 3057 1803 3110 nulfo
1827 3055 1939 3126 glo-

366 3152 628 3215 riandum,
661 3152 873 3221 quando
901 3160 1139 3205 nostrum
1170 3149 1298 3203 nihil
1325 3149 1431 3214 sit;
1469 3167 1486 3199 ι
1517 3146 1606 3202 ubi
1631 3161 1810 3202 veram
1844 3147 1938 3201 Dei

361 3241 610 3309 gratiam,
660 3240 713 3295 id
750 3249 849 3304 est,
893 3256 1011 3310 qua:
1052 3255 1156 3294 non
1193 3238 1482 3294 secundum
1524 3237 1710 3292 merita
1755 3244 1935 3290 nostra

368 3332 542 3396 datur,
575 3332 688 3386 sine
716 3330 823 3385 ulla
852 3331 1194 3401 ambiguitate
1219 3329 1506 3384 declaravit
1535 3348 1547 3382 :
1578 3343 1733 3398 quam
1760 3343 1820 3383 se
1844 3327 1939 3383 da-

367 3433 542 3475 turum
576 3421 826 3490 quoniam
857 3420 1121 3489 prazseivit
1151 3420 1289 3475 Deus
1313 3462 1327 3486 ,
1360 3419 1442 3474 his
1470 3418 1717 3490 Cypriani
1759 3418 1936 3474 verbis

364 3514 550 3580 procul
596 3513 758 3567 dubio
805 3511 1199 3582 praedestinalio
1242 3512 1523 3581 prmdieata
1571 3521 1652 3566 est
1683 3529 1696 3565 :
1726 3527 1844 3581 qua:
1892 3511 1937 3565 si

360 3604 684 3676 Cyprianum
711 3620 741 3658 a
767 3604 1143 3674 prmdicalione
1168 3604 1485 3658 obedientia:
1511 3618 1614 3657 non
1642 3601 1934 3672 prohibuit,

360 3708 461 3749 nec
489 3709 591 3749 nos
616 3695 798 3763 utique
827 3693 986 3749 debet
1019 3693 1317 3762 prohibere.

431 3785 519 3838 57.
559 3784 811 3851 Quamvis
850 3799 978 3855 ergo
1017 3784 1254 3839 dicamus
1289 3783 1384 3840 Dei
1421 3784 1617 3839 donum
1660 3798 1778 3839 esse
1805 3783 1935 3840 obe-

360 3874 610 3929 dientiam
637 3891 651 3941 ;
684 3884 859 3929 tamen
891 3874 1132 3929 homines
1154 3875 1175 3907 ³
1197 3874 1541 3929 exhortamur
1568 3873 1634 3928 ad
1662 3889 1801 3929 eam.
1831 3873 1938 3929 Sed

361 3965 466 4019 illis
492 3965 581 4035 qui
610 3965 848 4021 veritatis
876 3964 1298 4021 exhortationem
1335 3964 1649 4020 obedienter
1684 3963 1934 4030 audiunt,

360 4055 530 4123 ipsum
558 4055 754 4110 donum
784 4056 874 4110 Dei
901 4055 1083 4110 datum
1114 4064 1216 4119 est,
1252 4054 1355 4110 hoc
1380 4063 1480 4121 est,
1512 4054 1821 4109 obedienter
1844 4070 1937 4107 au-

359 4147 474 4203 dire
503 4165 518 4201 :
546 4147 650 4202 illis
678 4156 853 4202 autem
881 4148 970 4217 qui
999 4163 1101 4200 non
1128 4147 1205 4201 sie
1227 4147 1465 4212 audiunt,
1493 4161 1598 4199 non
1626 4153 1707 4199 est
1733 4144 1932 4198 datum.

362 4236 474 4290 Non
504 4239 645 4291 enim
676 4238 1023 4307 quicumque,
1058 4236 1151 4291 sed
1181 4236 1421 4290 Christus
1441 4278 1455 4299 ,
1489 4234 1655 4289 Nemo
1679 4277 1693 4300 ,
1726 4235 1894 4304 inquit
1919 4277 1932 4299 ,

359 4331 490 4382 venit
512 4329 581 4383 ad
604 4345 700 4393 me,
727 4329 826 4383 nisi
852 4328 1003 4399 fuerit
1026 4328 1071 4382 ei
1094 4328 1263 4381 datum
1290 4343 1322 4379 η
1350 4326 1504 4380 Patre
1525 4343 1635 4381 meo
1657 4325 1831 4399 (Joan.
1856 4343 1932 4392 vt,

359 4420 452 4489 66)
476 4438 490 4474 :
515 4430 587 4484 et,
642 4419 789 4474 Vobis
817 4420 991 4472 datum
1020 4427 1090 4473 est
1119 4434 1264 4472 nosse
1296 4416 1585 4487 mysterium
1614 4416 1755 4483 regni
1781 4417 1935 4471 caelo-

357 4526 492 4573 rum,
520 4510 624 4563 illis
643 4519 809 4563 autem
830 4526 929 4563 non
955 4517 1026 4563 est
1051 4508 1223 4561 datum
1245 4506 1456 4575 (Matth.
1486 4523 1600 4572 xm,
1632 4505 1690 4562 Η
1701 4507 1742 4577 ).
1775 4507 1841 4562 Ει
1867 4506 1934 4562 de

356 4600 680 4654 continentia
709 4617 723 4653 :
755 4598 874 4653 Non
903 4615 1103 4664 omnes,
1131 4599 1321 4667 inquit,
1348 4598 1551 4669 capiunt
1576 4600 1778 4652 verbum
1804 4598 1931 4662 hoc,

356 4689 451 4744 sed
474 4689 652 4758 quibus
680 4688 853 4742 datum
880 4698 951 4742 est
979 4688 1087 4758 (Id.
1121 4703 1228 4751 xix,
1263 4686 1371 4759 ll).
1405 4689 1470 4742 Et
1495 4703 1616 4743 cum
1647 4687 1933 4758 Apostolus

360 4780 427 4834 ad
453 4778 758 4849 pudicitiam
792 4779 1124 4849 conjugalem
1153 4777 1404 4849 conjuges
1431 4779 1732 4833 hortaretur
1763 4797 1776 4832 :
1817 4777 1929 4831 Vet-

357 4873 489 4935 lem,
522 4870 723 4940 inquit,
756 4886 925 4924 omnes
961 4866 1185 4924 homines
1209 4885 1315 4923 esse
1352 4869 1480 4923 sicut
1509 4886 1586 4922 me
1614 4870 1778 4939 ipsum
1802 4885 1821 4933 ;
1845 4869 1936 4924 sed

358 4964 692 5033 nmrsquisque
720 4963 981 5032 proprium
1011 4961 1199 5015 donum
1237 4961 1383 5016 habet
1422 4977 1453 5013 a
1486 4960 1589 5014 Deo
1615 5004 1629 5027 ,
1661 4962 1793 5015 alius
1825 4961 1930 5027 sic,

355 5056 488 5109 alius
521 5062 685 5108 autem
713 5054 784 5109 sic
808 5052 849 5127 (Ι
874 5052 992 5109 Cor.
1021 5066 1094 5107 vu
1115 5053 1213 5123 ,7).
1243 5050 1345 5108 Ubi
1373 5053 1500 5107 satis
1527 5051 1795 5114 ostendit,
1828 5067 1930 5105 non

358 5154 558 5200 tantum
586 5145 966 5201 continentiam
994 5144 1189 5198 donum
1216 5143 1311 5199 Dei
1338 5157 1477 5209 esse,
1508 5142 1600 5197 sed
1627 5142 1932 5212 conjugato-

360 5252 475 5291 rum
502 5235 662 5292 etiam
688 5235 1005 5290 castitatem.
1035 5233 1164 5303 Qua:
1189 5246 1307 5287 cum
1336 5248 1458 5287 vera
1490 5232 1595 5286 sint
1613 5272 1628 5299 ,
1659 5230 1933 5286 hortamur

418 5429 433 5459 ¹
472 5427 671 5486 Editi,et
692 5424 861 5491 qmbns
883 5424 1050 5476 datum
1071 5429 1140 5474 est
1159 5429 1210 5473 ut
1237 5418 1472 5473 obedimtt.
1498 5419 1841 5484 Expunximus,
1864 5425 1926 5479 et,

354 5491 639 5540 auctoritate
669 5495 775 5539 Mss.

417 5552 436 5579 ¹
470 5550 775 5601 Coruiensis
793 5556 898 5605 Ms,
923 5543 1248 5608 ﬁdelissimus.

419 5611 438 5643 ⁸
472 5609 749 5661 Noalttensis
771 5618 848 5660 us.
868 5644 882 5669 ,
899 5621 1075 5660 Otttm's.

1602 178 1682 251 “s.
1717 189 2077 249 AUGUSTINI
2122 191 2417 248 EPISCOPI

3508 207 3638 268 lOlG

2078 313 2249 361 tamen
2277 307 2340 359 ad
2372 309 2482 361 lucc
2508 352 2520 373 ,
2559 319 2811 380 quantum
2853 313 3043 384 cuique
3084 325 3319 371 nostrum
3356 319 3537 375 datum
3565 336 3645 380 est

2071 408 2129 453 ut
2156 401 2322 469 possit
2350 401 2547 458 hortari
2573 421 2587 469 ;
2619 405 2739 475 quia
2767 415 2819 460 et
2848 407 2947 463 hoe
2970 408 3085 479 ejus
3111 411 3308 467 donum
3335 423 3439 483 est,
3471 418 3525 472 in
3552 434 3643 474 cu-

2063 492 2151 561 jus
2181 509 2338 549 manu
2368 507 2490 550 sunt
2522 506 2577 551 et
2604 511 2702 553 nos
2742 510 2796 554 et
2824 515 3102 558 sermones
3131 505 3297 560 nostri
3330 504 3480 579 (Sap.
3522 502 3595 566 vn
3619 552 3636 578 ,

2069 585 2176 654 16).
2214 585 2367 641 Unde
2403 598 2457 643 et
2485 590 2770 657 Apostolus
2790 633 2805 656 ,
2839 591 3127 648 Secundum
3153 578 3366 667 gratiam
3388 578 3601 671 ,‘inquit
3627 643 3640 665 .

2065 692 2178 744 qum
2197 676 2317 729 data
2339 686 2413 731 est
2436 678 2592 745 mihi,
2625 688 2679 733 ut
2702 682 2901 750 sapiens
2927 685 3225 741 architectus
3251 687 3636 756 fundamentum

2066 767 2228 835 posui.
2258 767 2324 821 Et
2346 767 2451 822 alio
2481 769 2596 823 loco
2618 812 2632 834 ,
2663 769 2976 842 Unicuique,
3010 775 3207 845 inquit,
3235 779 3367 832 sicut
3397 780 3642 836 Dominus

2064 855 2200 908 dedit
2223 872 2348 925 :ego
2373 859 2615 925 plantavi,
2645 862 2827 930 Apollo
2851 864 3028 932 rigavit
3048 882 3069 929 ;
3093 867 3183 920 sed
3210 867 3342 923 Deus
3366 872 3643 928 incremen-

2063 955 2168 997 tum
2192 947 2344 1001 dedit.
2378 946 2559 1021 Itaque
2583 968 2739 1022 neque
2760 955 2846 1021 qui
2868 956 3098 1025 plantat,
3130 958 3324 1028 aliquid
3348 970 3454 1028 est,
3485 981 3644 1034 neque

2061 1037 2149 1103 qui
2170 1038 2339 1108 rigat;
2356 1041 2445 1095 sed
2466 1042 2551 1108 qui
2570 1041 2924 1098 incrementum
2947 1047 3034 1099 dat
3057 1046 3197 1102 Deus
3219 1049 3262 1119 (Ι
3295 1048 3413 1107 Cor.
3443 1068 3515 1117 ut,
3549 1055 3640 1121 10,

2061 1126 2114 1190 5,
2143 1125 2196 1194 6,
2227 1126 2300 1199 7).
2330 1129 2407 1185 Ac
2430 1146 2525 1199 per
2545 1132 2646 1187 hoe
2666 1133 2802 1188 sicut
2825 1137 3140 1192 exhortatur
3164 1151 3217 1194 et
3241 1143 3493 1210 prmdicat
3512 1160 3636 1200 rec-

2063 1227 2113 1272 te
2133 1260 2148 1284 ,
2177 1219 2269 1273 sed
2297 1220 2385 1275 ille
2408 1223 2495 1292 qui
2522 1225 2726 1294 accepit
2750 1225 2850 1282 hoc
2882 1226 3081 1283 donum
3120 1247 3134 1284 :
3171 1230 3241 1285 ita
3268 1232 3637 1290 exhortantem

2059 1318 2204 1364 recte
2219 1319 2377 1381 atque
2396 1314 2767 1381 prardicantem
2788 1317 3029 1386 profecto
3043 1320 3131 1376 ille
3147 1322 3318 1377 obedic
3339 1333 3456 1380 nter
3468 1327 3633 1393 audit,

2058 1402 2148 1469 qui
2172 1404 2376 1472 accepit
2400 1402 2502 1461 hoc
2522 1406 2737 1461 donum.
2769 1409 2904 1465 Hinc
2930 1420 3012 1466 est
3037 1414 3177 1483 quod
3209 1414 3480 1482 Dominus,
3508 1434 3632 1473 cum

2058 1491 2135 1545 eis
2153 1491 2471 1561 loqueretur,
2491 1497 2578 1565 qui
2602 1499 2775 1552 carnis
2796 1513 2949 1554 aures
2971 1510 3179 1570 apertas
3203 1503 3480 1573 haberent,
3499 1508 3637 1564 dicc-
3699 1534 3715 1545 -

2057 1579 2147 1634 bat
2167 1588 2362 1649 tamen,
2396 1583 2497 1652 Qui
2519 1585 2663 1640 habet
2686 1604 2833 1643 aures
2856 1591 3114 1657 audiendi,
3144 1594 3318 1648 audiat
3340 1595 3492 1666 (Luc.
3518 1614 3631 1663 vur,

2055 1671 2115 1742 8)
2145 1690 2159 1725 :
2187 1689 2319 1743 quas
2347 1692 2452 1730 non
2482 1692 2668 1733 omnes
2694 1679 2892 1736 habere
2919 1684 3105 1753 procul
3127 1684 3287 1740 dubio
3318 1698 3558 1743 noverat.
3585 1693 3628 1744 Α

2055 1778 2161 1833 quo
2180 1775 2356 1820 autem
2382 1766 2629 1835 habeant,
2654 1771 2972 1841 quicumque
2998 1774 3211 1843 habent,
3236 1777 3350 1846 ipse
3377 1778 3634 1836 Dominus

2054 1855 2306 1921 ostendit,
2337 1858 2424 1913 ubi
2450 1858 2558 1914 ait:
2586 1858 2729 1914 Dabo
2753 1862 2823 1917 eis
2847 1879 2934 1916 cor
2959 1867 3292 1935 cognoscendi
3315 1885 3393 1922 me
3414 1879 3461 1924 et
3484 1887 3636 1925 aures

2054 1947 2312 2004 audientes
2336 1948 2560 2019 (Barueh
2588 1968 2644 2017 ﬂ,
2675 1952 2784 2025 5i).
2814 1956 2986 2011 Aures
3010 1972 3137 2026 ergo
3160 1958 3429 2025 audiendi,
3458 1962 3633 2031 ipsum

2055 2049 2137 2092 est
2161 2040 2359 2094 donum
2385 2041 2689 2110 obediendi,
2719 2054 2774 2098 ut
2800 2046 2887 2115 qui
2918 2045 2971 2100 id
2996 2046 3270 2114 haberent,
3301 2050 3540 2107 venirent
3564 2053 3636 2107 ad

2051 2143 2197 2195 eum,
2225 2130 2291 2183 ad
2318 2147 2476 2200 quem
2506 2147 2664 2188 nemo
2687 2136 2852 2201 venit,
2884 2136 2983 2190 nisi
3009 2135 3167 2192 fuerit
3189 2138 3239 2193 ei
3264 2140 3445 2196 datum
3471 2158 3500 2196 a
3529 2143 3631 2198 Pa-

2054 2228 2135 2273 tre
2164 2218 2349 2289 ipsius.
2392 2221 2744 2278 Exhortamnr
2771 2241 2899 2296 ergo
2923 2236 3081 2297 atque
3109 2229 3458 2298 praedicamus
3491 2251 3504 2285 :
3536 2235 3635 2289 sed

2052 2309 2142 2380 qui
2171 2309 2366 2366 habent
2393 2327 2549 2367 aures
2578 2315 2861 2380 audiendi,
2895 2316 3208 2373 obedienter
3233 2335 3330 2375 nos
3359 2322 3580 2377 audiunt
3611 2342 3625 2377 :

2050 2404 2140 2472 qui
2166 2418 2299 2459 vero
2322 2419 2415 2460 eas
2440 2420 2545 2461 non
2569 2406 2785 2473 habent,
2817 2409 2871 2461 lit
2898 2409 2947 2462 in
2974 2409 3053 2465 eis
3077 2411 3216 2480 quod
3246 2414 3498 2482 scriptum
3521 2425 3623 2483 est,

2050 2505 2109 2548 ut
2135 2497 2393 2551 audientes
2419 2515 2520 2553 non
2558 2499 2769 2554 audiant
2797 2500 3007 2572 (Matth.
3039 2518 3154 2569 xm,
3187 2504 3317 2574 £5);
3349 2506 3628 2564 audientes

2049 2588 2298 2644 videlicet
2319 2592 2561 2660 corporis
2584 2606 2764 2657 sensu,
2798 2607 2902 2648 non
2931 2594 3149 2649 audiant
3176 2596 3352 2651 cordis
3380 2611 3622 2654 assensu.

2047 2679 2157 2734 Cur
2193 2691 2369 2735 autem
2407 2681 2479 2736 illi
2516 2681 2746 2738 habeant
2784 2698 2941 2739 aures
2970 2684 3239 2749 audiendi,
3283 2687 3357 2741 illi
3387 2703 3493 2743 non
3524 2688 3624 2743 ha-

2049 2768 2207 2825 beant
2224 2813 2240 2837 ,
2270 2769 2371 2828 hoc
2397 2780 2508 2839 est,
2539 2787 2636 2828 cur
2662 2774 2764 2829 illis
2788 2772 2971 2829 datum
2996 2775 3116 2830 sita
3145 2775 3302 2832 Patre
3327 2786 3385 2832 ut
3408 2780 3631 2834 veniant

2046 2861 2113 2916 ad
2153 2861 2363 2924 Filium.
2397 2864 2501 2919 illis
2526 2873 2705 2920 autem
2744 2881 2851 2921 non
2880 2866 2950 2921 sit
2976 2866 3186 2935 datum,
3233 2869 3353 2939 quis
3381 2873 3633 2940 cognovit

2046 2966 2260 3007 sensum
2289 2954 2518 3022 Domini,
2553 2965 2646 3011 aut
2670 2955 2788 3027 quis
2812 2955 2928 3027 ejus
2954 2959 3289 3015 consiliarius
3313 2959 3415 3015 fuit
3445 2960 3621 3033 (Rom.

2046 3059 2120 3111 XI,
2152 3044 2245 3115 54)
2267 3044 2291 3100 2
2317 3054 2409 3101 aut
2438 3054 2492 3101 tu
2519 3047 2637 3117 quis
2660 3062 2739 3116 es,
2771 3062 2804 3103 ο
2833 3049 3015 3112 homo.
3051 3051 3141 3120 qui
3167 3052 3488 3122 respondeas
3513 3054 3624 3109 Deo

2049 3136 2159 3209 (ιιι.
2188 3155 2268 3204 Ix,
2294 3138 2389 3210 20)
2405 3139 2429 3193 ?
2447 3138 2711 3210 Numquid
2735 3141 2856 3197 ideo
2879 3142 3180 3212 negandum
3203 3152 3284 3199 est
3305 3145 3446 3214 quod
3469 3161 3623 3216 aper-

2046 3240 2154 3285 tum
2180 3242 2281 3297 est,
2308 3234 2427 3303 quia
2452 3233 2834 3303 comprehendi
2860 3250 2964 3290 non
2988 3244 3165 3305 potest
3187 3236 3328 3306 quod
3353 3239 3624 3294 occultum

2044 3324 2165 3379 est?
2189 3325 2465 3394 numquid,
2494 3325 2728 3396 inquam,
2752 3335 3033 3396 propterea
3058 3327 3252 3382 dicturi
3274 3344 3457 3383 sumus
3480 3330 3621 3398 quod

2044 3414 2115 3468 ita
2145 3429 2266 3471 esse
2294 3416 2644 3486 perspicimus
2668 3458 2682 3481 ,
2714 3431 2820 3470 non
2860 3416 2931 3471 ita
2959 3431 3078 3473 esse
3101 3460 3118 3485 ,
3148 3419 3395 3488 quoniam
3427 3435 3523 3475 cur
3552 3422 3620 3474 ita

2042 3507 2110 3561 sit
2136 3523 2243 3561 non
2271 3522 2550 3576 possumus
2574 3508 2857 3563 invenire?

2110 3598 2338 3654 CAPUT
2377 3597 2490 3654 XV.
2525 3628 2603 3640 —
2636 3598 2726 3654 58.
2766 3598 2872 3656 Sed
2901 3600 3068 3664 aiunt,
3097 3609 3154 3655 ut
3176 3599 3428 3665 scribitis,
3461 3620 3482 3653 ί
3509 3602 3620 3656 Ne-

2042 3691 2239 3746 minem
2266 3705 2425 3760 posse
2442 3689 2797 3759 correptionis
2820 3690 3049 3745 stimulis
3076 3690 3315 3757 excitari,
3342 3691 3386 3744 si
3415 3690 3625 3747 dicatur

2044 3787 2099 3837 ln
2123 3794 2386 3838 conventu
2413 3781 2665 3837 Ecclesite
2676 3780 3016 3839 audientibus
3044 3782 3222 3835 nmltis
3246 3798 3258 3833 :
3284 3780 3356 3835 lta
3383 3796 3442 3836 se
3464 3782 3624 3838 habet

2041 3873 2111 3928 de
2130 3872 2594 3941 prmdestinatlone
2621 3870 2838 3924 deﬁnita
2872 3871 3136 3924 sententia
3171 3870 3458 3925 voluntatis
3486 3872 3579 3926 Dei
3603 3915 3618 3937 ,

2042 3971 2101 4016 ut
2125 3961 2213 4015 alii
2252 3976 2321 4016 ex
2351 3960 2502 4015 vobis
2525 3959 2593 4014 de
2619 3958 2931 4015 inﬁdelitate
2959 3966 3174 4027 accepta
3196 3958 3480 4015 obediendi
3522 3977 3620 4016 vo-

2041 4054 2244 4107 luntate
2281 4050 2528 4106 veneritis
2551 4048 2615 4103 ad
2641 4048 2797 4104 ﬁdem
2823 4089 2839 4113 ,
2869 4048 2953 4104 vel
2990 4057 3204 4118 accepta
3227 4053 3619 4118 perseverantia

2041 4142 2300 4197 maneatis
2325 4139 2542 4206 inﬁde;
2565 4140 2744 4195 caueri
2767 4154 2897 4195 vero
2933 4140 3025 4210 qui
3069 4138 3121 4193 in
3155 4149 3492 4209 peccatorum
3521 4142 3618 4196 de-

2041 4232 2320 4288 lectatione
2347 4231 2708 4298 remoramini,
2732 4229 2854 4285 ideo
2875 4230 3110 4285 nondum
3139 4231 3465 4297 surrexistis,
3494 4232 3618 4302 quia

2041 4323 2266 4379 necdum
2317 4336 2414 4376 vos
2469 4320 2792 4391 adiutorium
2850 4320 3035 4390 gratia:
3084 4320 3388 4376 miserantis
3428 4322 3613 4377 erexit.

2040 4413 2419 4470 Verumtamen
2444 4412 2489 4467 si
2532 4412 2620 4481 qui
2646 4412 2777 4466 estis
2807 4411 3033 4467 necdum
3055 4413 3248 4478 vocati,
3282 4427 3416 4482 quos
3452 4412 3618 4483 gratia

2040 4519 2133 4559 sua
2188 4502 2644 4573 prmdestinavcrit
2693 4502 3002 4574 eligendos,
3051 4502 3323 4572 accipietis
3373 4503 3618 4558 eamdem

2039 4594 2285 4665 gratiam,
2306 4608 2409 4664 qua
2438 4592 2607 4648 velitis
2630 4602 2683 4647 et
2708 4593 2831 4648 sitis
2857 4592 3012 4649 electi
3043 4610 3056 4646 :
3085 4592 3205 4648 etsi
3233 4592 3324 4661 qui
3351 4592 3578 4648 obeditis
3596 4633 3614 4659 ,

2039 4686 2083 4740 si
2106 4684 2467 4755 praedestinati
2486 4684 2618 4739 estis
2641 4683 2934 4754 rejicieodi,
2961 4682 3338 4738 subtrahentur
3360 4683 3619 4740 obedien-

2038 4776 2090 4831 di
2120 4777 2276 4841 vires,
2311 4786 2373 4831 ut
2391 4775 2612 4832 obedire
2639 4776 2880 4831 cessetis.
2915 4795 2934 4829 ι
2964 4776 3066 4832 Ista
3091 4789 3212 4830 cum
3250 4774 3516 4839 dicuntur,
3546 4775 3617 4830 ita

2040 4876 2138 4917 nos
2156 4876 2185 4915 a
2207 4859 2507 4916 conﬁtenda
2525 4874 2650 4915 vera
2679 4859 2771 4915 Dei
2796 4861 2988 4930 gratia,
3018 4858 3071 4913 id
3094 4867 3197 4925 est,
3230 4873 3349 4927 quae
3386 4873 3491 4913 non
3533 4874 3618 4915 se-

2038 4951 2266 5007 cundum
2289 4951 2475 5006 merita
2497 4957 2679 5005 nostra
2713 4950 2887 5015 datur,
2922 4960 2978 5004 et
3020 4964 3050 5002 a
3077 4946 3376 5003 eonlitenda
3422 4963 3617 5004 secun-

2037 5042 2163 5097 dum
2189 5057 2307 5097 eam
2358 5040 2823 5112 prredestinatione
2871 5048 3173 5094 sanctorum
3204 5036 3478 5094 deterrere
3510 5054 3615 5093 non

2036 5135 2267 5198 debent;
2295 5134 2433 5189 sicut
2460 5150 2563 5189 non
2588 5133 2922 5188 deterremur
2945 5146 2977 5185 a
3006 5128 3304 5186 conﬁtenda
3329 5131 3615 5199 prmscien-

2039 5227 2109 5280 tia
2139 5226 2270 5289 Dei,
2296 5225 2342 5280 si
2367 5225 2488 5295 quis
2511 5224 2579 5280 de
2608 5224 2694 5278 illa
2725 5222 2919 5292 populo
2945 5222 3024 5277 sic
3051 5222 3315 5290 loquatur,
3345 5231 3403 5276 ut
3430 5222 3569 5277 dicat
3599 5238 3614 5276 τ

2043 5336 2062 5368 σ
2088 5318 2211 5373 Sive
2230 5332 2371 5372 nunc
2399 5325 2542 5373 recte
2567 5316 2755 5371 vivatis
2772 5356 2788 5381 ,
2816 5315 2929 5369 sive
2959 5330 3066 5369 non
3097 5323 3239 5370 recte
3260 5357 3276 5381 ,
3307 5315 3440 5371 tales
3467 5315 3614 5369 eritis

2039 5417 2242 5478 postea,
2263 5408 2447 5478 quales
2468 5423 2564 5463 vos
2583 5406 2726 5462 Deus
2746 5404 2952 5460 futuros
2979 5419 3101 5460 esse
3120 5405 3404 5474 prmscivit,
3424 5403 3503 5458 vel
3521 5404 3613 5457 bo-

2039 5502 2089 5555 ni
2116 5501 2160 5554 si
2186 5501 2354 5554 bonos
2377 5541 2392 5564 ,
2420 5499 2502 5553 vel
2528 5497 2654 5552 mali
2681 5497 2726 5552 si
2756 5496 2943 5552 malos.
2968 5510 2989 5548 ι
3046 5495 3305 5565 Numquid
3353 5494 3520 5560 enim,
3566 5494 3615 5547 si

2040 5591 2139 5646 hoc
2169 5589 2344 5645 audito
2370 5588 2607 5645 nonnulli
2633 5588 2687 5643 in
2712 5597 2975 5659 torporem
3000 5588 3380 5658 segnitie-mque
3403 5593 3614 5641 vertan-
