4008 6178
350 255 487 312 ill”

347 379 453 434 tur,
477 377 582 423 eta
610 365 793 420 labore
827 363 1084 434 proclives
1110 362 1177 417 ad
1218 361 1485 419 ltbidinent
1531 371 1647 430 post
1684 359 1933 428 concupi-

346 461 582 522 scentias
605 473 732 514 suas
758 468 909 519 eant,
946 464 1224 524 propterea
1252 454 1318 509 de
1354 454 1686 524 prmscientia
1717 453 1808 509 Dei
1837 452 1933 505 fal-

343 569 465 607 sum
503 549 795 621 putandum
837 557 919 601 est
953 562 1093 612 esse,
1118 545 1258 616 quod
1291 546 1492 601 dictum
1528 545 1648 601 est!
1674 544 1860 599 Nonne
1885 541 1933 597 si

348 645 491 698 Deus
517 643 637 696 illos
656 640 822 695 bonos
849 638 1054 693 futuros
1082 652 1201 692 esse
1226 637 1514 707 praeseivit,
1533 636 1658 691 boni
1679 644 1854 696 erunt,
1878 634 1933 687 in

343 734 675 804 quantalibet
704 747 841 786 nunc
862 716 1187 800 malignitate
1214 736 1525 791 versentur;
1555 729 1598 781 si
1624 739 1798 782 autem
1821 740 1934 779 ma-

347 828 454 891 los,
485 825 609 879 mali
637 833 812 885 erunt,
836 823 890 876 in
919 821 1246 891 quantalibet
1272 834 1413 874 nunc
1438 820 1673 875 bonitate
1707 834 1933 872 cernan-

343 919 474 972 utr?
502 916 620 970 Fuit
645 914 856 982 quidam
907 913 960 967 in
1005 922 1188 967 nostro
1236 912 1579 975 monasterio,
1629 911 1716 979 qui
1764 909 1932 963 corri-

346 1008 617 1077 pientibus
645 1004 894 1059 fratribus
921 1018 1018 1057 cur
1043 1001 1282 1072 quasdam
1314 1017 1419 1055 non
1451 999 1685 1055 facienda
1709 998 1927 1065 faceret,

234 1110 247 1117 ί
343 1110 400 1151 ct
427 1096 668 1150 facienda
694 1109 797 1148 non
827 1092 1050 1159 faceret,
1083 1091 1437 1159 respondebat
1473 1108 1487 1146 :
1519 1090 1930 1159 Qualiscumque

341 1202 490 1241 nunc
528 1186 652 1251 sim,
684 1185 804 1239 talis
836 1200 929 1237 cro
956 1184 1166 1253 qualem
1200 1197 1285 1237 me
1340 1181 1484 1237 Deus
1535 1180 1767 1236 futurum
1810 1195 1931 1235 esse

344 1275 630 1345 praescivit.
660 1273 762 1342 Qui
792 1270 1027 1342 profecto
1047 1282 1100 1326 et
1129 1287 1313 1326 verum
1338 1271 1566 1335 dicebat,
1596 1279 1650 1324 et
1676 1270 1777 1326 hoc
1800 1286 1930 1325 vero

344 1383 453 1420 non
482 1364 791 1436 proﬁciebat
826 1365 877 1418 in
904 1363 1101 1418 bonum
1137 1363 1269 1418 :setl
1324 1379 1491 1433 usque
1535 1364 1671 1418 adeo
1708 1362 1931 1432 profecit

347 1458 403 1511 itt
437 1458 657 1521 malum,
683 1465 742 1510 ut
765 1456 976 1511 deserta
998 1454 1305 1509 monasterii
1335 1454 1586 1508 societate
1606 1453 1759 1509 ﬁeret
1781 1454 1930 1510 canis

344 1563 599 1604 reversus
624 1546 692 1603 ad
712 1561 864 1601 suum
887 1546 1140 1601 vomitum
1167 1563 1179 1597 :
1203 1555 1258 1599 et
1279 1555 1453 1600 tantcn
1473 1544 1647 1599 adhuc
1666 1545 1836 1614 qualis
1860 1545 1930 1598 sit

342 1640 577 1705 futurus,
600 1640 859 1693 incertum
876 1645 978 1692 est.
1000 1636 1264 1705 Numquid
1284 1651 1411 1705 ergo
1428 1644 1643 1705 propter
1660 1634 1927 1704 hujusmo-

340 1732 400 1786 di
428 1732 633 1786 animas
657 1731 672 1762 ‘
700 1722 901 1799 ca‘qua:
927 1728 995 1785 de
1021 1726 1352 1797 pratscieutia
1386 1727 1476 1781 Dci
1518 1741 1639 1781 tera
1659 1725 1923 1788 dicuntur,

340 1822 427 1876 vel
457 1820 693 1891 neganda
727 1828 851 1874 sunt
879 1818 959 1874 vel
990 1816 1243 1882 tacenda;
1288 1804 1413 1869 tunc
1454 1815 1675 1881 scilicet,
1715 1812 1926 1885 quando

338 1916 390 1968 si
407 1931 515 1968 non
542 1914 804 1977 dicantur,
837 1912 891 1966 in
915 1910 1049 1965 alios
1076 1911 1180 1966 itur
1196 1908 1447 1964 errores?

411 2004 640 2061 CAPUT
680 2003 817 2057 XVI.
856 2031 928 2042 -—
963 2001 1053 2057 '59.
1092 1999 1227 2056 Sunt
1249 2000 1408 2055 etiam
1428 1997 1517 2067 qui
1538 2005 1815 2066 pr0pterea
1838 1995 1926 2050 vel

338 2110 449 2148 non
480 2101 654 2159 orant,
680 2092 766 2147 vel
789 2091 977 2160 frigide
998 2098 1174 2154 orant,
1200 2089 1451 2157 quoniam
1476 2087 1701 2141 Domino
1718 2086 1928 2140 dicente

335 2184 663 2247 didicerunt,
705 2182 844 2236 scire
878 2180 1046 2234 Deum
1081 2178 1207 2248 quid
1255 2177 1408 2231 nobis
1449 2177 1811 2230 necessarium
1835 2176 1924 2240 sit,

338 2276 653 2343 priusquam
675 2281 917 2341 petamus
941 2270 1007 2325 ab
1033 2284 1097 2323 eo
1122 2267 1418 2339 (Manlian,
1448 2268 1524 2337 8).
1549 2266 1684 2321 Num
1715 2276 1930 2336 prepter

340 2366 478 2419 tales
503 2362 662 2432 hujus
686 2361 965 2416 sententia:
995 2363 1189 2413 veritas
1217 2357 1531 2421 deserenda,
1550 2365 1641 2410 aut
1662 2372 1728 2411 ex
1750 2357 1926 2410 Evan-

335 2454 479 2524 gelio
507 2450 735 2507 delenda
761 2449 1035 2520 potabitur
1054 2449 1079 2499 ‘t
1100 2448 1211 2502 lmo
1225 2462 1347 2502 cum
1368 2455 1574 2501 constet
1600 2446 1701 2499 alia
1736 2446 1920 2509 Deum,

337 2544 517 2599 danda
539 2543 697 2598 etiam
723 2555 830 2595 non
856 2539 1129 2594 orantibus
1158 2539 1200 2602 ³,
1229 2536 1365 2590 sicut
1391 2536 1596 2589 initium
1622 2534 1780 2598 ﬁdei;
1820 2533 1925 2588 alia

337 2634 555 2688 nonnisi
585 2631 860 2686 orantibus
880 2642 1227 2699 praeparasse,
1257 2627 1398 2680 sicut
1440 2639 1607 2694 usque
1656 2626 1711 2679 in
1762 2624 1922 2678 ﬁnem

340 2724 791 2795 perseverantiam
817 2740 831 2777 :
856 2721 1090 2791 profecto
1121 2719 1212 2789 qui
1240 2733 1307 2773 ex
1336 2733 1393 2772 se
1421 2718 1535 2786 ipso
1566 2717 1701 2770 hanc
1740 2730 1801 2770 se
1830 2714 1923 2768 ha-

338 2819 472 2871 bere
502 2825 681 2885 putat,
705 2828 810 2867 non
842 2823 956 2867 orat
985 2819 1043 2865 ιιι
1071 2811 1281 2864 habeat.
1303 2808 1606 2863 Cavendum
1632 2816 1715 2862 est
1743 2806 1919 2876 igitur,

339 2924 436 2972 ne,
450 2906 575 2962 dum
604 2906 848 2959 timemus
881 2919 949 2958 ne
982 2908 1217 2970 tepescat
1268 2900 1516 2966 hortatio,
1560 2901 1924 2969 exstinguatur

336 2998 535 3063 oratio,
564 2996 883 3051 accendatur
908 2994 1088 3047 elatio.

411 3088 502 3145 40.
545 3086 757 3142 Dicatur
783 3100 910 3155 ergo
933 3098 1134 3147 verum,
1165 3082 1393 3135 maxime
1410 3081 1497 3135 ulti
1508 3081 1682 3150 aliqua
1699 3079 1926 3150 qumstio

341 3189 401 3232 ut
428 3178 629 3233 dicatur
652 3177 908 3246 impellit;
942 3186 993 3230 et
1021 3175 1231 3244 capiant
1266 3174 1355 3243 qui
1391 3182 1612 3243 possunt
1643 3189 1657 3225 :
1687 3188 1753 3226 ne
1788 3171 1923 3227 forte

340 3285 463 3324 cum
486 3278 686 3324 tacetur
712 3275 928 3337 propter
956 3282 1049 3321 cos
1073 3267 1159 3335 qui
1196 3280 1386 3335 capere
1413 3280 1516 3318 non
1548 3274 1787 3333 possunt,
1817 3279 1922 3317 non

341 3362 515 3416 solum
540 3360 759 3415 veritate
788 3358 1099 3413 fraudentur
1119 3398 1135 3424 ,
1157 3371 1341 3412 verum
1370 3356 1530 3409 etiam
1568 3354 1801 3409 falsitate
1832 3370 1926 3409 ca-

342 3453 585 3521 piantur,
631 3450 721 3520 qui
770 3464 954 3503 verum
998 3462 1210 3516 capere,
1257 3461 1364 3516 quo
1403 3456 1651 3500 caveatur
1697 3445 1922 3512 falsitas,

345 3549 584 3609 possunt.
620 3538 801 3594 Facile
834 3546 916 3594 est
939 3538 1102 3602 enim,
1135 3537 1242 3591 imo
1278 3547 1331 3601 et
1376 3537 1524 3603 utile,
1575 3546 1634 3590 ut
1686 3545 1925 3592 taceatur

340 3633 559 3703 aliquod
590 3647 772 3687 verum
798 3640 1014 3701 propter
1036 3631 1331 3699 incapaces.
1359 3629 1492 3683 Nam
1520 3629 1659 3684 unde
1683 3639 1766 3684 est
1793 3630 1923 3685 illud

346 3724 577 3788 Domini,
605 3723 787 3777 Adhuc
814 3722 973 3777 multa
999 3723 1157 3775 Itabec
1192 3720 1327 3773 vobis
1362 3720 1547 3785 dicere,
1577 3720 1664 3773 sed
1695 3736 1795 3773 non
1841 3738 1926 3790 po-

342 3818 479 3871 ttstis
504 3814 593 3867 illa
615 3823 814 3883 portare
841 3813 991 3866 modo
1023 3811 1200 3882 (Joan.
1233 3827 1344 3876 xvi,
1375 3811 1504 3880 ηρ
1537 3820 1591 3864 et
1625 3810 1750 3863 illud
1779 3811 1925 3878 Apo-

342 3912 490 3977 stoli,
519 3909 639 3965 Non
681 3909 825 3980 potui
867 3909 1002 3963 vobis
1053 3908 1188 3976 loqui
1237 3906 1380 3976 quasi
1424 3903 1800 3971 spiritualibus,
1835 3904 1925 3957 sed

343 4005 489 4069 quasi
507 4003 797 4057 carnalibus
829 4002 1013 4070 :quasi
1064 4000 1290 4070 parvulis
1332 4000 1384 4052 in
1434 3996 1632 4053 Christo
1673 3998 1753 4050 lac
1791 3997 1925 4050 vobis

344 4104 519 4163 potum
541 4093 677 4159 dedi,
701 4109 802 4145 non
830 4108 993 4147 escam
1017 4090 1275 4154 ;noudum
1295 4089 1427 4144 enim
1453 4090 1712 4157 poteratis,
1733 4088 1821 4142 sed
1836 4104 1925 4141 nec

341 4186 514 4239 adhuc
528 4183 727 4254 quidem
756 4184 958 4253 potestis
975 4181 1018 4250 (Ι
1042 4180 1160 4235 Cor.
1194 4196 1271 4243 nt.
1299 4181 1349 4245 l,
1376 4179 1430 4250 9.)
1449 4181 1472 4232 ?
1489 4178 1744 4246 Quamvis
1765 4178 1924 4233 modo

340 4274 573 4345 quodam
601 4273 811 4328 dicendi
849 4272 962 4326 ﬁeri
1014 4273 1199 4341 possit,
1226 4280 1284 4324 ut
1327 4270 1377 4324 id
1424 4270 1563 4338 quod
1606 4269 1818 4336 dicitur,
1871 4280 1926 4324 et

344 4370 580 4439 parvulis
606 4369 707 4434 lac,
736 4377 791 4423 et
808 4366 1096 4438 grandibus
1115 4380 1236 4419 esca
1266 4365 1354 4418 sit.
1385 4363 1552 4428 Sicut,
1587 4361 1652 4416 In
1677 4363 1924 4433 principio

340 4472 451 4514 erat
487 4459 722 4524 Verbum,
745 4469 791 4512 et
828 4456 1041 4511 Verbum
1063 4466 1168 4510 erat
1193 4454 1331 4524 apud
1357 4453 1520 4507 Deum
1543 4495 1557 4518 ,
1582 4463 1627 4506 et
1657 4451 1795 4507 Deus
1817 4462 1924 4506 erat

354 4550 570 4605 Verbum
594 4548 770 4622 (Joan.
804 4565 842 4616 t,
875 4551 926 4618 l)
948 4589 963 4612 ,
989 4547 1109 4616 quis
1140 4546 1461 4600 Christianus
1496 4553 1669 4598 tacere
1712 4543 1922 4613 potest?

341 4644 462 4713 quis
479 4642 712 4712 capere?
732 4648 824 4695 aut
847 4639 970 4709 quid
1000 4640 1051 4694 in
1079 4637 1320 4692 doctrinm
1342 4652 1471 4691 sana
1498 4645 1671 4706 potest.
1701 4636 1922 4691 inveniri

341 4734 597 4804 grandius
612 4735 636 4773 ν
660 4732 810 4801 Quod
839 4742 1013 4786 tamen
1034 4740 1088 4785 et
1105 4730 1338 4800 parvulis
1363 4746 1467 4783 tton
1487 4738 1753 4783 taceturet
1768 4743 1923 4797 gran-

341 4828 523 4892 dibus,
553 4841 654 4881 ncc
681 4824 918 4895 parvulis
940 4823 1234 4879 occultatur
1259 4836 1288 4874 a
1309 4820 1598 4890 grandibus
1620 4819 1661 4872 ².
1689 4820 1793 4874 Sed
1820 4819 1924 4873 alia

341 4930 430 4976 est
456 4921 592 4975 ratio
620 4935 803 4976 verum
835 4917 1063 4981 tacendi,
1095 4915 1196 4969 alia
1236 4928 1417 4968 verum
1447 4913 1654 4967 dicendi
1686 4912 1924 4966 necessi-

346 5022 447 5066 tas.
478 5011 677 5066 Causas
698 5025 882 5065 verum
913 5007 1121 5063 tacendi
1148 5008 1359 5075 longum
1383 5015 1462 5058 est
1478 5017 1664 5057 omnes
1687 5017 1925 5072 quaerere

344 5103 432 5161 vel
448 5103 683 5156 inserere
704 5119 717 5154 :
736 5115 960 5170 quarum
981 5106 1258 5152 tamenest
1278 5104 1331 5150 et
1353 5094 1465 5149 lucc
1482 5107 1605 5159 una,
1631 5107 1698 5147 ne
1718 5091 1927 5162 pejores

411 5299 429 5360 ξ
464 5296 613 5357 Editi,
652 5299 848 5360 propter
889 5290 1167 5355 huiusmodi
1204 5303 1392 5342 causas.
1427 5298 1605 5339 omnes
1625 5300 1779 5350 prope
1798 5293 1926 5349 Μελ,

342 5357 595 5477 “ringi,
623 5427 723 5467 Ima
739 5430 846 5467 cum
863 5420 1040 5466 constet
1064 5422 1219 5465 Deum
1237 5412 1336 5463 alii
1367 5411 1512 5477 etiam
1533 5422 1627 5460 non
1648 5407 1898 5477 orantibus
1911 5444 1924 5468 ,

344 5484 544 5540 antisse,
571 5472 751 5538 divitia,
776 5479 905 5543 quod
936 5483 1138 5527 vernum
1161 5478 1210 5525 in
1235 5477 1378 5526 editis
1397 5474 1504 5523 aliis
1529 5480 1580 5522 et
1594 5472 1928 5533 manuscriptis

556 5609 662 5651 uss.
691 5609 743 5650 At
766 5602 963 5659 editi,et
988 5598 1303 5660 parruiimon
1329 5603 1535 5656 teretur,
1562 5601 1705 5647 etnec
1726 5592 1925 5657 grandi-

348 5665 439 5717 bus
462 5678 545 5716 Ttt'c
564 5663 775 5719 pan'ttiis
810 5662 1093 5713 occultetur.

1410 242 1610 305 ιῆιίιι
1650 246 1736 299 DE
1778 244 1955 298 υἱ)Νο
1994 244 2611 305 ΡΕιιδΕνΕιίΑΝΤΙᾸΙ.

3479 257 3623 314 1018

2043 360 2294 417 faciamus
2318 376 2411 417 eos
2443 364 2530 433 qui
2557 377 2662 418 non
2691 361 3004 433 intelligunt,
3021 362 3150 420 dum
3162 367 3511 425 volumuseos
3525 372 3621 440 qui

2039 450 2336 519 intelligunt
2346 451 2517 509 facere
2531 453 2796 510 doctiores
2812 471 2828 518 ;
2843 455 2931 525 qui
2950 456 3100 513 nobis
3110 457 3307 526 aliquid
3318 459 3424 515 tale
3441 469 3616 516 tacen-

2037 542 2177 597 tibus
2197 542 2461 599 doctiores
2478 544 2691 613 quidem
2707 562 2811 600 non
2828 546 3074 610 liunt,sed
3090 563 3189 604 nec
3219 548 3428 619 pejores
3458 549 3614 607 ﬁunt.

2035 634 2166 690 Cum
2178 645 2353 690 autem
2376 651 2463 690 res
2485 652 2608 690 vera
2625 637 2693 691 ita
2706 652 2765 693 se
2783 638 2961 705 habet,
2978 649 3035 692 ut
3050 638 3140 694 ﬁat
3156 641 3303 710 pejor
3318 641 3471 697 nobis
3488 657 3609 699 eam

2035 724 2351 790 dicentibus,
2380 727 2466 782 ille
2492 727 2581 797 qtti
2619 742 2951 797 eapere‘non
2983 740 3197 798 petest;
3244 731 3399 785 nobis
3435 740 3619 787 autem

2037 815 2347 881 tacentibus,
2368 816 2455 872 ille
2476 817 2567 887 qui
2593 826 2764 886 potest
2790 835 2803 871 :
2833 818 2959 887 quid
2987 828 3232 887 putamus
3258 834 3377 875 esse
3404 818 3608 875 facien-

2034 908 2199 963 dum?
2222 909 2407 965 Nonne
2431 911 2605 979 potius
2633 918 2715 965 est
2738 910 3016 965 dicendum
3048 927 3229 966 verum
3249 953 3263 976 ,
3288 921 3347 965 ut
3374 912 3463 981 qui
3514 927 3614 980 po-

2035 1007 2139 1053 test
2172 1014 2363 1068 capere
2392 1001 2601 1069 capiat;
2640 1016 2798 1070 quam
2840 1001 3143 1067 tacendum,
3187 1011 3244 1055 ttt
3287 1016 3392 1055 non
3439 1002 3615 1056 solum

2035 1089 2087 1145 id
2109 1091 2267 1145 ambo
2295 1106 2400 1145 non
2429 1093 2660 1160 capiant,
2690 1106 2868 1145 verum
2894 1091 3054 1146 etiam
3081 1092 3169 1160 qui
3196 1100 3280 1146 est
3306 1091 3611 1160 intelligen-

2036 1183 2154 1247 tior,
2178 1183 2289 1253 ipse
2310 1184 2377 1237 sit
2398 1183 2583 1251 pejor?
2608 1181 2765 1248 Quisi
2785 1181 2993 1235 audiret
3017 1191 3072 1235 et
3097 1188 3328 1250 caperet,
3355 1198 3447 1249 per
3465 1182 3611 1235 illum

2033 1276 2190 1330 etiam
2244 1276 2422 1345 plures
2459 1274 2743 1328 discerent.
2792 1273 2910 1341 Quo
2946 1273 3088 1327 enim
3138 1284 3220 1327 est
3268 1272 3515 1341 capacior
3556 1283 3614 1326 ut

2032 1368 2221 1432 discat,
2244 1382 2308 1422 eo
2334 1368 2504 1436 magis
2526 1376 2610 1421 est
2652 1366 2874 1421 idoneus
2910 1375 2967 1419 ut
3002 1364 3137 1419 alios
3184 1363 3396 1421 doceat.
3446 1365 3611 1419 instat

2033 1459 2274 1513 inimicus
2292 1458 2495 1527 gratiae,
2523 1467 2681 1526 atque
2715 1464 2865 1526 urget
2894 1455 3066 1509 modis
3089 1457 3353 1519 omnibus,
3395 1463 3454 1509 ιιι
3489 1471 3609 1510 crc-

2031 1548 2187 1602 datnr
2211 1547 2499 1603 secundum
2529 1548 2713 1601 nterita
2743 1555 2925 1601 nostra
2946 1545 3081 1610 dari,
3107 1560 3171 1600 ac
3189 1546 3267 1600 sic
3291 1546 3458 1615 gratia
3493 1545 3603 1613 jam

2033 1655 2139 1692 non
2162 1639 2231 1693 sit
2261 1637 2427 1708 gratia
2459 1637 2631 1708 (Rom.
2664 1652 2741 1700 tu,
2788 1634 2843 1706 6)
2870 1653 2882 1689 :
2911 1644 2968 1690 et
3002 1650 3100 1690 nos
3128 1635 3375 1689 nolumus
3400 1634 3609 1696 dicerer

2029 1729 2171 1799 quod
2203 1739 2336 1784 teste
2360 1729 2630 1797 Scriptura
2659 1742 2940 1796 possumus
2961 1726 3140 1781 dicere
3154 1726 3178 1778 ἲ
3192 1727 3441 1781 timemus
3460 1724 3603 1780 enim

2028 1820 2294 1886 videlicet,
2318 1834 2383 1873 ne
2408 1819 2745 1887 loquentibus
2767 1818 2919 1872 nobis
2945 1816 3260 1881 offettdatur,
3288 1817 3378 1886 qui
3410 1816 3605 1870 vctita-

2030 1918 2135 1964 tent
2158 1926 2261 1963 non
2283 1918 2699 1979 potest,capere;
2723 1917 2902 1963 etnon
2926 1910 3191 1974 timemus,
3217 1924 3284 1963 ne
3312 1907 3611 1962 tacentibus

2029 2000 2200 2066 nobis,
2224 2001 2314 2070 qui
2335 2000 2607 2055 veritatem
2663 2009 2836 2069 potest
2884 2014 3095 2069 capere,
3139 1998 3370 2055 falsitate
3422 1997 3603 2066 capia-

2032 2094 2157 2144 tur?

2099 2183 2190 2236 M.
2233 2184 2336 2235 Aut
2384 2182 2630 2237 enimsic
2671 2181 3067 2249 praedestinatio
3116 2180 3449 2251 praedicanda
3498 2190 3607 2247 est,

2030 2272 2475 2343 quemadmodum
2510 2287 2626 2326 eam
2668 2280 2846 2325 saneta
2878 2271 3146 2338 Scriptura
3175 2269 3451 2325 evidenter
3491 2270 3609 2324 elo-

2028 2364 2226 2433 quitur,
2254 2372 2314 2417 ut
2339 2364 2393 2417 itt
2422 2363 2809 2432 praedestinatis
2841 2362 2958 2416 sine
2987 2362 3296 2429 poenitentia
3338 2361 3444 2414 sint
3465 2360 3605 2415 dona

2027 2465 2081 2508 et
2106 2455 2314 2507 vocatio
2360 2454 2491 2518 Dei;
2523 2462 2613 2507 aut
2662 2452 2884 2522 gratiam
2936 2451 3027 2505 Dei
3073 2449 3362 2505 secundum
3419 2452 3608 2505 merita

2027 2554 2207 2602 nostra
2251 2546 2366 2600 dari
2415 2544 2808 2609 conﬁtendum,
2853 2544 2994 2614 quod
3042 2544 3255 2613 sapiunt
3303 2544 3606 2614 Pelagiani,

2026 2636 2267 2706 quamvis
2294 2636 2393 2690 ista
2420 2636 2706 2700 sententia,
2725 2635 2867 2705 quod
2888 2650 3030 2704 saepe
3046 2635 3154 2704 jam
3184 2635 3435 2700 diximus,
3466 2636 3610 2707 lega-

2029 2736 2113 2781 tur
2130 2728 2295 2796 gestis
2320 2726 2690 2795 episcoporum
2712 2724 3048 2779 orientalium
3076 2726 3235 2779 etiam
3261 2724 3430 2795 ipsius
3455 2726 3611 2780 Pela-

2025 2817 2097 2885 gii
2123 2832 2217 2871 ore
2241 2817 2487 2872 damnata
2515 2815 2618 2885 (De
2660 2814 2824 2869 Gesti:
2865 2813 3083 2886 Pelagii,
3131 2832 3184 2869 η.
3235 2816 3351 2887 50).
3379 2818 3423 2870 A
3455 2816 3608 2872 Pela-

2024 2910 2305 2980 gianorum
2359 2924 2519 2979 porro
2567 2908 2815 2963 haeretica
2865 2909 3212 2976 perversitate
3262 2917 3468 2964 tantum
3518 2911 3605 2965 isti

2028 3001 2218 3054 remoti
2248 3007 2391 3065 sunt,
2423 3009 2642 3069 propter
2665 3012 2799 3065 quos
2824 2998 2940 3053 haec
2976 2999 3202 3069 agimus,
3227 3011 3283 3054 ut
3308 3002 3431 3056 licet
3473 3017 3609 3056 non-

2026 3090 2152 3145 dum
2178 3090 2346 3144 velint
2391 3090 2540 3143 fateri
2590 3088 2996 3158 praedestinatos
3039 3106 3178 3155 esse,
3235 3093 3323 3161 qui
3375 3107 3470 3161 per
3512 3092 3603 3148 Dei

2025 3181 2248 3251 gratiam
2274 3180 2401 3234 ﬁant
2428 3178 2737 3234 obcdicntes
2770 3188 2929 3249 atque
2966 3193 3343 3249 permaneant;
3378 3183 3486 3251 jam
3519 3194 3601 3238 ta-

2028 3289 2148 3329 men
2198 3272 2486 3337 fatcantur,
2531 3271 2671 3340 quod
2710 3286 2896 3326 eorum
2934 3274 3221 3341 praeveniat
3272 3273 3601 3329 voluntatem

2029 3366 2225 3437 quibus
2247 3364 2405 3418 datur
2431 3363 2546 3417 hare
2569 3362 2736 3432 gratia
2766 3379 2779 3413 :
2805 3361 2924 3417 ideo
2950 3363 3132 3431 utique
3157 3403 3170 3427 ,
3200 3377 3267 3416 ne
3304 3379 3409 3416 non
3441 3365 3606 3433 gratis

2025 3458 2141 3513 dari
2180 3454 2428 3511 credatur
2461 3453 2658 3523 gratia,
2688 3453 2823 3508 sicut
2850 3455 3050 3508 veritas
3084 3453 3345 3522 loquitur;
3384 3453 3476 3508 sed
3509 3469 3601 3523 po-

2029 3552 2129 3602 tius
2163 3546 2454 3603 secundum
2504 3543 2851 3614 praecedentis
2882 3546 3071 3598 merita
3108 3544 3429 3607 voluntatis,
3471 3545 3608 3598 sicut

2025 3648 2211 3694 contra
2232 3637 2508 3691 veritatem
2536 3635 2850 3704 Pelagianos
2879 3650 3030 3689 error
3049 3635 3364 3704 obloquitur.
3397 3636 3608 3690 Praeve-

2027 3731 2250 3799 nitergo
2277 3738 2330 3782 et
2350 3728 2506 3782 ﬁdem
2531 3727 2700 3796 gratia
2735 3746 2748 3781 :
2773 3728 3005 3796 alioquin
3033 3728 3078 3781 si
3102 3727 3231 3783 fides
3260 3742 3378 3782 eam
3401 3743 3604 3799 prteve-

2028 3823 2123 3882 nit,
2148 3820 2328 3888 procul
2349 3820 2510 3873 dubio
2538 3818 2866 3886 pnevcnitet
2892 3819 3155 3882 voluntas,
3196 3819 3442 3886 quoniam
3476 3819 3607 3872 ﬁdes

2027 3913 2143 3967 sine
2165 3911 2433 3964 voluntate
2456 3925 2559 3961 non
2586 3916 2760 3976 potest
2785 3923 2928 3962 esse.
2949 3909 3004 3963 Si
3025 3920 3202 3962 autem
3218 3909 3385 3977 gratia
3406 3924 3608 3977 prtere-

2028 4007 2106 4059 nit
2133 4003 2317 4066 ﬁdem,
2356 4001 2607 4071 quoniam
2656 3999 2913 4068 przevenit
2959 3999 3317 4061 voluntatem;
3367 3999 3607 4067 profecto

2031 4094 2287 4167 prtevenit
2311 4106 2523 4146 omnem
2551 4089 2944 4152 obedientiam;
2984 4087 3240 4158 prazvenit
3276 4088 3434 4142 etiam
3473 4087 3603 4142 cha-

2026 4190 2259 4254 ritatem,
2289 4201 2392 4257 qua
2421 4200 2524 4239 una
2546 4183 2654 4238 Deo
2697 4181 2957 4249 veraciter
2989 4190 3043 4235 et
3070 4180 3302 4235 suaviter
3327 4181 3604 4245 obeditur;

2028 4288 2083 4335 et
2106 4279 2222 4334 haec
2247 4277 2425 4332 omnia
2463 4272 2631 4345 gratia
2670 4275 2721 4327 in
2754 4288 2821 4328 eo
2860 4272 2944 4327 cui
2982 4271 3159 4341 datur,
3195 4280 3251 4327 et
3303 4272 3454 4342 cujus
3492 4272 3606 4326 lure

2028 4371 2203 4425 omnia
2228 4367 2500 4437 pratvenit,
2533 4374 2802 4434 cperatur.

2099 4460 2322 4518 CAPUT
2361 4458 2523 4512 XVII.
2562 4485 2634 4513 τ-
2672 4456 2856 4509 Restat
2879 4455 2931 4508 in
2963 4454 3045 4508 his
3076 4454 3230 4509 bonis
3265 4468 3432 4524 usque
3462 4454 3513 4508 in
3542 4454 3608 4510 ﬁ-

2030 4569 2150 4607 nem
2178 4548 2593 4621 perseverantia,
2635 4561 2753 4615 quzc
2794 4544 2990 4599 frustra
3034 4543 3268 4613 quotidie
3310 4558 3341 4597 a
3385 4543 3606 4598 Domino

2027 4646 2282 4717 poscitur,
2319 4642 2363 4698 si
2394 4656 2502 4694 non
2525 4653 2645 4693 eam
2680 4637 2936 4692 Dominus
2970 4651 3066 4705 per
3094 4636 3316 4704 gratiam
3364 4650 3513 4690 suam
3554 4637 3605 4691 in

2029 4738 2138 4800 illo,
2161 4735 2313 4803 cujus
2346 4731 2617 4785 orationes
2649 4726 2886 4792 exaudit,
2917 4734 3187 4796 operatur.
3219 4724 3407 4780 Videte
3426 4725 3537 4794 jam
3575 4741 3603 4779 a

2028 4825 2251 4880 veritate
2281 4835 2439 4892 quam
2472 4820 2541 4874 sit
2575 4819 2828 4883 alienum,
2873 4832 3068 4887 negare
3103 4815 3301 4879 donum
3344 4816 3436 4870 Dei
3489 4831 3611 4872 esse

2030 4913 2480 4987 perseverantiam
2508 4925 2675 4980 usque
2700 4909 2752 4963 in
2782 4910 2940 4962 linem
2970 4906 3129 4975 hujus
3154 4906 3275 4959 vita:
3302 4922 3315 4958 :
3346 4920 3468 4959 cum
3490 4905 3611 4958 vita:

2030 5009 2173 5072 huic,
2196 5004 2407 5077 quando
2447 5002 2694 5065 voluerit,
2727 5000 2838 5069 ipse
2862 4998 2953 5052 det
2988 4998 3178 5060 ﬁnem;
3230 5011 3390 5066 quem
3433 4996 3477 5050 si
3521 4996 3615 5049 dat

2030 5106 2153 5153 ante
2172 5096 2536 5150 imminentem
2559 5092 2782 5160 lapsura,
2818 5088 2942 5142 facit
2964 5087 3231 5142 hominem
3271 5101 3614 5155 perseverare

2030 5203 2200 5259 usque
2220 5188 2272 5241 in
2298 5188 2478 5240 tinem.
2511 5182 2617 5239 Sed
2646 5179 2937 5235 mirabilior
2961 5189 3016 5234 et
3049 5178 3297 5234 ﬁdelibus
3316 5176 3614 5234 evidentior

2034 5279 2249 5348 largitas
2285 5275 2536 5331 bonitatis
2566 5272 2656 5328 Dei
2677 5280 2780 5335 est,
2804 5270 2945 5340 quod
2974 5271 3133 5326 etiam
3155 5267 3614 5340 parvttlis,quibus

2032 5369 2330 5425 oltcdientia
2384 5382 2487 5420 non
2522 5372 2608 5420 est
2640 5363 2781 5419 illius
2815 5363 2987 5417 a-tatis
3018 5369 3078 5416 ut
3102 5360 3277 5426 detur,
3306 5358 3461 5414 datur
3499 5355 3614 5411 lucc

2032 5461 2219 5531 gratia.
2250 5457 2353 5512 Ista
2395 5457 2554 5526 igitur
2590 5470 2685 5510 sua
2713 5455 2850 5511 dona
2878 5455 3299 5526 quibuscumque
3338 5448 3479 5503 Deus
3512 5446 3608 5502 do-

2034 5559 2143 5615 nat,
2170 5550 2351 5621 procul
2370 5549 2533 5603 dubio
2556 5563 2614 5604 se
2647 5548 2968 5603 donaturum
2992 5556 3114 5602 esse
3136 5541 3403 5615 prmscivit
3425 5582 3440 5607 ,
3470 5550 3524 5596 et
3558 5541 3609 5595 itt

2036 5659 2127 5697 sua
2153 5641 2485 5713 pratscit‘ntia
2518 5641 2851 5712 pl'ﬂtpal'thil.
2875 5640 3017 5706 Quos
3036 5651 3162 5705 ergo
3190 5633 3608 5704 prmdo-tiuarit,
