4008 6178
318 229 450 284 1019

311 341 457 411 ipsos
481 347 534 393 et
558 336 765 392 vocavit
800 335 974 406 (Rom.
1018 346 1132 398 vni,
1163 328 1252 401 50)
1287 327 1563 384 vocatione
1591 327 1702 392 illa,
1734 339 1890 394 quam

312 446 400 484 me
429 443 570 498 sape
593 439 1012 482 commemorare
1033 437 1140 476 non
1166 421 1325 491 piget,
1348 419 1414 473 de
1435 434 1537 489 qua
1563 418 1760 473 dictum
1783 425 1889 481 est,

315 522 440 577 Sine
458 519 746 590 paenitentia
767 526 882 572 sunt
911 517 1046 570 dona
1073 524 1118 568 et
1150 513 1340 568 vocalia
1378 510 1471 566 Dei
1509 509 1621 581 (Id.
1661 527 1734 576 xl,
1773 508 1888 581 ‘29).

315 613 554 683 Namque
580 614 631 666 in
673 626 767 665 sua
800 625 920 679 quae
947 607 1052 661 falli
1081 605 1384 674 mutarique
1413 618 1516 657 non
1548 611 1722 672 potest
1751 616 1892 670 pra:-

312 705 532 758 seientia
552 744 566 765 ,
592 716 752 771 opera
779 714 872 754 sua
904 698 1075 752 futura
1097 696 1383 765 disponere
1403 735 1418 761 ,
1452 693 1505 748 id
1530 693 1769 754 omnino,
1796 705 1892 744 nec

311 797 454 852 aliud
495 795 780 866 quidquam
832 799 916 846 est
959 789 1358 860 praedestinare.
1395 787 1545 841 Sicut
1589 793 1765 838 autem
1803 782 1894 837 ille

312 903 468 957 quem
498 893 702 940 castum
733 882 966 937 futurum
987 895 1107 935 esse
1135 877 1399 948 praescivit
1417 917 1431 940 ,
1460 874 1703 945 quamvis
1729 873 1780 926 id
1811 873 1896 927 in-

311 986 515 1030 certum
539 975 748 1040 habeat,
775 973 882 1043 agit
901 981 956 1026 ut
971 980 1148 1026 castus
1169 970 1239 1025 sit
1263 985 1276 1022 :
1309 971 1378 1022 ita
1397 967 1488 1022 ille
1506 980 1662 1036 quem
1685 974 1890 1020 castum

312 1066 546 1120 futurum
572 1063 986 1134 prtedestinavit,
1023 1060 1267 1131 quamvis
1296 1059 1348 1113 id
1375 1059 1634 1112 incertum
1667 1056 1858 1109 habeat
1877 1097 1892 1122 ,

312 1174 418 1212 non
448 1157 568 1211 ideo
590 1171 694 1210 non
723 1155 831 1224 agit
862 1163 919 1208 ut
946 1162 1120 1206 castus
1138 1152 1226 1216 sit,
1257 1150 1506 1220 quoniam
1543 1148 1637 1202 Dei
1667 1147 1810 1201 dono
1835 1161 1895 1200 se

311 1248 461 1302 audit
485 1246 721 1301 futurum
763 1259 880 1300 esse
920 1242 1058 1313 quod
1094 1243 1196 1298 erit
1223 1243 1281 1308 ¹;
1332 1242 1438 1296 imo
1488 1241 1649 1294 etiam
1696 1238 1895 1309 gaudet

313 1340 430 1407 ejus
455 1338 716 1400 Charitas;
753 1351 852 1392 nec
893 1335 1104 1389 inﬂatur
1134 1334 1177 1403 (Ι
1207 1332 1324 1389 Cor.
1374 1349 1487 1395 xui,
1518 1333 1596 1398 4),
1646 1342 1894 1401 tanquam

315 1429 366 1482 id
390 1444 493 1481 nou
520 1427 802 1496 acceperit.
824 1424 939 1480 Non
975 1425 1146 1478 solum
1175 1439 1303 1493 ergo
1336 1422 1714 1492 praedicatione
1755 1438 1894 1490 pran-

315 1519 684 1573 dcstinatiunis
713 1517 779 1572 ab
811 1516 911 1570 hoc
937 1530 1100 1586 opere
1135 1530 1240 1569 non
1270 1513 1558 1584 impeditur
1579 1555 1592 1577 ,
1621 1527 1808 1567 verum
1840 1522 1896 1568 et

319 1610 384 1664 ad
409 1609 511 1664 hoc
549 1609 848 1678 adjuvatur,
879 1617 936 1661 ut
963 1622 1084 1662 cum
1118 1605 1394 1676 gloriatur,
1428 1604 1480 1659 in
1523 1603 1746 1659 Domino
1781 1605 1896 1675 glo-

320 1705 485 1758 rietur
515 1703 558 1770 (l
590 1699 676 1754 Id.
709 1699 823 1770 51).

389 1793 480 1847 42.
511 1792 664 1860 Quod
705 1801 880 1846 autem
909 1790 1016 1844 dixi
1042 1790 1109 1845 de
1133 1789 1397 1856 castitate,
1426 1787 1528 1843 hoc
1555 1787 1623 1842 de
1653 1787 1776 1852 ﬁde,
1795 1785 1898 1842 hoc

319 1883 386 1937 de
407 1883 620 1951 pietate,
651 1881 752 1935 hoc
773 1881 839 1935 de
864 1880 1140 1947 charitate,
1173 1879 1242 1934 de
1272 1879 1688 1948 perseverantia,
1721 1886 1795 1944 et,
1831 1893 1899 1932 ne

321 1988 535 2042 pergam
566 1987 659 2042 per
683 1971 910 2041 singula,
928 1971 1029 2026 hoe
1053 1971 1122 2026 de
1143 1971 1292 2024 omni
1321 1969 1621 2024 obedientia
1647 1983 1750 2039 qua
1772 1968 1900 2023 obc-

319 2063 461 2116 ditur
502 2063 632 2125 Deo,
665 2061 1004 2115 veracisshne
1031 2059 1136 2114 dici
1168 2068 1360 2128 potest.
1388 2057 1494 2112 Sed
1523 2058 1557 2111 ii
1595 2059 1684 2127 qui
1725 2059 1897 2112 solum

322 2153 527 2206 initium
561 2151 683 2206 ﬁdei
712 2160 766 2205 et
795 2165 962 2220 usque
991 2149 1043 2202 in
1075 2148 1233 2202 ﬁnem
1264 2147 1714 2218 perseverantiam
1742 2134 1823 2202 sic.
1844 2148 1896 2203 in

321 2253 501 2298 nostra
519 2243 848 2297 constituunt
872 2249 1152 2310 potestate,
1177 2249 1235 2293 ut
1265 2240 1355 2293 Dei
1371 2239 1509 2294 dona
1530 2254 1649 2294 esse
1672 2255 1776 2294 non
1807 2256 1902 2308 pu-

322 2344 453 2397 teut,
484 2347 656 2402 neque
681 2332 747 2385 ad
795 2331 911 2386 haec
944 2330 1186 2385 habenda
1216 2337 1376 2399 atque
1417 2329 1693 2384 retinenda
1737 2330 1902 2384 Deum

322 2425 534 2494 operari
562 2431 774 2477 nostras
799 2422 1148 2491 cogitationes
1172 2430 1222 2476 et
1252 2421 1570 2484 voluntates,
1597 2431 1787 2475 caetera
1815 2437 1906 2476 vc-

323 2528 386 2568 ro
409 2513 582 2582 ipsum
626 2511 755 2565 dare
786 2510 1104 2576 concedunt,
1147 2525 1268 2564 cum
1312 2510 1380 2563 ab
1420 2511 1510 2564 illo
1553 2511 1907 2580 impetrantur

323 2602 592 2658 credentis
635 2600 769 2656 ﬁde'
794 2617 809 2664 ;
835 2614 933 2654 cur
957 2599 1023 2654 ad
1071 2601 1183 2670 ipsa
1221 2608 1416 2654 etetera
1457 2599 1904 2667 exhortationem,

323 2709 616 2763 eorumque
638 2701 953 2748 cancrorum
967 2690 988 2722 ³
1005 2690 1432 2761 przedicationem
1449 2691 1753 2747 deﬁnitione
1775 2708 1910 2762 pra:-

324 2784 695 2839 destinationis
739 2800 844 2837 non
891 2791 1132 2838 metuunt
1179 2782 1457 2852 impediri?
1487 2786 1568 2836 Au
1626 2783 1760 2838 forte
1808 2798 1909 2838 nec

326 2876 440 2946 ipsa
479 2875 662 2931 dicunt
701 2875 1115 2945 praedestinata?
1142 2875 1283 2944 Ergo
1337 2889 1434 2929 nec
1469 2875 1662 2929 dantur
1712 2890 1742 2928 a
1775 2875 1906 2938 Deo,

327 2980 420 3025 aut
441 2984 505 3025 ea
527 2985 586 3025 se
604 2969 849 3024 daturum
876 2983 997 3023 esse
1025 2967 1269 3022 nescivit.
1301 2966 1452 3034 Quod
1473 2967 1517 3020 si
1546 2975 1602 3021 et
1629 2967 1840 3033 dantur,
1859 2977 1913 3022 et

326 3075 390 3114 ea
414 3075 473 3116 se
500 3060 744 3114 daturum
772 3073 890 3114 esse
915 3059 1199 3127 praiscivit;
1221 3057 1457 3127 profecto
1499 3057 1908 3126 pra‘destinavit.

286 3216 288 3218 τ
328 3151 478 3208 Sicut
503 3166 631 3221 ergo
660 3151 760 3220 ipsi
797 3163 1007 3220 quoque
1049 3147 1328 3202 hortantur
1351 3147 1416 3202 ad
1445 3149 1761 3212 castitatem,
1785 3147 1914 3202 cha-

329 3247 562 3313 ritatem,
597 3245 866 3315 pietatem,
898 3252 954 3299 et
972 3250 1160 3298 ctetera
1193 3257 1316 3312 quae
1342 3241 1436 3296 Dei
1463 3241 1600 3296 dona
1627 3256 1746 3296 esse
1775 3256 1910 3295 con-

330 3337 564 3400 ﬁtentur,
593 3351 762 3406 eaque
803 3335 870 3390 ab
900 3334 992 3388 illo
1031 3347 1154 3388 esse
1196 3329 1542 3402 praecognita,
1575 3346 1638 3384 ae
1684 3347 1778 3400 per
1809 3331 1911 3384 huc

331 3426 702 3496 prtedestinata
733 3439 930 3494 negare
970 3437 1076 3477 non
1106 3431 1346 3492 possunt;
1378 3435 1478 3476 nec
1501 3421 1684 3475 dicunt
1713 3421 1911 3476 exhor-

332 3517 559 3570 taliones
587 3529 712 3570 suas
753 3514 996 3582 impediri
1035 3512 1408 3582 praedicatione
1435 3512 1912 3580 prtedestinationis

333 3607 450 3672 Dei,
480 3606 581 3660 hoe
616 3614 718 3671 est,
747 3603 1124 3674 praedicatione
1151 3603 1219 3657 de
1262 3603 1348 3657 his
1383 3601 1538 3657 donis
1570 3602 1687 3672 ejus
1724 3602 1914 3658 futuris

338 3695 687 3766 praescientize
715 3695 808 3748 Dei
833 3711 846 3748 :
876 3695 955 3748 sic
975 3692 1185 3747 videant
1209 3707 1310 3747 nec
1327 3692 1392 3746 ad
1408 3691 1563 3746 ﬁdem
1579 3707 1678 3747 nec
1700 3692 1766 3746 ad
1796 3709 1913 3762 per-

335 3785 690 3841 severantiam
721 3783 966 3853 impediri
995 3782 1396 3838 exhortationes
1432 3797 1576 3848 suas,
1607 3783 1654 3837 si
1681 3790 1737 3838 et
1779 3783 1912 3852 ipsa,

334 3877 474 3948 quod
505 3891 690 3930 verum
719 3884 822 3938 est,
849 3889 968 3930 esse
991 3873 1084 3928 Dei
1115 3873 1273 3938 dona,
1299 3887 1468 3943 eaque
1498 3873 1838 3943 praecognita,
1863 3872 1913 3926 id

333 3978 439 4036 est,
483 3969 550 4023 ad
593 3967 904 4023 donandum
949 3966 1325 4037 prmdestinata
1367 3980 1486 4022 esse
1529 3965 1790 4030 dicantur;
1821 3965 1916 4020 sed

338 4059 582 4130 impediri
629 4061 806 4130 potius
835 4070 994 4128 atque
1035 4057 1268 4112 subverti
1302 4057 1402 4111 hac
1435 4055 1917 4126 przedestiuationis

339 4151 713 4218 praedicatione
739 4151 889 4204 illum
911 4149 1276 4203 tantummodo
1298 4147 1802 4216 perniciosissimum
1830 4163 1918 4200 er-

338 4256 539 4306 rorem,
584 4256 691 4310 quo
734 4239 947 4298 dicitur.
984 4239 1206 4308 gratiam
1253 4237 1346 4292 Dei
1391 4235 1684 4291 secundum
1728 4238 1917 4291 merita

339 4341 517 4384 nostra
553 4330 686 4396 dari;
718 4337 776 4383 ut
800 4337 888 4399 qui
928 4327 1204 4399 gloriatur,
1233 4341 1339 4382 nou
1368 4328 1421 4382 in
1463 4327 1712 4394 Domino,
1736 4328 1832 4383 sed
1864 4329 1916 4382 in

337 4438 398 4478 se
418 4423 532 4492 ipso
560 4422 833 4492 glorietur.

413 4516 503 4570 45.
529 4515 684 4582 Quod
718 4524 778 4568 ut
805 4521 1042 4583 apertius
1069 4520 1287 4584 propter
1315 4510 1666 4566 tardiusculos
1690 4511 1926 4582 explice-

340 4621 480 4668 mus,
528 4605 938 4659 rcmorationem
965 4603 988 4635 ⁸
1018 4619 1190 4658 meam
1227 4601 1442 4668 ferant,
1467 4602 1660 4672 quibus
1714 4601 1925 4672 ingenio

341 4695 665 4768 pnevolare'
686 4693 940 4748 donatum
973 4703 1076 4748 est.
1105 4693 1240 4748 Dicit
1262 4692 1535 4762 apostolus
1575 4691 1826 4760 Jacobus,
1864 4693 1924 4747 Si

340 4786 452 4854 quis
487 4793 701 4838 uestrum
740 4783 929 4854 indiget
953 4783 1218 4854 sapientia,
1247 4783 1462 4850 postulet
1492 4799 1525 4836 a
1558 4782 1686 4848 Deo,
1715 4784 1800 4854 qui
1835 4783 1924 4836 dat

342 4875 574 4929 omnibus
619 4875 910 4945 afﬂuenter,
947 4881 993 4928 et
1022 4890 1123 4928 non
1169 4873 1592 4944 improperat;et
1635 4873 1836 4928 dabitur
1878 4875 1924 4929 ei

349 4963 554 5036 (Jacobi
579 4981 618 5030 ι,
647 4964 737 5036 5).
766 4964 1030 5034 Scriptum
1061 4971 1146 5019 est
1181 4972 1236 5018 et
1275 4963 1326 5016 in
1356 4963 1658 5018 Proverbiis
1681 4962 1926 5019 Salomo—

345 5059 448 5124 nis,
483 5056 733 5123 Quoniam
773 5056 1022 5111 Dominus
1055 5056 1144 5109 dat
1176 5055 1474 5124 sapientia»:
1536 5055 1715 5128 (Prov.
1738 5072 1796 5120 ll,
1839 5055 1925 5127 6).

349 5152 417 5206 lit
450 5150 520 5205 de
555 5149 881 5204 continentia
924 5150 1114 5219 legitur
1142 5149 1195 5203 iu
1243 5149 1382 5203 libro
1425 5145 1740 5216 Sapientiae,
1778 5147 1930 5218 cujus

350 5245 665 5300 auctoritate
704 5243 785 5298 usi
831 5251 958 5298 sunt
991 5243 1166 5312 magni
1205 5253 1257 5297 et
1300 5242 1443 5299 docti
1477 5243 1594 5309 viri,
1637 5243 1727 5313 qui
1778 5243 1932 5314 longe

413 5359 431 5388 ί
467 5363 582 5405 Iov.
603 5364 655 5416 et
676 5353 860 5416 aliquot
879 5358 1008 5416 uss,
1032 5353 1160 5413 quod
1186 5351 1376 5416 quierit.

411 5419 432 5448 ²
466 5415 678 5479 Nonnulli
728 5413 831 5465 ὡς.
850 5448 866 5474 ,
900 5413 1165 5479 inpetrant
1194 5413 1442 5464 credentes
1466 5414 1581 5479 fide.

418 5479 440 5510 ³
469 5477 573 5538 sola
597 5479 748 5528 editio
773 5484 904 5534 ων..
925 5475 1302 5534 ειὲΙιοι-ιαιὶοηεηι
1337 5475 1522 5538 eorum,
1557 5483 1934 5536 ca’tcrorumque

351 5537 780 5606 praedicationem“:
795 5539 962 5606 minus
977 5544 1133 5586 recte.
1264 5595 1294 5606 Α

416 5599 437 5628 ⁸
469 5609 542 5649 ssc
562 5606 670 5648 Mss.
691 5600 808 5649 ιι·άίιὶ
834 5612 970 5656 vero,
992 5599 1446 5648 remenwrationcm.

417 5662 438 5693 ⁸
474 5661 717 5712 Bernensis
739 5668 802 5712 at:
829 5697 842 5710 .
877 5658 1156 5723 prawalerc.

1577 208 1632 265 S.
1673 205 2040 264 AUGUSTINI
2080 199 2378 262 SPISCUPI

3454 202 3596 259 ιοιιιι

2000 329 2125 375 ante
2165 334 2264 374 nos
2287 319 2493 388 eloquia
2539 318 2714 374 divina
2747 327 3041 374 tractarunt
3071 336 3087 375 :
3117 318 3188 374 ibi
3217 334 3344 390 ergo
3372 320 3589 390 legitur,

1997 410 2124 467 Cum
2150 411 2329 466 scirem
2362 412 2480 481 quia
2509 429 2656 466 nemo
2699 428 2804 466 esse
2830 421 2990 482 potest
3019 412 3298 477 continens,
3321 412 3420 465 nisi
3447 411 3590 465 Deus

1997 506 2076 556 det
2102 520 2120 568 ,'
2149 513 2196 557 et
2230 503 2324 556 hoc
2345 505 2513 573 ipsum
2551 514 2658 557 erat
2687 504 2968 573 sapientiw,
3003 519 3131 558 scire
3155 507 3302 576 cujus
3342 515 3464 559 esset
3495 507 3592 559 hoc

1997 596 2186 647 donum
2232 593 2386 663 (δίῳ.
2415 611 2526 660 vui,
2558 594 2682 664 21).
2713 594 2836 648 llaec
2880 609 3009 662 ergo
3047 595 3136 647 Dci
3181 594 3318 647 dona
3359 605 3502 660 sunt,
3536 596 3587 649 id

1998 695 2101 748 cst,
2133 697 2188 739 ut
2215 686 2282 740 de
2311 686 2430 739 aliis
2471 695 2694 750 taceam,
2719 685 2977 754 sapientia
2999 695 3052 740 et
3093 686 3442 740 continentia.
3477 690 3586 739 Ac-

1998 777 2279 843 quiescunt
2318 785 2373 830 et
2403 776 2489 829 isti
2518 793 2532 830 :
2563 790 2737 845 neque
2766 777 2908 830 enim
2933 776 3199 846 Pelagiani
3230 787 3375 842 sunt,
3401 790 3458 831 ut
3485 779 3583 830 atl-

2000 881 2186 921 vt-rsus
2216 867 2371 920 istam
2415 867 2750 936 perspicuam
2783 867 3059 921 veritatem
3098 867 3229 922 dura
3256 877 3310 923 et
3337 867 3586 922 hmretiea

2000 957 2350 1024 perversitate
2375 956 2722 1010 contendant.
2757 974 2777 1008 ι
2811 957 2917 1012 Sed
2959 957 3092 1022 lucc,
3129 977 3150 1010 ι
3184 958 3445 1028 inquiunt,
3476 977 3494 1010 ι
3531 969 3588 1012 ιιι

2000 1061 2029 1098 a
2078 1047 2186 1100 Deo
2236 1045 2429 1100 dentur
2467 1047 2641 1112 nobis,
2688 1046 2819 1102 ﬁdes
2861 1049 3128 1118 impetrat,
3172 1065 3290 1119 qua:
3338 1049 3519 1119 incipit
3558 1068 3584 1102 a

2000 1137 2188 1190 nobis:
2225 1155 2244 1188 ι
2277 1153 2436 1207 quam
2467 1139 2622 1192 Iidem
2653 1148 2707 1193 et
2734 1139 2970 1208 incipere
2996 1139 3212 1205 habere,
3242 1150 3293 1193 et
3324 1141 3375 1192 iu
3403 1155 3464 1193 ea
3493 1157 3586 1194 us—

1998 1242 2101 1296 que
2146 1227 2198 1281 in
2240 1230 2398 1283 ﬁnem
2445 1243 2777 1296 permanere,
2815 1239 3062 1297 tanquam
3091 1229 3142 1282 id
3173 1246 3276 1283 non
3303 1245 3333 1283 a
3359 1230 3586 1284 Domino

1997 1319 2340 1387 accipiamus,
2373 1329 2614 1372 nostrum
2643 1335 2762 1374 esse
2791 1321 3145 1374 contendunt.
3173 1321 3266 1376 llic
3297 1323 3477 1391 procul
3500 1322 3590 1376 du-

1997 1408 2086 1461 bio
2127 1409 2505 1462 contradicitur
2542 1409 2799 1478 Apostolo
2839 1409 3055 1472 dicenti,
3091 1409 3226 1476 Quid
3265 1427 3397 1463 ennn
3438 1411 3588 1464 habes

1998 1499 2134 1568 quod
2186 1515 2285 1553 non
2331 1499 2567 1568 accepisti
2621 1499 2674 1572 (1
2700 1497 2819 1554 Cor.
2851 1516 2921 1564 tv,
2956 1501 2986 1553 7
3014 1498 3061 1573 )?
3099 1501 3495 1556 Contradicitur
3535 1514 3589 1556 et

1999 1592 2220 1663 martyri
2267 1591 2537 1664 Cypriano
2610 1593 2827 1660 dicenti,
2875 1611 2894 1644 ι
2939 1591 2996 1647 In
3043 1594 3187 1648 nullo
3231 1594 3586 1664 gloriandum,

1999 1681 2209 1750 quando
2247 1691 2486 1736 nostrum
2519 1683 2650 1736 nihil
2687 1686 2754 1737 sit
2777 1700 2796 1734 ι
2821 1682 2923 1754 (Ad
2956 1683 3243 1750 Quirinum,
3275 1685 3362 1738 lib.
3395 1685 3449 1749 5,
3473 1702 3587 1751 cap.

1999 1768 2087 1838 4).
2127 1768 2258 1824 Cum
2297 1769 2412 1825 hmo
2441 1811 2456 1837 ,
2488 1781 2544 1826 et
2580 1771 2681 1824 alia
2723 1772 2887 1824 multa
2936 1787 3055 1841 qua:
3115 1773 3256 1842 piget
3299 1784 3540 1843 repetere
3569 1817 3585 1840 ,

1999 1859 2320 1925 dixerimus;
2353 1870 2509 1930 atque
2563 1861 2970 1928 ostenderimus,
3014 1872 3067 1916 et
3103 1863 3309 1917 initium
3364 1864 3508 1930 lidei,
3533 1875 3588 1920 ct

2005 1963 2169 2019 usque
2208 1951 2262 2004 in
2305 1951 2461 2006 ﬁnem
2496 1951 2968 2021 perseverantiam,
3008 1952 3100 2006 Dei
3129 1952 3265 2007 dona
3295 1969 3414 2008 esse
3446 1970 3462 2019 ;
3489 1971 3588 2010 nec

2003 2041 2106 2095 ulla
2125 2055 2220 2095 sua
2261 2040 2435 2096 futura
2462 2042 2479 2073 ⁸
2509 2041 2646 2097 dona
2677 2083 2692 2106 ,
2720 2051 2775 2098 et
2798 2058 2916 2112 qua:
2955 2042 3129 2097 danda
3165 2053 3363 2107 essent,
3387 2025 3442 2099 et
3465 2046 3587 2114 qui-

2004 2132 2101 2186 bus
2131 2132 2306 2186 danda
2346 2142 2547 2200 essent,
2589 2134 2755 2188 Deum
2796 2149 2900 2187 non
2950 2135 3196 2203 prtescire
3236 2137 3501 2204 potuisse;
3525 2153 3589 2192 ac

2007 2241 2100 2294 per
2143 2225 2243 2279 hoc
2293 2225 2700 2293 pra-destinatos
2737 2225 2926 2280 abillo
2968 2241 3106 2290 esse,
3145 2242 3278 2296 quos
3318 2228 3504 2282 liberat
3536 2238 3591 2284 et

2005 2316 2724 2386 coronatzrespoudendum
2787 2326 2993 2386 putant,
3041 2335 3062 2368 ι
3111 2317 3590 2386 prmdestinationfs

2006 2406 2367 2461 delinitionem
2443 2407 2653 2460 utilitati
2712 2408 3102 2476 praediuitionis
3156 2409 3469 2477 adversam,
3521 2427 3587 2466 eo

2005 2495 2147 2564 quod
2196 2497 2295 2550 hac
2334 2494 2533 2561 audita,
2581 2511 2739 2551 nemo
2787 2497 2953 2566 possit
2990 2498 3338 2567 correptionis
3361 2500 3587 2554 stimulis

2007 2587 2245 2641 excitari.
2280 2605 2300 2639 ι
2336 2587 2458 2642 llzec
2498 2587 2737 2642 dicentes
2775 2589 2960 2644 nolunt
2993 2607 3013 2641 ι
3047 2589 3348 2646 hominibus
3392 2593 3586 2663 praedi-

2007 2679 2118 2734 cari
2146 2677 2283 2732 dona
2307 2678 2405 2732 Dei
2435 2693 2574 2746 esse,
2593 2688 2650 2733 ut
2672 2679 2908 2733 veniatur
2923 2679 2989 2734 ad
3012 2679 3189 2748 ﬁdem,
3204 2690 3256 2734 et
3273 2696 3587 2751 permanea-

2012 2778 2094 2822 tur
2125 2768 2176 2822 in
2207 2769 2332 2832 ﬁde,
2355 2783 2422 2824 ne
2449 2769 2566 2838 plus
2599 2769 2898 2838 desperatio
2913 2787 3069 2840 quam
3098 2772 3400 2828 exhortatio
3421 2773 3493 2844 (a)
3514 2775 3590 2829 vi-

2011 2859 2200 2913 deatur
2242 2859 2442 2926 all‘erri,
2483 2860 2609 2914 dum
2648 2860 2880 2930 cogitant
2917 2863 3006 2932 qui
3053 2861 3290 2930 audiunt,
3333 2865 3591 2920 incertum

2013 2963 2132 3003 esse
2161 2949 2406 3003 humanae
2444 2950 2752 3020 ignorantia:
2777 2951 2860 3005 cui
2896 2951 3149 3022 largiatur
3178 2953 3338 3019 Deus,
3364 2955 3449 3008 cui
3489 2971 3593 3009 non

2013 3041 2265 3111 largiatur
2295 3041 2410 3096 htcc
2432 3042 2591 3096 dona.
2620 3061 2640 3094 ι
2661 3042 2771 3097 Cur
2797 3057 2924 3112 ergo
2947 3053 3001 3096 et
3031 3043 3129 3113 ipsi
3157 3043 3430 3099 nobiscum
3459 3061 3595 3114 pra:-

2016 3134 2215 3198 dicant,
2247 3133 2385 3188 dona
2429 3134 2522 3189 Dei
2564 3149 2683 3189 esse
2730 3133 3043 3202 sapientiam
3083 3143 3141 3191 et
3180 3138 3597 3192 continentiam?

1951 3235 1962 3240 ‘
2023 3223 2173 3289 Quod
2219 3225 2262 3278 si
2300 3225 2413 3278 hmc
2455 3240 2576 3279 cum
2618 3225 2708 3279 Dei
2751 3225 2888 3279 dona
2928 3241 3048 3280 esse
3089 3227 3459 3296 prtcdicantur,
3492 3246 3598 3284 non

2016 3313 2301 3382 impeditur
2343 3313 2577 3368 hortatio
2618 3330 2721 3384 qua
2763 3315 3007 3370 homines
3051 3316 3328 3371 hortamur
3353 3333 3472 3373 esse
3509 3334 3594 3374 sa-

2014 3406 2222 3475 pientes
2244 3415 2299 3458 et
2321 3406 2684 3468 continentes;
2713 3421 2831 3476 qua:
2863 3406 3074 3461 tandem
3113 3423 3270 3461 causa
3297 3419 3378 3463 est
3415 3419 3469 3462 ut
3489 3410 3599 3463 exi-

2014 3497 2230 3550 Stimeut
2257 3495 2501 3564 impediri
2524 3495 2971 3562 exhortationem,
2995 3512 3098 3566 qua
3129 3497 3473 3551 exhortamur
3498 3498 3598 3552 ho-

2016 3587 2188 3640 mines
2214 3586 2397 3641 venire
2433 3585 2500 3640 ad
2535 3585 2715 3651 ﬁdem,
2747 3595 2803 3642 et
2831 3587 2883 3640 in
2909 3603 2971 3641 ea
3000 3602 3330 3655 permanere.
3354 3603 3519 3658 usque
3550 3589 3602 3643 in

1967 3705 1978 3716 ι
2017 3677 2199 3742 tinem,
2227 3678 2272 3732 si
2298 3687 2352 3733 et
2377 3678 2490 3733 htec
2525 3677 2664 3733 dona
2710 3679 2800 3734 Dei
2839 3693 2958 3734 esse
2983 3678 3247 3748 dicantur,
3279 3680 3421 3750 quod
3463 3680 3578 3736 Scri

2020 3767 2186 3836 pturis
2216 3765 2334 3836 ejus
2360 3768 2586 3823 testibus
2611 3769 3025 3838 comprobatur?

2088 3877 2177 3930 44.
2214 3878 2434 3940 Ecce,ut
2461 3876 2528 3930 de
2549 3877 2872 3931 continentia
2909 3887 3198 3939 taceamus,
3221 3886 3271 3930 et
3300 3876 3368 3930 de
3403 3877 3513 3930 sola
3553 3879 3603 3932 in

2021 3967 2124 4021 hoc
2157 3967 2276 4020 loco
2310 3966 2568 4034 sapientia
2598 3967 2963 4035 disputemus;
2998 3981 3188 4035 nempe
3217 3981 3374 4035 supra
3404 3981 3606 4020 memo-

2021 4068 2170 4114 ratus
2203 4057 2475 4128 apostolus
2499 4056 2731 4111 Jacobus
2759 4057 2905 4119 dicit,
2944 4057 3072 4122 Qua:
3107 4057 3368 4111 desursum
3406 4069 3478 4110 est
3522 4074 3607 4111 sa.-

2021 4150 2232 4221 pientia,
2279 4149 2498 4219 primum
2536 4147 2738 4217 quidem
2779 4147 2962 4216 pudica
3011 4157 3104 4213 est,
3153 4148 3332 4202 deinde
3371 4149 3604 4218 paciﬁca,

2021 4242 2267 4306 modesta,
2290 4239 2574 4303 suadibilis,
2610 4239 2759 4310 plena
2788 4239 3134 4292 misericordia
3171 4249 3216 4292 et
3249 4241 3493 4310 fructibus
3523 4240 3604 4293 bo-

2023 4336 2134 4388 nis'
2169 4377 2184 4400 ,
2212 4332 2597 4398 intestimabilis,
2629 4331 3098 4386 sine-simulatione
3136 4329 3339 4401 (Jacobi
3375 4347 3454 4398 Ill,
3487 4332 3606 4403 17).

2023 4429 2343 4492 Cernitisne,
2369 4427 2610 4491 obsecro,
2640 4441 2671 4479 a
2699 4425 2854 4480 Patre
2875 4425 3131 4479 luminum
3158 4425 3414 4493 sapientia
3447 4440 3605 4494 quam

2025 4519 2206 4574 multis
2246 4527 2300 4573 et
2343 4519 2547 4586 magnis
2594 4515 2748 4572 bonis
2789 4513 3024 4572 referta'
3076 4515 3399 4571 descendat?
3450 4515 3612 4570 Omne

2025 4609 2220 4679 quippe
2263 4607 2437 4662 datum
2476 4607 2744 4678 Optimum,
2789 4607 2925 4660 sicut
2973 4604 3113 4659 idem
3167 4603 3316 4670 dicil,
3355 4613 3402 4657 et
3463 4620 3610 4658 omne

2026 4700 2214 4752 denunt
2259 4697 2533 4767 perfectum
2579 4697 2840 4751 desursum
2865 4704 2966 4760 est,
3023 4695 3325 4749 descendens
3375 4712 3408 4747 a
3457 4694 3616 4748 Patre

2030 4790 2278 4843 luminum
2327 4786 2436 4859 (Id.
2461 4803 2499 4851 ι,
2527 4785 2638 4858 17).
2667 4787 2775 4841 Cur
2815 4803 2964 4856 ergo,
3012 4797 3066 4840 ut
3103 4788 3346 4841 omittam
3397 4797 3613 4854 extera,

2029 4879 2347 4947 corripimus
2395 4877 2691 4944 impudicos
2719 4885 2772 4932 et
2804 4878 3186 4942 comentiosos,
3210 4878 3402 4948 quibus
3440 4889 3616 4933 tamen

2033 4969 2382 5039 praedicamus
2427 4967 2625 5022 d0uum
2666 4968 2759 5022 Dei
2811 4983 2931 5022 esse
2982 4969 3315 5037 sapientiam,
3348 4971 3614 5040 pudicam,

2031 5072 2187 5130 atque
2214 5060 2519 5130 pacilicam;
2550 5075 2648 5115 nec
2677 5059 2925 5113 timemus
2959 5075 3025 5112 ne
3053 5061 3273 5128 permoti
3304 5063 3497 5117 divinte
3519 5081 3616 5117 vo-

2037 5154 2253 5208 luntatis
2298 5154 2522 5216 incerto,
2557 5153 2672 5222 plus
2713 5152 2766 5205 in
2807 5151 2906 5205 hac
2953 5151 3326 5219 praedicatione
3365 5156 3618 5225 despera-

2036 5245 2193 5298 tionis
2221 5259 2378 5313 quam
2407 5242 2790 5298 exhortationis
2819 5240 3123 5306 inveniant;
3155 5258 3252 5297 nec
3269 5245 3618 5314 correptionis

2099 5355 2114 5420 ξ
2151 5353 2288 5420 miti,
2308 5353 2476 5420 futura
2495 5365 2615 5404 esse.
2638 5353 2800 5420 Abest,
2822 5364 2942 5420 esse,
2966 5363 2995 5401 a
3020 5360 3124 5402 Mss.

2098 5417 2118 5446 '
2149 5412 2457 5478 Corheiensis
2493 5423 2592 5478 διὰ,
2628 5412 2960 5478 misericordia
3002 5421 3048 5464 et
3087 5413 3309 5478 operibus
3347 5413 3500 5466 bonis.
3526 5420 3621 5464 al.1-

2036 5477 2262 5538 nuscripti
2285 5477 2366 5525 alii
2389 5485 2439 5525 et
2459 5477 2600 5534 editi,
2622 5473 2986 5525 misericordiw.

2100 5540 2121 5570 ³
2153 5535 2217 5585 Ad
2241 5539 2507 5600 marginem
2520 5538 2795 5600 lirasmiana
2819 5539 2967 5600 editio
2992 5537 3156 5590 habet.
3181 5554 3202 5582 ι
3223 5543 3296 5600 ax.
3319 5535 3500 5600 fulta.)

2102 5600 2174 5672 (a)
2194 5665 2199 5671 O
2217 5594 2374 5659 uorti,
2387 5613 2456 5710 ‘nie
2479 5597 2583 5662 plus
2602 5597 2948 5664 desperationis
2985 5611 3127 5663 quam
3149 5594 3518 5660 exhortatimds,
3553 5594 3623 5646 si—

2104 5672 2119 5710 l
2141 5677 2276 5710 lllJ‘il.
2301 5675 2352 5710 11.
2444 5697 2456 5710 .

2043 5672 2119 5712 cut
2141 5677 2276 5724 tura,
2301 5675 2352 5710 n.
2387 5672 2456 5710 ιι.
