4008 6178
395 242 535 296 1021

381 357 636 410 stimulis
664 353 918 408 adversus
946 369 1006 409 se
1050 352 1210 422 ipsos,
1237 351 1330 406 sed
1379 350 1552 421 potius
1591 350 1847 404 adversus
1888 363 1988 404 nos

383 451 730 514 excitentur,
760 447 878 516 quia
921 461 1014 500 eos
1056 445 1371 513 corripimus
1411 441 1526 496 haec
1564 457 1668 496 non
1709 442 1987 504 habentes,

382 555 519 608 qua:
553 539 652 608 ipsi
678 537 901 591 dicimus
933 551 1040 589 non
1070 534 1297 588 humana
1322 533 1591 586 voluntate
1618 531 1866 600 proferri,
1896 529 1991 584 sed

384 631 585 684 divina
609 629 849 698 largitate
867 625 1095 680 donari?
1116 622 1224 680 Cur
1245 623 1475 693 denique
1497 623 1668 692 ipsum
1691 620 1992 690 apostolum

382 721 660 776 Iacobum
684 719 841 788 hujus
856 716 1040 788 gratia:
1069 715 1370 785 praedicatio
1401 730 1505 767 non
1536 711 1797 767 deterruit
1821 710 1992 764 corri-

387 827 535 879 pere
579 809 858 879 inquietos,
891 816 943 861 et
973 807 1167 872 dicere,
1204 805 1264 858 Si
1305 805 1467 857 zelum
1505 819 1737 855 amarum
1780 801 1991 864 habetis,

382 911 435 954 et
465 900 819 953 contentiones
849 907 964 951 sunt
1007 898 1059 949 in
1093 895 1327 948 cordibus
1365 893 1558 958 vestris,
1590 891 1746 945 nolite
1787 891 1996 960 gloriari

385 1001 437 1044 et
472 991 745 1044 mendaces
793 1005 899 1044 esse
938 989 1173 1042 adversus
1215 987 1465 1064 veritatem
1489 1001 1628 1038 :non
1666 993 1737 1037 est
1772 985 1869 1036 ista
1908 999 1994 1035 sa-

387 1081 598 1148 pientia
643 1080 908 1134 desursum
961 1077 1300 1141 descendens;
1329 1075 1418 1130 sed
1469 1086 1682 1137 terrena,
1736 1072 1992 1138 animalis,

386 1171 658 1226 diabolica
688 1185 706 1224 :
735 1170 819 1222 ubi
848 1169 978 1222 enim
998 1170 1133 1220 zelus
1159 1178 1203 1219 et
1226 1165 1498 1230 contentio,
1531 1164 1600 1217 ibi
1630 1165 1989 1229 inconstantia,

384 1272 436 1315 et
463 1278 622 1315 omne
648 1277 773 1330 Opus
800 1275 1008 1329 pravum
1057 1257 1261 1328 (Jacobi
1289 1273 1363 1321 Ili,
1397 1254 1633 1325 lli-16)?
1680 1253 1826 1309 Sicut
1871 1269 2000 1323 ergo

384 1350 725 1420 corripiendi
754 1360 876 1404 sunt
905 1348 1146 1417 inquieti,
1198 1356 1249 1402 et
1275 1347 1466 1401 divinis
1494 1345 1722 1414 eloquiis
1747 1345 1991 1408 testibus,

385 1452 444 1497 et
478 1443 618 1511 ipsis
643 1457 777 1512 quos
800 1441 1074 1496 nobiscum
1112 1440 1197 1493 isti
1220 1453 1530 1493 communes
1556 1438 1758 1492 habent
1791 1435 1998 1490 actibus

387 1534 606 1587 nostris
631 1549 646 1599 ;
676 1547 849 1602 neque
883 1531 1020 1584 hanc
1049 1528 1274 1598 impedit
1301 1528 1717 1598 corrcptionem,
1749 1527 1891 1596 quod
1913 1540 2000 1578 sa-

388 1623 660 1692 pientiam
689 1621 991 1692 paciﬁcum,
1019 1636 1124 1690 qua
1146 1618 1461 1674 contentiosi
1483 1619 1820 1686 corriguntur
1843 1625 2000 1684 atque

387 1723 688 1778 sanantur,
708 1711 904 1766 donum
927 1710 1021 1764 Dei
1038 1725 1156 1764 esse
1175 1708 1523 1779 praedicamus
1550 1726 1562 1762 :
1589 1709 1656 1760 ita
1680 1705 1999 1775 corripiendi

390 1812 531 1858 sunt
580 1802 842 1868 infideles,
876 1802 958 1856 vel
987 1801 1040 1855 in
1069 1801 1171 1855 fide
1214 1815 1319 1854 non
1349 1807 1739 1868 permanentes,
1770 1811 1874 1850 non
1899 1795 1999 1848 im-

391 1894 660 1963 pediente
716 1893 871 1946 istam
937 1890 1327 1960 corrcptionem
1395 1887 1773 1958 praedicatione
1818 1885 2003 1954 gratiae

391 1984 521 2050 Dei,
566 1999 686 2054 quae
725 1982 884 2037 Iidem
928 1997 1138 2051 quoque
1181 1980 1351 2049 ipsam
1395 1990 1448 2032 et
1494 1981 1548 2031 In
1575 1991 1636 2031 ea
1676 1975 2003 2045 permansio-

389 2090 529 2129 nem
557 2073 699 2128 dona
729 2071 825 2127 Dei
847 2086 970 2127 esse
994 2069 1354 2136 commendat.
1390 2067 1524 2133 Quia
1549 2066 1647 2120 etsi
1676 2081 1740 2118 ex
1773 2064 1876 2118 Iide
1907 2067 2006 2116 im-

389 2174 652 2236 petratur
696 2162 983 2232 sapientia,
1012 2161 1149 2214 sicut
1194 2159 1308 2227 ipse
1335 2156 1569 2210 Iacobus
1593 2170 1714 2209 cum
1763 2154 2004 2218 dixisset,

388 2256 460 2310 Si
494 2256 614 2325 quis
659 2263 878 2306 vestrum
917 2250 1103 2320 indiget
1157 2248 1426 2320 sapientia,
1461 2247 1673 2316 postulet
1704 2243 1885 2308 aDeo,
1923 2243 2008 2312 qui

387 2347 492 2398 (lat
540 2345 771 2398 omnibus
806 2343 1080 2412 affluenter,
1109 2350 1155 2393 et
1192 2355 1294 2392 non
1337 2339 1663 2406 improperat,
1705 2346 1750 2387 et
1794 2334 1992 2387 dabitur

390 2429 484 2494 ei;
518 2443 647 2481 mox
674 2425 898 2488 addidit,
930 2423 1156 2477 Postulel
1185 2431 1351 2473 autem
1382 2421 1434 2473 in
1464 2419 1585 2488 ﬁde,
1609 2418 1737 2471 nihil
1764 2418 2003 2470 hwsitans

397 2518 518 2588 (Id.
559 2533 576 2570 ι
603 2557 618 2582 ,
647 2517 700 2580 5,
735 2514 787 2585 6)
818 2533 830 2568 :
865 2529 968 2568 non
997 2523 1169 2566 tamen
1197 2511 1447 2580 quoniam
1475 2508 1606 2564 fides
1647 2507 1803 2562 datur
1831 2507 2000 2575 prius-

399 2623 573 2678 quam
606 2607 902 2677 postuletur
931 2605 996 2657 ab
1030 2603 1118 2657 illo
1163 2602 1248 2656 cui
1278 2600 1466 2667 datur,
1512 2599 1631 2654 ideo
1677 2598 1897 2653 dicenda
1926 2609 2008 2652 est

401 2717 516 2757 non
549 2716 671 2756 esse
691 2699 888 2754 donum
918 2697 1010 2751 Dei
1037 2738 1050 2760 ,
1083 2694 1178 2750 sed
1204 2708 1324 2749 esse
1349 2709 1378 2746 a
1405 2693 1556 2748 nobis
1581 2734 1595 2759 ,
1626 2692 1744 2762 quia
1776 2691 1895 2744 data
1925 2700 2008 2744 est

404 2794 588 2860 nobis,
614 2808 717 2848 non
747 2789 1051 2862 petentibus
1079 2787 1250 2842 nobis.
1280 2787 1568 2856 Apostolus
1607 2784 1749 2839 enim
1779 2783 2006 2853 apertis-

403 2887 547 2940 sime
583 2885 711 2939 dicit
740 2901 755 2938 :
787 2881 906 2936 Pas:
952 2880 1192 2952 fratribus
1231 2887 1274 2932 et
1312 2878 1532 2933 charitas
1560 2893 1674 2930 cum
1715 2875 1817 2943 fide
1841 2891 1873 2927 a
1902 2873 2008 2927 Deo

408 2976 573 3030 Patre
598 2986 642 3030 et
682 2973 899 3028 Domino
925 2971 1049 3026 Jesn
1080 2970 1281 3024 Christo
1323 2967 1536 3040 (Ephes.
1565 2984 1618 3022 γι
1640 3010 1655 3034 ,
1681 2964 1797 3038 25).
1826 2969 1870 3020 Δ
1900 2981 2006 3035 quo

401 3085 546 3139 ergo
600 3083 698 3136 pax
750 3075 805 3120 et
857 3063 1123 3130 charitas,
1171 3062 1238 3116 ab
1268 3062 1357 3115 illo
1395 3070 1478 3114 est
1520 3068 1573 3114 et
1601 3058 1756 3126 fides,
1791 3067 2010 3126 propter

403 3159 557 3229 quod
573 3159 638 3213 ab
669 3157 760 3211 illo
780 3172 897 3211 eam
926 3171 1031 3208 non
1057 3154 1227 3207 solum
1257 3151 1436 3221 augeri
1467 3150 1802 3214 habentibus,
1827 3163 2008 3202 verum

403 3251 578 3304 etiam
610 3264 714 3301 non
740 3244 1056 3300 habentibus
1089 3241 1356 3312 poscimus
1381 3239 1518 3294 dari.

476 3341 576 3396 £5.
607 3339 790 3409 Neque
841 3336 964 3402 isti,
997 3343 1214 3405 propter
1260 3347 1393 3403 quos
1439 3332 1554 3385 haec
1605 3328 1830 3382 dicimus
1858 3369 1872 3392 ,
1915 3327 2006 3396 qui

414 3429 798 3502 prmdicatione
845 3423 1324 3496 prrdestinationis
1366 3429 1420 3476 et
1445 3420 1630 3490 gratiae
1679 3417 2008 3473 exhortatio-

418 3537 539 3576 nem
571 3519 845 3574 clamitant
866 3512 1211 3584 impcdiri,ad
1234 3512 1346 3567 sola
1366 3511 1455 3564 illa
1479 3508 1826 3563 exhortantur
1844 3505 2006 3572 dona,

418 3627 539 3682 quae
583 3624 688 3664 non
718 3623 748 3661 a
795 3607 904 3661 Dco
930 3604 1044 3660 dari
1071 3645 1085 3667 ,
1115 3603 1205 3657 sed
1236 3617 1266 3654 a
1293 3600 1445 3654 nobis
1479 3613 1599 3652 csse
1644 3594 1969 3650 contendunt
1989 3634 2004 3660 ,

417 3707 556 3760 sicut
581 3712 705 3758 sunt
744 3701 948 3756 initium
979 3697 1134 3762 fidei,
1163 3704 1216 3750 et
1249 3695 1302 3747 in
1323 3708 1387 3747 ea
1417 3705 1584 3760 usque
1615 3707 1666 3744 In
1696 3690 1854 3743 ﬁnem
1884 3701 2009 3756 per-

420 3793 719 3850 severantia
753 3809 765 3845 :
795 3789 934 3862 quod
958 3789 1139 3858 utique
1167 3786 1345 3840 facere
1371 3783 1629 3836 deberent
1661 3820 1675 3843 ,
1701 3788 1757 3832 ut
1783 3789 2012 3832 tantum-

421 3885 582 3940 modo
610 3882 850 3939 infideles
877 3880 1219 3934 hortarentur
1248 3884 1304 3930 ut
1332 3872 1630 3938 crederent,
1663 3878 1717 3925 et
1744 3869 1924 3923 fideles
1956 3876 2014 3922 ut

422 3975 644 4030 credere
675 3974 692 4005 ί
721 3976 1112 4043 permanerent.
1142 3967 1217 4021 Ea
1264 3981 1392 4018 vero
1439 3979 1559 4033 qua:
1600 3961 1873 4015 nobiscum
1921 3959 2014 4013 Dei

422 4068 563 4123 dona
589 4081 710 4121 esse
755 4079 861 4120 non
893 4071 1118 4132 negant,
1153 4068 1210 4116 ut
1251 4055 1894 4124 nobiseum-Pelagianam
1921 4052 2017 4107 de-

427 4160 714 4215 moliantur
759 4172 998 4212 errorem
1022 4195 1037 4220 ,
1067 4154 1202 4207 sicut
1233 4160 1314 4206 est
1340 4149 1623 4220 pudicitia,
1651 4145 1974 4202 continentia
1998 4186 2012 4210 ,

428 4251 679 4320 patientia
703 4291 717 4313 ,
749 4258 801 4303 et
841 4256 1034 4302 cmtera
1065 4244 1255 4314 quibus
1297 4250 1437 4296 recte
1468 4240 1659 4294 vivitur
1679 4279 1694 4304 ,
1726 4245 1779 4292 et
1808 4253 1873 4290 ex
1915 4236 2018 4292 Iide

429 4341 780 4410 impetrantur
808 4353 837 4391 a
887 4335 1112 4389 Domino
1141 4375 1155 4398 ,
1189 4331 1388 4386 oranda
1415 4337 1716 4382 monstrare
1759 4335 1813 4381 et
1863 4342 2018 4380 orare

430 4431 601 4486 solum
632 4429 716 4483 vel
741 4428 840 4482 sibi
869 4425 950 4480 vel
980 4425 1097 4478 aliis
1124 4422 1456 4484 debuerunt;
1487 4433 1592 4472 non
1621 4426 1795 4471 autem
1826 4432 2017 4486 quem-

433 4539 625 4592 quam,
655 4529 712 4574 ut
748 4535 808 4574 ea
853 4523 1155 4587 capesseret
1187 4522 1239 4568 et
1287 4511 1574 4574 retineret,
1626 4507 1845 4562 hortari.
1885 4505 2019 4560 Cum

434 4628 562 4668 vero
606 4621 660 4666 et
707 4609 773 4663 ad
800 4609 917 4662 lucc
959 4603 1339 4665 exhortantur,
1377 4610 1432 4654 ut
1463 4606 1716 4669 possunt,
1747 4607 1906 4665 atque
1931 4612 2023 4650 es-

436 4702 727 4759 hortandos
755 4715 875 4756 esse
904 4697 1150 4752 homines
1188 4693 1541 4756 conﬁtentur;
1571 4690 1702 4746 satis
1723 4690 1906 4760 utique
1932 4704 2021 4744 os-

438 4795 688 4858 tendunt,
713 4806 810 4846 nec
839 4805 900 4844 ea
926 4785 1299 4858 prmdicatione
1327 4781 1569 4852 impediri
1599 4779 2020 4844 exhortationes,

437 4888 547 4941 sive
571 4885 636 4938 ad
659 4884 834 4948 Iidem,
859 4882 972 4935 sive
995 4879 1062 4934 ad
1095 4877 1540 4950 perseverantiam
1568 4891 1737 4945 usque
1759 4873 1811 4927 iu
1841 4873 2021 4936 linem,

438 4979 557 5044 quia
605 4985 658 5030 et
701 4975 800 5029 ista
830 4974 921 5028 Dei
965 4971 1104 5026 dona
1131 4953 1252 5025 esse
1273 5011 1287 5034 ,
1316 4983 1416 5024 nec
1457 4984 1486 5022 a
1516 4983 1576 5023 se
1603 4967 1718 5037 ipso
1743 4965 2019 5034 cuiquam,

441 5069 529 5123 sed
558 5069 624 5123 ab
654 5068 743 5121 illo
770 5065 927 5120 tribui
959 5063 1325 5134 prmdicamus.

509 5163 598 5217 46.
640 5163 708 5216 At
757 5159 922 5221 enim,
959 5177 978 5211 ι
1015 5157 1144 5211 vitio
1173 5170 1270 5210 suo
1321 5153 1547 5224 quisque
1591 5149 1790 5205 deserit
1829 5146 2022 5211 fidem,

443 5271 558 5307 cum
589 5252 728 5308 cedit
772 5251 1051 5306 tentationi
1093 5259 1252 5319 atque
1296 5245 1589 5311 consentit,
1621 5258 1721 5313 qua
1768 5257 1887 5296 cum
1934 5239 2026 5293 illo

443 5356 611 5415 agitur
640 5357 697 5399 ut
733 5344 946 5399 deserat
989 5342 1164 5396 fidem.
1197 5359 1214 5392 ι
1250 5339 1380 5405 Quis
1412 5337 1607 5406 negat?
1639 5333 1743 5389 Sed
1774 5348 1879 5386 non
1908 5331 2026 5384 ideo

446 5437 662 5490 dicenda
713 5443 794 5489 est
848 5435 901 5487 iu
950 5431 1053 5487 fide
1098 5429 1485 5500 perseverantia
1533 5442 1638 5480 non
1675 5439 1792 5479 esse
1825 5423 2024 5476 donum

452 5528 557 5584 Dei.
589 5527 732 5583 [huc
760 5543 900 5580 L‘llllll
933 5522 1165 5593 quotidie
1187 5521 1390 5590 poscit,
1414 5519 1500 5590 qui
1531 5517 1656 5572 dicit
1679 5558 1694 5583 ,
1728 5513 1810 5568 Ne
1832 5530 1921 5567 nos
1948 5514 2026 5565 in-

565 5709 660 5751 Αιιι.
685 5707 732 5752 et
756 5707 850 5762 t‘.r.,
889 5709 937 5750 ut
961 5699 1221 5750 credentes.
1262 5697 1539 5748 .‘ioulllt'nsis
1567 5705 1667 5758 315.,
1693 5702 1739 5745 nt
1765 5689 1966 5744 creduli.

1462 235 1665 292 LIBER
1705 235 1793 291 DE
1835 230 2016 288 ΒΟΝο
2053 189 2666 294 ΡΕιιδΕγΕΜΝι-Μι.

3544 237 3682 293 i022

2105 353 2234 421 {eras
2262 351 2314 404 in
2343 352 2660 405 tcntationem
2700 347 2912 422 (Matth.
2938 364 2989 404 vr
3009 391 3026 416 ,
3054 349 3143 420 l3)
3170 366 3185 416 ;
3214 359 3268 406 et
3305 349 3350 405 si
3377 351 3679 415 exauditur,

2099 441 2235 496 hanc
2287 442 2480 511 accipit
2515 460 2528 495 :
2566 457 2627 496 ac
2678 457 2773 512 per
2809 441 2938 509 hoc,
2983 441 3220 512 quotidie
3260 451 3316 496 ut
3371 455 3683 511 perseveret

2099 540 2310 600 petens,
2345 533 2582 601 profecto
2610 533 3023 601 perseverantia:
3067 547 3176 587 sua:
3201 547 3352 602 spem
3383 549 3490 587 non
3519 533 3572 588 in
3621 549 3683 590 se

2057 653 2060 656 η
2099 623 2213 691 ipso
2237 664 2252 688 ,
2283 621 2377 677 sed
2425 623 2479 676 in
2507 623 2618 677 Deo
2645 624 2810 691 ponit.
2839 622 2953 693 Ego
2998 633 3175 678 autem
3214 623 3338 678 nolo
3361 638 3682 695 exaggerate

2100 713 2233 767 meis
2253 711 2427 767 verbis
2451 753 2466 777 ,
2498 715 2593 766 sed
2621 713 2723 766 illis
2743 713 3081 782 cogitandum
3108 714 3281 782 potius
3310 713 3554 784 relinquo
3577 754 3594 779 ,
3624 723 3683 768 ut

2097 797 2314 855 videant
2365 802 2520 870 quale
2549 802 2619 855 sit
2656 802 2797 871 quod
2841 802 2942 856 sibi
2989 812 3399 871 persuaserunt,
3429 821 3449 856 ‹
3481 803 3680 872 prtedi-

2100 891 2307 946 catione
2353 890 2839 962 prmdestinationis
2887 893 3222 949 audientibus
3266 894 3382 962 plus
3424 894 3684 964 despera-

2103 984 2259 1037 tionis
2285 999 2443 1053 quam
2485 983 2869 1038 exhortationis
2892 983 3093 1040 ali‘erri.
3127 1003 3146 1036 ι
3184 985 3296 1040 Hoc
3317 995 3401 1042 est
3423 987 3565 1041 enim
3604 984 3658 1038 di
3680 1016 3704 1025 -

2102 1087 2246 1138 ccrc,
2281 1082 2405 1128 tunc
2429 1072 2496 1128 de
2521 1088 2616 1128 sua
2642 1075 2812 1128 salute
2843 1073 3114 1128 hominem
3143 1073 3451 1142 desperare,
3471 1073 3684 1145 quando

2103 1179 2250 1234 spem
2277 1179 2427 1219 suam
2471 1180 2578 1218 non
2607 1165 2659 1218 in
2703 1179 2762 1219 se
2785 1164 2899 1234 ipso
2923 1205 2939 1231 ,
2965 1164 3059 1221 sed
3081 1166 3133 1218 in
3173 1165 3284 1220 Deo
3323 1165 3565 1221 didicerit
3585 1180 3685 1236 po-

2104 1271 2234 1310 nere
2271 1274 2284 1308 :
2317 1272 2436 1310 cum
2482 1257 2740 1325 prOpheta
2789 1258 3011 1321 clamet,
3057 1255 3362 1311 Maledictus
3388 1257 3549 1312 omnis
3598 1258 3685 1328 qui

2103 1363 2242 1416 spem
2266 1347 2410 1400 habet
2435 1348 2487 1400 in
2513 1347 2714 1402 homine
2739 1345 2952 1416 (Jerem.
2979 1363 3084 1401 xvn
3104 1388 3119 1412 ,
3147 1347 3236 1419 5).

2173 1439 2262 1492 47.
2309 1439 2432 1492 Hazc
2459 1439 2634 1508 itaque
2675 1439 2812 1493 dona
2843 1439 2970 1506 Dei,
3009 1455 3128 1508 quas
3155 1439 3354 1495 dantur
3389 1440 3574 1496 electis
3601 1455 3688 1497 se-

2107 1530 2337 1584 cundum
2367 1531 2460 1585 Dei
2502 1532 2832 1600 pr0positum
2862 1533 3097 1599 vocatis,
3124 1532 3179 1586 in
3207 1533 3401 1602 quibus
3424 1532 3580 1587 donis
3604 1543 3689 1588 est

2107 1632 2160 1674 et
2208 1621 2440 1691 incipere
2465 1621 2685 1676 credere
2707 1663 2722 1687 ,
2748 1629 2801 1676 et
2830 1622 2882 1675 in
2913 1620 3017 1676 fide
3061 1636 3231 1692 usque
3255 1621 3322 1675 ad
3364 1621 3486 1676 vitae
3528 1620 3687 1692 hujus

2109 1711 2390 1764 terminum
2431 1726 2804 1780 perseverare,
2849 1711 2985 1766 sicut
3024 1720 3170 1766 tanta
3220 1711 3484 1766 rationum
3531 1720 3689 1782 atque

2106 1801 2474 1854 auctoritatum
2499 1802 2884 1856 contestatione
2904 1801 3262 1872 probavimus;
3285 1803 3420 1868 hzee,
3448 1801 3686 1873 inquam,

2109 1888 2202 1943 Dei
2241 1889 2379 1944 dona
2399 1931 2414 1956 ,
2446 1890 2489 1944 si
2522 1891 2662 1945 nulla
2691 1899 2773 1946 est
2804 1891 3202 1961 prtedestinatio
3243 1907 3404 1962 quam
3441 1891 3690 1948 delendi-

2109 1995 2260 2044 mus,
2289 1997 2394 2034 non
2441 1981 2796 2049 prmsciuntur
2831 1996 2863 2035 a
2895 1981 3007 2038 Deo
3039 1999 3052 2036 :
3083 1981 3434 2051 praesciuntur
3473 1990 3688 2047 autem;

2111 2073 2226 2126 tneo
2251 2081 2334 2125 est
2363 2073 2518 2140 igitur
2543 2072 2937 2140 praedestinatio
2963 2088 3122 2142 quam
3150 2072 3508 2128 defendimus.

2182 2159 2408 2215 CAPUT
2455 2160 2640 2214 XVIII.
2669 2189 2742 2200 —
2769 2161 2922 2217 Unde
2944 2161 3228 2232 aliquando
3263 2161 3450 2217 eadem
3482 2161 3692 2231 praede-

2113 2247 2332 2303 stinatio
2358 2249 2684 2318 signiﬁcatur
2708 2251 2866 2304 etiam
2911 2251 3128 2305 nomine
3154 2251 3525 2320 prtescientize,
3551 2250 3690 2305 sicut

2113 2339 2187 2392 ait
2212 2340 2495 2408 Apostolus
2516 2380 2530 2404 ,
2562 2339 2682 2394 Non
2724 2339 2908 2408 repulit
2933 2339 3070 2393 Deus
3103 2341 3297 2410 plebem
3318 2357 3466 2395 suam
3486 2384 3500 2406 ,
3541 2356 3695 2410 quam

2113 2430 2378 2499 prazscivit.
2407 2429 2500 2483 llic
2525 2430 2665 2499 quod
2689 2429 2795 2495 ait,
2827 2430 3074 2499 prtescivit
3093 2471 3108 2496 ,
3139 2447 3245 2485 non
3271 2440 3418 2486 recte
3443 2430 3695 2500 intelligi-

2114 2531 2198 2575 tur
2218 2564 2232 2587 ,
2267 2521 2400 2585 nisi,
2445 2521 2838 2590 praedestinavit
2869 2539 2883 2575 :
2915 2521 3060 2592 quod
3102 2521 3499 2577 circumstantia
3525 2521 3696 2592 ipsius

2112 2612 2357 2667 lectionis
2379 2613 2396 2643 ⁸
2427 2612 2680 2668 ostendit.
2711 2612 3047 2683 Loquebatur
3073 2613 3217 2668 enim
3247 2612 3316 2668 de
3343 2613 3580 2684 reliquiis
3601 2613 3698 2670 Ju-

2113 2702 2350 2756 daeorum
2371 2744 2386 2766 ,
2413 2717 2533 2772 quae
2555 2702 2717 2757 salva:
2742 2700 2892 2756 facta:
2913 2709 3037 2757 sunt
3055 2743 3069 2768 ,
3100 2702 3444 2772 pereuntibus
3464 2703 3695 2758 ueteris.

2113 2793 2244 2849 Nam
2275 2793 2520 2864 superius
2544 2793 2786 2860 dixerat,
2813 2794 2880 2848 ad
2922 2793 3088 2849 Israel
3112 2793 3312 2848 dixisse
3337 2793 3653 2864 prephetam
3676 2835 3694 2862 ,

2116 2885 2243 2939 Tota
2268 2884 2349 2939 die
2365 2886 2568 2940 extendi
2591 2900 2770 2938 manus
2788 2900 2924 2938 meas
2943 2883 3010 2936 ad
3031 2884 3274 2954 pupulum
3295 2900 3394 2937 non
3415 2883 3697 2938 credentem

2113 2984 2161 3029 et
2183 2975 2603 3029 contradicenlem
2621 2990 2640 3028 :
2655 2982 2708 3029 et
2726 2984 2976 3043 tanquam
2997 2972 3431 3043 reSponderetur,
3454 2972 3550 3028 Ubi
3573 2980 3698 3026 sunt

2116 3084 2241 3137 ergo
2272 3069 2424 3122 facta:
2445 3067 2826 3138 promissiones
2853 3067 2944 3121 Dei
2968 3066 3036 3121 ad
3061 3066 3263 3121 Israel?
3291 3065 3548 3120 continuo
3574 3065 3700 3120 sub-

2114 3158 2304 3228 junxit,
2328 3157 2458 3212 Dico
2479 3174 2619 3228 ergo,
2640 3156 2904 3228 Numquid
2927 3157 3112 3226 repulit
3137 3154 3273 3210 Deus
3295 3156 3488 3226 plebem
3507 3170 3654 3209 suam
3673 3154 3700 3209 2
3769 3175 3779 3184 ·

2113 3249 2257 3302 Absit
2287 3266 2306 3302 :
2335 3265 2456 3302 nam
2491 3256 2536 3302 et
2575 3264 2667 3318 ego
2690 3246 2927 3300 Israelita
2963 3263 3076 3300 sum
3113 3263 3176 3300 ex
3195 3247 3382 3299 semine
3400 3244 3658 3299 Abraham
3679 3286 3699 3313 ,

2117 3341 2248 3394 tribu
2268 3338 2569 3409 Benjamin'
2597 3357 2610 3392 :
2636 3337 2884 3406 thnquam
2911 3336 3134 3402 diceret,
3153 3335 3286 3390 Nam
3311 3343 3366 3390 et
3384 3351 3484 3405 ego
3501 3351 3567 3390 ex
3587 3336 3702 3404 ipsa

2117 3431 2272 3500 plebe
2299 3446 2440 3486 sum.
2475 3429 2676 3484 Deinde
2704 3427 2907 3482 addidit
2936 3427 3074 3482 unde
3117 3441 3259 3480 nunc
3285 3426 3490 3495 agimus
3513 3467 3530 3492 ,
3576 3423 3702 3480 Non

2114 3527 2300 3596 repulit
2321 3525 2458 3578 Deus
2480 3524 2674 3594 plebem
2694 3539 2860 3588 suam,
2879 3537 3031 3592 quam
3051 3519 3322 3591 praesciuit.
3346 3519 3520 3589 Atque
3541 3527 3598 3573 ut
3616 3533 3703 3574 os-

2117 3618 2364 3672 tenderet
2385 3616 2478 3670 Dci
2503 3614 2673 3685 gratia
2703 3614 2865 3668 fuisse
2888 3612 3102 3666 relictas
3123 3610 3374 3680 reliquias
3393 3650 3409 3677 ,
3441 3623 3544 3663 non
3583 3622 3701 3664 me-

2117 3710 2234 3764 ritis
2258 3722 2480 3777 cperum
2505 3720 2692 3761 eorum
2713 3746 2727 3769 ,
2756 3712 2972 3759 secutus
2995 3701 3241 3771 adjunxit
3259 3742 3274 3765 ,
3305 3701 3385 3754 An
3412 3700 3610 3754 nescitis
3648 3699 3702 3752 in

2119 3800 2239 3854 Elia
2275 3799 2396 3868 quid
2438 3797 2559 3851 dicit
2601 3795 2908 3865 Scriptura;
2955 3792 3381 3864 quemadmodum
3417 3787 3704 3859 interpellat

2121 3893 2286 3947 Deum
2304 3891 2542 3945 adversus
2563 3887 2765 3942 Israel?
2780 3894 2834 3941 et
2855 3893 3071 3942 caetera.
3098 3883 3204 3939 Sed
3224 3883 3346 3953 quid
3367 3883 3488 3936 dicit
3508 3881 3605 3946 illi,
3625 3880 3708 3934 in-

2120 3984 2252 4055 quit,
2274 3997 2570 4052 responsum
2589 3978 2849 4033 divinum?
2869 3975 3070 4045 Reliqui
3096 3974 3220 4028 mihi
3239 3984 3425 4043 septem
3446 3971 3607 4028 millia
3631 3971 3706 4025 vi-

2120 4092 2295 4130 rorum
2314 4115 2328 4136 ,
2355 4072 2440 4142 qui
2464 4087 2564 4124 non
2587 4075 2916 4123 curvaverant
2948 4081 3079 4135 genu
3113 4072 3230 4115 ante
3249 4061 3399 4116 Baal.
3421 4062 3536 4115 Non
3561 4059 3704 4116 enim

2121 4169 2216 4232 ait,
2243 4165 2442 4220 Relicta
2470 4171 2594 4216 sunt
2616 4159 2774 4226 mihi;
2797 4166 2908 4224 aut,
2934 4155 3282 4224 Reliquerunt
3306 4167 3366 4208 se
3392 4151 3523 4207 mihi
3547 4167 3560 4204 :
3584 4150 3702 4216 sed,

2123 4259 2301 4331 reliqui
2322 4256 2464 4310 milii.
2489 4253 2579 4309 Sic
2599 4269 2735 4324 ergo,
2767 4249 2955 4320 inquit,
2983 4257 3030 4303 et
3053 4247 3107 4301 in
3128 4247 3222 4300 hoc
3242 4255 3464 4316 tempore
3482 4243 3708 4313 reliquit:

2125 4371 2212 4424 per
2230 4351 2520 4406 electionem
2539 4346 2716 4418 gratias
2734 4343 2756 4374 ³
2786 4346 2934 4413 facta
2949 4349 3088 4394 sunt.
3114 4338 3175 4393 Si
3194 4349 3360 4391 autem
3381 4336 3545 4406 gratia
3563 4375 3580 4402 ,
3595 4336 3710 4405 jam

2127 4461 2226 4498 non
2248 4459 2311 4498 ea:
2343 4438 2611 4512 operibus;
2640 4434 2864 4504 alioquin
2897 4431 3060 4502 gratia
3071 4430 3186 4501 jam
3220 4444 3320 4482 non
3339 4436 3415 4482 est
3433 4427 3619 4498 gratia.
3643 4426 3712 4480 Et

2125 4541 2448 4590 conuectens
2475 4529 2562 4583 illa
2587 4541 2705 4597 quae
2722 4525 2832 4594 jam
2856 4537 3014 4590 supra
3045 4517 3356 4588 interposui,
3389 4516 3528 4582 Quid
3545 4532 3665 4587 ergo
3686 4517 3711 4569 .’

2127 4637 2181 4684 et
2206 4626 2330 4680 huic
2355 4617 2752 4689 interrogationi
2780 4612 3130 4684 respondens,
3155 4609 3304 4677 Quod
3324 4607 3599 4678 quterebat,
3622 4608 3712 4662 in-

2127 4719 2262 4790 quit,
2291 4714 2476 4777 Israel,
2504 4711 2598 4765 hoc
2618 4724 2718 4762 non
2739 4714 2812 4762 est
2841 4710 3174 4767 consecutus;
3200 4698 3375 4754 electio
3399 4706 3568 4751 autem
3586 4710 3712 4750 con-

2128 4786 2297 4866 secuta
2317 4815 2420 4872 est;
2442 4805 2609 4859 caueri
2627 4816 2740 4855 vero
2765 4795 3001 4853 accusati
3021 4801 3138 4848 sunt
3163 4790 3338 4861 (Rom.
3366 4805 3422 4856 χ,
3442 4787 3608 4856 Ξίοιι,
3635 4786 3711 4857 7).

2133 4905 2186 4958 In
2215 4903 2313 4956 hac
2335 4914 2461 4968 ergo
2485 4896 2770 4969 electione,
2793 4898 2848 4946 et
2872 4890 2926 4945 in
2957 4887 3041 4943 his
3065 4882 3324 4954 reliquiis.
3347 4895 3465 4951 quae
3485 4895 3583 4950 per
3605 4879 3716 4934 cle—

2130 4995 2360 5050 ctiouem
2389 4988 2574 5061 gratia:
2602 4985 2754 5040 facta:
2795 4988 2954 5046 sunt,
2985 4976 3153 5033 voluit
3193 4972 3416 5042 intelligi
3456 4971 3669 5061 plebem
3695 5011 3710 5036 ,

2130 5101 2287 5154 quam
2315 5059 2590 5152 propterea
2618 5077 2758 5130 Deus
2773 5085 2879 5126 non
2898 5067 3110 5139 repulit,
3131 5064 3254 5135 quia
3280 5061 3564 5133 praiscivit.
3587 5059 3714 5114 llaec

2131 5152 2214 5235 est
2241 5177 2326 5232 illa
2353 5173 2542 5229 electio
2561 5212 2576 5236 ,
2602 5182 2705 5239 qua
2729 5181 2822 5222 eos
2850 5175 2983 5235 quos
3006 5159 3176 5216 voluit
3192 5199 3210 5225 ,
3237 5156 3398 5228 elegit
3421 5155 3475 5211 in
3497 5152 3712 5210 Christo

2188 5381 2210 5448 _'
2250 5374 2368 5444 editi
2388 5408 2402 5432 ,
2428 5363 2786 5421 circumstantia
2815 5359 2968 5424 ipsius
3008 5355 3279 5410 locutionis.
3301 5349 3472 5403 Melius
3490 5355 3618 5410 uss,
3645 5347 3715 5400 le-

2130 5446 2314 5490 ctioms.
3607 5473 3616 5483 .

2196 5503 2216 5532 α
2250 5497 2384 5555 Edili,
2429 5493 2489 5544 de
2509 5491 2638 5542 tribu
2665 5485 2929 5561 Beniamin.
2973 5483 3150 5542 Abest,
3184 5477 3273 5538 de,
3317 5487 3346 5524 a
3379 5473 3716 5536 manuscriptis

2133 5571 2184 5612 et
2215 5551 2538 5626 graeco'textu
2557 5551 2796 5626 apostoli.
2820 5610 2831 5626 .
2874 5622 2904 5626 74
2946 5615 3039 5626 ψ-
3072 5611 3138 5626 Μ.
3169 5603 3214 5626 :n
3241 5607 3326 5626 um
3366 5598 3488 5626 mm:

2197 5607 2303 5670 ﬁt;
2338 5619 2479 5668 editis
2512 5607 2728 5674 additur,
2761 5610 2922 5664 salute.
2946 5615 3044 5657 Non
3070 5611 3146 5654 est
3167 5607 3217 5652 in
3241 5607 3344 5651 Mss.
3366 5611 3460 5651 nec
3478 5607 3525 5649 in
3558 5608 3718 5661 graeco

2137 5694 2273 5740 textu
2303 5683 2518 5748 \pustull.
