4008 6178
204 268 344 324 ιυπ

198 391 322 437 ante
347 379 774 435 constitutionem
802 376 1008 440 mundi,
1029 386 1086 427 ut
1109 380 1287 426 essent
1314 370 1477 425 sancti
1503 379 1554 424 et
1585 371 1770 423 imma-

200 470 359 527 culati
389 471 439 523 in
455 477 743 537 conspectu
766 466 899 535 ejus,
922 465 972 517 in
990 463 1264 527 charitate,
1284 459 1665 531 prredcstinans
1682 474 1773 514 eos

200 565 254 617 in
281 555 615 631 adoptionem
641 558 867 612 filiorum
892 553 1102 626 (Ep/res.
1132 569 1181 615 ι,
1208 553 1242 606 4
1261 594 1274 617 ,
1304 550 1380 623 5).
1408 550 1590 604 Nullus
1618 550 1774 619 igitur

198 653 287 723 qui
315 651 429 706 haec
472 648 746 717 intelligit,
779 659 974 714 negare
1014 643 1097 696 vel
1127 641 1367 695 dubitare
1413 640 1732 709 permittitur
1754 678 1769 703 ,

198 742 288 797 ubi
331 744 404 795 ait
447 737 767 809 Apostolus,
809 732 930 787 Non
967 732 1153 803 repulit
1192 730 1324 784 Deus
1363 729 1548 799 plebem
1586 744 1729 781 suam
1755 769 1769 793 ,

194 848 346 901 quam
368 829 631 901 praecinit,
651 823 1170 897 prtedestinationem
1197 820 1495 887 significare
1517 816 1768 870 voluisse.

197 922 471 978 Praescivit
496 920 635 974 enim
663 915 911 985 reliquias
931 954 945 976 ,
977 926 1108 982 quas
1134 908 1425 965 secundum
1454 906 1768 961 electionem

194 1015 375 1083 gratia:
402 1011 577 1065 fuerat
616 1010 729 1076 ipse
771 1006 1022 1059 facturus.
1066 1001 1180 1055 Hoc
1204 1009 1286 1054 est
1325 1013 1453 1068 ergo
1493 994 1769 1066 pratdesti-

194 1101 338 1155 navit
371 1118 383 1152 :
415 1099 532 1153 sine
570 1096 731 1151 dubio
757 1093 898 1148 enim
929 1088 1192 1161 prmscivit
1211 1129 1224 1152 ,
1253 1088 1299 1142 si
1329 1083 1722 1155 prmdestinavit
1751 1099 1765 1135 :

194 1192 288 1246 sed
316 1186 738 1261 praedestinasse,
768 1196 848 1240 eSt
871 1182 974 1237 hoc
999 1180 1274 1252 praescisse
1298 1178 1442 1248 quod
1466 1175 1633 1230 fuerat
1657 1175 1769 1242 ipse

192 1284 447 1337 facturus.

260 1370 487 1427 CAPUT
510 1367 651 1423 XIX.
668 1364 839 1418 -48.
854 1360 994 1429 Quid
1011 1374 1138 1430 ergo
1157 1372 1254 1413 nos
1275 1354 1538 1426 prohibet,
1559 1352 1768 1422 quando

191 1462 330 1533 apud
355 1461 559 1530 aliquos
585 1456 732 1512 verbi
764 1453 856 1509 Dei
893 1460 1208 1506 trac-tatores
1236 1448 1462 1516 legimus
1509 1443 1600 1498 Dei
1630 1458 1767 1533 pra:-

196 1530 496 1616 scientiam,
516 1559 567 1603 et
597 1547 770 1615 agitur
792 1543 858 1598 de
882 1541 1158 1596 vocatione
1183 1538 1496 1599 electorum,
1525 1530 1765 1587 eamdem

190 1640 709 1714 prmdcstinationem
757 1632 1092 1703 intelligere?
1122 1628 1284 1700 Magis
1328 1628 1470 1681 enim
1494 1629 1510 1658 ¹
1544 1626 1767 1679 fortasse

191 1734 472 1787 voluerunt
502 1729 603 1783 hoc
625 1727 786 1781 verbo
815 1725 866 1778 in
894 1738 955 1777 ea
985 1738 1043 1776 re
1071 1722 1141 1773 uti
1165 1763 1179 1785 ,
1207 1718 1346 1788 quod
1372 1728 1425 1781 et
1453 1715 1659 1770 facilius
1686 1715 1767 1768 in-

192 1823 478 1893 telligitur,
506 1828 561 1874 et
595 1834 699 1873 non
726 1820 1016 1885 repugnat,
1049 1811 1155 1865 imo
1184 1819 1236 1864 et
1274 1808 1516 1878 congruit
1554 1806 1765 1860 veritati

188 1930 307 1986 quae
332 1914 398 1968 de
423 1909 883 1982 praedestinatione
910 1905 1095 1976 gratia:
1124 1900 1462 1970 praedicatur.
1493 1898 1600 1952 Hoc
1629 1898 1759 1962 scio,

189 2006 455 2061 neminem
486 2010 670 2056 contra
711 2000 864 2053 istam
909 1992 1424 2066 pmdestinationcm
1447 2032 1461 2054 ,
1491 2004 1647 2059 quam
1675 2002 1763 2043 se-

187 2098 418 2152 cundutn
446 2093 747 2162 Scripturas
770 2097 981 2144 sanctas
1008 2076 1343 2140 defendimus
1361 2124 1375 2146 ,
1411 2082 1509 2135 nisi
1538 2079 1765 2135 errando

186 2190 455 2258 disputare
480 2183 731 2254 potuisse.
764 2181 896 2235 Puto
922 2187 1097 2233 tamen
1122 2177 1202 2230 eis
1228 2175 1317 2245 qui
1343 2173 1408 2228 de
1436 2173 1533 2227 hac
1559 2187 1618 2227 re
1644 2186 1764 2225 sen-

187 2280 377 2335 tentias
402 2270 748 2331 tractatorum
769 2271 1064 2339 requirunt,
1087 2275 1301 2322 sanctos
1322 2274 1373 2319 et
1401 2266 1451 2318 in
1481 2263 1582 2317 fide
1607 2272 1765 2333 atque

186 2369 428 2424 doctrina
448 2365 736 2419 christiana
764 2359 1101 2415 laudabiliter
1120 2370 1500 2427 usquequaque
1527 2354 1766 2408 diffama-

187 2470 269 2514 tos
292 2461 456 2521 viros,
474 2454 794 2525 Cyprianum
822 2459 875 2504 et
903 2447 1262 2509 Ambrosium,
1282 2459 1506 2514 quorum
1537 2454 1638 2497 tam
1656 2443 1765 2498 cla-

186 2566 241 2602 ra
287 2545 584 2601 testimonia
617 2540 887 2612 posuimus
908 2582 922 2606 ,
949 2538 1145 2593 debere
1171 2534 1415 2590 sufficere
1434 2577 1448 2597 ,
1477 2544 1531 2590 et
1567 2533 1763 2590 debere

184 2639 251 2692 ad
279 2646 582 2704 utrumque,
614 2631 667 2687 id
691 2638 931 2696 est,utet
952 2627 1174 2699 gratiam
1206 2625 1299 2681 Dei
1326 2627 1629 2696 gratuitam,
1660 2624 1765 2680 sie-

188 2739 247 2784 ut
269 2726 531 2783 credenda
573 2733 730 2795 atque
766 2719 1098 2792 praedicanda
1120 2726 1221 2784 est,
1241 2733 1338 2788 per
1353 2718 1525 2771 omnia
1547 2717 1764 2772 credant

185 2829 241 2876 et
267 2835 363 2889 per
389 2817 566 2873 omnia
612 2813 931 2885 praedicent,
963 2823 1017 2865 et
1060 2809 1299 2865 eamdem
1332 2808 1762 2880 praedicationem

189 2908 547 2979 prmdicationi
569 2922 669 2978 qua
689 2906 965 2959 hortamur
988 2902 1184 2972 pigros,
1204 2900 1284 2955 vel
1314 2900 1631 2969 corripimus
1651 2913 1764 2953 ma-

185 3004 284 3070 los,
309 3017 414 3056 non
444 3000 729 3069 epincntur
741 2995 1016 3050 adversam
1043 3010 1056 3046 :
1081 2992 1201 3062 quia
1222 3001 1274 3046 et
1294 2991 1379 3045 isti
1399 2991 1517 3056 viri,
1547 3005 1665 3045 cum
1687 2991 1764 3045 sic

186 3092 533 3163 prmdicarcnt
560 3089 651 3143 Dei
676 3087 917 3158 gratiam,
946 3094 1002 3138 ut
1031 3099 1167 3138 unus
1195 3097 1377 3137 eorum
1408 3081 1627 3146 diceret,
1657 3100 1676 3134 ι
1706 3079 1761 3136 ln

152 3178 166 3191 ’
186 3184 334 3239 nullo
358 3180 713 3254 gloriandum,
732 3177 943 3247 quando
966 3183 1202 3228 nostrum
1226 3174 1356 3227 nihil
1385 3174 1454 3227 sit
1482 3192 1500 3225 ι
1529 3171 1762 3243 (Cypria-

184 3292 301 3341 nus,
328 3274 395 3327 ad
423 3272 706 3339 Quirinum,
736 3267 823 3322 lib.
857 3269 911 3333 5,
942 3281 1054 3335 cap.
1089 3266 1167 3332 4);
1200 3265 1332 3341 alter
1357 3273 1552 3327 autem,
1590 3281 1608 3314 ι
1647 3262 1759 3316 Non

184 3375 268 3423 cst
291 3366 342 3419 itt
372 3372 634 3434 potestate
665 3371 843 3414 nostra
874 3373 967 3411 cor
992 3364 1230 3409 nostrum
1256 3332 1532 3427 etnos‘tra:
1563 3354 1763 3422 cogita-

186 3458 360 3511 tiones
396 3473 417 3506 ι
455 3451 786 3525 (Ambrosius,
814 3448 875 3500 de
900 3445 1046 3516 Fuga
1074 3445 1267 3510 circuli,
1301 3460 1409 3512 cap.
1443 3440 1518 3512 1);
1549 3458 1652 3496 non
1684 3450 1762 3494 ta-

185 3563 305 3602 men
327 3543 524 3599 bortari
553 3550 606 3596 et
627 3540 897 3606 corripere
921 3536 1257 3598 deStiterunt,
1276 3543 1332 3585 ιιι
1358 3533 1546 3587 fierent
1567 3546 1763 3600 przccc-

186 3647 274 3705 pta
302 3636 497 3690 divina.
525 3632 634 3687 Nec
663 3631 949 3684 timuerunt
974 3641 1040 3679 ne
1068 3625 1335 3679 diceretur
1359 3624 1436 3678 eis
1454 3666 1469 3686 ,
1498 3622 1632 3689 Quid
1665 3637 1762 3676 nos

187 3724 512 3783 hortamini?
540 3721 664 3792 quid
684 3730 739 3775 et
765 3717 1065 3787 corripitis,
1095 3715 1138 3767 si
1169 3713 1298 3767 nihil
1329 3714 1451 3767 boni
1483 3723 1539 3767 ut
1562 3712 1761 3767 habea-

188 3834 305 3873 mus
324 3825 407 3871 est
426 3820 661 3869 nostrum
680 3813 719 3875 ί,
745 3818 797 3862 et
821 3808 865 3863 si
886 3823 990 3860 non
1011 3815 1092 3860 est
1113 3805 1163 3858 in
1184 3814 1445 3874 potestate
1473 3810 1651 3858 nostra
1670 3818 1764 3858 cor

184 3907 461 3965 nostrum?
482 3906 605 3961 [lare
636 3918 703 3958 ne
728 3902 1032 3957 dicerentur
1059 3898 1154 3962 eis,
1186 3912 1513 3967 nequaquam
1544 3897 1618 3951 illi
1642 3911 1763 3950 san-

184 4006 254 4057 (ιιι
284 4017 347 4058 ea
374 4008 551 4056 mente
582 3999 767 4053 timere
788 4002 1092 4068 potuerunt,
1112 4008 1213 4064 qua
1244 3992 1606 4063 intelligebant
1635 4007 1763 4061 pan-

185 4093 414 4149 cissimis
437 4105 555 4146 esse
578 4088 855 4150 donatum,
873 4095 930 4139 ut
952 4085 1097 4139 nullo
1113 4084 1212 4139 sibi
1237 4084 1448 4138 homine
1472 4083 1731 4151 pracdiean
1747 4110 1762 4120 -

186 4193 260 4248 te,
284 4197 377 4253 per
407 4183 577 4250 ipsum
611 4180 773 4233 Deum
796 4177 877 4230 vel
910 4190 1005 4244 per
1026 4173 1255 4242 Angelos
1279 4173 1537 4226 caelorum
1564 4171 1763 4225 doctri-

186 4287 308 4327 nam
334 4270 517 4325 salutis
536 4266 815 4336 accipiant;
837 4265 1016 4318 multis
1042 4275 1169 4317 vero
1197 4261 1247 4315 id
1268 4276 1386 4316 esse
1412 4261 1686 4322 donatum,
1707 4271 1763 4316 ut

187 4364 297 4419 Deo
318 4376 413 4431 per
432 4360 675 4415 homines
702 4355 941 4412 credant.
964 4352 1210 4422 Quolibet
1231 4362 1407 4407 tamen
1432 4351 1589 4405 modo
1616 4352 1734 4407 dica

188 4462 274 4507 tur
299 4450 500 4506 homini
524 4449 741 4504 verbum
766 4447 880 4511 Dei,
899 4442 1082 4514 procul
1112 4442 1291 4508 dubio,
1314 4457 1420 4513 quo
1445 4442 1523 4496 sic
1541 4442 1720 4498 audiat
1739 4442 1761 4475 ⁸

187 4550 243 4596 ιιι
266 4542 338 4596 illi
359 4539 592 4604 obediat,
614 4537 811 4591 donum
837 4536 929 4591 Dei
954 4545 1055 4589 est.

258 4631 349 4685 49.
379 4629 533 4684 Unde
558 4642 714 4696 supra
735 4627 860 4681 dicti
892 4635 1203 4680 tractatores
1226 4624 1654 4680 excellentissimi
1677 4625 1760 4680 di-

190 4722 429 4774 vinorum
452 4716 803 4786 eloquiorum,
821 4725 874 4770 et
893 4716 1116 4785 gratiam
1140 4713 1231 4768 Dei
1255 4728 1454 4779 veram,
1473 4714 1608 4769 sicut
1630 4731 1763 4783 prae-

187 4807 409 4864 dicanda
436 4815 552 4870 est,
584 4805 969 4875 prmdicarnnt,
1004 4804 1055 4859 id
1084 4812 1165 4858 est
1184 4843 1200 4870 ,
1222 4819 1379 4873 quam
1411 4805 1553 4859 nulla
1574 4806 1759 4860 merita

192 4901 417 4953 humana
448 4895 787 4966 punct-dunt;
816 4904 871 4951 et
914 4895 979 4950 ad
1022 4894 1261 4949 facienda
1292 4894 1467 4948 divina
1496 4906 1761 4965 przecepta

190 4991 452 5043 instanter
480 4985 672 5039 hortati
718 4993 873 5051 sunt,
902 4986 1076 5055 utqui
1109 4984 1362 5038 haberi-nt
1388 4982 1584 5037 donum
1628 4986 1762 5041 obc-

188 5078 421 5144 dientite,
448 5075 639 5146 quibus
658 5074 821 5144 jussis
845 5075 1195 5130 obedientium
1222 5087 1381 5139 esset,
1412 5075 1672 5130 audirent.
1704 5076 1759 5132 Si

188 5170 330 5224 enim
356 5167 576 5239 gratiam
601 5165 788 5221 merita
810 5166 918 5219 ulla
949 5175 1125 5220 nostra
1154 5166 1460 5235 praecedunt
1478 5207 1491 5230 ,
1526 5167 1763 5235 profecm

186 5267 280 5312 aut
305 5258 425 5312 facti
451 5255 670 5326 alicujus
690 5295 710 5317 .
736 5264 829 5311 aut
863 5254 1025 5321 dicti,
1048 5263 1140 5309 aut
1167 5256 1502 5325 cogitationis
1538 5265 1619 5311 est
1647 5272 1762 5312 mc-

188 5351 370 5417 ritutn,
399 5349 487 5404 ubi
512 5356 568 5403 et
588 5348 699 5418 ipsa
724 5343 1035 5415 intelligitur
1062 5346 1307 5401 voluntas
1332 5346 1465 5402 bona
1494 5347 1623 5402 :scd
1646 5348 1763 5402 bre-

252 5508 268 5538 ¹
305 5505 443 5559 Editi.
463 5511 638 5555 autem.
665 5511 790 5562 Mss,
815 5502 957 5553 enim.

257 5570 276 5599 ⁸
310 5567 457 5626 editi,
496 5566 541 5616 si
562 5564 817 5616 nihitbsui
853 5563 1106 5627 habeamus
1128 5563 1256 5627 quod
1288 5570 1347 5615 su
1384 5573 1613 5617 nostram.
1641 5573 1763 5615 Prm-

187 5631 383 5685 tnlitnus
406 5625 628 5678 veterum
659 5628 872 5676 codicum
905 5625 1178 5681 lectionem.

253 5697 273 5726 ³
304 5693 378 5741 sic
401 5698 504 5741 uss.
532 5695 585 5739 Αι
610 5689 723 5738 editi
740 5722 754 5751 ,
778 5687 857 5752 qui
880 5686 950 5739 sic
975 5686 1125 5737 acilii.

1431 256 1486 312 S.
1527 252 1887 311 AUGUSTth
1933 252 2232 309 EPISCOPI

3320 257 3457 315 IG‘M

1886 367 2094 423 vis~iiuc
2117 371 2421 436 complexus
2441 378 2522 424 est
2547 370 2779 424 omnium
2801 384 2995 439 genera
3018 371 3346 439 meritorum,
3364 379 3453 436 qui

1882 458 2039 521 dicit,
2078 476 2096 508 ι
2136 459 2190 512 In
2222 460 2365 514 nullo
2401 461 2731 531 gloriandum
2754 504 2768 527 ,
2809 461 3021 531 quando
3052 475 3288 519 nostrum
3326 468 3455 522 nihil

1881 548 1969 601 sit.
2009 567 2026 599 ι
2062 548 2161 616 Qui
2190 565 2315 603 vero
2345 550 2450 614 ait,
2490 571 2507 603 ι
2544 551 2659 606 Non
2685 561 2766 605 est
2795 552 2846 605 in
2882 562 3057 607 nostra
3080 564 3343 623 potestate
3366 572 3456 611 cor

1880 646 2157 704 nostrum,
2194 647 2249 692 et
2274 650 2468 693 nostrm
2493 642 2870 711 cogitationes,
2913 661 2931 695 ι
2968 658 3067 698 nec
3091 644 3199 713 ipsa
3240 644 3374 699 facta
3403 656 3452 702 et

1879 728 2016 781 dit-ta
2040 727 2294 798 praeteriit
2324 746 2338 783 :
2372 747 2475 785 non
2508 732 2647 786 enim
2670 743 2745 786 est
2782 733 2942 786 ullum
2972 732 3162 788 factum
3186 734 3459 789 dictumve

1880 817 2142 885 hominis,
2172 819 2311 888 quod
2341 836 2450 874 non
2479 836 2540 874 ex
2568 821 2729 876 corde
2755 832 2808 876 et
2833 823 3151 892 cogitatione
3182 824 3448 891 procedat.

1877 909 2011 977 Quid
2042 919 2217 964 autem
2245 912 2472 980 amplius
2504 915 2570 966 de
2598 914 2695 967 hac
2717 929 2773 968 re
2804 929 2962 982 agere
2986 912 3284 985 Cyprianus
3311 932 3452 969 mar-

1879 1008 1961 1069 tyr
1983 999 2397 1067 gloriosissimus
2422 1011 2473 1055 et
2494 1000 2677 1056 doctor
2704 1002 3059 1058 lucidissimus
3080 1005 3270 1074 potuit,
3294 1021 3448 1075 quam

1877 1087 1964 1141 ubi
1995 1103 2089 1143 nos
2113 1088 2163 1141 in
2195 1091 2434 1145 oratione
2461 1090 2721 1145 dominica
2754 1093 2912 1146 etiam
2938 1109 3032 1162 pro
3070 1095 3296 1149 inimicis
3328 1094 3451 1151 fidei

1875 1176 2176 1232 christiana:
2206 1195 2360 1233 orare
2405 1192 2655 1247 oportere
2681 1182 3049 1236 commonuit?
3080 1183 3166 1237 ubi
3195 1183 3260 1238 de
3302 1185 3453 1239 initio

1877 1266 2175 1338 fidei,qnod
2206 1262 2362 1321 etiam
2395 1269 2495 1323 hoc
2516 1269 2711 1323 donum
2741 1271 2834 1324 Dei
2864 1271 2952 1337 sit,
2971 1270 3104 1340 quid
3127 1272 3453 1326 sentirctos-

1875 1356 2041 1409 tendit
2073 1373 2086 1409 :
2120 1365 2173 1411 ct
2197 1372 2294 1425 pro
2322 1360 2714 1426 perseverantia
2742 1375 2908 1429 usque
2929 1360 2981 1414 in
3011 1361 3168 1414 finem
3189 1403 3203 1427 ,
3236 1362 3356 1431 quia
3400 1370 3454 1418 et

1874 1447 2040 1515 ipsam
2066 1449 2273 1503 nonnisi
2299 1451 2435 1504 Deus
2456 1452 2534 1505 eis
2557 1452 2645 1520 qui
2670 1454 3124 1521 perseveraverint
3145 1453 3330 1521 donat,
3354 1454 3454 1509 Ee-

1873 1537 2088 1590 clesiam
2106 1538 2297 1592 Christi
2321 1540 2556 1608 quotidie
2580 1556 2734 1596 orare
2757 1543 3090 1595 monstravit.
3113 1542 3303 1596 Beatus
3319 1559 3456 1613 quo-

1872 1643 1975 1695 que
2001 1627 2310 1682 Ambrosius
2336 1644 2456 1683 cum
2495 1640 2786 1698 exponeret
2810 1631 2947 1700 quod
2977 1632 3051 1685 ait
3087 1632 3254 1686 Lucas
3283 1648 3440 1686 cvan-

1870 1718 2077 1787 golista,
2119 1716 2293 1771 Visum
2316 1728 2390 1772 est
2418 1728 2465 1773 et
2494 1722 2616 1773 mihi
2645 1719 2794 1791 (Luc.
2827 1738 2863 1787 I,
2894 1724 2949 1791 5)
2984 1740 2996 1774 :
3035 1741 3054 1774 ι
3084 1723 3283 1788 Potest,
3315 1744 3333 1776 ι
3370 1725 3448 1778 ἰη-

1871 1809 2003 1878 quit,
2041 1828 2060 1860 ι
2098 1824 2203 1862 non
2234 1810 2331 1862 soli
2362 1811 2530 1864 visum
2561 1826 2699 1878 esse,
2729 1812 2867 1881 quod
2894 1813 2994 1867 sibi
3014 1814 3185 1866 visum
3210 1830 3328 1868 esse
3357 1814 3448 1869 de-

1870 1899 2056 1954 clarat.
2080 1897 2192 1952 Non
2216 1899 2356 1953 enim
2381 1900 2652 1955 voluntate
2674 1910 2873 1955 tantum
2905 1904 3132 1956 humana
3155 1904 3321 1956 visum
3345 1913 3446 1968 est,

1870 1988 1963 2042 sed
1985 1989 2118 2042 sicut
2144 1984 2335 2057 placuit
2364 1989 2413 2043 ei
2439 1989 2526 2059 qui
2554 1991 2606 2043 in
2635 2005 2719 2045 mc
2746 1990 2978 2061 loquitur
3001 1991 3259 2053 Christus,
3280 1993 3367 2062 qui
3391 2004 3447 2048 nt

1870 2077 1923 2132 id
1953 2078 2091 2146 quod
2122 2077 2319 2131 bonum
2349 2087 2462 2144 est,
2490 2080 2641 2134 nobis
2671 2096 2880 2149 quoque
2908 2080 3072 2135 videri
3097 2082 3288 2135 bonum
3323 2099 3446 2151 pos-

1869 2168 1957 2235 sit,
1975 2175 2257 2236 operatur:
2282 2184 2441 2238 quem
2466 2170 2608 2223 enim
2637 2170 2937 2238 miseratur,
2959 2183 3011 2225 ct
3037 2181 3210 2225 vovat.
3242 2172 3308 2225 Et
3330 2172 3448 2227 idco

1868 2260 1956 2330 qui
1973 2258 2240 2315 Christum
2264 2261 2521 2329 sequitur,
2545 2269 2717 2329 potest
2739 2262 3092 2331 interrogatus
3113 2278 3208 2317 cur
3227 2280 3343 2319 eSse
3368 2280 3451 2318 v0-

1870 2352 2027 2406 luerit
2045 2353 2386 2421 Christianus,
2407 2355 2750 2423 respondere,
2779 2353 2951 2407 Visum
2972 2366 3044 2408 est
3066 2365 3110 2408 et
3131 2356 3271 2408 mihi.
3296 2356 3445 2423 Quod

1869 2456 1988 2496 cum
2004 2441 2275 2507 dicit,'non
2302 2453 2456 2514 negat
2486 2444 2593 2499 Deo
2616 2446 2818 2510 visum;
2850 2461 2879 2498 a
2913 2446 3020 2499 Deo
3064 2448 3203 2500 enim
3235 2464 3437 2518 pracpa-

1868 2546 2015 2589 ratur
2040 2538 2277 2591 voluntas
2300 2538 2568 2591 hominum
2604 2558 2622 2589 ι
2646 2536 2823 2609 (Prov.
2855 2553 2940 2591 vm
2962 2581 2974 2599 ,
3004 2555 3102 2591 sec.
3131 2538 3294 2610 LXX)
3322 2540 3444 2595 .ilIt

1868 2626 2009 2680 enim
2032 2626 2167 2680 Dens
2190 2626 2567 2681 honorificctur
2588 2642 2616 2678 a
2638 2635 2839 2692 sancto,
2865 2627 2952 2680 Dei
2975 2629 3139 2697 gratia
3164 2640 3244 2683 est
3269 2649 3287 2681 ι
3317 2630 3442 2699 (Sn-

1868 2732 1957 2785 per
1985 2715 2196 2784 Lucam,
2214 2717 2267 2771 in
2288 2717 2597 2788 expositione
2623 2715 2888 2787 prooemii).
2918 2716 3151 2786 Itemque
3178 2717 3228 2771 in
3256 2720 3443 2774 eodem

1868 2822 2049 2876 opere.
2068 2807 2167 2862 hoc
2188 2815 2289 2875 est,
2310 2807 2361 2861 in
2387 2808 2728 2876 Expositione
2751 2806 2987 2877 ejusdem
3011 2808 3303 2878 Evangelii,
3323 2827 3446 2867 eum

1867 2898 1933 2951 ad
1961 2897 2106 2952 illum
2134 2898 2371 2953 venisset
2397 2897 2605 2965 locum,
2638 2898 2725 2951 ubi
2756 2898 3033 2952 Dominum
3060 2899 3126 2952 ad
3152 2898 3444 2955 Jerusalem

1870 2997 2171 3059 pergentem
2212 2989 2528 3044 Samaritani
2567 2990 2806 3058 recipere
2847 2991 3127 3044 noluerunt
3164 3009 3177 3045 :
3217 3010 3234 3043 ι
3273 2992 3442 3047 Simul

1868 3079 2043 3144 disce,
2085 3097 2104 3132 ι
2141 3080 2344 3149 inquit,
2383 3098 2402 3131 ι
2441 3080 2568 3148 quia
2607 3081 2767 3150 recipi
2811 3081 2978 3135 noluit
3008 3096 3036 3134 a
3068 3097 3171 3135 nou
3217 3084 3443 3153 simplici

1870 3184 2046 3226 monte
2074 3172 2368 3226 conversis.
2399 3171 2528 3225 Nam
2561 3174 2603 3225 si
2637 3173 2924 3240 \'olui;~5et,
2965 3189 3029 3227 ex
3060 3174 3321 3229 indevotis
3350 3177 3443 3230 de-

1867 3274 2019 3316 votos
2047 3262 2274 3317 fecisset.
2300 3263 2408 3316 (Zur
2436 3272 2610 3317 autem
2639 3280 2742 3317 non
2767 3266 3064 3334 receperint
3092 3281 3211 3321 cum
3233 3309 3248 3333 ,
3274 3268 3448 3323 Evan-

1866 3355 2049 3423 gelista
2082 3354 2193 3424 ipse
2237 3357 2674 3409 Commemoravit
2715 3355 2897 3410 dicens
2931 3375 2942 3408 :
2979 3357 3110 3421 Quia
3140 3360 3293 3429 facies
3336 3362 3449 3429 ejus

1867 3453 1973 3497 erat
2001 3445 2161 3498 cuntis
2184 3443 2235 3496 in
2246 3442 2561 3498 Jerusalem»
2580 3444 2729 3514 (Luc.
2746 3463 2818 3512 ix,
2836 3446 2976 3516 55).:
2994 3448 3242 3518 Discipuli
3268 3462 3445 3505 autem

1867 3535 2029 3604 recipi
2057 3535 2191 3588 intra
2214 3536 2508 3589 Samariam
2533 3538 2849 3607 gestiebant.
2873 3538 2978 3593 Sed
3006 3541 3142 3596 Deus
3164 3556 3295 3612 quos
3320 3544 3333 3573 ¹
3367 3543 3447 3597 di-

1866 3636 2057 3695 gnatur
2084 3635 2272 3693 vocat,
2301 3636 2355 3681 et
2384 3642 2540 3697 quem
2569 3629 2679 3683 vult
2705 3630 3008 3699 religiosum
3033 3632 3157 3687 facit
3194 3652 3213 3685 ι
3251 3632 3383 3705 (Lib.
3404 3635 3444 3708 _7

1866 3718 1919 3769 iu
1946 3716 2168 3783 Lucam,
2203 3735 2255 3771 η.
2284 3716 2398 3790 27).
2426 3718 2562 3786 Quid
2592 3721 2890 3776 evidentius
2910 3765 2925 3787 ,
2965 3723 3090 3792 quid
3130 3723 3386 3778 illustrius
3413 3740 3442 3777 a

1869 3813 2025 3885 vorbi
2046 3812 2136 3865 Dei
2170 3813 2538 3866 tractatoribus
2561 3813 2849 3881 qumrimus
2868 3855 2883 3880 ,
2913 3815 2954 3867 si
2977 3824 3030 3867 et
3057 3814 3125 3867 ab
3148 3814 3275 3882 ipsis
3301 3817 3443 3885 quod

1870 3902 1920 3956 in
1946 3901 2235 3970 Scripturis
2254 3901 2453 3955 clarum
2478 3909 2577 3965 est,
2596 3901 2781 3956 audire
2805 3901 3065 3955 delectat?
3082 3904 3183 3957 Sed
3211 3904 3293 3958 his
3314 3905 3445 3959 duo-

1869 3992 1985 4056 bus,
2015 3991 2105 4061 qui
2135 3988 2382 4044 sufficere
2401 3990 2718 4055 debuerunt,
2750 4001 2990 4044 sanciunt
3017 3990 3326 4061 Gregorimn
3352 3995 3446 4050 ad-

1868 4083 2055 4139 damus
2082 4090 2139 4137 et
2176 4083 2420 4146 tertium,
2449 4082 2538 4152 qui
2567 4089 2620 4135 et
2658 4082 2878 4138 credere
2909 4083 2960 4137 in
2991 4084 3192 4148 Deum,
3222 4095 3276 4140 ct
3301 4087 3444 4158 quod

1867 4175 2131 4229 credimus
2160 4172 2422 4237 cnnfiteri,
2456 4172 2544 4226 Dei
2572 4172 2766 4226 donum
2795 4189 2915 4228 esse
2944 4184 3187 4241 testatur,
3220 4175 3440 4231 dicens:

1874 4285 1891 4317 ι
1929 4264 2096 4321 Unius
2121 4265 2351 4331 deitatis,
2384 4277 2565 4333 qnzeso
2591 4278 2706 4328 vos,
2734 4264 3061 4320 confitemini
3087 4266 3400 4321 Trinitatem
3430 4285 3443 4322 :

1867 4358 1910 4411 si
1934 4372 2059 4411 vero
2078 4356 2229 4410 aliter
2247 4355 2427 4421 vultis,
2445 4354 2602 4410 dicite
2622 4355 2778 4410 unius
2800 4371 2917 4410 esse
2943 4367 3167 4421 natura):
3187 4366 3241 4411 et
3263 4358 3400 4412 Deus
3422 4360 3442 4390 ¹

1868 4464 2053 4503 vocem
2077 4448 2190 4503 dari
2212 4447 2363 4502 vobis
2390 4463 2420 4501 a
2450 4457 2633 4502 sancto
2656 4447 2854 4516 Spiritu
2885 4450 3255 4518 deprecabitur
3285 4467 3298 4503 :
3339 4469 3358 4501 ι
3393 4449 3447 4504 id

1867 4546 1950 4593 est
1968 4580 1982 4605 ,
2018 4538 2287 4609 rogabitur
2313 4536 2452 4592 Deus
2471 4580 2486 4603 ,
2516 4546 2571 4591 ut
2599 4537 2868 4606 permittat
2892 4539 3043 4593 vobis
3070 4538 3182 4592 dari
3216 4553 3398 4593 vocem
3422 4577 3440 4604 ,

1931 4712 1947 4743 ¹
1987 4710 2172 4772 Aliquot
2203 4718 2328 4769 ‘.\'.ss.,
2353 4722 2508 4772 quem.

1930 4775 1952 4805 ι
1986 4771 2036 4819 In
2057 4771 2290 4821 \‘atimnis
2311 4771 2553 4821 codicibus
2573 4773 2805 4821 omittitur
2824 4807 2840 4831 ,
2881 4779 3022 4823 Deus.
3060 4779 3233 4821 rerum
3254 4771 3445 4823 sublato

1868 4834 1959 4882 hoc
1984 4834 2135 4883 verbo
2153 4867 2169 4891 ,
2195 4846 2290 4895 non
2315 4840 2390 4895 est
2414 4834 2603 4895 integra
2625 4835 2840 4895 Gregorii
2862 4838 3123 4895 sententia,
3148 4846 3258 4895 qua:
3281 4847 3444 4895 graece

1868 4898 1938 4964 sic
1959 4894 2145 4967 habet;
2176 4891 2293 4967 ικίάε
2315 4891 2554 4967 "arma
2569 4892 2596 4941 ὁ
2618 4893 2761 4967 truci
2782 4894 2870 4967 ἔδει.
2886 4892 3059 4967 ττέίιάετ
3083 4891 3441 4967 ¹²οῑίξ⁰εέλίῖέ³α¹ει

1868 4954 1915 5005 ei
1937 4956 1999 5007 de
2023 4953 2260 5005 battlesthe
2283 4992 2295 5018 τ
2334 4952 2456 5018 miris
2478 4952 2696 5018 pltnaebs'
2723 4953 3091 5018 kuitéunjheos,
3108 4952 3288 5018 pharon
3321 4952 3446 5018 para

1869 5024 1950 5079 tau
1975 5020 2254 5079 lmeuuuzlqs
2272 5014 2441 5079 [tumin
2463 5013 2734 5079 ἀὶιέδοηεειζο
2911 5014 3030 5079 gar,
3066 5015 3126 5065 (ιιι
3167 5013 3330 5079 οἰιιᾳ,’
3347 5029 3379 5079 o
3399 5016 3445 5079 to

1868 5077 2037 5144 protou
2058 5075 2195 5144 deus,
2211 5074 2290 5125 luti
2306 5077 2352 5144 to
2372 5076 2616 5144 deutfron2
2644 5073 2722 5125 kal
2746 5073 2953 5144 ιζιιιβειᾶἼ
2977 5076 3121 5144 ld_est
3147 5089 3158 5122 :
3185 5073 3329 5144 {nias
3348 5075 3450 5126 dei-

1868 5135 1998 5200 iniis,
2037 5152 2067 5188 ο
2104 5135 2228 5195 tiri,
2270 5136 2543 5200 Trinitatem
2585 5135 2974 5200 fiaeantini,aul,
2998 5135 3042 5185 si
3077 5135 3242 5200 magis
3269 5138 3445 5200 placet,

1871 5199 2238 5261 mansuetum:
2266 5205 2453 5261 :ntque_
2478 5197 2602 5261 hanc
2640 5210 2829 5261 vocent,
2876 5205 3021 5261 Deus,
3065 5210 3096 5246 (ι
3116 5197 3297 5261 spiritu
3317 5198 3447 5250 vobis

1871 5212 2010 5250 mnus
2050 5211 2238 5248 natura:
2266 5211 2446 5261 :utque
2478 5211 2602 5247 nunc
2640 5211 2828 5254 mean,
2876 5211 3021 5254 Deus,
3065 5211 3096 5246 (ι
3116 5211 3143 5246 s
3199 5211 3297 5248 ruu
3317 5211 3447 5250 vetns

1870 5259 2191 5328 prccabipiar.
2231 5267 2349 5328 Nam
2371 5257 2453 5328 qui
2490 5259 2696 5322 primum
2713 5256 2867 5328 dedit,
2892 5256 3024 5328 dabit
3048 5211 3258 5323 proﬁcio
3280 5271 3447 5328 sectat-

1872 5318 1988 5393 dum
2006 5356 2021 5381 ,
2056 5321 2205 5393 idque
2223 5318 2535 5393 potissimum.
2561 5318 3069 5393 Natantlnvaniense's
3103 5318 3444 5393 augustinnm,

1870 5385 1952 5445 qui
1974 5381 2098 5445 haud
2123 5380 2277 5445 dubie
2299 5381 2443 5445 graeci
2472 5382 2765 5445 exemphiris
2785 5380 2969 5445 copiam
2992 5395 3088 5445 non
3109 5380 3310 5445 habuit,
3351 5396 3446 5431 non

1870 5417 2277 5507 ῗὲὲιῖῑξέεὲξὲῗ
2297 5417 2662 5507 sarissas",
2705 5417 3278 5507 .IFoneprqcii'u'ﬁEi-T
3293 5417 3443 5507 ἷοὶἒξῖῗ

1873 5506 2025 5567 prelis
2045 5503 2170 5567 forte
2191 5513 2276 5554 aut
2310 5503 2486 5567 codicis
2523 5505 2669 5553 vitio:
2693 5503 2932 5567 quodque
2957 5505 3144 5554 additur
3186 5505 3447 5567 sententia:

1873 5563 2169 5635 explicandae
2190 5579 2331 5635 causa
2352 5599 2367 5626 ,
2385 5563 2436 5635 id
2457 5571 2527 5635 est
2547 5599 2561 5623 ,
2586 5563 2851 5635 rogabitur:
2868 5573 3020 5635 Deus,
3034 5574 3129 5635 etc.
3152 5571 3273 5635 item
3297 5565 3416 5635 infra
3430 5598 3446 5623 ,

1872 5624 1951 5687 qui
1975 5626 2107 5676 dedit
2132 5624 2360 5689 credere,"
2383 5625 2515 5676 dabit
2552 5632 2596 5675 et
2632 5624 2865 5689 con/itm,
2892 5628 3128 5676 exhibent
3151 5625 3309 5689 italico
3331 5625 3446 5674 cha-

1873 5696 2063 5739 tactere
2079 5722 2093 5749 ,
2119 5687 2397 5737 dubitantes
2419 5700 2479 5737 an
2500 5690 2562 5738 sit
2585 5686 2869 5748 interpretis
2886 5723 2902 5747 ,
2936 5700 2997 5737 an
3024 5686 3285 5749 augustiui.
