4008 6178
366 284 496 339 ΙΟΞΣΞ

358 412 457 467 qua
484 392 643 463 quod,
668 391 914 456 creditis,
947 391 1185 446 conﬁteri
1210 391 1446 462 possitis.
1484 410 1503 443 ι
1545 390 1695 446 Dabit
1731 391 1872 446 enim
1901 430 1914 451 ,

362 497 530 541 certus
551 501 665 540 sum
685 502 698 549 ;
722 486 809 553 qui
840 484 984 539 dedit
1008 484 1150 554 quod
1173 486 1399 554 primunt
1420 493 1521 548 est,
1542 482 1686 537 dabit
1705 490 1760 537 et
1777 480 1916 551 quod

361 577 637 632 secundum
674 585 757 632 est
802 594 821 628 ι
874 575 1188 647 (Gregorius
1227 573 1621 639 Nazianzenus,
1666 572 1809 626 Orat.
1852 573 1920 627 4-4

359 670 408 720 in
448 667 831 740 Pentecosten);
872 668 960 737 qui
1008 666 1154 721 dedit
1196 665 1458 732 credere,
1498 664 1643 720 dabit
1688 672 1743 719 et
1786 678 1921 718 con-

360 757 517 812 ﬁteri:
1129 816 1135 821 ,

426 848 511 901 50.
538 847 620 901 lsti
644 847 775 902 tales
796 846 1029 916 tantique
1044 845 1288 900 doctores
1304 845 1541 899 dicentes
1561 859 1665 898 non
1687 858 1804 898 esse
1823 843 1922 897 ali—

357 938 495 1007 quid,
516 936 581 992 de
604 954 709 1007 quo
735 946 979 1006 tanquam
1002 937 1068 991 de
1096 947 1298 1000 nostro,
1316 935 1457 1007 quod
1481 935 1633 989 nobis
1655 935 1794 989 Deus
1815 951 1919 989 non

356 1027 584 1091 dederit,
616 1027 936 1097 gloriemur;
968 1042 1064 1081 nec
1091 1027 1261 1095 ipsum
1292 1041 1385 1079 cor
1419 1035 1657 1081 nostrum
1685 1033 1739 1079 et.
1770 1025 1916 1093 cogi-

358 1119 577 1172 tationes
608 1126 816 1171 nostras
855 1119 910 1172 in
954 1126 1213 1186 potestate
1261 1127 1437 1171 nostra
1469 1131 1621 1182 esse;
1662 1124 1717 1170 et
1757 1124 1921 1170 totum

355 1207 536 1261 dantes
569 1206 707 1268 Deo,
738 1216 894 1276 atque
924 1206 992 1260 ab
1022 1206 1137 1277 ipso
1176 1222 1272 1261 nos
1298 1206 1537 1275 accipere
1565 1208 1880 1260 conﬁtentes
1905 1246 1920 1272 ,

357 1308 409 1351 ut
448 1299 775 1365 permansuri
806 1305 1178 1351 convertamur
1207 1297 1270 1351 ad
1312 1312 1467 1361 eum;
1498 1307 1553 1349 ut
1578 1296 1631 1351 id
1655 1295 1796 1366 quod
1826 1296 1923 1350 bo-

354 1402 475 1441 num
507 1395 589 1440 est
608 1428 624 1451 ,
665 1386 814 1440 nobis
841 1402 1051 1457 quoque
1088 1386 1328 1441 videatur
1354 1387 1550 1440 bonum
1574 1427 1589 1453 ,
1621 1395 1674 1440 et
1703 1386 1924 1440 velimus

356 1476 510 1541 illud,
546 1485 603 1530 ut
627 1477 946 1531 lionoremus
969 1478 1131 1531 Deum
1153 1519 1168 1542 ,
1191 1485 1245 1531 et
1270 1476 1585 1545 recipiamus
1607 1474 1879 1531 Christum
1905 1517 1921 1541 ,

354 1577 406 1621 ut
431 1582 495 1621 ex
531 1567 792 1621 indevotis
818 1566 1112 1622 efﬁciamur
1141 1568 1314 1621 devoti
1342 1577 1394 1621 et
1418 1568 1670 1637 religiosi,
1690 1576 1745 1621 ut
1774 1569 1824 1621 in
1847 1568 1927 1635 i,'o

354 1672 461 1721 sam
492 1655 807 1710 Trinitatem
837 1657 1135 1721 credamus,
1161 1665 1213 1711 et
1244 1657 1593 1712 conﬁteamur
1617 1658 1774 1712 etiam
1797 1672 1925 1713 voce

354 1748 487 1814 quod
519 1749 786 1802 credimus
818 1765 831 1800 :
868 1748 982 1802 hinc
1011 1748 1190 1816 utique
1212 1748 1395 1817 gratim
1418 1747 1509 1801 Dei
1538 1747 1798 1811 tribuunt,
1833 1747 1922 1800 Dei

354 1853 571 1891 munera
612 1848 937 1907 agnoscunt,
968 1839 1034 1892 ab
1066 1838 1179 1907 ipso
1207 1837 1356 1891 nobis
1378 1880 1392 1904 ,
1420 1853 1523 1891 non
1554 1853 1583 1890 a
1616 1837 1767 1892 nobis
1805 1852 1925 1892 esse

354 1937 635 1985 testantur.
660 1928 922 2000 Numquid
946 1940 1120 1984 autem
1145 1930 1422 2000 quiSquam
1447 1944 1539 1984 eos
1566 1929 1801 1984 dicturus
1822 1939 1922 1991 est,

353 2019 418 2073 ita
446 2017 724 2074 confessos
754 2021 907 2074 istam
934 2018 1025 2073 Dei
1065 2024 1285 2089 gratiam
1305 2058 1321 2085 ,
1364 2028 1421 2071 ut
1447 2019 1706 2073 auderent
1735 2034 1928 2087 negare

351 2110 463 2179 ejus
494 2112 880 2180 praescientiam
901 2153 916 2176 ,
949 2126 1105 2180 quant
1133 2126 1237 2163 non
1266 2110 1435 2163 solum
1463 2109 1641 2173 docti,
1664 2110 1757 2163 sed
1780 2110 1929 2162 indo-

349 2201 416 2254 cti
447 2202 614 2254 etiam
651 2200 1010 2254 conﬁtentur?
1036 2199 1201 2253 Porro
1239 2198 1282 2252 si
1312 2199 1424 2252 lttec
1464 2198 1532 2252 ita
1564 2199 1724 2252 Deum
1765 2213 1930 2253 nove-

349 2299 479 2343 rant
526 2290 656 2344 dare
676 2331 691 2354 ,
721 2297 778 2343 ut
808 2304 912 2343 non
957 2288 1261 2359 ignorarent
1286 2304 1404 2342 eum
1444 2289 1688 2343 daturum
1718 2304 1777 2343 se
1813 2304 1932 2343 esse

350 2382 637 2450 praescisse
656 2420 671 2446 ,
699 2389 752 2436 et
777 2380 967 2447 quibus
1004 2379 1220 2433 daturus
1246 2388 1387 2433 esset
1413 2394 1515 2433 non
1545 2381 1782 2449 potuisse
1833 2396 1929 2434 nc-

353 2473 528 2533 scire;
557 2470 737 2539 procul
760 2469 921 2523 dubio
944 2479 1191 2522 noverant
1223 2468 1756 2545 pratdestinationem,
1771 2484 1928 2538 quam

355 2578 447 2633 per
466 2564 504 2615 Α
516 2560 750 2630 postolos
768 2559 1102 2630 praedicatam
1125 2567 1305 2612 contra
1323 2572 1488 2612 novos
1512 2557 1788 2613 hmretieos
1805 2574 1932 2627 ope-

355 2655 529 2708 rosius
555 2653 964 2723 diligentiusque
985 2649 1314 2705 defendimus
1339 2667 1351 2702 :
1378 2666 1476 2704 nec
1497 2660 1671 2705 tamen
1700 2652 1778 2706 eis
1804 2652 1932 2706 obe-

354 2744 608 2798 dientiam
636 2742 1062 2812 prmdicantilnts,
1087 2751 1139 2796 et
1159 2741 1223 2794 ad
1246 2756 1361 2796 eam
1383 2742 1519 2795 sicut
1540 2742 1761 2811 quisque
1787 2752 1934 2811 pote-

352 2846 431 2888 rat
446 2833 721 2889 ferventer
739 2833 1090 2897 hortantibus,
1111 2833 1217 2887 ullo
1233 2833 1390 2887 modo
1408 2844 1551 2887 recte
1567 2833 1852 2900 diceretur,
1875 2834 1932 2889 Si

349 2941 454 2980 non
477 2925 647 2980 vultis
662 2924 1035 2988 obedientiam,
1055 2924 1119 2978 ad
1138 2940 1292 2994 quam
1317 2940 1412 2978 nos
1436 2925 1743 2991 accenditis,
1766 2925 1815 2977 in
1842 2941 1935 2977 no-

350 3025 462 3069 stro
489 3017 661 3070 rorde
689 3014 971 3084 frigescere
990 3057 1004 3080 ,
1039 3014 1204 3069 nolite
1230 3014 1381 3069 nobis
1407 3014 1558 3067 istam
1591 3014 1684 3069 Dei
1711 3013 1935 3083 gratiam

354 3108 495 3175 νηηιί
516 3106 655 3161 icare
674 3148 688 3168 ,
717 3122 817 3175 qua
851 3107 1017 3161 Deum
1043 3104 1168 3159 dare
1199 3104 1469 3172 fatemini,
1496 3120 1613 3175 qua:
1654 3113 1709 3157 ut
1734 3120 1829 3158 nos
1858 3106 1935 3156 fa-

353 3196 564 3251 ciamus
596 3194 897 3249 hortamini.

425 3284 660 3341 CAPUT
687 3284 805 3339 XX.
836 3313 907 3324 —
934 3284 1022 3340 5|.
1054 3283 1404 3351 Quamobrem
1427 3282 1471 3336 si
1497 3293 1548 3337 ct
1576 3281 1813 3350 Aposloli
1837 3323 1848 3341 ,
1885 3290 1938 3336 et

363 3377 613 3432 doctores
639 3375 891 3430 Ecclesia:
911 3375 997 3443 qni
1028 3374 1105 3429 eis
1132 3383 1501 3428 successerunt
1526 3389 1722 3443 eosque
1750 3373 1936 3426 imitati

366 3474 521 3532 sunt,
568 3476 855 3533 utrumque
886 3463 1176 3527 faciebant,
1225 3463 1274 3518 id
1299 3472 1412 3527 est,
1443 3471 1495 3519 et
1537 3463 1627 3517 Dei
1671 3463 1935 3533 gratiam,

366 3574 482 3626 qua:
513 3572 622 3609 non
668 3554 958 3610 secundum
1005 3553 1192 3608 merita
1237 3562 1414 3608 nostra
1444 3553 1632 3620 datur,
1679 3554 1940 3607 veraciter

368 3647 732 3719 prtedicabant
752 3688 765 3710 ,
794 3654 847 3700 et
879 3645 1014 3713 piam
1041 3644 1393 3698 obedientiam
1419 3643 1695 3714 praeceptis
1719 3644 1942 3697 salubri-

370 3739 467 3794 bus
496 3736 831 3792 instruebant
861 3754 873 3788 :
908 3735 1031 3806 quid
1059 3734 1301 3803 estquod
1329 3734 1523 3788 invicta
1563 3734 1796 3787 conclusi
1826 3733 1940 3787 vio-

372 3828 529 3883 lentia
558 3826 798 3882 veritatis
823 3837 966 3880 reete
991 3840 1049 3880 se
1076 3824 1161 3878 isti
1200 3824 1364 3879 nostri
1395 3823 1573 3877 dicere
1599 3823 1939 3889 existimant,

377 3936 395 3969 ι
435 3919 551 3972 Etsi
577 3931 761 3970 verum
783 3924 865 3970 est
892 3913 1035 3986 quod
1065 3913 1257 3969 dicitur
1281 3912 1347 3967 de
1368 3912 1829 3982 praedestinatione
1854 3912 1945 3967 be-

374 4011 684 4064 neﬁciorum
707 4009 821 4071 Dei,
840 4023 945 4061 non
967 4016 1048 4062 est
1069 4015 1241 4060 tamen
1268 4005 1475 4074 populis
1502 4002 1889 4073 prmdic‘andum
1920 4022 1939 4055 ι

377 4103 670 4174 (Supra,in
712 4100 933 4170 epistolis
957 4098 1193 4168 Prosperi
1214 4108 1258 4151 et
1290 4095 1519 4163 Hilarii).
1550 4094 1944 4149 Prardicantlum

377 4202 457 4247 est
479 4207 718 4262 prorsus,
742 4199 800 4246 ut
820 4191 907 4260 qui
935 4190 1092 4243 habet
1122 4203 1275 4242 aures
1296 4186 1562 4253 audiendi,
1592 4185 1771 4239 audiat
1796 4184 1943 4255 (an.

377 4299 467 4339 vttt
488 4326 503 4349 ,
532 4283 610 4356 8).
638 4284 767 4352 Quis
791 4292 966 4337 autem
999 4281 1188 4344 habet,
1222 4278 1266 4333 si
1294 4294 1395 4332 non
1421 4277 1627 4347 accepit
1654 4276 1719 4330 ab
1744 4276 1834 4330 illo
1858 4275 1948 4345 qui

381 4379 469 4437 ait,
495 4376 636 4430 Dabo
654 4377 723 4429 eis
742 4386 831 4429 cor
854 4372 1184 4445 cognoscendi
1201 4388 1297 4435 me,
1316 4380 1362 4424 et
1386 4386 1530 4423 aures
1555 4369 1809 4429 audientes
1828 4366 1953 4437 (Ba-

381 4469 506 4521 ruch
538 4484 608 4530 tt,
641 4466 770 4537 51)?
793 4466 947 4519 Certe
977 4463 1063 4532 qui
1098 4476 1201 4515 non
1240 4460 1476 4530 accepit‘
1499 4501 1513 4525 ,
1546 4459 1748 4528 rejiciat
1779 4474 1791 4509 ε
1825 4455 1948 4510 dum

386 4568 560 4612 tamen
592 4559 678 4626 qui
706 4555 865 4625 capit,
898 4561 1069 4608 sumat
1094 4560 1147 4605 et
1173 4551 1337 4615 bibat,
1369 4549 1512 4603 bibat
1534 4555 1589 4602 et
1614 4548 1771 4601 vivat.
1806 4546 1956 4601 Sicut

387 4652 530 4705 enim
558 4645 891 4717 praedicanda
919 4653 999 4698 est
1024 4644 1212 4712 pietas,
1232 4649 1291 4695 ut
1315 4640 1382 4694 ab
1407 4654 1470 4693 eo
1497 4638 1583 4708 qui
1617 4637 1773 4691 habet
1798 4649 1956 4689 aures

387 4739 670 4806 audiendi,
703 4738 843 4792 Deus
871 4743 1013 4790 recte
1044 4733 1278 4796 colatur;
1322 4728 1650 4799 przedicanda
1681 4735 1762 4781 est
1804 4724 1956 4794 ptuli-

389 4833 509 4885 citia
530 4874 543 4897 ,
574 4838 632 4884 ttt
656 4829 721 4882 ab
754 4841 818 4882 eo
844 4825 932 4895 qui
960 4822 1118 4877 habet
1147 4836 1299 4874 aures
1336 4817 1620 4882 audiendi,
1650 4815 1776 4869 nihil
1808 4814 1958 4881 geni-

392 4921 581 4975 talibus
626 4917 879 4977 membris
926 4913 1162 4969 illicitum
1208 4918 1577 4981 perpetretur;
1628 4904 1960 4978 prmdieanda

391 5023 474 5069 est
516 5012 779 5075 cbaritas,
830 5015 888 5062 ut
931 5006 998 5061 ab
1041 5020 1105 5060 eo
1142 5003 1230 5074 qui
1271 5002 1429 5055 habet
1474 5014 1630 5055 aures
1672 4996 1958 5062 audiendi,

396 5106 537 5160 Deus
577 5112 630 5158 et
675 5101 943 5171 proximus
981 5096 1225 5166 diligatur
1258 5111 1271 5147 :
1303 5092 1374 5147 ita
1415 5090 1746 5161 prtedicanda
1786 5098 1867 5143 est
1909 5098 1963 5143 et

396 5197 494 5247 ista
539 5190 931 5262 prtedestinatio
975 5183 1350 5241 beneﬁciorum
1397 5180 1525 5247 Dei,
1572 5188 1627 5234 ut
1674 5178 1763 5248 qui
1808 5177 1965 5231 habet

395 5297 553 5337 aures
579 5279 825 5337 audiendi
851 5318 869 5346 ,
901 5292 1004 5332 non
1035 5275 1087 5329 in
1117 5288 1175 5328 se
1205 5272 1319 5343 ipso
1342 5313 1358 5338 ,
1391 5270 1485 5325 sed
1516 5270 1567 5323 in
1601 5267 1822 5322 Domino
1845 5266 1965 5336 glo-

398 5379 582 5430 rietur.

472 5465 560 5520 59..
600 5461 747 5529 Quod
778 5469 952 5514 autem
983 5464 1165 5512 dicunt
1188 5497 1202 5520 ,
1239 5473 1256 5506 ι
1284 5469 1387 5509 non
1416 5465 1548 5521 opus
1587 5448 1747 5504 fuisse
1785 5446 1968 5516 hujus-

402 5558 607 5614 cemodi
637 5550 1007 5624 disputationis
1033 5549 1235 5603 incerto
1266 5547 1438 5601 minus
1465 5540 1866 5612 intell'gentium
1897 5546 1972 5592 tot

471 5690 488 5718 ί
526 5685 796 5736 δοωὶυυείε
825 5692 926 5742 3.18.,
950 5693 1039 5730 non
1063 5677 1206 5742 rapit.

1372 278 1568 332 LIBER
1613 278 1697 332 DE
1736 277 1913 332 DONU
1952 279 2561 340 l‘EliSE\'ER.\NT|.-'E.

3463 285 3597 340 £026

2026 392 2188 447 corda
2213 394 2408 448 turbari
2439 412 2452 447 :
2481 396 2726 464 quoniam
2752 409 2860 450 non
2885 395 3058 450 minus
3085 397 3287 452 utiliter
3333 398 3451 454 sine
3496 400 3596 455 hac

2026 480 2331 537 deﬁnitione
2350 483 2823 551 prtedestinationis
2851 500 2946 553 per
2978 493 3054 539 tot
3079 500 3248 543 annos
3274 485 3489 542 defensa
3514 497 3597 543 est

2025 571 2278 626 catholica
2310 572 2442 628 ﬁdes
2464 612 2481 639 ,
2515 582 2622 628 tum
2649 583 2833 630 contra
2862 576 2995 630 alios
3017 617 3032 640 ,
3065 584 3173 630 tum
3206 576 3436 633 maxime
3462 592 3593 634 eon-

2027 669 2104 714 tra
2132 662 2439 731 Pelagianos
2460 701 2477 729 ,
2509 672 2585 718 tot
2623 664 3000 719 catholicorum
3043 675 3099 719 et
3132 666 3354 719 aliorum
3399 675 3454 720 et
3491 682 3594 721 no-

2025 753 2150 807 stris
2176 753 2592 821 prmcedentibus
2617 755 2764 811 libris
2789 774 2808 807 ι
2835 754 3056 826 (Supra,
3074 757 3127 809 in
3151 757 3360 825 epistola
3387 756 3596 824 Hilarii,

2027 860 2080 897 η.
2107 846 2162 910 8,
2195 845 2294 899 col.
2333 844 2630 917 957-958):
2672 846 2890 900 multant
2925 847 3092 901 miror
3112 861 3206 902 eos
3240 847 3460 913 dicere;
3498 863 3599 904 nec

2027 933 2297 990 attendere
2321 976 2337 1001 ,
2368 942 2426 989 ut
2452 934 2518 990 de
2552 935 2672 990 aliis
2716 935 2803 991 hic
2839 944 3079 1000 taceam,
3118 934 3263 1005 ipsos
3300 937 3463 992 libros
3495 953 3599 992 no-

2028 1035 2167 1080 stros
2186 1033 2242 1080 et
2266 1034 2551 1095 antequam
2574 1026 2836 1094 Pelagiani
2856 1040 3113 1094 apparere
3135 1026 3444 1094 coepissent,
3470 1041 3601 1082 con~

2029 1116 2253 1185 scriptos
2279 1124 2334 1171 et
2361 1116 2534 1171 editos
2556 1158 2572 1183 ,
2599 1125 2654 1171 et
2674 1116 2851 1171 videre
2870 1131 3026 1185 quam
3055 1117 3235 1171 multis
3253 1132 3437 1172 eorum
3464 1118 3596 1175 locis

2030 1206 2257 1263 futuram
2289 1209 2586 1264 nescientes
2608 1208 2939 1278 Pelagianam
2966 1207 3209 1263 hmresitn
3229 1208 3563 1265 cedebamus
3577 1248 3598 1275 ,

2032 1297 2366 1366 prmdicando
2390 1299 2613 1367 gratiam
2639 1339 2656 1365 ,
2689 1313 2792 1367 qua
2833 1312 2929 1351 nos
2963 1298 3102 1352 Deus
3140 1297 3330 1351 liberat
3368 1312 3399 1351 a
3446 1299 3600 1356 malis

2028 1388 2297 1442 erroribus
2324 1398 2379 1443 et
2403 1388 2643 1442 moribus
2666 1387 2862 1443 nostris
2886 1428 2900 1454 ,
2928 1402 3032 1441 non
3058 1386 3476 1455 praecedentibus
3502 1386 3599 1441 bo-

2028 1479 2111 1532 nis
2139 1478 2342 1533 meritis
2368 1479 2564 1533 nostris
2592 1520 2606 1545 ,
2639 1477 2840 1532 faciens
2869 1479 2969 1532 hoc
2995 1475 3288 1532 secundum
3314 1477 3599 1546 gratuitam

2029 1570 2444 1625 misericordiam
2475 1584 2644 1625 suam.
2672 1568 2822 1635 Quod
2852 1568 3060 1638 plenius
3083 1583 3272 1638 sapere
3295 1568 3432 1637 coepi
3457 1568 3509 1622 in
3533 1582 3599 1624 ea

2028 1660 2416 1730 disputatione,
2445 1677 2599 1730 quam
2627 1661 2813 1728 scripsi
2845 1660 2911 1714 ad
2948 1659 3116 1714 beata:
3154 1660 3423 1714 memoriae
3458 1660 3601 1715 Sitn-

2030 1754 2309 1823 plicianuzn
2333 1754 2639 1824 episcOpum
2660 1751 3071 1807 Mediolanensis
3094 1751 3344 1805 Ecrlesia:
3366 1792 3381 1816 ,
3413 1751 3466 1805 in
3492 1752 3601 1807 mei

2028 1847 2360 1915 episcopatus
2387 1844 2604 1900 exordio
2628 1886 2643 1910 ,
2673 1842 2885 1913 quando
2923 1850 2978 1897 et
3014 1841 3223 1896 initium
3252 1839 3373 1896 ﬁdei
3401 1839 3601 1895 donum

2028 1936 2126 1992 Dei
2155 1951 2274 1992 esse
2301 1936 2525 2006 cognovi
2549 1976 2564 2001 ,
2597 1944 2651 1991 et
2676 1934 2905 1989 asserui.

2101 2027 2191 2081 53.
2229 2026 2363 2094 Quid
2393 2034 2568 2080 autem
2599 2039 2837 2079 meorum
2865 2022 3238 2091 opusculorum
3279 2020 3604 2090 frequentius

2032 2126 2087 2172 et
2115 2116 2473 2171 delectabilius
2503 2115 2834 2168 innotescere
2860 2112 3066 2181 potuit,
3113 2127 3270 2180 quam
3299 2111 3419 2165 libri
3460 2111 3603 2165 Con-

2036 2207 2321 2262 fessionum
2348 2204 2620 2260 mearum?
2642 2203 2773 2259 Cum
2797 2210 2852 2257 ct
2878 2202 3023 2272 ipsos
3044 2201 3296 2255 ediderim
3322 2209 3602 2271 antequam

2036 2296 2318 2369 Pelagiana
2346 2295 2567 2350 haeresis
2594 2294 2922 2356 exstitisset;
2953 2293 3003 2345 in
3047 2292 3125 2346 eis
3160 2302 3303 2346 certe
3340 2291 3448 2345 dixi
3493 2290 3605 2345 Deo

2035 2394 2219 2439 nostro
2241 2426 2257 2448 ,
2288 2393 2341 2437 et
2365 2398 2506 2452 saepe
2529 2382 2637 2438 dixi
2664 2402 2677 2437 :
2711 2401 2728 2432 ι
2763 2383 2835 2435 Da
2862 2380 3002 2449 quod
3024 2380 3179 2450 jubes
3201 2421 3215 2443 ,
3240 2390 3294 2434 et
3311 2380 3436 2450 jube
3460 2379 3603 2450 quod

2033 2475 2113 2530 vis
2148 2492 2167 2526 ι
2200 2474 2218 2544 (
2248 2472 2360 2528 Lib.
2392 2474 2457 2528 10
2476 2514 2492 2539 ,
2522 2480 2674 2544 capp”.
2701 2471 2768 2527 l9
2788 2513 2802 2538 ,
2827 2472 2888 2525 51
2918 2511 2933 2535 ,
2978 2472 3044 2526 57
3075 2472 3113 2537 ).
3140 2470 3269 2535 Qua:
3299 2484 3415 2524 mea
3445 2469 3605 2524 verba

2035 2564 2279 2634 Pelagius
2303 2564 2484 2619 Roma:
2506 2604 2522 2629 ,
2553 2577 2676 2618 cum
2701 2576 2733 2615 a
2761 2560 2987 2631 quodam
3021 2559 3183 2614 fratre
3209 2570 3264 2614 et
3290 2559 3607 2629 coepiscopo

2036 2670 2154 2709 meo
2185 2654 2407 2708 fuissent
2435 2668 2501 2707 eo
2544 2659 2807 2723 praisente
2850 2657 3260 2705 commemorata
3288 2689 3302 2713 ,
3334 2647 3475 2703 ferre
3500 2661 3606 2702 non

2040 2744 2250 2814 patuit,
2284 2751 2338 2798 et
2362 2740 2733 2797 contradicens
2769 2740 3041 2810 aliquanto
3078 2737 3395 2793 commotius
3418 2777 3434 2801 ,
3472 2751 3609 2805 pene

2036 2848 2158 2888 cum
2184 2847 2250 2887 eo
2274 2832 2362 2901 qui
2391 2832 2476 2885 illa
2507 2837 3015 2886 commemoraverat
3041 2827 3279 2896 litigavit.
3321 2825 3455 2894 Quid
3482 2840 3609 2881 vero

2036 2922 2281 2992 primitus
2304 2930 2359 2976 et
2386 2919 2612 2975 maxime
2644 2920 2781 2974 Deus
2814 2917 3002 2987 jubet,
3034 2916 3134 2970 nisi
3165 2923 3223 2969 ut
3248 2915 3526 2970 credamus
3555 2914 3608 2969 in

2038 3037 2158 3076 eum
2182 3020 2206 3074 Ἰ
2237 3020 2303 3074 Et
2327 3018 2430 3074 hoc
2455 3032 2582 3087 ergo
2610 3016 2725 3087 ipse
2752 3014 2843 3068 dat
2868 3053 2884 3079 ,
2912 3013 2955 3068 si
2980 3012 3117 3068 bene
3156 3010 3227 3064 illi
3263 3009 3461 3065 dictum
3487 3017 3608 3072 est,

2042 3132 2063 3166 ι
2098 3115 2172 3168 Da
2200 3111 2340 3180 quod
2362 3110 2538 3179 jubes.
2570 3127 2591 3160 ι
2620 3107 2686 3160 Ει
2712 3109 2764 3159 in
2791 3103 2993 3159 eisdem
3018 3102 3176 3157 etiam
3205 3099 3355 3154 libris
3377 3097 3516 3169 quod
3541 3097 3615 3152 de

2041 3220 2155 3260 mea
2182 3201 2528 3258 conversione
2555 3198 2759 3251 narravi
2792 3194 2945 3267 (Lib.
2967 3194 3031 3259 3,
3071 3208 3220 3262 capp.
3262 3190 3322 3245 ll
3346 3231 3363 3256 ,
3411 3190 3477 3244 12
3499 3228 3516 3255 ,
3563 3199 3613 3243 et

2041 3297 2130 3351 lib.
2160 3296 2225 3363 9,
2248 3311 2362 3364 cap.
2394 3293 2429 3348 8
2454 3294 2493 3362 ),
2521 3291 2630 3345 Deo
2656 3304 2743 3344 me
2767 3294 3108 3343 convertentc
3148 3283 3213 3337 ad
3260 3297 3376 3338 eam
3414 3282 3570 3337 ﬁdem
3595 3323 3612 3346 ,

2041 3401 2198 3455 quam
2218 3381 2515 3438 miserrima
2535 3389 2588 3434 et
2611 3376 2954 3433 furiosissima
2972 3374 3287 3442 loquacitate
3307 3370 3576 3427 vastabam
3593 3411 3612 3440 ,

2044 3491 2220 3529 nonne
2252 3474 2320 3528 ita
2354 3480 2620 3526 narratum
2649 3482 2767 3524 esse
2796 3465 3112 3520 meministis
3134 3505 3149 3530 ,
3180 3471 3236 3517 ut
3275 3461 3614 3518 ostenderem

2043 3580 2129 3619 me
2157 3563 2401 3617 ﬁdelibus
2428 3569 2483 3615 et
2508 3556 2829 3629 quotidianis
2857 3555 3041 3610 matris
3076 3568 3210 3609 mea:
3253 3552 3502 3624 lactymis
3549 3565 3617 3607 ne

2047 3655 2273 3723 perirem
2320 3651 2480 3705 fuisse
2523 3646 2878 3703 concessum?
2923 3645 3021 3701 Ubi
3071 3644 3253 3715 utique
3296 3642 3613 3714 prtedicavi,

2047 3762 2150 3801 non
2180 3746 2348 3801 solum
2375 3758 2588 3799 aversas
2613 3759 2643 3796 a
2674 3751 2818 3797 recta
2846 3741 2947 3796 ﬁde
2969 3782 2985 3808 ,
3027 3740 3124 3796 sed
3166 3739 3417 3795 adversas
3457 3737 3616 3811 etiam

2048 3844 2207 3890 recta:
2235 3833 2391 3897 ﬁdei,
2424 3831 2586 3885 Deum
2614 3845 2705 3884 sua
2734 3830 2901 3900 gratia
2926 3829 2990 3883 ad
3017 3844 3133 3882 eam
3176 3836 3491 3882 convertere
3524 3825 3623 3880 bo-

2049 3929 2249 3983 minum
2272 3926 2590 3979 voluntates.
2617 3923 2692 3976 De
2713 3920 3023 3991 proﬁciente
3046 3935 3204 3988 porro
3224 3918 3618 3987 perseverantia

2050 4013 2492 4088 quemadmodum
2522 4013 2687 4067 Deum
2716 4010 3009 4080 rogaverim
3031 4048 3046 4074 ,
3080 4018 3134 4062 et
3168 4007 3315 4063 scitis
3337 4048 3352 4073 ,
3381 4015 3435 4061 et
3468 4014 3622 4078 pote-

2050 4107 2146 4161 stis
2175 4118 2453 4161 recensere
2479 4116 2598 4157 cum
2618 4100 2794 4155 vultis.
2811 4098 2996 4154 Omnia
3027 4099 3202 4168 itaque
3226 4097 3318 4153 Dei
3340 4096 3477 4152 dona
3502 4112 3622 4166 qua:

2054 4196 2105 4250 in
2135 4195 2320 4250 eodem
2353 4207 2515 4263 Opere
2539 4193 2651 4246 sive
2679 4190 2853 4260 optavi
2878 4230 2894 4258 ,
2926 4189 3037 4243 sive
3066 4187 3314 4253 laudavi,
3342 4186 3490 4257 quis,
3519 4201 3624 4240 non

2052 4288 2224 4343 dicam
2257 4300 2480 4356 negare,
2508 4283 2601 4338 sed
2633 4282 2873 4337 dubitare
2901 4281 3086 4335 saltem
3114 4278 3305 4333 audeat
3334 4278 3500 4332 Deum
3525 4276 3625 4333 da-

2056 4390 2228 4435 turutn
2255 4393 2313 4432 se
2340 4391 2457 4432 esse
2481 4374 2760 4446 prtescisse
2782 4413 2796 4437 ,
2845 4382 2897 4426 et
2936 4370 3126 4440 quibus
3172 4368 3388 4424 daturus
3421 4366 3584 4422 fuerit
3606 4405 3626 4434 ,

2058 4483 2323 4540 nunquam
2362 4466 2596 4537 potuisse
2637 4460 2887 4517 nescire?
2933 4460 3055 4515 Hmc
3096 4467 3178 4514 est
3229 4457 3625 4527 prtedestinatio

2059 4559 2333 4616 manifesta
2352 4567 2408 4613 et
2425 4564 2568 4612 certa
2589 4561 2890 4608 sanctorum
2916 4568 2929 4603 :
2949 4565 3104 4619 quam
3127 4557 3306 4620 postea
3323 4546 3629 4616 diligentius

2059 4665 2110 4710 ct
2136 4652 2411 4724 operosius
2435 4690 2451 4716 ,
2481 4663 2599 4703 cum
2620 4646 2730 4716 jam
2756 4652 2937 4699 contra
2977 4641 3288 4711 Pelagianos
3328 4640 3625 4708 disputare-

2060 4763 2180 4804 mus
2203 4787 2218 4812 ,
2246 4742 2531 4800 defendere
2561 4739 2850 4795 necessitas
2874 4736 3145 4805 compulit.
3178 4734 3463 4789 Didicimus
3485 4733 3630 4787 enim

2064 4837 2296 4908 singulas
2323 4846 2557 4904 quasque
2581 4830 2812 4884 limreses
2841 4826 3081 4881 intulisse
3106 4822 3359 4878 Ecclesia:
3387 4821 3631 4892 proprias

2066 4926 2384 4998 qumstiones
2456 4929 2639 4975 contra
2691 4933 2824 4987 quas
2890 4914 3194 4983 diligentius
3255 4910 3633 4966 defenderetur

2066 5016 2338 5085 Scriptura
2368 5011 2545 5066 divina
2568 5050 2582 5073 ,
2614 5022 2771 5078 quam
2799 5005 2841 5059 si
2872 5003 3014 5057 nulla
3062 5002 3180 5056 talis
3225 5000 3515 5055 necessitas
3542 5013 3635 5053 co-

2068 5113 2232 5179 geret.
2263 5102 2399 5172 Quid
2425 5108 2601 5156 autem
2629 5096 2802 5166 coegit
2829 5094 2943 5148 loca
2983 5092 3374 5162 Scripturarum
3401 5131 3416 5157 ,
3448 5089 3638 5159 quibus

2073 5177 2463 5268 praedestinatio
2490 5186 2855 5246 commendata
2881 5191 2961 5239 est
2981 5224 2997 5251 ,
3019 5182 3285 5252 copiosius
3315 5188 3368 5235 et
3390 5177 3640 5233 enuclea-

2075 5265 2178 5342 tius
2203 5286 2306 5339 isto
2332 5289 2516 5337 nostro
2543 5277 2725 5332 labore
2751 5272 3000 5339 defendi,
3040 5271 3144 5327 nisi
3190 5269 3332 5345 quod
3374 5265 3642 5333 Pelagiani

2075 5381 2257 5434 dicunt
2284 5374 2506 5446 gratiam
2554 5369 2648 5424 Dei
2693 5366 2980 5423 secundum
3021 5360 3211 5419 merita
3256 5370 3436 5416 nostra
3481 5354 3642 5411 dari?

2078 5470 2216 5542 quod
2245 5465 2366 5539 quid
2394 5474 2475 5520 est
2500 5460 2640 5517 aliud
2667 5475 2823 5530 quam
2851 5458 3034 5529 gratim
3060 5455 3275 5508 omnino
3301 5447 3557 5542 negatio?

2147 5557 2372 5616 CAPUT
2401 5553 2542 5611 XXI.
2564 5583 2635 5594 -—
2654 5553 2741 5609 54.
2775 5549 2896 5604 "are
2922 5561 3048 5617 ergo
3072 5554 3129 5598 ut
3159 5544 3359 5611 ingrata
3389 5540 3499 5595 Deo
3522 5553 3641 5593 scn—

2085 5653 2247 5710 tcntia
2277 5650 2576 5706 destruatur
2599 5687 2613 5714 ,
2643 5642 2881 5716 gratuitis
2905 5639 2994 5694 Dei
3016 5634 3282 5691 beneﬁciis
3304 5631 3493 5705 quibus
3515 5630 3646 5685 libe-
