4008 6178
331 360 465 420 illi?

326 494 509 534 ramur
537 474 749 531 inimica
777 521 788 534 ,
820 481 880 530 et
911 471 1116 527 initium
1163 466 1320 531 ﬁdei,
1356 474 1413 522 et
1451 465 1504 519 in
1547 479 1609 519 ea
1653 477 1822 534 usque
1850 463 1904 515 in

328 569 489 623 ﬁnem
536 561 986 637 perseverantiam
1031 558 1327 615 secundum
1370 555 1678 626 Scripturas
1700 594 1717 621 ,
1764 553 1907 608 unde

322 660 433 730 jam
462 658 628 714 multa
656 656 886 711 diximus
906 693 923 718 ,
942 652 1082 708 dona
1108 651 1207 707 Dei
1228 665 1349 706 esse
1375 648 1731 705 defendimus.
1758 647 1905 714 Quo-

327 751 470 805 niam
515 749 561 803 si
606 763 638 803 a
678 745 839 802 nobis
884 758 1004 799 esse
1048 741 1276 797 dicimus
1322 741 1526 795 initium
1566 738 1687 793 ﬁdei
1714 779 1728 803 ,
1759 745 1907 791 uteo

324 848 516 897 czetera
547 837 638 892 Dei
660 836 799 892 dona
823 848 1126 889 mereamur
1149 832 1429 901 accipere;
1456 829 1780 886 concludunt
1802 827 1905 883 Pe~

327 932 518 1003 lagiani
542 972 558 993 ,
601 931 826 1001 gratiam
856 927 956 983 Dei
992 927 1285 984 secundum
1317 924 1506 980 merita
1544 932 1725 978 nostra
1766 920 1901 977 dari.

324 1023 477 1091 Quod
500 1023 569 1076 ita
591 1020 868 1076 exhorruit
888 1019 1148 1075 catholica
1171 1016 1303 1072 ﬁdes
1318 1023 1404 1077 .ut
1419 1015 1659 1069 damnari
1687 1014 1905 1079 timens,

326 1120 428 1171 hoc
455 1113 700 1185 Pelagius
727 1114 842 1183 ipse
864 1112 1214 1167 damnaverit.
1255 1111 1491 1179 itemque
1532 1106 1578 1162 si
1622 1107 1847 1162 dicimus
1873 1121 1906 1162 a

327 1207 481 1262 nobis
505 1218 626 1261 esse
651 1203 1100 1275 perseverantiam
1128 1208 1366 1256 nostram
1392 1241 1408 1266 ,
1448 1213 1556 1253 non
1585 1213 1615 1252 a
1639 1197 1864 1251 Domino
1888 1214 1904 1261 ;

325 1298 650 1370 respondent
676 1297 750 1352 illi
779 1335 796 1363 ,
828 1297 899 1352 ita
927 1310 1026 1350 nos
1048 1309 1078 1349 a
1106 1294 1260 1349 nobis
1282 1291 1481 1347 habere
1506 1292 1712 1346 initium
1741 1289 1861 1344 ﬁdei
1886 1329 1904 1354 ,

327 1394 466 1449 sicut
515 1392 710 1458 ﬁnem,
755 1391 835 1445 sic
875 1396 1348 1460 argumentantes,
1390 1384 1560 1439 multo
1599 1383 1765 1454 magis
1808 1395 1906 1437 nos

327 1482 527 1541 habere
552 1500 579 1538 a
608 1483 763 1540 nobis
785 1481 911 1537 illud
931 1481 1141 1536 initium
1166 1521 1181 1546 ,
1203 1479 1249 1534 si
1275 1494 1305 1532 a
1332 1476 1483 1533 nobis
1504 1476 1761 1532 habemus
1785 1489 1908 1545 per-

327 1591 547 1632 manere
565 1590 732 1647 usque
755 1575 809 1629 in
828 1573 988 1628 ﬁnem
1014 1615 1028 1635 ,
1052 1586 1172 1627 cum
1195 1570 1452 1642 perﬁcere
1474 1582 1632 1639 quam
1650 1565 1909 1621 inchoare

330 1668 399 1720 sit
425 1666 594 1735 majus
621 1683 634 1717 :
664 1679 727 1719 ac
752 1665 830 1719 sic
854 1663 1144 1718 identidem
1174 1658 1533 1724 concludunt,
1558 1656 1784 1727 gratiam
1808 1654 1905 1709 Dei

328 1755 617 1811 secundum
658 1754 845 1809 merita
883 1760 1065 1807 nostra
1105 1751 1241 1806 dari.
1293 1749 1350 1805 Si
1397 1757 1575 1803 autem
1624 1756 1906 1816 utrumque

330 1845 427 1900 Dei
455 1846 649 1900 donum
676 1852 761 1899 est
785 1885 799 1907 ,
830 1851 886 1899 et
911 1844 1028 1898 haec
1048 1842 1188 1897 Deus
1212 1841 1350 1896 dona
1380 1854 1475 1895 sua
1506 1837 1684 1910 (quod
1712 1851 1907 1907 negare

326 1938 445 2009 quis
472 1936 688 2008 potest?
715 1938 734 2009 )
763 1935 1008 1992 daturum
1039 1949 1098 1991 se
1131 1948 1252 1990 esse
1295 1931 1597 2004 przcscivit;
1623 1927 1907 2001 praedesti-

329 2029 475 2083 natio
500 2026 836 2098 prtedleanda
867 2036 948 2082 est
974 2067 989 2089 ,
1021 2033 1078 2080 nt
1104 2022 1276 2096 possit
1299 2038 1424 2078 vera
1452 2021 1546 2077 Dei
1568 2021 1738 2092 gratia
1760 2061 1776 2087 ,
1804 2018 1909 2075 hoc

328 2125 413 2174 est
436 2159 452 2183 ,
476 2133 596 2187 quae
621 2130 725 2172 non
755 2115 1045 2172 secundum
1091 2114 1278 2170 merita
1313 2122 1496 2168 nostra
1539 2112 1728 2177 datur,
1758 2112 1907 2166 insu-

327 2210 549 2280 perabili
573 2209 867 2264 munitione
892 2206 1125 2264 defendi.

403 2302 492 2358 55.
535 2298 602 2356 Et
622 2317 724 2372 ego
749 2300 962 2372 quidem
991 2301 1043 2354 in
1075 2299 1165 2353 illo
1193 2297 1332 2353 libro
1353 2338 1369 2364 ,
1396 2295 1548 2367 cuius
1573 2294 1656 2351 est
1682 2294 1865 2350 titulus
1890 2334 1905 2361 ,

331 2391 408 2447 De
435 2392 785 2461 Correptione
823 2399 877 2445 et
909 2390 1090 2446 Gratia
1114 2432 1129 2456 ,
1179 2389 1268 2459 qui
1315 2387 1557 2443 sufﬁcere
1590 2403 1697 2442 non
1738 2386 1911 2456 potuit

331 2483 577 2537 omnibus
604 2481 949 2537 dilectoribus
975 2481 1173 2535 nostris
1197 2521 1212 2547 ,
1255 2488 1381 2550 puto
1415 2494 1502 2536 me
1547 2480 1618 2533 ita
1665 2478 1909 2549 posuisse

327 2574 523 2629 donum
556 2573 645 2628 Dei
671 2587 788 2627 esse
811 2614 828 2641 ,
877 2573 1035 2627 etiam
1075 2586 1422 2642 perseverare
1461 2584 1633 2640 usque
1663 2570 1714 2624 in
1748 2569 1906 2625 ﬁnem

334 2665 354 2737 (
380 2662 458 2719 De
482 2663 804 2733 Correptione
827 2673 875 2718 et
902 2661 1079 2717 Gratia
1103 2705 1119 2730 ,
1148 2680 1200 2718 η.
1231 2662 1298 2718 10
1322 2662 1364 2736 ),
1396 2672 1456 2717 ιιι
1495 2663 1606 2718 hoc.
1638 2670 1792 2717 antea
1818 2704 1832 2726 ,
1862 2661 1907 2716 si

328 2771 416 2811 me
443 2770 548 2810 non
579 2754 711 2809 fallit
732 2752 928 2810 oblivio
949 2796 965 2821 ,
993 2758 1100 2808 tam
1128 2765 1382 2823 expresse
1407 2761 1565 2824 atque
1589 2753 1863 2810 evidenter
1889 2793 1905 2817 ,

330 2847 419 2903 vel
446 2861 706 2917 nusquam
731 2886 746 2911 ,
778 2845 861 2900 vel
889 2860 1026 2915 pene
1055 2858 1314 2915 nusquam
1344 2845 1670 2915 scripserim.
1701 2844 1807 2900 Sed
1836 2845 1907 2900 ita

329 2938 435 2993 hoc
460 2951 602 2991 nunc
626 2936 734 2991 dixi
762 2977 776 3000 ,
804 2944 863 2991 ut
886 2950 995 2991 non
1022 2945 1147 2991 ante
1174 2950 1260 2990 me
1288 2950 1448 2990 nemo
1467 2935 1687 2990 dixerit.
1711 2920 1908 2992 Beatus

327 3026 522 3098 quippe
547 3025 846 3098 Cyprianus
869 3026 926 3080 in
962 3024 1215 3081 Oratione
1258 3026 1529 3080 Dominica
1552 3068 1567 3091 ,
1616 3026 1754 3081 sicut
1794 3026 1906 3097 jam

333 3116 696 3183 ostendimus,
736 3117 1275 3200 petitiones.nostras
1318 3118 1389 3171 ita
1426 3118 1709 3187 exposuit,
1749 3127 1807 3173 ut
1855 3119 1906 3172 in

327 3209 443 3280 ipsa
470 3209 923 3280 primapetitione
949 3209 1399 3279 perseverantiam
1431 3224 1531 3265 nos
1553 3208 1756 3264 diceret
1786 3223 1909 3279 pos-

327 3316 491 3369 cere;
518 3301 571 3356 id
596 3313 695 3356 nos
721 3315 876 3356 orare
906 3311 1154 3356 asserens
1176 3342 1192 3364 ,
1234 3298 1463 3355 dicendo
1487 3342 1502 3366 ,
1549 3299 1909 3370 Sanctiﬁcelur

328 3407 508 3446 nomen
537 3399 677 3444 tuum
705 3390 725 3463 (
751 3389 940 3444 Matth.
970 3405 1022 3443 vt
1049 3430 1064 3456 ,
1091 3387 1189 3461 9),
1220 3404 1340 3444 cum
1362 3389 1475 3459 jam
1500 3389 1552 3444 in
1583 3390 1909 3461 Baptismate

327 3482 639 3538 sanctiﬁcati
669 3481 958 3546 fuerimus;
990 3482 1126 3535 utin
1164 3496 1230 3536 eo
1269 3481 1409 3551 quod
1449 3496 1570 3537 esse
1603 3483 1864 3553 carpimus
1885 3523 1902 3545 .

326 3588 750 3644 perseveremus.
786 3572 1017 3628 Videant
1048 3581 1224 3627 tamen
1261 3572 1330 3639 ii,
1376 3573 1567 3643 quibus
1605 3574 1906 3630 amantibus

327 3679 417 3721 me
439 3706 456 3732 ,
484 3665 725 3735 ingratus
746 3678 865 3719 esse
889 3677 999 3719 non
1028 3662 1198 3719 debeo
1222 3704 1236 3728 ,
1265 3662 1355 3733 qui
1381 3674 1577 3733 praeter
1616 3663 1719 3720 hoc
1764 3664 1907 3735 quod

326 3757 381 3811 in
409 3755 758 3827 quaestionem
783 3755 963 3821 venit,
991 3755 1169 3808 omnia
1197 3769 1318 3810 mea
1342 3796 1359 3820 ,
1391 3756 1529 3812 sicut
1555 3756 1816 3820 seribitis,
1847 3771 1909 3814 se

327 3847 647 3920 proﬁtentur
689 3846 937 3918 amplecti
983 3865 998 3902 :
1036 3846 1285 3914 videant,
1332 3848 1578 3919 inquam,
1625 3859 1803 3904 utrum
1854 3850 1906 3904 in

325 3939 484 4010 primi
529 3938 650 3994 libri
698 3938 1085 4009 posterioribus
1120 3938 1395 4009 partibus,
1439 3952 1626 3995 eorum
1681 3939 1908 3994 duorum

324 4044 458 4102 quos
512 4030 621 4086 mei
670 4030 1007 4103 episcopatus
1055 4029 1206 4085 initio
1230 4071 1245 4095 ,
1290 4038 1573 4101 antequam
1628 4029 1909 4101 Pelagiana

327 4122 546 4178 hmresis
570 4129 887 4192 appareret,
919 4122 986 4176 ad
1023 4121 1421 4191 Simplicianum
1460 4122 1907 4177 Mediolanensem

323 4212 628 4284 episcopum
676 4211 907 4282 scripsi,
946 4211 1264 4266 remanserit
1304 4211 1502 4280 aliquid
1542 4226 1647 4281 quo
1688 4221 1909 4267 vocetur

324 4305 380 4359 in
405 4304 623 4358 dubium
650 4344 664 4364 .
693 4302 914 4372 gratiam
940 4301 1032 4355 Dei
1062 4312 1166 4355 non
1194 4300 1485 4355 secundum
1515 4302 1699 4355 merita
1727 4311 1907 4357 nostra

323 4393 437 4450 dari
469 4413 483 4450 :
513 4401 569 4449 et
597 4402 772 4449 utrum
804 4392 874 4448 ibi
906 4406 1010 4447 non
1049 4392 1179 4446 satis
1216 4392 1419 4463 egerim
1445 4433 1461 4455 ,
1503 4392 1662 4447 etiam
1700 4393 1906 4447 initium

325 4483 448 4539 ﬁdei
475 4499 593 4539 esse
622 4483 819 4538 donum
850 4482 944 4538 Dei
972 4500 985 4537 ε
1015 4490 1070 4539 et
1097 4490 1273 4537 utrum
1299 4498 1363 4538 ex
1403 4481 1470 4538 iis
1496 4498 1616 4554 qua:
1655 4483 1725 4538 ibi
1767 4483 1907 4539 dicta

325 4582 487 4641 sunt,
514 4586 619 4629 non
646 4584 1034 4647 consequenter
1056 4576 1298 4643 eluceat,
1326 4576 1424 4632 etsi
1456 4591 1560 4632 non
1587 4576 1657 4632 sit
1685 4592 1908 4648 expres-

323 4681 441 4721 sum
469 4707 486 4734 ,
517 4668 677 4722 etiam
705 4682 875 4738 usque
902 4669 954 4723 in
985 4669 1143 4723 ﬁnem
1172 4671 1622 4739 perseverantiam
1658 4688 1763 4727 non
1806 4674 1907 4729 nisi

324 4759 392 4816 ab
415 4774 480 4815 eo
502 4758 689 4814 donari
713 4800 729 4827 ,
760 4761 848 4830 qui
874 4775 972 4815 nos
1002 4762 1399 4831 praalestinavit
1424 4764 1476 4818 in
1503 4779 1655 4820 suum
1683 4782 1905 4837 regnum

324 4858 379 4905 et
401 4849 646 4920 gloriam.
681 4850 883 4906 Deinde
912 4850 1080 4922 ipsam
1109 4852 1387 4921 epistolam
1414 4896 1430 4920 ,
1457 4871 1614 4926 quam
1639 4857 1750 4927 jam
1772 4873 1904 4913 con-

325 4949 403 4995 tra
433 4940 742 5011 Pelagianos
763 4940 829 4996 ad
855 4949 1092 4998 sanctum
1116 4942 1390 4998 Paulinum
1417 4945 1674 5001 Nolanum
1697 4948 1903 5018 episco-

323 5044 448 5101 pum
479 5029 613 5096 feci,
641 5029 727 5085 cui
751 5031 989 5102 epistolae
1017 5032 1385 5089 contradicere
1409 5035 1566 5091 modo
1585 5048 1863 5108 cmperunt
1884 5080 1900 5105 ,

323 5135 502 5177 nonne
525 5128 650 5177 ante
674 5137 844 5178 annos
883 5123 1143 5192 plurimos
1178 5123 1321 5180 edidi
1340 5125 1367 5179 ἲ
1420 5125 1548 5181 Eam
1579 5140 1790 5199 quoque
1820 5128 1905 5184 in-

327 5213 596 5283 spiciant,
626 5229 782 5284 quam
825 5213 945 5269 dedi
993 5215 1060 5270 ad
1103 5215 1309 5272 Sixtum
1354 5216 1608 5274 Romana:
1654 5221 1905 5279 Ecclesia:

325 5303 697 5375 presbyterum
721 5345 737 5370 ,
778 5304 990 5374 quando
1020 5306 1275 5365 adversus
1300 5308 1614 5380 Pelagianos
1642 5318 1902 5372 acerrima

321 5392 713 5451 conﬂictatione
740 5396 1098 5465 certavimus;
1125 5408 1181 5453 et
1209 5400 1364 5456 talem
1397 5404 1660 5473 reperient
1683 5448 1699 5469 ,
1731 5410 1903 5478 qualis

324 5484 414 5540 illa
437 5495 522 5542 est
546 5485 613 5542 ad
641 5484 942 5543 Paulinum.
969 5486 1123 5545 Unde
1148 5492 1388 5550 recolant
1412 5538 1428 5562 ,
1448 5497 1707 5554 adversus
1735 5501 1905 5558 luere-

323 5575 424 5630 sim
449 5576 784 5650 Pelagianam
803 5577 912 5650 jam
934 5589 1057 5637 ante
1082 5582 1282 5654 aliquot
1308 5601 1477 5641 annos
1500 5590 1596 5643 ista
1619 5591 1756 5646 dicta
1783 5608 1903 5650 esse

323 5673 483 5735 atque
510 5670 808 5740 conscripta
833 5711 849 5735 ,
880 5686 998 5742 qua:
1026 5688 1169 5730 nunc
1188 5674 1268 5729 eis
1289 5674 1574 5746 displicere
1601 5681 1899 5738 mirandum

323 5763 425 5810 est.
441 5752 692 5823 Quamvis
715 5761 981 5818 neminem
999 5760 1154 5818 velim
1174 5763 1252 5820 sic
1270 5767 1518 5838 amplecti
1539 5770 1722 5827 omnia
1740 5788 1854 5831 mea
1875 5815 1889 5839 ,

1556 350 1614 408 S.
1654 344 2018 405 AUGUSTINI
2056 345 2361 403 EPISCOPI

3458 353 3593 409 1023

2014 475 2069 517 ut
2098 480 2182 520 me
2202 473 2453 535 sequatur
2474 507 2488 530 ,
2514 464 2613 518 nisi
2637 466 2687 518 in
2718 465 2781 520 iis
2810 466 2858 518 in
2885 465 3077 535 quibus
3100 479 3184 520 me
3208 481 3311 520 non
3336 481 3543 523 errasse
3571 468 3585 495 ‘

2011 555 2359 624 perspexerit.
2408 553 2539 609 Nam
2580 564 2857 626 propterea
2907 570 3048 610 nunc
3095 555 3231 610 facio
3278 556 3477 625 libros,
3534 560 3587 614 in

2011 646 2200 716 quibus
2227 646 2480 717 cpuscula
2510 661 2628 701 mea
2653 647 2985 703 retractanda
3015 648 3223 718 suscepi
3250 692 3266 716 ,
3294 659 3351 705 ut
3377 666 3476 706 nec
3501 666 3589 709 me

2012 737 2183 806 ipsum
2215 737 2267 791 in
2298 738 2547 792 omnibus
2577 753 2662 793 me
2701 742 2941 795 Secutum
2974 738 3140 796 fuisse
3177 739 3538 799 demonstrem
3566 786 3584 812 ,

2010 829 2105 885 sed
2126 830 2466 899 proﬁcienter
2484 844 2569 886 me
2587 829 2833 885 existimo
2851 832 2960 886 Deo
2979 832 3264 888 miserante
3285 833 3587 904 scripsisse,

2011 937 2117 979 non
2165 932 2343 978 tamen
2391 938 2421 977 a
2470 923 2796 993 perfectione
2838 926 3106 994 coepisse:
3156 912 3589 999 quandoquidem

2011 1013 2349 1082 arrogantius
2370 1013 2562 1085 loquor
2584 1029 2740 1085 quam
2767 1014 2943 1069 verius
2962 1056 2976 1078 ,
3008 1015 3054 1071 si
3086 1017 3169 1071 vel
3196 1032 3334 1072 nunc
3357 1017 3478 1072 dico
3504 1034 3590 1074 me

2010 1105 2076 1160 ad
2108 1106 2486 1177 perfectionem
2517 1108 2633 1162 sine
2655 1108 2762 1163 ullo
2781 1122 2964 1164 errore
2988 1109 3254 1164 scribendi
3279 1111 3388 1180 jam
3410 1110 3461 1164 in
3489 1111 3591 1165 ista

2010 1205 2167 1251 astate
2191 1198 2421 1253 venisse.
2453 1197 2560 1253 Sed
2590 1198 2811 1254 interest
2839 1207 3095 1270 quantum
3126 1211 3179 1255 ct
3209 1201 3261 1255 in
3286 1201 3477 1272 quibus
3501 1217 3590 1257 re-

2013 1287 2111 1341 bus
2159 1297 2401 1349 erretnr:
2451 1298 2507 1343 et
2548 1305 2707 1359 quam
2752 1290 2909 1345 facile
2945 1291 3170 1361 quisque
3203 1293 3469 1363 corrigat,
3509 1293 3591 1348 vel

2011 1387 2203 1446 quanta
2231 1379 2523 1448 pertinacia
2553 1394 2706 1433 suum
2743 1379 3029 1435 defendere
3069 1391 3291 1437 conetur
3332 1398 3589 1438 errorem.

2015 1469 2174 1524 Bome
2201 1471 2397 1540 quippe
2425 1472 2535 1541 spei
2565 1481 2647 1527 est
2676 1471 2836 1526 homo
2856 1513 2872 1538 ,
2905 1473 2951 1527 si
2977 1489 3098 1528 eum
3124 1474 3202 1529 sic
3228 1476 3590 1544 proﬁcientem

2012 1562 2127 1616 dies
2157 1562 2379 1617 ultimus
2407 1566 2529 1617 vita:
2562 1562 2719 1632 hujus
2758 1566 3059 1632 invenerit,
3103 1576 3159 1620 ut
3201 1567 3516 1637 adjiciantur
3542 1570 3591 1625 ci

2011 1666 2131 1724 qua:
2185 1654 2481 1725 proﬁcienti
2537 1655 2854 1721 defuerunt,
2912 1663 2967 1713 et
3019 1657 3376 1728 perﬁciendus
3430 1676 3587 1730 quam

2011 1743 2305 1814 puniendus
2332 1746 2510 1816 potius
2529 1745 2818 1815 iudicetur.

2082 1833 2171 1889 56.
2211 1833 2469 1901 Quocirca
2498 1877 2512 1899 ,
2563 1837 2606 1889 si
2656 1836 2998 1904 hominibus,
3045 1838 3133 1907 qui
3180 1848 3458 1909 propterea
3504 1857 3590 1898 me

2011 1928 2346 1995 dilexerunt,
2378 1929 2500 2000 quia
2520 1931 2771 2000 pervenit
2796 1932 2860 1984 ad
2888 1946 2981 1985 eos
3003 1972 3019 1996 ,
3047 1941 3330 2001 antequam
3356 1949 3442 1989 me
3468 1933 3590 1988 dili-

2010 2030 2227 2091 gerent,
2259 2021 2431 2092 aliqua
2460 2023 2562 2077 mei
2593 2023 2792 2079 laboris
2822 2025 3018 2079 utilitas
3038 2065 3054 2090 ,
3086 2025 3211 2080 nolo
3240 2024 3473 2083 existere
3503 2029 3589 2082 in-

2011 2124 2193 2183 gratus
2223 2130 2237 2166 :
2266 2122 2466 2183 quanto
2492 2114 2661 2184 magis
2687 2114 2800 2170 Deo
2823 2154 2838 2179 ,
2873 2131 3029 2183 quem
3069 2130 3174 2170 non
3205 2116 3549 2187 diligeremus
3570 2161 3585 2182 ,

2013 2200 2116 2257 nisi
2146 2202 2294 2272 prius
2323 2201 2594 2257 dilexisset
2617 2217 2716 2258 nos
2739 2244 2754 2269 ,
2785 2213 2839 2258 et
2869 2203 3087 2259 fecisset
3112 2206 3397 2262 dilectores
3421 2208 3592 2263 suos?

2012 2294 2266 2363 quoniam
2292 2292 2524 2348 charitas
2550 2308 2614 2349 ex
2646 2293 2762 2364 ipso
2799 2303 2883 2350 est
2923 2293 3166 2367 (lloan.
3196 2311 3269 2362 tv,
3300 2296 3333 2351 7
3359 2295 3380 2368 )
3413 2315 3428 2352 :
3460 2301 3595 2355 sicut

2011 2382 2259 2438 dixerunt
2281 2398 2418 2453 quos
2447 2383 2568 2438 fecit
2592 2399 2812 2455 magnos
2836 2425 2850 2448 ,
2897 2400 3000 2438 non
3048 2385 3218 2439 solum
3256 2396 3523 2441 amatores
3545 2388 3588 2453 ’,

2012 2489 2193 2529 verum
2219 2474 2378 2529 etiam
2405 2474 2783 2544 prmdicatorcs
2805 2489 2951 2529 suos.
2992 2475 3126 2541 Quid
3165 2484 3247 2529 est
3285 2485 3462 2530 autem
3509 2477 3591 2531 in-

2012 2565 2245 2637 gratius,
2281 2580 2439 2635 quam
2486 2580 2679 2635 negare
2722 2567 2888 2635 ipsam
2929 2568 3151 2637 gratiam
3192 2568 3283 2621 Dei
3309 2609 3323 2632 ,
3364 2568 3592 2622 dicendo

2011 2672 2129 2712 eam
2158 2655 2447 2711 secundum
2473 2656 2661 2711 merita
2687 2666 2866 2711 nostra
2889 2656 3043 2711 dari?
3069 2656 3221 2726 Quod
3270 2658 3320 2712 in
3359 2657 3593 2729 Pelagia-

2013 2750 2098 2805 nis
2128 2748 2260 2804 ﬁdes
2285 2748 2549 2804 catholica
2573 2747 2851 2805 exhorruit
2875 2790 2889 2811 ,
2919 2749 3059 2820 quod
3083 2750 3182 2820 ipsi
3212 2748 3424 2821 Pelagio
3450 2736 3618 2822 capi?

2014 2840 2119 2895 tale
2145 2840 2346 2895 crimen
2375 2840 2573 2910 objccit
2601 2859 2615 2895 :
2643 2839 2782 2911 quod
2811 2840 2925 2911 ipse
2949 2841 3194 2911 Pelagius
3213 2882 3229 2909 ,
3252 2855 3357 2897 non
3379 2841 3592 2913 quidem

2011 2947 2195 2988 amore
2242 2933 2483 2987 veritatis
2532 2932 2669 2999 Dei,
2718 2932 2812 2989 sed
2855 2943 3030 2989 tamen
3078 2951 3188 2990 sine
3238 2935 3592 2993 damnationis

2013 3022 2205 3078 timore
2231 3022 2523 3078 damnavit.
2551 3023 2804 3094 Quisquis
2833 3008 3009 3079 autem
3040 3024 3220 3081 dicere
3246 3027 3467 3096 gratiam
3497 3027 3591 3082 Dei

2011 3113 2304 3169 secundum
2330 3114 2518 3169 merita
2544 3120 2727 3169 nostra
2754 3114 2867 3169 dari
2893 3157 2910 3183 ,
2933 3115 3071 3170 sicut
3098 3116 3395 3174 catholicus
3424 3116 3592 3173 ﬁdelis

2012 3207 2302 3275 exhorret;
2344 3222 2445 3263 nec
2487 3208 2653 3278 ipsam
2698 3207 2856 3264 ﬁdem
2902 3208 3178 3265 subtrahat
3226 3210 3320 3266 Dei
3367 3209 3590 3281 gratias,

2011 3312 2113 3368 qua
2143 3296 2601 3352 ‘miserieordiam
2636 3306 2954 3354 consecutus
2991 3308 3073 3355 est
3107 3307 3164 3354 ut
3191 3299 3366 3355 ﬁdelis
3408 3311 3590 3356 esset:

2011 3406 2073 3445 ac
2097 3406 2195 3460 per
2220 3389 2319 3446 hoc
2342 3390 2527 3462 gratiae
2557 3391 2651 3446 Dei
2680 3390 2876 3446 tribuat
2906 3393 3349 3462 perseverantiam
3378 3407 3592 3464 quoque

2011 3495 2182 3550 usque
2228 3480 2281 3533 in
2333 3480 2530 3543 ﬁnem.
2585 3496 2689 3551 qua
2741 3480 3159 3537 miscricordiam
3209 3484 3590 3552 consequitur,

2011 3585 2168 3641 quam
2197 3569 2366 3640 poscit
2400 3566 2636 3641 quotidie
2660 3612 2675 3637 ,
2717 3586 2786 3627 ne
2826 3569 3083 3626 inferatur
3128 3573 3181 3626 in
3222 3574 3588 3629 tentationem.

2011 3661 2156 3719 Inter
2183 3661 2388 3717 initium
2414 3672 2595 3719 autem
2622 3663 2741 3717 ﬁdei
2764 3671 2817 3718 et
2837 3663 3215 3734 perfectionem
3246 3679 3589 3735 perseveran-

2014 3754 2100 3810 li:e
2117 3796 2134 3823 ,
2162 3754 2339 3811 media
2360 3762 2486 3810 sunt
2508 3755 2601 3811 illa
2620 3797 2636 3822 ,
2665 3756 2856 3826 quibus
2880 3765 3027 3810 recte
3051 3757 3279 3813 vivimus
3301 3799 3316 3822 ,
3342 3772 3460 3828 qua:
3490 3758 3590 3827 ipsn

2012 3848 2173 3904 etiam
2211 3846 2397 3902 donari
2438 3846 2592 3903 nobis
2633 3862 2662 3901 a
2702 3847 2812 3903 Deo
2852 3847 2956 3903 ﬁde
3000 3846 3316 3918 impetrante
3360 3862 3590 3903 conscn«

2013 3938 2170 3994 tiunt.
2214 3938 2340 3992 Haec
2382 3947 2560 3993 autem
2608 3938 2822 4006 omnia,
2860 3938 3065 3993 initium
3112 3940 3315 3995 scilicet
3355 3940 3510 4003 ﬁdei,
3536 3948 3591 3997 et

2012 4037 2203 4083 cetera
2235 4044 2401 4098 usque
2422 4030 2475 4084 in
2506 4029 2663 4085 ﬁnem
2691 4030 2829 4086 dona
2859 4046 2953 4086 sua
2980 4071 2996 4096 ,
3030 4030 3172 4087 Deus
3198 4031 3507 4103 largiturum
3538 4046 3597 4090 Sc

2011 4118 2213 4172 vocatis
2237 4118 2347 4172 suis
2370 4133 2491 4175 esse
2514 4119 2799 4189 prtescivit.
2840 4121 3027 4176 Nimiae
3052 4120 3073 4153 ‘
3100 4122 3258 4192 igitur
3281 4124 3584 4178 Contentio-

2012 4208 2095 4261 nis
2116 4216 2226 4272 est,
2252 4208 2701 4277 praedestinationi
2738 4212 3106 4269 contradicere
3123 4255 3139 4280 ,
3162 4213 3246 4269 vel
3274 4212 3341 4269 de
3372 4204 3588 4285 prande-

2010 4297 2299 4354 Stinatione
2326 4298 2588 4354 dubitare.

2082 4386 2306 4444 CAPUT
2333 4388 2496 4443 XXII.
2523 4420 2595 4430 —
2620 4390 2708 4446 57.
2749 4390 2880 4458 Qua:
2919 4400 3096 4450 tamen
3128 4410 3232 4450 non
3268 4396 3337 4451 ita
3380 4396 3589 4469 populis

2010 4477 2344 4545 prazdicanda
2374 4488 2488 4543 est,
2519 4488 2576 4535 ut
2601 4480 2741 4551 apud
2785 4483 3085 4554 imperitam
3113 4487 3196 4540 vel
3225 4486 3475 4542 tardioris
3502 4488 3583 4543 in-

2012 4567 2314 4638 telligentia)
2344 4568 2732 4627 multitudinem
2763 4573 3007 4645 redargui
3032 4575 3259 4645 quodam
3291 4578 3451 4632 modo
3476 4578 3589 4647 ipsa

2010 4672 2106 4712 sua
2132 4658 2504 4728 prmdicatione
2532 4661 2807 4718 videatur:
2832 4664 2970 4719 sicut
3012 4664 3255 4735 redargui
3285 4665 3495 4721 videtur
3536 4678 3590 4723 et

2011 4752 2340 4821 pricscientia
2370 4753 2466 4808 Dei
2494 4754 2671 4825 (quam
2700 4764 2847 4812 certe
2872 4772 3069 4826 negare
3098 4773 3202 4810 non
3230 4761 3514 4829 possunt),
3543 4761 3586 4815 si

2011 4843 2218 4898 dicatur
2256 4845 2592 4912 hominibus,
2630 4865 2650 4900 ι
2681 4846 2804 4903 Sive
2848 4849 3102 4912 curratis,
3132 4850 3247 4904 sive
3286 4847 3586 4916 dormiatis,

2009 4936 2151 5007 quod
2174 4952 2271 4991 vos
2295 4939 2567 5009 prtescivit
2590 4940 2679 5011 qui
2709 4940 2820 4996 falli
2849 4956 2955 4995 non
2988 4949 3199 5011 potest,
3227 4941 3329 4997 hoc
3354 4943 3527 4998 eritis.
3564 4962 3583 4994 ι

2012 5028 2190 5084 Dolosi
2217 5038 2395 5085 autem
2423 5031 2507 5087 vel
2536 5020 2767 5101 imperiti
2790 5031 2979 5086 medici
3002 5041 3081 5086 est
3099 5072 3115 5096 ,
3139 5033 3297 5086 etiam
3319 5033 3448 5088 utile
3474 5049 3586 5087 me-

1999 5117 2363 5196 dicamentum
2386 5122 2465 5178 sic
2482 5121 2725 5193 alligare,
2749 5132 2916 5178 utaut
2942 5139 3047 5176 non
3081 5123 3276 5193 prosit,
3310 5133 3403 5178 aut
3426 5124 3590 5184 obsit.

2007 5210 2113 5267 Sed
2142 5211 2423 5285 dicendum
2471 5222 2587 5280 est,
2626 5213 2714 5269 Sic
2756 5213 2989 5280 currite,
3014 5221 3080 5269 ut
3125 5215 3589 5300 comprehendatis

2009 5299 2195 5370 (lCor.
2237 5318 2313 5367 ix,
2342 5302 2467 5375 24),
2509 5312 2666 5374 atque
2710 5312 2769 5358 ut
2813 5305 2928 5374 ipso
2971 5320 3131 5361 cursu
3185 5319 3366 5362 vestro
3396 5308 3466 5362 ita
3490 5299 3588 5363 vos

2007 5405 2127 5446 esse
2158 5395 2506 5463 praecognitos
2531 5395 2803 5460 noveritis,
2837 5407 2895 5451 ut
2926 5395 3161 5468 legitime
3180 5399 3501 5455 currcrctis:
3535 5407 3586 5455 cl

2069 5537 2088 5571 ‘
2121 5539 2195 5589 sic
2219 5547 2323 5590 MSS.
2358 5549 2411 5591 Αι
2434 5542 2569 5600 editi,
2602 5544 2790 5595 errare.

2070 5602 2092 5631 ¹
2124 5601 2271 5651 Falith
2294 5609 2389 5661 Fr,
2412 5610 2640 5655 oratores.

2070 5661 2091 5694 ³
2124 5661 2346 5727 Plerique
2377 5668 2681 5736 manuscripti
2704 5667 2797 5720 hoc
2826 5678 2878 5723 ct
2900 5676 3118 5736 proximo
3138 5680 3306 5737 postea
3331 5672 3456 5736 loco,
3479 5685 3585 5739 pro-

2055 5737 2118 5780 m.
2155 5723 2506 5788 habenyqtua.

2006 5736 2118 5788 mm.
2155 5736 2355 5783 nanent,
2375 5737 2506 5788 quia.

2076 5788 2098 5817 δ
2129 5784 2409 5838 Noalliensis
2432 5795 2535 5851 tlte,
2555 5789 2782 5844 inimicm.
