4008 6178
401 367 421 421 l
433 364 534 420 029

405 479 448 531 si
479 491 582 546 quo
609 476 712 530 alio
741 476 900 530 modo
943 473 1034 529 Dei
1082 474 1410 544 prrcscicntia
1457 473 1726 544 przcdicari
1765 480 1972 542 potest,

403 577 459 619 ut
489 566 720 621 hominis
747 565 969 635 segnitia
1002 564 1319 634 repellatur.

469 659 559 713 58.
614 659 863 724 Quamvis
902 672 1031 726 ergo
1084 656 1152 708 ita
1197 671 1254 709 se
1284 653 1474 708 habeat
1520 654 1585 708 de
1630 653 1975 725 prtcdcstina-

400 751 546 805 tione
575 749 787 803 deﬁnita
825 748 1085 804 sententia
1114 745 1395 798 voluntatis
1423 743 1554 810 Dei,
1593 751 1650 797 ιιι
1679 745 1764 796 alii
1794 759 1858 796 ex
1898 743 1976 796 in-

399 842 687 905 lidclitate,
730 844 942 907 accepta
989 837 1256 891 voluntate
1302 818 1618 896 obediendi,
1662 841 1974 886 convertan-

399 944 487 986 tur
510 933 575 986 ad
622 932 778 986 ﬁdem
805 972 821 998 ,
864 929 946 984 vel
980 935 1320 999 perseverent
1360 928 1414 983 in
1457 925 1591 989 ﬁde;
1635 923 1811 979 caéteri
1847 938 1974 978 vero

396 1023 487 1092 qui
517 1024 570 1077 in
621 1031 956 1092 peccatorum
984 1021 1360 1075 damnabilium
1389 1018 1744 1074 delectatione
1792 1032 1973 1070 remo-

399 1121 604 1177 rantur,
636 1112 680 1166 si
726 1121 781 1166 et
823 1111 920 1180 ipsi
951 1111 1309 1181 prtedestinati
1354 1117 1513 1174 sunt,
1564 1108 1685 1163 ideo
1736 1107 1972 1161 nondum

397 1213 788 1268 surrexerunt,
843 1204 963 1273 quia
1011 1203 1244 1258 nondum
1284 1216 1378 1256 eos
1430 1199 1748 1270 adjutorium
1789 1199 1974 1268 gratiae

397 1295 703 1350 miserantis
727 1294 899 1349 erexit
929 1310 943 1347 :
973 1293 1017 1348 si
1046 1293 1134 1363 qui
1164 1293 1306 1348 enim
1337 1290 1570 1346 nondum
1612 1297 1736 1344 sunt
1778 1290 1972 1354 vocati,

397 1401 534 1456 quos
571 1386 738 1456 gratia
782 1400 875 1438 sua
922 1383 1311 1454 praedestinavit
1363 1381 1663 1451 eligendos,
1713 1380 1975 1448 accipient

395 1474 638 1529 eamdem
667 1475 885 1544 gratiam
913 1515 926 1538 ,
952 1488 1052 1543 qua
1083 1473 1237 1526 electi
1260 1487 1379 1526 esse
1407 1471 1423 1503 ¹
1451 1471 1613 1524 velint
1641 1478 1693 1524 et
1733 1469 1842 1523 sint
1866 1486 1880 1534 ;
1931 1470 1972 1522 si

397 1565 491 1633 qui
517 1573 691 1618 autem
730 1564 982 1619 obediunt
1005 1605 1020 1627 ,
1049 1564 1143 1618 sed
1172 1564 1474 1630 in=regnum
1502 1561 1616 1630 ejus
1665 1569 1720 1615 et
1754 1561 1972 1630 gloriam

399 1656 760 1724 prmdestinati
792 1671 894 1708 non
938 1663 1095 1720 sunt,
1145 1654 1463 1723 temporales
1493 1661 1635 1712 sunt,
1675 1667 1772 1705 nec
1802 1665 1971 1719 usque

397 1747 451 1799 in
482 1747 636 1801 ﬁnem
660 1746 713 1800 in
741 1745 924 1801 eadem
947 1744 1245 1800 obedientia
1273 1742 1660 1813 permanebunt
1687 1759 1700 1794 :
1731 1739 1972 1810 quamvis

393 1851 528 1906 ergo
557 1838 669 1892 bznc
696 1853 817 1892 vera
849 1838 984 1902 sint,
1026 1852 1132 1891 non
1178 1845 1352 1890 tamen
1399 1835 1504 1888 isto
1553 1833 1712 1889 modo
1752 1832 1973 1888 dicenda

393 1936 523 1982 sunt
545 1928 878 1983 audientibus
900 1925 1098 1990 multis,
1125 1936 1184 1982 ιιι
1209 1941 1385 1981 sermo
1408 1925 1474 1980 ad
1494 1927 1638 1996 ipsos
1665 1925 1821 1980 etiam
1845 1939 1976 1980 con-

396 2027 656 2082 vertatur,
708 2018 888 2088 eisque
937 2018 1181 2072 dicantur
1220 2017 1580 2072 illa'istorum
1627 2016 1786 2069 verba
1811 2056 1825 2079 ,
1856 2029 1975 2083 quae

393 2107 590 2162 vestris
615 2108 806 2164 litteris
835 2107 1122 2170 indidistis,
1145 2117 1199 2160 et
1226 2122 1343 2175 quae
1378 2106 1623 2174 superius
1643 2103 1932 2172 interposui
1958 2121 1971 2157 :

398 2218 419 2250 ι
459 2199 534 2253 Ita
562 2215 622 2254 se
646 2199 806 2253 habet
832 2198 899 2250 de
944 2197 1412 2267 prardestinatione
1454 2195 1672 2250 definita
1712 2195 1974 2248 sententia

389 2289 686 2343 voluntatis
710 2287 841 2351 Dei,
876 2296 932 2340 ut
981 2287 1068 2341 alii
1109 2302 1172 2340 ex
1203 2286 1354 2340 vobis
1379 2285 1448 2341 de
1497 2285 1840 2344 inﬁdelitate,
1888 2299 1978 2338 ac-

391 2387 553 2446 cepta
584 2376 860 2431 obediendi
892 2375 1186 2440 voluntate,
1212 2375 1466 2430 veneritis
1491 2374 1556 2427 ad
1587 2373 1764 2426 ﬁdem.
1795 2391 1814 2422 ι
1842 2371 1976 2436 Quid

394 2482 534 2537 opus
564 2475 647 2521 est
688 2466 823 2527 diei,
880 2483 900 2516 ι
935 2464 1023 2517 alii
1055 2480 1119 2518 ex
1152 2463 1340 2517 vobis?
1369 2480 1388 2514 ι
1436 2461 1492 2518 Si
1535 2463 1676 2517 enim
1723 2461 1976 2516 Ecclesia:

396 2557 495 2611 Dei
524 2556 806 2625 loquimur,
835 2555 878 2610 si
905 2553 1242 2609 credentibus
1271 2551 1557 2622 loquimur,
1597 2567 1692 2605 cur
1716 2551 1850 2606 alios
1879 2566 1974 2604 eo-

399 2663 518 2701 rmn
548 2648 612 2700 ad
643 2647 796 2700 ﬁdem
825 2645 1036 2700 venisse
1059 2645 1318 2710 dicentes,
1363 2644 1573 2698 eteteris
1601 2642 1775 2697 facere
1800 2641 1979 2696 videa-

400 2756 522 2795 mur
558 2739 836 2808 injuriam;
868 2752 990 2791 eum
1034 2738 1299 2806 possimus
1325 2735 1697 2804 congruentius
1745 2733 1930 2788 dicere
1959 2750 1972 2786 :

403 2831 480 2884 Ita
501 2844 557 2884 se
587 2829 742 2884 habet
769 2828 836 2883 de
863 2827 1327 2898 praedestinatione
1358 2825 1574 2880 deﬁnita
1601 2824 1861 2878 sententia
1878 2837 1974 2877 vo-

406 2920 623 2974 luntatis
650 2919 766 2984 Dei,
796 2926 854 2972 ut
887 2933 952 2972 ex
983 2916 1291 2972 inﬁdelitate
1319 2915 1570 2969 veneritis
1595 2914 1660 2968 ad
1702 2914 1858 2969 ﬁdem
1886 2928 1978 2968 ac-

400 3021 558 3081 cepta
586 3010 857 3064 voluntate
897 3007 1174 3063 obediendi
1198 3047 1215 3076 ,
1247 3014 1300 3062 et
1327 3015 1542 3075 accepta
1581 3004 1975 3074 perseverantia

400 3101 759 3172 permaneatis
787 3101 838 3153 iu
871 3098 1011 3152 fide?
1710 3138 1713 3139 ,

386 3250 396 3258 ,
474 3193 562 3248 59.
594 3191 701 3247 Nec
729 3190 854 3244 illud
875 3188 1016 3261 quod
1043 3187 1298 3258 sequitur,
1326 3193 1408 3241 est
1433 3185 1646 3240 omnino
1671 3183 1975 3250 dicendum,

401 3283 601 3338 idest:
639 3300 657 3333 ι
687 3280 877 3335 Caeteri
904 3293 1033 3334 vero
1062 3279 1148 3348 qui
1181 3278 1232 3332 in
1261 3284 1595 3346 peccatorum
1626 3275 1978 3330 delectatione

403 3371 784 3437 remoramini,
806 3369 926 3426 ideo
965 3369 1196 3424 nondum
1227 3366 1555 3433 surrexistis,
1584 3365 1706 3436 quia
1752 3364 1976 3420 necdum
2013 3440 2015 3442 η

403 3481 500 3520 vos
523 3463 840 3534 adjutorium
881 3463 1066 3531 gratia:
1109 3458 1417 3514 miserantis
1445 3458 1634 3512 erexit.
1666 3475 1686 3510 ι
1721 3455 1855 3512 Cum
1883 3456 1978 3510 be-

403 3569 474 3610 ne
505 3562 560 3610 et
586 3552 962 3608 convenienter
982 3549 1085 3604 dici
1112 3549 1278 3619 possit
1298 3556 1351 3603 et
1372 3547 1587 3613 debeat,
1613 3546 1669 3602 Si
1691 3548 1776 3617 qni
1805 3555 1979 3600 autem

403 3646 580 3701 adhuc
608 3646 658 3699 in
683 3653 1020 3716 peccatorum
1038 3641 1411 3696 damnabilium
1437 3640 1785 3694 delectatione
1805 3654 1982 3692 remo-

406 3737 599 3792 ramini
635 3779 650 3803 ,
711 3734 1092 3806 apprehendite
1149 3731 1551 3787 saluberrimam
1603 3729 1978 3799 disciplinam:

405 3827 551 3898 quod
581 3835 760 3881 tamen
808 3841 928 3879 eum
974 3822 1240 3888 feceritis,
1283 3820 1446 3875 nolite
1499 3819 1679 3875 extolli
1725 3818 1875 3888 quasi
1916 3819 1984 3873 de

405 3921 659 3987 operibus
686 3915 911 3980 vestris,
939 3922 1029 3968 aut
1055 3910 1270 3984 gloriari
1309 3909 1458 3980 quasi
1491 3908 1591 3963 hoc
1620 3923 1725 3962 non
1753 3921 1982 3976 accepe-

408 4011 526 4067 ritis
550 4028 564 4076 ;
596 4010 736 4065 Deus
757 4016 839 4064 est
874 4007 1015 4063 enim
1043 4005 1130 4075 qui
1159 4012 1409 4074 operatur
1435 4002 1486 4055 in
1513 4000 1664 4054 vobis
1686 4007 1738 4053 et
1768 3999 1904 4053 velle
1931 4005 1985 4052 et

408 4103 640 4173 operari,
669 4117 765 4172 pro
811 4099 950 4155 bona
993 4098 1264 4151 voluntate
1291 4093 1548 4165 (Philipp.
1607 4108 1662 4156 ll,
1723 4092 1837 4162 l5);
1870 4100 1924 4146 et
1953 4107 1982 4144 a

410 4197 633 4252 Domino
659 4207 873 4266 gressus
895 4191 1057 4246 vestri
1099 4189 1416 4258 dirigttntur,
1454 4198 1514 4241 ttt
1540 4187 1658 4256 ejus
1686 4186 1822 4238 viam
1852 4184 1978 4238 veli-

410 4288 478 4341 tis
523 4285 690 4358 (Pani.
723 4299 908 4348 xxxvr,
951 4282 1044 4352 25)
1077 4280 1184 4336 :de
1239 4280 1354 4349 ipso
1399 4287 1574 4332 autem
1599 4292 1759 4332 cursu
1802 4284 1983 4330 vestro

411 4379 554 4432 bono
588 4385 843 4446 rectoque
876 4371 1166 4428 condiscite
1210 4384 1306 4424 vos
1351 4367 1416 4422 ad
1464 4365 1983 4437 prmdcstinationem

410 4468 602 4522 divinae
625 4465 809 4536 gratia:
836 4463 1120 4533 pertinere.

483 4557 571 4612 60.
597 4555 728 4610 item
757 4552 895 4624 quod
925 4551 1182 4620 sequitur,
1215 4557 1269 4604 et
1295 4547 1507 4612 dicitur,
1547 4565 1564 4598 ι
1597 4545 1984 4602 Verumtamen

411 4647 456 4700 si
482 4647 570 4717 qui
600 4647 726 4700 estis
763 4642 995 4697 nondum
1024 4639 1215 4704 vocati,
1244 4653 1379 4708 quos
1421 4638 1587 4708 gratia
1632 4652 1724 4690 sua
1773 4635 1981 4704 przede-

413 4735 691 4790 stinavcrit
717 4731 987 4804 eligendos
1005 4771 1020 4796 ,
1051 4729 1320 4799 accipietis
1346 4727 1586 4783 eamdem
1609 4726 1852 4796 gratiam,
1885 4739 1985 4794 qua

415 4828 588 4882 velitis
610 4835 662 4880 et
689 4825 805 4878 sitis
834 4823 986 4878 electi
1013 4840 1025 4875 :
1064 4840 1082 4873 ι
1117 4821 1300 4874 durius
1327 4819 1518 4874 dicitur
1554 4833 1710 4888 quam
1750 4817 1852 4871 diei
1883 4831 1981 4886 po-

417 4929 539 4983 test,
577 4918 621 4971 si
673 4931 770 4971 nos
816 4928 920 4968 non
966 4912 1288 4982 quibuslibet
1317 4908 1619 4964 hominibus
1664 4907 1839 4977 loqui,
1891 4907 1985 4959 sed

416 5010 606 5065 Christi
635 5007 889 5063 Ecclesia:
917 5005 1232 5076 cogitemus.
1271 5001 1378 5055 Cur
1406 5001 1547 5054 enim
1577 5013 1682 5052 non
1717 4997 1891 5066 potius
1919 4997 1988 5049 ita

415 5103 645 5158 dicitur:
678 5100 743 5155 Et
781 5099 826 5152 si
855 5097 945 5168 qui
989 5105 1114 5148 sunt
1152 5091 1386 5147 nondum
1419 5088 1628 5155 vocati,
1675 5103 1769 5156 pro
1815 5087 1892 5141 eis
1930 5095 1988 5139 ut

416 5202 668 5247 vocentur
710 5186 958 5242 oremus?
1006 5183 1271 5239 Fortassis
1315 5180 1457 5236 enim
1513 5180 1591 5233 sic
1630 5177 1987 5248 praedestinati

416 5290 570 5348 sunt,
615 5289 676 5335 ut
713 5278 909 5332 nostris
959 5273 1286 5329 orationibus
1327 5268 1708 5330 concedantur,
1751 5276 1805 5321 et
1845 5281 1986 5320 acet-

417 5374 563 5444 piant
589 5369 829 5428 eamdem
859 5367 1103 5437 gratiam,
1133 5378 1235 5433 qua
1281 5361 1444 5415 velint
1484 5367 1642 5428 atque
1691 5356 1990 5412 efficiantur

417 5461 595 5518 electi.
626 5461 766 5514 Deus
793 5459 935 5512 enim
977 5455 1064 5524 qui
1095 5453 1270 5508 omnia
1317 5467 1434 5522 qua:
1465 5447 1859 5520 praatlestinavit
1894 5446 1991 5499 im-

415 5558 601 5628 plevit,
629 5553 748 5609 ideo
770 5558 826 5607 et
853 5565 950 5621 pro
980 5547 1209 5602 inimicis
1237 5545 1357 5600 ﬁdei
1399 5557 1554 5597 orare
1580 5555 1676 5594 nos
1707 5539 1904 5604 voluit;
1935 5547 1992 5591 ut

418 5733 508 5842 eo;
539 5733 774 5791 Verbum,
811 5738 938 5786 esse,
983 5725 1071 5774 hoc
1113 5720 1217 5773 loco
1257 5719 1408 5770 abfuit
1440 5720 1486 5768 in
1509 5724 1679 5768 vetere
1717 5715 1991 5766 Ccrbcieusi

510 5793 602 5842 ica.

510 5793 602 5842 ica.

1415 361 1612 416 LIBER
1655 361 1742 416 DE
1784 360 1958 415 ΒΟΝο
1997 359 2607 416 PERSEVERANTIAI.

3520 369 3650 422 1050

2085 471 2205 525 hinc
2248 473 2696 543 intelligeremus,
2745 475 2883 544 quod
2939 475 3050 545 ipse
3099 475 3259 530 etiam
3304 477 3647 534 inn'lelibus‘

2079 561 2238 616 donet
2277 573 2332 616 ut
2357 563 2594 630 credant,
2627 573 2681 620 et
2708 566 2944 622 volentes
2974 581 3041 621 ex
3069 567 3373 622 nolentibus
3405 568 3586 624 faciat.

2148 654 2236 707 6|.
2263 654 2377 709 Jam
2408 671 2534 710 vero
2563 655 2701 724 quod
2742 657 2845 712 illis
2874 658 3048 712 verbis
3090 660 3448 722 connectitur,
3479 659 3644 716 miror

2076 743 2119 796 si
2149 744 2253 797 ullo
2306 745 2465 798 modo
2509 754 2681 813 potest
2704 747 2754 799 in
2803 747 2999 817 populo
3045 747 3334 802 christiano
3360 751 3645 818 quisquam

2077 833 2318 889 inﬁrmus
2367 839 2626 904 patienter
2672 837 2886 903 audire,
2926 853 3045 892 cum
3073 839 3271 894 dicitur
3297 840 3419 894 eis:
3458 859 3478 890 ι
3510 841 3647 895 Etsi

2075 926 2163 994 qui
2191 927 2438 991 obeditis,
2467 929 2510 982 si
2543 927 2898 998 prardestinati
2923 930 3053 984 eatis
3079 928 3350 998 rejiciendi
3371 973 3385 995 ,
3431 932 3643 988 subtra-

2081 1015 2275 1070 hentur
2302 1017 2584 1073 obediendi
2615 1020 2790 1085 vires,
2840 1029 2897 1074 ut
2944 1021 3162 1076 oredire
3211 1023 3450 1076 cessetis.
3485 1041 3505 1075 ι
3536 1023 3651 1079 lloe

2075 1107 2213 1160 enim
2240 1106 2448 1174 dicere,
2477 1108 2600 1178 quid
2635 1108 2844 1164 videtur
2867 1109 3010 1165 aliud
3033 1123 3154 1164 esse
3175 1150 3190 1173 ,
3238 1125 3397 1182 quam
3423 1112 3650 1168 maledi-

2074 1211 2197 1252 cere
2216 1239 2232 1263 ,
2261 1206 2353 1252 aut
2377 1199 2512 1253 mala
2537 1199 2764 1269 quodam
2811 1199 2970 1254 modo
2998 1201 3349 1270 prophetare?
3375 1201 3479 1257 Sed
3517 1203 3564 1257 si
3589 1212 3644 1258 et

2073 1289 2142 1344 de
2161 1289 2226 1345 iis
2253 1291 2343 1359 qui
2370 1305 2474 1344 non
2499 1300 2877 1360 perseverant,
2903 1292 3099 1362 aliquid
3127 1293 3297 1362 placet
3315 1293 3495 1349 dicere
3513 1333 3528 1360 ,
3553 1296 3641 1350 vel

2075 1396 2294 1436 necesse
2331 1391 2442 1444 est;
2487 1397 2584 1436 cur
2623 1398 2725 1436 non
2771 1383 2945 1452 potius
2974 1384 3045 1436 ita
3103 1383 3290 1437 saltem
3341 1383 3557 1451 dicitur,
3588 1395 3648 1440 ut

2031 1524 2036 1528 .
2077 1475 2231 1544 paulo
2259 1483 2379 1528 ante
2409 1491 2436 1526 a
2465 1490 2550 1528 me
2571 1473 2768 1529 dictum
2799 1483 2879 1528 est
2907 1492 2921 1529 :
2959 1475 3186 1544 primum
3209 1517 3222 1539 ,
3255 1484 3314 1530 ut
3342 1491 3446 1530 non
3477 1477 3544 1530 de
3570 1478 3650 1546 ip-

2074 1565 2180 1624 sis,
2214 1565 2301 1632 qni
2326 1565 2375 1617 in
2409 1565 2602 1632 populo
2633 1565 2884 1627 audiunt,
2934 1565 3034 1618 hoc
3053 1565 3279 1629 dicatur,
3314 1566 3406 1619 sed
3434 1565 3502 1619 de
3526 1566 3645 1620 aliis

2075 1653 2138 1706 ad
2163 1654 2337 1721 ipsos;
2371 1655 2420 1707 id
2451 1661 2552 1719 est,
2585 1664 2641 1708 ut
2663 1671 2769 1709 non
2796 1655 3026 1718 dicatur,
3071 1674 3091 1708 t
3121 1655 3175 1710 Si
3206 1655 3293 1724 qui
3324 1655 3574 1721 obeditis,
3602 1657 3647 1711 si

2074 1743 2432 1811 prwdestinati
2460 1745 2588 1799 estis
2616 1745 2885 1813 rejiciendi
2909 1763 2923 1799 :
2961 1764 2982 1798 ι
3011 1745 3136 1810 sed,
3168 1745 3222 1800 Si
3243 1746 3331 1815 qui
3357 1745 3646 1811 obediunt;

2073 1840 2126 1885 et
2150 1840 2342 1885 czetera
2373 1849 2466 1901 per
2492 1834 2637 1888 verbi
2665 1848 2944 1903 personam
2993 1833 3204 1889 tertiam
3229 1875 3244 1898 ,
3291 1850 3396 1888 non
3423 1849 3517 1904 per
3544 1849 3636 1889 se-

2072 1920 2297 1974 cundam
2327 1920 2386 1974 '?
2417 1922 2520 1976 lies
2543 1923 2683 1976 enim
2719 1937 2826 1976 non
2847 1923 3125 1993 optabilis,
3157 1922 3248 1976 sed
3281 1922 3649 1976 abominabilis

2072 2007 2288 2076 dicitur,
2315 2019 2370 2066 et
2398 2011 2679 2067 durissime
2720 2019 2878 2082 atque
2915 2012 3250 2067 odiosissime
3278 2013 3430 2083 quasi
3466 2012 3518 2066 in
3546 2027 3646 2066 au-

2075 2099 2329 2154 dientium
2369 2102 2594 2157 frontem
2643 2104 3011 2172 compellando
3037 2104 3059 2136 ³
3101 2104 3391 2168 colliditur,
3440 2105 3652 2174 quando

2076 2188 2164 2256 qui
2191 2190 2268 2242 eis
2296 2189 2583 2258 loquitur‘,
2607 2190 2763 2253 dicit,
2803 2210 2822 2243 ι
2853 2192 2918 2246 Ει
2941 2193 2986 2246 si
3007 2193 3096 2261 qui
3127 2194 3255 2247 estis
3283 2193 3372 2262 qui
3397 2193 3647 2260 obeditis,

2077 2279 2119 2330 si
2146 2279 2501 2346 prtedestinati
2527 2281 2655 2336 estis
2679 2281 2974 2348 rejiciendi,
3012 2283 3390 2338 subtrahentur
3409 2283 3651 2339 obedien-

2076 2368 2129 2421 di
2158 2370 2298 2424 vires
2321 2411 2337 2436 ,
2369 2379 2425 2422 ut
2453 2371 2672 2426 obedire
2695 2373 2941 2427 cessetis.
2979 2391 3000 2424 ι
3035 2372 3169 2440 Quid
3199 2375 3340 2426 enim
3370 2376 3648 2428 sententia:

2076 2458 2314 2527 deperit,
2366 2459 2410 2513 si
2450 2460 2520 2513 ita
2551 2460 2792 2515 dicatur:
2817 2460 2872 2517 Si
2900 2463 2992 2532 qui
3027 2469 3206 2516 autem
3252 2462 3524 2527 obediunt,
3554 2463 3650 2518 sed

2077 2550 2128 2603 in
2159 2566 2376 2620 regnum
2407 2551 2522 2620 ejus
2557 2561 2611 2607 et
2660 2553 2882 2623 gloriam
2937 2554 3302 2623 prmdestinati
3353 2569 3460 2608 non
3502 2565 3648 2619 sunt,

2079 2643 2394 2710 temporales
2422 2651 2565 2709 sunt,
2599 2659 2698 2698 nec
2729 2659 2894 2714 usque
2924 2646 2974 2698 in
3008 2647 3168 2700 linem
3217 2647 3270 2700 in
3299 2646 3486 2702 eadem
3515 2647 3649 2702 obe-

2075 2731 2271 2787 dientia
2296 2734 2720 2801 permanebunt?
2757 2734 2944 2789 Nonne
2971 2745 3028 2790 et
3051 2737 3228 2792 verius
3269 2736 3458 2792 eadem
3487 2752 3576 2792 res
3600 2748 3652 2792 et

2076 2825 2452 2891 congruentius
2480 2824 2697 2892 dicitur,
2721 2835 2778 2880 ut
2798 2841 2903 2880 non
2931 2826 3060 2895 ipsis
3086 2836 3288 2882 tantum
3321 2829 3516 2882 malum
3541 2837 3656 2882 tan-

2077 2929 2234 2983 quam
2260 2924 2445 2984 optare
2485 2915 2778 2980 videamur,
2809 2917 2906 2972 sed
2953 2917 3023 2972 de
3073 2917 3194 2973 aliis
3240 2918 3461 2983 referre,
3512 2919 3656 2989 quod

2078 3005 2313 3072 oderint,
2360 3023 2457 3062 nec
2483 3007 2551 3062 ad
2599 3023 2658 3063 se
2705 3009 3016 3065 existiment
3055 3009 3350 3080 pertinere,
3393 3010 3655 3080 sperando

2078 3097 2383 3166 orandaque
2411 3098 2675 3153 meliora?
2707 3099 2800 3154 lllo
2827 3109 3004 3155 autem
3044 3100 3204 3154 modo
3221 3141 3238 3167 ,
3260 3115 3366 3170 quo
3393 3101 3444 3156 id
3469 3102 3651 3156 dicen-

2079 3184 2204 3238 dum
2254 3195 2458 3254 putant,
2509 3187 2694 3242 eadem
2745 3189 3010 3244 sententia
3054 3189 3258 3244 eisdem
3305 3205 3439 3258 pene
3479 3191 3658 3246 verbis

2080 3276 2239 3330 etiam
2277 3276 2345 3331 de
2380 3277 2711 3346 prazseientia
2754 3278 2888 3346 Dei,
2931 3293 3089 3350 quam
3129 3287 3274 3333 certe
3310 3295 3506 3348 negare
3544 3295 3657 3334 non

2079 3373 2318 3434 possunt,
2353 3367 2679 3436 pronuntiari
2726 3377 2937 3437 potest,
2974 3376 3032 3423 ut
3077 3367 3306 3435 dicatur,
3342 3387 3361 3421 ι
3400 3371 3464 3424 Et
3491 3370 3537 3424 si
3566 3371 3658 3440 qui

2080 3457 2336 3524 obeditis,
2381 3458 2424 3513 si
2457 3459 2682 3528 prtesciti
2712 3460 2842 3516 estis
2872 3460 3179 3529 rejieiendi,
3226 3461 3445 3516 obedire
3473 3476 3654 3517 cessa-

2079 3547 2221 3603 bitis.
2260 3567 2279 3600 ι
2312 3547 2515 3617 Nempe
2560 3551 2660 3604 hoc
2703 3549 3039 3604 verissimum
3089 3551 3309 3605 estzita
3356 3565 3524 3617 sane,
3560 3551 3655 3608 sed

2080 3641 2551 3711 improbissimum,
2594 3642 3133 3712 importunissimum,
3181 3642 3656 3713 incongruentisst-

2081 3749 2254 3796 mum;
2286 3749 2395 3788 non
2423 3734 2555 3787 falso
2589 3734 2820 3804 eloquio,
2851 3733 2948 3790 sed
2986 3749 3096 3788 nou
3125 3732 3415 3790 salubriter
3448 3735 3653 3790 valetu-

2081 3823 2191 3877 dini
2216 3823 2460 3878 humana:
2483 3823 2804 3879 inﬁrmitatis
2831 3823 3093 3894 apposito.

2153 3914 2240 3970 62.
2301 3915 2452 3969 Illum
2513 3915 2672 3970 etiam
2712 3915 2949 3980 modum,
2981 3930 3087 3986 quo
3140 3914 3396 3969 utendum
3439 3928 3558 3970 esse
3603 3915 3654 3968 in

2083 4007 2562 4077 prtedestinationis
2587 4008 2960 4076 prmdicatione
2987 4021 3087 4060 nos
3112 4005 3375 4071 diximus,
3410 4005 3643 4074 loquenti

2083 4096 2220 4166 apud
2250 4096 2496 4164 populum
2524 4111 2628 4149 non
2649 4093 2895 4150 existimo
2915 4093 3112 4150 debere
3131 4093 3400 4158 sufﬁcere,
3429 4094 3532 4148 nisi
3555 4091 3656 4149 hoc

2085 4187 2169 4242 vel
2195 4185 2494 4257 hujnsmodi
2527 4185 2722 4256 aliquid
2771 4183 2966 4250 addat,
3018 4193 3074 4240 :..t
3125 4183 3266 4238 dicat
3295 4198 3311 4237 :
3342 4183 3452 4238 Vos
3477 4185 3658 4254 itaque

2084 4278 2242 4334 etiam
2273 4279 2440 4347 ipsam
2466 4263 2746 4332 obediendi
2789 4276 3236 4346 perseverantiam
3291 4289 3322 4329 a
3373 4275 3535 4332 Patre
3572 4275 3647 4328 lu-

2084 4371 2319 4435 minum,
2351 4385 2380 4424 a
2409 4384 2515 4440 quo
2559 4369 2835 4424 descendit
2877 4383 3036 4423 omne
3073 4367 3252 4422 datum
3300 4367 3558 4436 optimum
3602 4377 3658 4423 et

2086 4477 2243 4516 omne
2290 4461 2485 4516 donum
2513 4459 2800 4530 perfectum
2846 4458 3054 4530 (Jacobi
3076 4473 3115 4525 ι,
3146 4455 3277 4529 l7),
3309 4471 3528 4526 sperare
3556 4457 3654 4511 de-

2086 4553 2243 4614 betis,
2271 4561 2326 4608 et
2353 4551 2675 4622 quotidianis
2718 4550 3044 4605 orationibus
3081 4564 3338 4619 poscere,
3370 4557 3529 4618 atque
3556 4548 3658 4602 hoe

2087 4642 2328 4698 faciendo
2357 4641 2623 4696 conﬁdere
2643 4682 2659 4705 ,
2708 4655 2813 4694 non
2841 4655 2935 4693 vos
2981 4653 3101 4694 esse
3129 4654 3159 4693 a
3191 4638 3659 4708 prardestinatione

2088 4733 2266 4802 populi
2304 4730 2418 4800 ejus
2446 4730 2680 4794 alienos;
2711 4730 2832 4799 quia
2873 4730 3032 4785 etiam
3063 4729 3164 4784 hoc
3201 4737 3258 4782 ut
3287 4728 3512 4793 faciatis,
3544 4728 3657 4796 ipso

2088 4824 2325 4893 largitur.
2353 4821 2504 4875 Absit
2526 4829 2700 4875 autem
2727 4835 2756 4872 a
2782 4819 2932 4874 vobis
2953 4859 2968 4881 ,
3002 4817 3121 4874 ideo
3147 4818 3438 4887 desperare
3463 4817 3532 4872 de
3556 4832 3654 4870 vo-

2089 4915 2198 4977 bis,
2230 4913 2479 4983 quoniam
2512 4927 2658 4980 spem
2685 4919 2912 4966 vestram
2941 4909 2994 4964 in
3025 4910 3142 4978 ipso
3162 4909 3360 4965 habere
3373 4909 3653 4978 jubemini,

2090 5023 2194 5061 non
2225 5005 2276 5059 in
2302 5005 2472 5059 vobis.
2502 5002 2805 5058 Maledictus
2830 5001 2971 5056 enim
2992 4999 3164 5054 omnis
3201 4999 3292 5068 qui
3311 5013 3460 5068 spem
3491 4999 3654 5078 habet

2153 5222 2170 5253 ί
2203 5226 2382 5267 omnes
2399 5222 2527 5271 Mss,
2548 5211 2791 5323 (ideiibus.
3567 5265 3578 5276 .

2153 5284 2172 5313 ι
2208 5289 2306 5323 Am.
2333 5285 2388 5323 Er
2441 5285 2493 5323 et
2517 5292 2542 5323 ιι
2567 5289 2682 5323 ures
2725 5282 2850 5323 Mssa
2895 5284 2982 5323 ver
3015 5269 3147 5321 verti
3181 5281 3430 5323 personam
3469 5272 3578 5318 tem

2153 5284 2172 5313 ι
2207 5289 2306 5328 Am.
2333 5285 2388 5326 Er
2441 5285 2493 5326 et
2517 5269 2682 5338 plures
2725 5282 2850 5338 Mss,
2895 5284 2982 5334 per
3015 5269 3147 5321 verti
3181 5281 3430 5334 personam
3469 5269 3658 5318 tertiam

2090 5342 2340 5398 dicantur,
2363 5351 2455 5388 non
2478 5335 2564 5400 per
2595 5335 2870 5400 secrmdam.

2154 5385 2493 5452 3Ws‘ti'cultm.fr:
2516 5385 2568 5448 et
2586 5404 2692 5446 Mss.
2713 5396 2862 5446 Fditio
2882 5407 3000 5444 vero
3018 5399 3150 5450 t.ov.,
3168 5385 3508 5452 compellenda,
3530 5385 3658 5448 quod

2093 5474 2253 5516 tamen
2275 5457 2869 5526 ιτοιεοηιρειιαηᾴοκμηοη
2910 5463 3048 5526 recte
3087 5453 3314 5526 substitui
3343 5453 3658 5526 mon-eri

2092 5513 2434 5576 vanienses'in
2478 5513 2859 5569 adnotationibus
2902 5516 2961 5564 ad
3003 5516 3130 5564 hunc
3167 5513 3321 5561 locum
3348 5522 3415 5576 :_¢
3454 5513 3658 5568 Restituit

2098 5569 2351 5644 {enin-1T;
2388 5569 2563 5641 aiunt,
2589 5599 2613 5628 ι
2633 5580 2693 5630 ad
2733 5579 3056 5644 elocutionem
3092 5586 3179 5636 per
3200 5569 3460 5622 secundam
3496 5581 3661 5632 perso-

2099 5667 2121 5696 ι
2143 5662 2270 5704 nam,
2291 5639 2387 5710 qua
2412 5639 2677 5710 praesentes
2697 5639 3168 5710 compellabtpturﬁ

2155 5693 2544 5771 Fid-timebam
2559 5705 2663 5768 quis
2692 5701 2763 5755 eis
2799 5693 2966 5765 quibus
2990 5693 3212 5756 lotmitur.
3237 5699 3294 5745 At
3321 5697 3450 5753 uss,
3473 5693 3664 5754 quando

2095 5771 2176 5832 qui
2199 5769 2267 5820 eis
2291 5769 2510 5828 foqititnr.
