4008 6178
282 334 414 389 1051

279 445 333 498 in
361 439 576 496 homine
592 436 799 510 (Jcrem.
835 432 1047 504 xvn,5)
1083 432 1385 487 :etbonnm
1412 439 1493 484 est
1518 428 1856 484 eonﬁderein

284 532 504 587 Domino
520 544 676 600 quam
690 524 960 582 conﬁdere
976 525 1027 576 in
1046 522 1258 576 homine
1272 520 1443 592 (Psal.
1463 534 1626 583 cxvn,
1640 518 1721 589 8);
1740 518 1860 587 quia

281 625 420 681 beati
432 636 620 678 omnes
629 621 716 691 qui
732 616 1006 673 conﬁdunt
1027 615 1077 668 in
1093 630 1239 670 eum.
1261 612 1407 667 Hanc
1423 625 1573 681 spem
1595 618 1860 674 tenentes,

281 716 476 769 servile
506 710 728 765 Domino
757 707 810 762 in
840 706 1051 769 timore,
1072 714 1126 758 et
1151 703 1413 757 exsultate
1439 701 1486 754 ei
1508 714 1632 755 eum
1660 709 1861 753 tremo.

282 821 341 859 re
370 800 541 874 (Psal.
570 815 605 854 ιι
660 799 748 863 13,
783 795 871 867 II)
896 812 912 850 :
940 795 1188 865 quoniam
1209 791 1276 847 de
1301 791 1408 845 vita
1437 799 1635 845 :eterna
1663 830 1678 854 ,
1702 803 1861 858 quam

285 896 407 950 ﬁliis
432 889 798 963 promissionis
849 886 1095 957 promisit
1135 898 1240 937 non
1296 880 1527 936 mendax
1572 880 1713 934 Deus
1739 887 1865 931 ante

283 997 528 1053 tempora
557 991 778 1048 reterns,
808 992 967 1035 nemo
994 986 1168 1046 potest
1188 989 1309 1029 esse
1334 987 1575 1036 securus,
1605 971 1706 1024 nisi
1735 983 1865 1024 con-

286 1084 554 1129 summata
579 1069 742 1124 fuerit
771 1069 872 1127 ista
896 1067 1002 1121 vita
1024 1107 1039 1131 ,
1064 1080 1183 1135 qua:
1214 1063 1435 1118 tentatio
1459 1070 1543 1116 est
1569 1074 1731 1130 super
1759 1069 1866 1113 ter-

283 1181 395 1218 ram
430 1162 550 1237 (Job
592 1177 685 1227 vn,
715 1159 770 1231 1)
803 1157 935 1213 :sed
984 1156 1141 1211 faciet
1192 1168 1290 1209 nos
1348 1154 1366 1186 ¹
1425 1164 1766 1237 perseverare
1810 1150 1865 1202 in

284 1271 344 1311 se
386 1230 555 1324 usque
609 1254 660 1307 in
712 1251 828 1320 ejus
881 1249 1005 1303 vitae.
1054 1247 1247 1307 ﬁnem.
1299 1245 1384 1299 cui
1441 1230 1676 1313 quotidie
1728 1241 1867 1295 dici-

286 1364 439 1413 mus,
482 1344 563 1400 Ne
598 1360 688 1398 nos
716 1343 904 1413 inferas
940 1341 994 1394 in
1028 1339 1349 1393 tentationem
1383 1334 1596 1406 (Matth.
1641 1348 1718 1396 Vl,
1753 1332 1866 1399 15).

286 1438 414 1493 Ilzec
440 1446 601 1505 atque
618 1431 919 1501 hujusmodi
946 1446 1066 1483 cum
1098 1429 1364 1489 dicuntur,
1392 1426 1503 1480 sive
1520 1423 1702 1493 paucis
1721 1421 1867 1476 chri-

288 1528 475 1583 stianis
487 1526 601 1580 sive
620 1521 941 1578 multitudini
963 1519 1234 1583 Ecclesia},
1252 1532 1350 1572 cur
1368 1515 1651 1570 metuimus
1666 1520 1871 1567 sancto-

288 1635 404 1673 rum
428 1614 946 1686 prwdestinationem
976 1621 1032 1667 et
1056 1625 1234 1664 veram
1265 1607 1357 1662 Dei
1384 1607 1605 1676 gratiam
1632 1645 1646 1665 ,
1680 1603 1734 1657 id
1755 1612 1859 1666 est,

287 1724 407 1777 qua:
433 1723 538 1761 non
581 1705 873 1761 secundum
918 1702 1104 1757 merita
1150 1708 1332 1754 nostra
1367 1698 1540 1760 datur,
1591 1696 1727 1751 sicut
1750 1709 1867 1749 eam

288 1806 472 1853 sant-ta
496 1797 767 1865 Scriptura
787 1793 1057 1863 prmdicat,
1081 1791 1369 1860 prredicare
1384 1789 1407 1842 ?
1422 1788 1503 1843 An
1525 1802 1651 1842 vero
1681 1787 1872 1840 timcn-

286 1888 415 1941 dum
436 1896 541 1952 est,
567 1901 634 1939 ne
675 1894 803 1939 tunc
826 1884 895 1939 de
922 1898 981 1938 se
1007 1882 1167 1937 homo
1196 1881 1465 1949 desperet,
1489 1877 1701 1948 quando
1740 1891 1866 1944 spes

290 1980 407 2047 ejus
444 1976 683 2047 ponenda
717 1975 1112 2029 demonstratur
1136 1971 1188 2025 in
1235 1972 1374 2035 Deo,
1419 1983 1525 2023 non
1555 1975 1732 2023 autem
1775 1965 1870 2019 de-

286 2078 559 2139 speraret,
588 2069 632 2123 si
658 2083 774 2123 eam
802 2070 853 2121 in
875 2081 936 2123 se
958 2067 1075 2136 ipso
1101 2062 1513 2134 superbissimus
1534 2069 1590 2115 et
1613 2058 1868 2114 infelicis-

288 2160 454 2215 simus
474 2161 494 2193 ³
527 2158 787 2227 poneret?

357 2250 588 2308 CAPUT
628 2249 818 2305 XXIII.
841 2248 1021 2305 ——65.
1053 2248 1224 2318 Atque
1250 2247 1451 2301 utinam
1490 2243 1624 2299 tardi
1652 2240 1816 2297 corde
1844 2240 1867 2273 ³

288 2352 345 2396 et
383 2341 603 2408 inﬁrmi,
628 2342 718 2411 qui
770 2355 875 2394 non
936 2346 1184 2410 possunt,
1241 2339 1323 2393 vel
1368 2335 1603 2390 nondum
1643 2339 1868 2403 possunt

289 2430 598 2498 Scripturas
635 2430 722 2484 vel
771 2444 955 2484 earnm
1002 2428 1365 2497 expositiones
1409 2425 1743 2495 intelligere,
1792 2423 1869 2478 sic

289 2508 533 2576 audirent
558 2520 643 2575 vel
671 2535 774 2574 non
800 2519 1050 2574 audirent
1078 2519 1131 2572 in
1178 2517 1279 2572 hac
1307 2516 1599 2587 qumslione
1628 2514 1867 2583 disputa-

289 2611 462 2666 tiones
497 2620 707 2665 nostras
727 2651 741 2675 ,
777 2617 838 2664 ut
866 2610 1033 2679 magis
1064 2608 1397 2661 intuerentur
1423 2606 1695 2659 orationes
1722 2618 1866 2668 suas,

289 2717 422 2772 quas
454 2716 667 2770 semper
699 2700 882 2754 habuit
925 2708 977 2754 et
1018 2697 1233 2753 habebit
1261 2696 1498 2751 Ecclesia
1541 2694 1608 2748 ab
1633 2692 1869 2748 exordiis

296 2792 431 2858 Suis,
456 2791 630 2847 donec
658 2790 869 2844 ﬁniatur
911 2789 1013 2843 hoc
1050 2788 1326 2843 szeculuni.
1376 2786 1450 2841 De
1474 2785 1575 2840 hac
1602 2785 1744 2839 enim
1775 2799 1864 2850 re,

291 2898 451 2952 quam
481 2898 622 2937 nunc
652 2882 910 2938 adversus
951 2895 1119 2935 novos
1148 2879 1447 2942 haereticos,
1492 2892 1598 2932 non
1629 2890 1864 2931 comme—

293 2989 505 3029 morare
535 2982 758 3037 tantum,
796 2970 890 3027 sed
912 2971 1069 3040 plane
1094 2969 1228 3024 tueri
1255 2976 1311 3023 et
1336 2967 1615 3023 defensare
1639 2965 1871 3035 compcl-

292 3064 470 3131 litnur,
501 3078 770 3133 nunquam
797 3063 963 3116 tacuit
987 3061 1039 3115 in
1071 3060 1318 3130 precibus
1338 3059 1468 3125 suis,
1496 3058 1595 3113 etsi
1628 3057 1870 3126 aliquan-

289 3154 362 3211 do
390 3155 443 3209 in
483 3153 820 3210 sermonibus
857 3148 1213 3208 exscrendam
1254 3151 1399 3204 nullo
1423 3158 1642 3220 urgente
1680 3148 1871 3202 adver-

289 3245 432 3301 sario
466 3260 572 3299 non
616 3244 841 3315 putavit.
872 3242 1094 3311 Quando
1120 3240 1263 3296 enim
1312 3255 1417 3294 non
1464 3248 1672 3295 oratum
1704 3246 1785 3293 est
1814 3237 1867 3291 in

295 3338 528 3394 Ecclesia
556 3352 651 3408 pro
682 3335 985 3391 inﬁdelibus
1010 3343 1169 3405 atque
1199 3331 1426 3387 inimicis
1451 3332 1568 3400 ejus
1607 3338 1668 3384 ut
1693 3328 1875 3384 crede—

293 3432 444 3486 rent?
469 3430 690 3499 Quando
717 3428 888 3483 ﬁdelis
928 3427 1207 3497 quisquam
1251 3424 1502 3487 amicum,
1543 3422 1866 3491 proximum,

292 3523 573 3593 eonjugem
595 3519 779 3575 habuit
804 3517 1093 3582 inﬁdelem,
1114 3526 1168 3571 et
1193 3530 1296 3569 non
1323 3515 1371 3569 ei
1393 3514 1579 3584 petivit
1598 3528 1625 3565 a
1650 3513 1875 3566 Domino

295 3622 526 3668 mentem
547 3610 883 3667 obedientem
914 3607 968 3662 in
1011 3607 1358 3662 christianam
1390 3603 1589 3659 ﬁdem?
1614 3601 1744 3669 Quis
1782 3617 1876 3656 an-

296 3715 404 3760 tem
433 3703 535 3758 sibi
564 3715 795 3770 unquam
828 3715 935 3753 non
958 3698 1155 3763 oravit,
1187 3705 1245 3750 ut
1275 3697 1325 3749 in
1350 3695 1578 3750 Domino
1606 3708 1877 3760 permane-

296 3795 408 3849 ret?
430 3797 536 3848 Aut
559 3793 679 3863 quis
708 3789 1044 3846 sacerdotem
1071 3801 1233 3858 super
1267 3786 1453 3840 ﬁdeles
1483 3784 1764 3839 Dominum
1797 3785 1878 3836 in-

298 3897 594 3950 vocantem,
634 3884 680 3938 si
719 3881 934 3954 quando
980 3880 1135 3946 dixit,
1181 3879 1254 3934 Da
1286 3878 1410 3941 illis,
1443 3877 1694 3940 Domine,
1736 3876 1788 3928 in
1827 3885 1877 3929 te

300 3991 657 4047 perseverare
687 3990 855 4045 usque
897 3976 949 4028 in
982 3975 1177 4037 ﬁnem;
1208 3985 1316 4025 non
1346 3970 1515 4024 solum
1544 3982 1674 4023 voco
1715 3981 1877 4020 ausus

298 4080 398 4135 est,
446 4070 540 4127 sed
580 4070 768 4124 saltem
812 4066 1133 4137 cogitatione
1173 4060 1604 4130 reprehendere;
1659 4073 1723 4113 ac
1771 4071 1875 4110 non

299 4166 474 4236 potius
489 4176 649 4232 super
675 4161 790 4231 ejus
821 4158 981 4212 talem
1005 4154 1435 4211 benedictionem
1462 4193 1476 4217 ,
1500 4160 1555 4206 et
1580 4149 1744 4205 corde
1769 4163 1881 4202 cre-

298 4257 457 4312 dente
481 4263 536 4309 et
571 4268 666 4309 ore
689 4252 978 4307 conﬁtente
1016 4246 1309 4318 respondit,
1339 4248 1508 4300 Amen
1536 4259 1550 4296 :
1583 4258 1704 4298 cum
1734 4243 1875 4297 aliud

301 4349 352 4403 in
379 4348 490 4416 ipsa
511 4344 749 4399 oratione
775 4341 1042 4397 dominica
1066 4354 1173 4393 non
1203 4346 1358 4393 orent
1386 4336 1571 4391 ﬁdeles
1590 4376 1606 4401 ,
1636 4334 1876 4390 dicentes

301 4438 531 4492 maxime
550 4433 699 4497 illud,
739 4431 823 4487 Ne
846 4447 937 4486 nos
965 4431 1155 4502 inferas
1199 4429 1252 4482 in
1292 4427 1654 4487 tentationem;
1690 4424 1792 4478 nisi
1822 4433 1880 4477 ut

304 4530 356 4582 in
396 4535 579 4583 sancta
610 4524 916 4579 obedientia
956 4521 1334 4591 perseverent?
1357 4520 1508 4575 Sicut
1544 4531 1674 4586 ergo
1702 4517 1753 4570 in
1796 4516 1880 4571 his

302 4616 650 4679 orationibus,
678 4614 749 4668 ita
777 4622 831 4668 et
852 4613 904 4667 in
934 4613 1032 4666 hac
1063 4612 1166 4666 ﬁde
1210 4620 1331 4665 nata
1369 4621 1472 4674 est,
1501 4619 1555 4665 et
1580 4608 1793 4671 crescit,
1826 4615 1881 4661 ct

303 4708 469 4765 crevit
497 4705 751 4771 Ecclesia,
801 4719 902 4774 qua
953 4703 1056 4757 ﬁde
1095 4702 1335 4757 creditur
1386 4702 1608 4772 gratiam
1641 4700 1732 4755 Dei
1774 4714 1877 4753 non

305 4796 595 4853 secundum
626 4795 815 4850 merita
847 4794 1219 4863 accipientium
1260 4792 1395 4846 dari.
1440 4790 1879 4861 Quandoquidem

306 4902 411 4940 non
441 4893 618 4940 oraret
639 4883 879 4939 Ecclesia
907 4892 964 4937 ut
1004 4882 1225 4937 daretur
1250 4881 1552 4936 inﬁdelibus
1591 4880 1740 4944 ﬁdes,
1781 4880 1880 4933 nisi

308 4977 474 5030 Deum
500 4975 746 5029 crederet
768 4983 821 5028 et
848 4986 1065 5028 aversas
1111 4981 1167 5027 et
1214 4971 1467 5026 adversas
1499 4971 1772 5025 hominum
1816 4969 1880 5023 ad

305 5082 364 5123 se
391 5074 705 5121 convertere
730 5065 1027 5119 voluntates
1051 5081 1064 5117 :
1093 5078 1191 5118 nec
1218 5071 1396 5117 oraret
1422 5061 1659 5116 Ecclesia
1685 5070 1742 5113 ut
1772 5076 1884 5129 per-

305 5165 578 5215 severaret
608 5156 661 5210 in
687 5154 789 5210 ﬁde
813 5154 1034 5219 Christi,
1066 5169 1174 5209 non
1198 5154 1418 5223 decepta
1435 5153 1519 5207 vel
1545 5153 1680 5207 victa
1711 5161 1883 5206 tenta-

306 5249 537 5306 tionibus
560 5246 763 5314 mundi,
786 5246 889 5301 nisi
917 5246 1168 5301 crederet
1200 5246 1478 5299 Dominum
1509 5244 1587 5298 sic
1629 5244 1681 5297 in
1730 5252 1885 5313 pote-

306 5350 446 5397 utate
474 5339 673 5395 habere
699 5352 793 5394 cor
818 5347 1083 5403 nostrum,
1107 5345 1163 5392 ut
1190 5336 1384 5391 bonum
1415 5335 1555 5405 quod
1596 5351 1699 5389 non
1733 5343 1884 5389 tene-

319 5446 439 5485 mus
466 5424 577 5484 nisi
595 5428 806 5501 propria
826 5437 1118 5491 vmunlatc,
1151 5441 1255 5480 non
1280 5437 1454 5481 tamen
1484 5436 1759 5482 teneamus
1783 5426 1882 5478 nisi

310 5521 422 5588 ipse
448 5521 501 5574 in
540 5521 696 5576 nobis
734 5534 986 5588 operetur
1028 5527 1081 5574 et
1108 5517 1264 5572 velle.
1297 5518 1427 5573 Nam
1459 5519 1501 5573 si
1532 5519 1645 5573 haec
1675 5518 1741 5571 ab
1770 5518 1884 5585 ipso

371 5629 388 5660 ι
423 5628 629 5678 Vaticani
651 5635 778 5686 llas,
802 5641 897 5679 ros.

367 5691 388 5753 ξ
416 5691 539 5753 Tres
560 5696 688 5747 ιω,
710 5688 1085 5753 inﬁdeliuimus.

371 5748 391 5782 ³
424 5749 591 5800 Plures
612 5757 738 5813 Mss,
760 5748 1083 5802 'tartticordcs.

1477 318 1536 375 S.
1580 313 1941 376 AUGUSTINI
1982 312 2284 371 EPISCOPI

3415 319 3549 374 1032

1969 424 2186 496 quidem
2222 424 2392 494 poscit
2408 423 2641 478 Ecclesia
2664 464 2678 490 ,
2708 424 2800 479 Sed
2832 441 2858 479 a
2883 440 2938 479 5e
2965 426 3075 497 ipsa
3103 429 3202 483 sibi
3228 430 3341 484 dari
3370 440 3545 500 putat;

1969 534 2074 573 non
2103 532 2255 574 veras
2275 561 2290 585 ,
2334 516 2429 572 sed
2460 516 2846 587 perfunctorias
2873 520 3143 575 orationes
3173 521 3333 578 habet
3366 542 3378 576 :
3402 526 3543 594 quod

1968 609 2105 663 absit
2128 623 2159 662 a
2188 608 2361 663 nobis.
2385 606 2514 672 Quis
2528 607 2675 663 enim
2701 610 2962 665 veraciter
2985 621 3182 681 gemat,
3225 613 3542 669 desiderans

1968 699 2212 767 accipere
2236 696 2377 766 quod
2405 704 2523 750 orat
2542 712 2574 751 a
2598 697 2842 764 Domino,
2869 700 2914 754 si
2944 701 3045 755 hoc
3071 716 3102 755 a
3125 718 3184 757 se
3220 703 3337 772 ipso
3374 719 3433 758 se
3456 720 3542 757 stl—

1968 802 2117 841 mere
2145 786 2438 853 existimet,
2469 802 2573 841 non
2600 787 2667 841 ab
2692 787 2820 841 illo?

2041 881 2129 935 64.
2157 879 2481 946 Praesertim,
2505 880 2752 949 quoniam
2779 879 2900 951 quid
2927 896 3144 946 oremus,
3173 883 3300 937 sicut
3326 893 3550 953 oportet,

1970 972 2252 1034 nescimus;
2288 974 2376 1024 sed
2400 971 2508 1040 ipse
2542 969 2785 1037 Spiritus,
2814 971 2888 1025 ait
2929 973 3232 1042 Apostolm,
3264 974 3552 1044 interpellat

1973 1077 2063 1129 pro
2084 1061 2224 1115 nobis
2244 1062 2260 1092 ¹
2290 1062 2458 1131 gemiti
2465 1060 2554 1114 bus
2571 1060 3006 1115 inenarrabilibus.
3038 1061 3137 1128 Qui
3156 1064 3285 1117 enim
3300 1074 3552 1118 scrutatur

1971 1153 2145 1218 corda,
2184 1155 2276 1207 scit
2316 1151 2438 1222 quid
2477 1152 2641 1222 sapiat
2678 1152 2920 1223 Spiritus,
2944 1154 3064 1223 quia
3089 1153 3362 1208 secundum
3393 1154 3550 1209 Deum

1971 1241 2257 1310 interpellat
2280 1258 2371 1310 pro
2398 1243 2585 1295 sanctis
2615 1241 2632 1311 (
2655 1240 2805 1295 Rom.
2834 1255 2944 1307 vttt,
2970 1242 3061 1309 9.6,
3087 1243 3156 1297 27
3180 1244 3221 1312 ).
3271 1243 3405 1311 Quid
3446 1255 3549 1307 est,

1971 1334 2081 1403 ipse
2096 1332 2322 1403 Spiritus
2347 1333 2650 1403 interpellat,
2670 1333 2792 1400 nisi,
2826 1332 3165 1404 Interpellare
3187 1335 3327 1400 facit,
3355 1338 3553 1408 gemiti~

1971 1423 2062 1477 bus
2105 1424 2543 1490 inenarrabilibus,
2589 1424 2681 1479 sed
2719 1425 3026 1489 veraeibus,
3076 1427 3324 1496 quoniam
3359 1428 3554 1482 veritas

1973 1525 2055 1569 est
2085 1514 2351 1583 Spiritus?
2398 1514 2515 1584 Ipse
2551 1524 2635 1569 est
2673 1515 2815 1570 enim
2859 1515 2925 1571 de
2971 1532 3076 1586 quo
3101 1517 3206 1572 alio
3236 1519 3351 1572 loco
3387 1518 3551 1573 dicit:

1977 1605 2118 1659 Misit
2148 1605 2287 1658 Deus
2315 1605 2565 1674 Spiritum
2598 1604 2720 1659 Filii
2746 1608 2824 1660 sui
2847 1608 2898 1660 in
2925 1609 3078 1662 corda
3104 1620 3296 1678 nostra,
3326 1611 3553 1664 clamau-

1974 1705 2092 1763 tem,
2126 1696 2284 1762 Abba,
2317 1696 2473 1751 Pater
2496 1698 2514 1769 (
2537 1696 2702 1751 Galat.
2736 1715 2807 1764 tv,
2830 1698 2918 1769 6).
2962 1699 3030 1754 Et
3055 1700 3140 1755 hic
3163 1702 3287 1771 quid
3318 1713 3418 1768 est,
3451 1706 3556 1756 cla.

1973 1799 2212 1852 montem,
2241 1787 2363 1853 nisi,
2391 1787 2632 1842 Clamare
2659 1788 2967 1854 iacientem;
3000 1800 3148 1860 trepo
3176 1792 3265 1846 illo
3292 1808 3397 1862 quo
3422 1793 3555 1848 dici-

1974 1894 2092 1934 mus
2117 1881 2292 1934 laatum
2318 1879 2481 1942 diem,
2510 1880 2597 1950 qui
2620 1880 2778 1935 lictos
2806 1880 2963 1936 facit?
3004 1883 3153 1950 Quod
3180 1881 3558 1940 alibi'manife-

1974 1979 2096 2035 stat,
2128 1972 2216 2025 ubi
2247 1971 2375 2025 dicit
2401 1989 2415 2026 ε
2451 1970 2571 2025 Non
2597 1972 2726 2025 enim
2752 1974 3014 2042 accepistis
3045 1974 3277 2044 spiritum
3310 1977 3556 2031 servitutis

1972 2062 2152 2113 iterum
2180 2061 2232 2113 in
2259 2061 2436 2114 timore
2456 2076 2477 2126 ;
2515 2061 2605 2115 sed
2628 2063 2888 2133 accepistis
2916 2063 3165 2132 Spiritum
3187 2065 3474 2136 adoptionis
3495 2068 3558 2137 [io

1973 2151 2177 2216 liorum,
2200 2152 2252 2204 in
2273 2167 2372 2221 quo
2398 2152 2696 2219 clamamus,
2726 2154 2883 2217 Abba,
2919 2153 3075 2208 Pater
3102 2154 3121 2223 (
3142 2154 3270 2209 Rom
3293 2172 3405 2224 VIII,
3430 2158 3496 2212 15
3513 2157 3553 2230 ).

1975 2240 2049 2295 Ibi
2072 2241 2225 2309 dixit,
2250 2243 2585 2308 clamantem;
2613 2243 2699 2298 hic
2722 2260 2869 2312 vero,
2893 2246 2948 2299 in
2976 2262 3073 2315 quo
3096 2248 3371 2303 clamamus
3402 2265 3420 2302 :
3442 2265 3557 2320 ape-

1976 2332 2118 2386 riens
2147 2332 2390 2387 videlicet
2433 2334 2699 2403 quomodo
2740 2335 2954 2403 dixerit,
2993 2337 3312 2403 clamantem,
3354 2338 3407 2393 id
3452 2349 3552 2404 est,

1972 2424 2229 2493 sicutjam
2250 2427 2495 2494 exposui,
2510 2426 2738 2481 clamare
2758 2426 3049 2482 facientem.
3077 2428 3173 2484 Ubi
3193 2430 3549 2501 intelligimus,

1974 2526 2027 2570 et
2054 2515 2151 2570 hoc
2174 2516 2344 2585 ipsum
2368 2530 2487 2571 esse
2506 2516 2703 2571 donum
2729 2518 2838 2582 Dei,
2865 2528 2923 2573 ut
2943 2520 3116 2575 veraci
3140 2506 3302 2577 corde
3327 2532 3381 2578 et
3398 2524 3554 2592 spiri-

1975 2608 2186 2663 tualiter
2199 2608 2488 2664 clamemus
2513 2609 2578 2663 ad
2607 2610 2791 2664 Deum.
2824 2612 3111 2666 Attendunt
3135 2629 3262 2684 ergo
3285 2615 3555 2685 quomodo

1976 2697 2338 2768 falluntur,qui
2362 2708 2545 2768 putant
2562 2715 2681 2755 esse
2692 2717 2720 2754 a
2737 2702 2906 2767 nobis,
2922 2716 3026 2755 non
3048 2703 3161 2758 dari
3190 2704 3358 2770 nobis,
3385 2716 3441 2759 ut
3465 2720 3553 2775 pe-

1976 2798 2168 2856 tamus,
2186 2805 2505 2861 quazramus,
2532 2791 2796 2860 pulsennts
2814 2811 2826 2845 :
2843 2803 2895 2847 et
2921 2792 3019 2848 hoc
3048 2808 3168 2850 esse
3195 2794 3397 2863 dicunt,
3417 2796 3555 2866 quod

1977 2882 2142 2951 gratia
2168 2881 2485 2952 prteceditur
2503 2882 2694 2936 merito
2715 2894 2917 2950 nostro,
2947 2893 3003 2939 ut
3028 2897 3279 2956 sequatur
3304 2886 3410 2954 illa,
3435 2901 3556 2941 cum

1975 2971 2262 3040 accipimus
2296 2980 2558 3041 petentes,
2588 2982 2643 3028 et
2692 2972 2990 3028 invenimus
3033 2984 3351 3043 qnzerentcs,
3382 2968 3559 3047 aperi?

1977 3072 2166 3132 tnrque
2196 3062 2563 3132 pulsantibus:
2588 3078 2687 3119 nec
2711 3065 2899 3119 volunt
2934 3066 3224 3136 intelligere
3258 3067 3417 3121 etiam
3458 3068 3559 3123 hoc

1975 3151 2138 3206 divini
2184 3153 2420 3207 muneris
2459 3167 2596 3217 esse,
2641 3162 2697 3207 ut
2739 3168 2969 3217 oremus,
3012 3154 3113 3209 hoc
3156 3164 3257 3223 est,
3296 3167 3557 3227 petamus,

1976 3259 2298 3315 quaeramus,
2329 3255 2488 3315 atque
2516 3245 2804 3314 pulscmus.
2847 3246 3159 3317 Accepimus
3177 3249 3198 3280 ³
3224 3249 3370 3303 enim
3396 3247 3562 3319 Spiri-

1979 3345 2087 3415 tum
2140 3334 2440 3404 adoptionis
2487 3334 2732 3401 ﬁliorum,
2769 3336 2821 3390 in
2876 3352 2981 3407 quo
3030 3337 3340 3404 clamamus,
3386 3338 3554 3403 Abba,

1979 3427 2156 3481 Pater.
2198 3426 2349 3493 Quod
2396 3426 2526 3480 vidit
2577 3435 2632 3481 et
2671 3427 2858 3481 beatus
2907 3428 3239 3482 Ambrosius.
3291 3430 3378 3483 Ait
3416 3430 3556 3483 enim

1980 3517 2001 3591 (
2026 3515 2087 3570 In
2142 3517 2417 3572 Comment.
2462 3534 2614 3587 super
2650 3517 2867 3589 Isaiam)
2910 3535 2924 3573 :
2971 3537 2988 3570 t
3039 3519 3105 3574 Et
3156 3534 3313 3575 orare
3351 3521 3515 3575 Demn
3542 3564 3556 3584 ,

1978 3609 2160 3679 gratia:
2202 3608 2491 3678 spiritualis
2542 3617 2626 3665 est

1980 3702 2131 3764 dicit,
2177 3698 2425 3755 Dominus
2460 3701 2633 3768 Iesus,
2677 3703 2777 3756 nisi
2818 3702 2870 3756 in
2897 3702 3093 3774 Spiritu
3135 3713 3339 3756 sanctos
3375 3702 3415 3773 (Ι
3440 3703 3556 3757 Cor.

1980 3808 2073 3855 xu,
2106 3790 2183 3864 5).

2052 3879 2144 3936 65.
2192 3881 2315 3935 11ωο
2343 3881 2499 3949 igitur
2519 3896 2635 3951 qua:
2658 3883 2826 3950 poscit
2848 3896 2876 3935 a
2901 3881 3145 3947 Domino,
3174 3890 3227 3936 et
3257 3897 3470 3952 semper
3495 3899 3561 3938 ex

1982 3986 2086 4041 quo
2115 3986 2234 4027 esse
2263 3970 2444 4040 cmpit,
2488 3974 2730 4042 poposcit
2763 3972 2996 4027 Ecclesia
3018 4016 3034 4038 ,
3081 3972 3150 4027 ita
3194 3974 3329 4029 Deus
3364 3976 3564 4029 vocatis

1981 4063 2091 4116 suis
2121 4061 2360 4116 daturum
2385 4077 2442 4117 se
2463 4076 2580 4116 esse
2608 4061 2963 4130 prmscivit,ut
2992 4063 3045 4116 in
3073 4064 3182 4132 ipsa
3216 4063 3562 4133 pmdestiua-

1985 4156 2127 4210 tione
2158 4154 2267 4224 jam
2304 4153 2510 4209 dederit
2542 4171 2555 4207 :
2586 4153 2725 4224 quod
2756 4155 3040 4224 Apostolus
3077 4157 3192 4211 sine
3224 4156 3566 4228 ambiguitate

1983 4247 2224 4303 declarat.
2265 4245 2517 4302 Scribens
2545 4246 2739 4316 quippe
2771 4246 2836 4301 ad
2873 4246 3208 4303 Timotheum
3236 4248 3555 4312 :Coltabora,

1985 4339 2173 4410 inquit,
2203 4338 2474 4410 Euangelio
2500 4337 2772 4392 secundum
2801 4339 3031 4394 virtutem
3058 4338 3150 4392 Dei
3177 4340 3340 4394 salvos
3368 4356 3458 4394 nos
3487 4343 3564 4407 fu-

1983 4432 2177 4499 cientis,
2206 4440 2252 4484 et
2280 4430 2502 4484 vocantis
2530 4431 2787 4484 vocatione
2810 4447 2902 4484 sua
2925 4443 3129 4497 sancta;
3159 4449 3259 4486 non
3287 4433 3562 4485 secundum

1985 4539 2138 4592 opera
2162 4532 2351 4585 nostra,
2381 4523 2468 4577 sed
2513 4522 2787 4576 secundum
2826 4540 2972 4577 suum
3012 4524 3321 4594 propositum
3360 4533 3403 4576 et
3441 4540 3563 4593 gra-

1988 4614 2127 4677 tiam,
2160 4630 2271 4683 quaz
2299 4614 2416 4666 data
2441 4622 2510 4667 est
2537 4614 2677 4669 nobis
2706 4615 2756 4667 in
2793 4614 2989 4668 Christo
3029 4614 3151 4669 Iesu
3188 4624 3302 4668 aute
3341 4623 3566 4684 tempora

1986 4715 2195 4773 averna,
2224 4707 2543 4777 manifestata
2566 4714 2728 4759 autem
2755 4722 2889 4760 nunc
2916 4722 3002 4775 per
3030 4705 3293 4758 aduentum
3334 4704 3568 4759 Salvato-

1987 4798 2058 4851 ris
2086 4799 2243 4851 nostri
2263 4796 2385 4850 Iesu
2406 4796 2593 4852 Christi
2623 4795 2686 4867 (II
2715 4795 2843 4849 Tim.
2872 4812 2909 4862 ι,
2929 4795 3093 4866 8-10).
3120 4795 3208 4849 Ille
3235 4795 3409 4865 itaque
3426 4795 3572 4850 diezit

1992 4890 2279 4945 Ecclesiam
2307 4887 2590 4959 aliquando
2628 4889 2681 4942 in
2722 4887 2823 4942 ﬁde
2849 4901 2942 4941 sua
2970 4902 3071 4940 non
3100 4885 3347 4940 habuisse
3372 4886 3573 4940 verita-

1993 4991 2098 5037 tem
2130 4978 2607 5049 pra‘destinationis
2631 4979 2785 5048 hujus
2811 4988 2863 5031 et
2886 4979 3068 5047 gratia:
3088 5020 3102 5042 ,
3131 4993 3247 5046 qua:
3276 4993 3415 5032 nunc
3446 4992 3576 5033 con-

1991 5081 2067 5126 tra
2095 5086 2261 5125 novos
2292 5070 2569 5124 hmrcticos
2592 5085 2718 5124 cura
2749 5068 3080 5139 diligentiore
3107 5067 3405 5124 defenditur
3428 5087 3444 5124 :
3468 5069 3572 5134 ille,

1992 5163 2225 5231 inquam,
2267 5160 2368 5215 hoc
2407 5160 2567 5227 dicat,
2608 5161 2695 5230 qui
2737 5160 2911 5214 dicere
2938 5160 3099 5215 audet
3134 5161 3417 5232 aliquando
3459 5178 3566 5218 can'

1993 5271 2095 5308 non
2123 5268 2326 5320 orasse,
2353 5253 2438 5309 vel
2466 5269 2569 5308 non
2590 5252 2847 5308 veraciter
2865 5266 3069 5321 orasse,
3086 5254 3196 5309 sive
3219 5263 3277 5310 ut
3296 5255 3577 5311 crederent

1994 5345 2254 5410 inﬁdeles,
2277 5347 2388 5400 sive
2416 5354 2472 5399 ut
2500 5353 2900 5414 perseverarent
2940 5344 3141 5400 ﬁdeles.
3191 5346 3320 5413 Qua:
3363 5347 3498 5400 bona
3530 5346 3575 5399 si

1992 5452 2204 5507 semper
2230 5436 2418 5499 oravit,
2445 5450 2658 5505 semper
2681 5450 2741 5490 ea
2775 5435 2865 5490 Dei
2889 5436 3028 5491 dona
3056 5452 3175 5492 esse
3205 5436 3382 5508 utique
3400 5434 3577 5511 credi-

2057 5633 2088 5697 ι,
2121 5637 2300 5680 Omnes
2348 5636 2453 5698 uss.
2480 5663 2495 5689 ,
2534 5627 2802 5693 interpellat
2844 5630 3095 5694 gemitibus
3137 5628 3578 5692 itumarrubiltbtu,‘

1999 5688 2191 5750 omisso,
2214 5702 2303 5753 pro
2323 5688 2473 5753 nobis.

2060 5755 2080 5785 '
2112 5754 2184 5804 sic
2203 5751 2309 5801 Mss.
2335 5752 2468 5817 Editi,
2493 5751 2771 5817 accipimus.

2674 3628 2687 3664 :
2735 3612 2873 3665 sicut
2918 3611 3172 3681 scriptum
3217 3622 3337 3677 est,
3395 3611 3557 3666 Nemo
3649 3624 3652 3626 ‘
