4008 6178
325 270 462 326 1035

320 386 427 442 dit:
460 398 559 439 nec
583 384 651 438 ab
679 382 771 438 illo
790 395 909 439 esse
934 378 1250 450 pra‘cognita
1278 393 1511 448 unquam
1530 376 1578 434 ei
1606 388 1801 446 negare
1822 372 1900 426 fas

322 477 437 531 fuit.
483 480 558 530 Ac
598 490 692 544 per
726 473 826 528 hoc
861 470 1339 542 prmdestinationis
1376 467 1533 540 hujus
1572 465 1752 531 fidem,
1782 477 1900 534 quae

318 580 505 624 contra
536 581 702 621 novos
740 562 1017 620 haereticos
1064 578 1197 616 nova
1233 560 1587 616 sollicitudine
1622 572 1764 612 nunc
1809 553 1903 609 de-

321 662 579 723 fenditur,
611 673 879 726 nunquam
913 656 1142 711 Ecclesia
1176 653 1371 710 Christi
1395 670 1499 710 non
1528 651 1731 707 habuit.

387 748 619 805 CAPUT
673 746 860 802 XXIV.
888 776 958 788 --
986 746 1075 801 66.
1114 744 1218 802 Sed
1246 744 1374 816 quid
1398 745 1585 819 plura?
1627 742 1767 798 Satis
1805 739 1899 795 do-

316 844 496 897 cuisse
526 832 611 896 nie
632 841 900 905 existimo,
925 839 1009 894 vel
1051 839 1224 909 potius
1254 838 1370 910 plus
1394 853 1551 909 quam
1583 837 1734 903 satis,
1762 835 1901 889 dona

324 932 417 988 Dei
454 946 595 998 esse,
624 941 678 987 et
708 931 943 1001 incipere
976 931 1029 983 in
1072 929 1352 983 Dominum
1382 928 1619 992 credere,
1647 935 1703 980 et
1732 939 1900 995 usque

316 1023 369 1077 in
405 1022 564 1077 finem
595 1023 647 1078 in
677 1022 900 1076 Domino
925 1036 1255 1092 permanere.
1278 1020 1484 1075 Cmtcia
1511 1033 1637 1074 vero
1666 1018 1803 1073 bona
1833 1015 1900 1072 ad

319 1116 486 1169 vitam
546 1114 709 1183 piam,
758 1129 860 1184 qua
913 1114 1053 1168 Deus
1104 1123 1248 1168 recte
1297 1110 1509 1176 colitur,
1561 1106 1895 1180 pertinentia,

314 1209 477 1262 etiam
526 1206 625 1277 ipsi
670 1214 889 1275 propter
925 1220 1058 1276 quos
1087 1204 1207 1260 hzcc
1235 1204 1458 1274 agimus,
1491 1201 1584 1256 Dei
1613 1201 1751 1255 dona
1777 1213 1899 1254 esse

314 1297 640 1352 concedunt.
684 1295 871 1352 Omnia
910 1312 1069 1366 porro
1094 1295 1232 1351 dona
1259 1306 1374 1360 sua;
1404 1303 1458 1348 et
1480 1292 1673 1362 quibus
1691 1306 1752 1347 ea
1780 1288 1897 1344 fuc-

314 1399 399 1442 iat
428 1389 732 1460 largiturus,
787 1389 953 1444 Deum
995 1387 1271 1456 przcscisse
1297 1400 1490 1456 negare
1519 1399 1626 1439 non
1650 1386 1895 1453 possunt.

315 1478 468 1532 Sicut
496 1494 625 1547 ergo
650 1486 841 1533 cmtera
869 1476 1201 1547 prmdicanda
1225 1485 1383 1538 sunt,
1416 1484 1473 1529 ut
1496 1474 1586 1544 qui
1615 1487 1677 1528 ea
1704 1471 1896 1541 pracdi-

313 1576 426 1631 cat,
455 1568 766 1622 obedienter
788 1567 1060 1630 audiatur;
1089 1567 1159 1619 ita
1189 1565 1582 1634 prmdestinatio
1608 1562 1899 1632 praedican-

313 1657 383 1710 da
410 1667 493 1712 est
517 1699 534 1723 ,
569 1667 626 1712 ut
654 1658 743 1727 qui
769 1656 1084 1712 obedienter
1107 1656 1222 1711 haec
1251 1654 1416 1719 audit,
1445 1668 1553 1709 non
1579 1652 1630 1708 in
1658 1652 1894 1717 homine,

312 1767 380 1805 ac
417 1767 512 1820 per
544 1751 645 1805 hoc
672 1764 772 1805 nec
801 1750 853 1804 in
880 1764 941 1805 se
970 1749 1106 1819 ipso,
1137 1747 1230 1803 sed
1258 1748 1311 1801 in
1345 1746 1569 1801 Domino
1594 1745 1851 1815 glorietur
1881 1761 1895 1799 :

310 1845 441 1913 quia
478 1851 532 1898 et
570 1842 673 1899 hoc
716 1842 811 1897 Dei
856 1850 1177 1913 praeceptum
1207 1848 1319 1904 est;
1348 1846 1404 1894 et
1439 1838 1538 1892 hoc
1574 1845 1894 1909 praeceptum

309 1936 629 1991 ohedicnter
649 1935 854 1997 audire,
881 1934 935 1989 id
961 1942 1065 1998 est,
1089 1942 1147 1997 ut
1184 1932 1277 2003 qni
1304 1931 1571 2003 gloriatur,
1595 1930 1650 1984 in
1675 1928 1897 1982 Domino

305 2028 557 2103 glorietur
582 2026 643 2097 (l
674 2025 791 2081 Cor.
823 2042 864 2089 ι,
887 2025 1020 2097 51),
1053 2022 1301 2079 similiter
1337 2032 1395 2076 ut
1421 2030 1646 2085 caetera,
1679 2019 1771 2073 Dei
1800 2018 1898 2073 do-

311 2134 448 2173 num
476 2128 581 2173 est.
613 2117 769 2185 Quod
795 2115 995 2171 domini
1019 2115 1109 2184 qui
1135 2129 1244 2168 non
1269 2112 1450 2176 lubet,
1474 2126 1588 2166 non
1614 2110 1801 2165 dubito
1816 2108 1898 2163 di-

305 2226 459 2277 cere,
483 2211 587 2265 alia
608 2222 961 2280 quarumque
988 2207 1167 2271 habet,
1195 2205 1425 2259 inaniter
1455 2203 1633 2258 habet.
1665 2202 1777 2257 Hoc
1799 2200 1901 2255 Pe-

306 2303 535 2374 tagiani,
559 2310 823 2371 optamus,
865 2308 923 2357 ut
968 2298 1232 2361 habeant;
1281 2295 1369 2350 isti
1413 2303 1588 2348 autem
1628 2291 1799 2347 nostri
1839 2300 1901 2345 ut

308 2393 525 2463 plenius
555 2391 802 2446 habeant.
831 2388 945 2443 Non
974 2388 1152 2457 itaque
1184 2386 1349 2440 simus
1379 2384 1429 2438 in
1456 2380 1897 2452 disputationibus

310 2480 572 2552 prompti,
602 2489 656 2533 et
674 2480 725 2533 in
747 2476 1075 2532 orationibus
1099 2475 1253 2545 pigri.
1277 2472 1525 2537 Oremus,
1541 2468 1893 2536 dilectissimi,

308 2586 555 2639 oremus,
587 2580 644 2623 ut
682 2568 821 2624 Deus
854 2567 1040 2639 gratia:
1075 2565 1167 2620 det
1205 2563 1364 2619 etiam
1405 2561 1631 2619 inimicis
1663 2558 1895 2626 nostris,

310 2661 653 2729 maximeque
692 2657 941 2715 fratribus
983 2664 1038 2711 et
1072 2654 1413 2711 dilectoribus
1454 2656 1670 2715 nostris.
1696 2651 1896 2708 intelli-

308 2768 442 2822 gere
460 2761 512 2829 et
537 2749 799 2816 confiteri,
817 2756 939 2820 post
962 2748 1227 2818 ingentem
1248 2753 1305 2802 et
1329 2743 1645 2800 ineffabilem
1664 2742 1892 2811 ruinam,

311 2859 420 2911 qua
446 2842 499 2895 in
523 2856 630 2896 uno
654 2855 840 2896 omnes
862 2838 1170 2904 cecidimus,
1193 2839 1462 2892 neminem
1483 2835 1582 2891 nisi
1602 2835 1770 2906 gratia
1800 2834 1895 2889 Dei

312 2931 567 2999 liberari;
613 2946 837 3001 eamque
866 2946 973 2985 non
994 2929 1283 2984 secundum
1313 2928 1502 2983 merita
1527 2923 1898 2996 accipientium

314 3037 567 3094 tanquam
594 3022 827 3079 debitam
856 3021 1004 3077 reddi
1022 3064 1036 3085 ,
1067 3018 1161 3076 sed
1188 3029 1434 3089 tauquam
1464 3032 1644 3072 veram
1672 3014 1896 3089 gratiam

314 3115 480 3170 nullis
503 3113 706 3168 meritis
734 3110 1156 3183 praecedentibus
1177 3111 1343 3181 gratis
1368 3107 1505 3163 dari.

391 3205 484 3261 67.
529 3203 742 3259 Nullum
784 3212 961 3285 autem
1000 3210 1084 3257 est
1125 3199 1381 3256 illustrius
1420 3195 1899 3270 praedestinationis

313 3297 618 3368 exemplum
646 3311 802 3365 quam
835 3299 949 3367 ipse
966 3295 1119 3350 Jesus
1147 3310 1162 3348 :
1190 3294 1331 3350 unde
1371 3302 1426 3349 ct
1466 3294 1520 3348 in
1560 3291 1733 3363 primo
1760 3291 1900 3349 libro

314 3389 424 3460 iam
451 3387 714 3458 disputavi
742 3386 846 3455 (De
871 3384 1324 3441 Pra'dcstinatione
1351 3383 1673 3450 Sanctorum,
1696 3401 1786 3439 nn.
1806 3382 1896 3452 50,

317 3482 432 3551 3t),
460 3488 516 3535 et
543 3479 593 3533 in
622 3479 778 3549 hujus
805 3479 912 3534 line
936 3477 1309 3534 commendare
1335 3475 1507 3546 delegi
1530 3475 1767 3531 :nullum
1795 3484 1898 3543 est,

319 3572 558 3641 inquam,
595 3569 850 3625 illustrius
889 3568 1368 3640 prmdestinationis
1411 3569 1712 3640 exemplum
1740 3583 1903 3639 quam

319 3663 435 3732 ipse
464 3661 739 3717 Mediator.
783 3661 1032 3731 Quisquis
1071 3660 1241 3716 fidelis
1265 3659 1377 3715 vult
1401 3674 1518 3715 eam
1548 3659 1683 3714 bene
1710 3659 1923 3715 intellio.

317 3770 468 3825 gere,
508 3754 746 3809 attendat
796 3754 991 3824 ipsum,
1038 3761 1200 3822 atque
1250 3751 1303 3806 in
1352 3751 1442 3806 illo
1485 3750 1715 3808 inveniat
1754 3758 1810 3806 et
1844 3764 1905 3807 se

319 3849 495 3919 ipsum
528 3867 542 3901 :
575 3847 766 3914 fidelis,
813 3847 1025 3916 inquam
1048 3885 1067 3913 ,
1103 3843 1193 3916 qui
1232 3843 1284 3898 in
1328 3858 1393 3898 eo
1438 3856 1619 3898 veram
1660 3851 1905 3903 naturam

318 3921 494 3995 credit
515 3947 572 3994 et
597 3939 879 3994 confitetur
907 3935 1210 4000 humanam,
1241 3933 1292 3991 id
1318 3940 1401 3989 est
1420 3940 1687 4000 nostram,
1715 3948 1904 4003 quam-

318 4032 404 4085 vis
430 4028 769 4099 singulariter
788 4026 1109 4097 suscipiente
1132 4025 1241 4079 Deo
1260 4022 1459 4088 Verbo,
1486 4022 1540 4076 in
1571 4022 1783 4076 unicum
1815 4019 1904 4076 Fi-

320 4122 455 4176 lium
487 4121 578 4175 Dei
599 4120 956 4185 sublimatam,
985 4119 1057 4173 ita
1086 4126 1143 4171 ut
1168 4116 1259 4188 qui
1282 4115 1514 4185 suscepit
1542 4113 1754 4184 etquod
1780 4128 1903 4170 sus-

323 4212 472 4282 cepit
511 4227 615 4265 una
657 4220 799 4266 esset
834 4211 891 4265 in
933 4208 1187 4264 Trinitate
1224 4219 1470 4278 persona.
1522 4203 1707 4275 Neque
1761 4204 1905 4259 enim

1348 260 1548 319 LIBER
1587 258 1675 315 DE
1715 256 1895 312 DONO
1935 249 2551 311 PEliSEVERANTlE.

3448 250 3586 305 {035

2012 386 2177 456 Deum
2205 394 2406 440 tantum
2428 385 2656 441 dicimus
2677 383 2964 447 Christum,
2995 384 3129 440 sicut
3159 385 3394 441 hterctici
3423 386 3589 442 Manio

2009 478 2181 543 chzei;
2228 493 2327 533 nec
2373 477 2642 533 hominem
2684 487 2909 541 tantum,
2949 477 3088 533 sicut
3125 477 3359 533 hmretici
3402 478 3588 534 Photi-

2009 569 2181 634 niani;
2210 583 2309 624 nec
2329 568 2399 623 ita
2423 568 2714 631 hominem,
2739 578 2796 623 ut
2821 568 3017 638 aliquid
3038 569 3216 624 minus
3233 569 3424 624 habent
3446 569 3586 639 quod

2008 660 2075 714 ad
2102 660 2387 714 humanam
2418 669 2624 715 eertum
2650 669 2733 715 est
2758 661 3027 731 pertinere
3047 671 3307 722 naturam.
3331 663 3445 719 sive
3465 660 3582 716 καὶ·

2009 766 2149 803 mam
2196 750 2310 804 sive
2346 749 2399 804 in
2437 751 2549 819 ipsa
2591 751 2767 804 anima
2813 762 3046 807 mentem
3088 753 3431 817 rationalem,
3475 754 3589 808 sive

2005 855 2245 905 carnem,
2278 857 2381 896 non
2407 840 2475 896 de
2497 841 2689 898 femina
2709 850 2995 912 sumptam,
3018 842 3119 897 sed
3147 841 3337 897 factam
3361 844 3432 899 de
3457 844 3589 899 Ver-

2011 931 2078 985 bo
2106 931 2159 985 in
2186 946 2401 987 carnem
2420 947 2681 988 converso
2703 943 2865 1002 atque
2889 942 3121 998 mutato;
3153 949 3272 1003 qua:
3289 935 3468 989 omnia
3486 936 3587 990 tria

2005 1021 2139 1087 falsa
2164 1032 2219 1078 et
2235 1038 2389 1092 vana,
2414 1024 2782 1081 haereticorum
2804 1025 3299 1094 Apollinaristarum
3327 1035 3435 1083 tres
3465 1042 3585 1096 per.

2008 1124 2087 1170 tes
2130 1116 2307 1170 varias
2343 1116 2683 1187 diversasque
2719 1116 2958 1173 fecerunt
2989 1133 3005 1171 :
3035 1116 3129 1172 sed
3165 1117 3393 1172 dicimus
3425 1117 3584 1173 Chriv

2005 1213 2145 1258 stum
2174 1205 2339 1262 Deum
2368 1221 2571 1273 verum,
2599 1216 2779 1261 natum
2808 1206 2875 1261 de
2904 1206 3014 1277 Deo
3040 1207 3197 1263 Patre
3224 1207 3345 1263 sine
3375 1210 3483 1267 ullo
3506 1210 3589 1269 itf-

2006 1293 2100 1347 itio
2124 1296 2405 1365 temporis;
2426 1295 2777 1367 eumdemque
2798 1295 3068 1352 hominem
3090 1312 3296 1363 verum,
3319 1307 3497 1353 natum
3520 1299 3587 1353 de

2007 1384 2221 1441 homine
2260 1395 2433 1442 matre
2473 1397 2617 1442 certa
2662 1374 2985 1456 plenitudine
3010 1388 3295 1457 temporis;
3337 1403 3437 1443 nec
3472 1389 3590 1458 ejus

2006 1474 2412 1542 humanitatem,
2444 1491 2545 1546 qua
2569 1476 2745 1529 minor
2770 1486 2851 1533 est
2875 1476 3031 1532 Patre
3049 1476 3090 1540 ⁸,
3119 1476 3361 1531 minuere
3388 1476 3586 1547 aliquid

2004 1564 2120 1633 ejus
2159 1564 2476 1633 divinitati',
2520 1582 2623 1637 qua
2665 1567 2882 1637 aequalis
2927 1576 3010 1622 est
3050 1567 3215 1622 Patri.
3264 1568 3375 1623 Iloc
3408 1576 3584 1624 autent

2003 1664 2287 1726 utrumque
2317 1672 2454 1712 unus
2480 1667 2562 1712 est
2592 1657 2866 1725 Christus,
2897 1658 2988 1728 qui
3019 1666 3074 1713 et
3100 1659 3391 1714 secundum
3422 1661 3585 1716 Deum

2002 1749 2278 1804 verissime
2301 1749 2453 1814 dixit,
2485 1748 2597 1820 Ego
2623 1758 2669 1803 et
2699 1748 2856 1803 Pater
2900 1766 3059 1804 unum
3100 1767 3272 1806 sumus
3314 1750 3493 1824 (lacn.
3524 1767 3583 1817 ι,

2002 1840 2092 1912 30)
2124 1850 2220 1896 :et
2265 1841 2558 1896 secundum
2600 1841 2867 1896 hominem
2908 1842 3188 1898 verissime
3231 1843 3383 1906 dixit,
3429 1842 3585 1898 Pater

2002 1932 2167 2002 major
2195 1948 2273 1985 me
2300 1940 2373 1986 est
2405 1931 2530 2003 (Id.
2555 1947 2662 1996 xiv,
2688 1913 2820 2000 28)..
2868 1923 3138 2003 Qui-ergo
3178 1932 3318 1988 hunc
3355 1931 3483 1989 fecit
3515 1949 3585 1989 ex

2002 2021 2206 2076 semine
2250 2022 2412 2075 David
2458 2021 2729 2076 hominem
2769 2022 2994 2091 justum,
3022 2023 3111 2092 qui
3149 2037 3415 2092 nunquam
3445 2032 3587 2078 esset

2005 2108 2233 2178 injustus
2260 2110 2377 2165 sine
2403 2110 2510 2163 ullo
2535 2111 2727 2164 merito
2754 2110 3104 2180 princedcntis
3127 2111 3414 2167 voluntatis
3436 2112 3582 2181 ejus;

2005 2199 2118 2267 ipse
2130 2214 2201 2253 ex
2222 2199 2436 2269 injitStis
2456 2200 2582 2254 facit
2594 2199 2786 2270 justos,
2806 2200 2921 2256 sine
2941 2200 3051 2255 ullo
3069 2201 3259 2255 merito
3282 2198 3587 2271 prmceden-

2004 2292 2075 2345 tis
2092 2289 2380 2346 voluntatis
2417 2292 2674 2361 ipsorum,
2717 2300 2772 2347 ut
2808 2291 2901 2348 ille
2933 2303 3108 2363 caput,
3131 2293 3187 2348 hi
3216 2296 3452 2349 membra
3478 2296 3587 2349 sint

2002 2381 2137 2452 ejus.
2178 2382 2279 2451 Qui
2326 2397 2455 2454 ergo
2498 2383 2625 2439 fecit
2663 2384 2812 2440 illum
2857 2384 3147 2452 hominem,
3178 2387 3295 2442 sine
3325 2387 3446 2442 ullis
3466 2388 3584 2458 ejus

1999 2472 2424 2542 praecedentibus
2449 2473 2687 2541 meritis,
2719 2474 2922 2529 nullum
2948 2475 3088 2545 quod
3115 2476 3164 2530 ei
3189 2475 3547 2533 dimitteretur
3564 2521 3581 2544 ,

2000 2562 2083 2618 vel
2121 2563 2327 2636 origine
2366 2563 2596 2631 trahere,
2621 2566 2705 2622 vel
2730 2565 3002 2623 voluntate
3041 2577 3350 2637 perpetrare
3387 2583 3583 2638 pecca-

2002 2661 2144 2720 tum;
2194 2654 2311 2724 ipse
2343 2654 2509 2711 nullis
2551 2670 2737 2712 eorum
2780 2656 3201 2726 praecedentibus
3224 2657 3435 2713 meritis
3462 2658 3587 2714 Βοὴ

1998 2748 2282 2805 credentes
2307 2749 2361 2804 in
2388 2764 2532 2818 eum,
2558 2750 2756 2820 quibus
2792 2749 3023 2806 dimittat
3063 2765 3224 2806 omne
3259 2759 3537 2822 peccatum
3565 2769 3580 2805 :

2001 2839 2093 2912 qui
2117 2839 2245 2898 fecit
2266 2841 2416 2899 illum
2445 2842 2624 2908 tatem,
2644 2849 2705 2897 ut
2723 2857 2993 2914 nunquam
3012 2843 3257 2899 habuerit
3280 2842 3587 2898 habiturus-

2000 2947 2106 3003 que
2135 2932 2209 2988 sit
2229 2933 2555 2991 voluntatem
2608 2934 2835 2999 malam;
2885 2932 2999 3004 ipse
3049 2933 3178 2989 facit
3220 2935 3275 2989 in
3326 2935 3582 2995 membris

2002 3024 2119 3094 ejus
2142 3039 2211 3079 ex
2236 3024 2374 3083 mala
2401 3025 2674 3080 voluntate
2705 3023 2919 3079 bonam.
2964 3025 3033 3080 Et
3070 3025 3221 3083 illam
3253 3038 3382 3096 ergo
3403 3034 3461 3081 et
3480 3041 3582 3083 nos

2006 3113 2427 3185 pmdestinavit;
2465 3115 2587 3185 quia
2612 3122 2668 3170 et
2698 3115 2750 3169 in
2776 3114 2869 3170 illo
2892 3122 2950 3170 ut
2971 3123 3115 3171 esset
3139 3125 3299 3184 caput
3321 3126 3584 3184 nostrum,

2006 3213 2063 3263 et
2099 3205 2153 3260 in
2187 3204 2343 3260 nobis
2379 3214 2438 3263 ιιι
2469 3205 2588 3274 ejus
2609 3218 2804 3274 corpus
2828 3218 3093 3272 essemus,
3121 3220 3229 3262 non
3258 3220 3585 3275 praeessem

2002 3295 2195 3351 merita
2223 3304 2425 3364 nostra,
2451 3295 2733 3366 sedopera
2761 3309 2857 3351 sua
2886 3295 3061 3351 futura
3087 3296 3373 3367 prmscivit.

2076 3384 2166 3442 68.
2209 3384 2309 3453 Qui
2351 3385 2534 3456 legunt
2566 3384 2705 3451 ham,
2733 3386 2778 3440 si
2805 3385 3125 3456 intelligunt,
3152 3395 3310 3455 agant
3334 3384 3448 3441 Deo
3467 3400 3591 3456 gra-

2005 3476 2108 3531 tias
2138 3492 2154 3529 :
2181 3477 2270 3548 qui
2299 3485 2478 3532 autem
2515 3490 2624 3531 non
2656 3476 2976 3546 intelligunt,
3001 3486 3157 3531 orent
3194 3484 3251 3531 nt
3287 3491 3472 3535 eorum
3499 3476 3590 3535 ille

2004 3567 2073 3622 sit
2096 3567 2285 3623 doctor
2310 3568 2535 3623 interior
2557 3607 2575 3633 ,
2600 3581 2631 3620 a
2652 3565 2809 3638 cujus
2833 3565 2973 3623 facie
2996 3575 3081 3625 est
3104 3567 3327 3624 scientia
3350 3575 3407 3624 et
3433 3567 3591 3623 intel-

2008 3659 2176 3715 lectus
2203 3657 2385 3733 (Prov.
2407 3675 2466 3724 tt,
2487 3676 2588 3716 sec.
2610 3658 2800 3729 LXX).
2829 3659 2930 3726 Qui
2948 3673 3280 3717 veroerrare
3303 3674 3389 3721 me
3402 3659 3587 3716 existi-

2008 3761 2177 3821 mant,
2205 3754 2366 3807 etiam
2410 3763 2569 3824 atque
2605 3755 2767 3808 etiam
2807 3754 3090 3824 diligenter
3124 3769 3247 3824 quia:
3280 3761 3409 3810 sunt
3447 3754 3588 3809 dicta

2009 3843 2365 3910 considerent,
2395 3858 2463 3899 ne
2484 3844 2723 3899 fortassis
2751 3844 2852 3912 ipsi
2877 3852 3078 3900 errent.
3124 3844 3237 3914 Ego
3259 3854 3438 3900 autent
3464 3859 3589 3903 olm

2010 3950 2108 4005 per
2135 3947 2230 3991 eos
2262 3934 2350 4004 qui
2382 3947 2529 3989 meos
2554 3933 2766 3988 labores
2788 3933 2992 4003 legunt,
3021 3946 3130 3988 non
3155 3932 3329 3988 solum
3355 3932 3585 4001 doctior,

2011 4039 2196 4079 verum
2239 4024 2401 4079 etiam
2437 4022 2770 4079 emcndatior
2806 4025 2896 4088 lto,
2929 4022 3214 4094 propitium
3253 4021 3386 4079 mihi
3423 4022 3589 4079 Deum

1964 4194 1967 4195 ν
2010 4129 2243 4186 agnosco
2267 4133 2282 4170 :
2308 4124 2365 4171 et
2400 4114 2504 4171 hoc
2545 4131 2641 4187 per
2680 4114 2937 4172 Ecclesia:
2960 4114 3207 4171 doctores
3233 4114 3464 4175 maxime
3489 4129 3588 4173 ex-

2012 4215 2222 4276 specto;
2261 4206 2309 4261 si
2348 4214 2405 4261 et
2442 4205 2496 4260 in
2535 4205 2769 4275 ipsorum
2797 4220 2988 4261 manus
3009 4205 3171 4271 venit,
3198 4205 3591 4278 dignanturque

322 4304 543 4360 homine
569 4311 841 4373 assumpto
869 4301 1193 4372 quaternitas
1219 4297 1358 4353 facta
1382 4307 1498 4366 est,
1540 4295 1636 4352 sed
1675 4296 1907 4352 Trinitas
2013 4310 2174 4353 nosse
2200 4295 2340 4367 quod
2361 4296 2558 4351 scribo.

323 4393 544 4457 mansit,
568 4391 931 4463 assumptione
949 4390 1037 4444 illa
1061 4387 1394 4444 ineﬂ‘abiliter
1414 4386 1644 4443 faciente
1666 4402 1907 4457 personae

1011 4428 1037 4491 ἶ.
1061 4428 1385 4491 ...-.............
1414 4428 1748 4491 ...Ἴωνι-νε
1760 4428 1907 4442 υυ-υυ
2078 4428 2095 4491 ι
2128 4433 2308 4491 ornnes
2325 4433 2457 4491 nan.
2478 4438 2576 4491 res
2594 4437 2751 4491 mor
2767 4432 2840 4477 εει
2861 4431 3020 4477 καθ’·

323 4486 487 4540 nnius
542 4483 595 4537 in
640 4482 750 4537 Deo
788 4490 859 4559 et;
883 4481 1098 4535 homine
1142 4479 1444 4535 veritatem.
1492 4476 1753 4544 Quoniam
1799 4491 1909 4532 non

2075 4489 2098 4520 ι
2129 4484 2821 4548 sicmmiti,'dwvntalem.'
2597 4484 2609 4496 ο
2648 4484 2677 4496 "

1105 4665 1440 4723 Fundanius
1464 4664 1518 4719 in
1532 4663 1644 4727 fine
1670 4664 1790 4720 libri
1818 4663 1886 4720 de
1913 4662 2279 4722 lncaruatione
2299 4674 2353 4722 et
2375 4644 2557 4721 Gratia
2582 4664 2646 4719 D.
2667 4663 2731 4721 Ν.
2760 4663 2811 4720 J.

402 4785 545 4840 Deus
570 4782 664 4852 qui
692 4780 961 4836 hominem
982 4778 1246 4845 condidit,
1274 4780 1388 4847 ipse
1410 4775 1877 4848 pmdestinatione
1894 4789 1988 4830 sua
2009 4784 2065 4830 et
2082 4775 2279 4831 donum
2300 4776 2697 4839 illuminationis
2718 4776 2786 4835 ad
2805 4775 3155 4844 credendum,
3183 4787 3235 4831 et
3255 4777 3453 4834 donum
3477 4794 3596 4849 per,

331 4875 649 4932 sever-antire
677 4872 744 4928 ad
779 4870 1171 4942 proficiendum,
1185 4882 1346 4940 atque
1373 4867 1815 4939 permanendum,
1844 4876 1899 4922 et
1925 4867 2122 4922 donum
2142 4866 2542 4938 gloriﬁcationis
2561 4868 2628 4924 ad
2654 4867 3002 4940 regnandum,
3031 4868 3223 4936 quibus
3249 4869 3381 4927 dare
3410 4871 3591 4935 voluit,
3664 4906 3669 4909 -

328 4966 688 5039 praeparavit:
716 4965 918 5036 quippe
943 4979 1050 5019 non
1072 4962 1231 5019 aliter
1255 4962 1463 5032 perlicit
1489 4962 1546 5019 in
1569 4976 1733 5030 opere
1750 5003 1766 5030 .
1794 4961 2036 5032 quamin
2062 4975 2161 5017 sua
2186 4961 2505 5031 sempiterna
2530 4970 2699 5031 atque
2716 4959 3137 5016 incommutabiti
3174 4960 3336 5019 habet
3373 4963 3601 5032 disposi-

329 5066 446 5111 tum
476 5056 762 5111 voluntate.
798 5053 964 5122 Cujus
986 5051 1464 5122 praedestinationis
1488 5052 1785 5115 veritatem,
1810 5066 1917 5122 qna
1938 5065 2038 5109 nos
2058 5060 2186 5107 ante
2206 5051 2389 5109 mundi
2416 5051 2847 5109 constitutionem
2874 5050 3277 5120 mdestinatos
3304 5054 3357 5109 in
3381 5053 3597 5112 ain-isto

322 5158 557 5206 testator
581 5147 886 5218 Apostoips,
914 5148 961 5201 si
983 5145 1103 5216 quis
1125 5144 1386 5200 detrectat
1408 5144 1585 5201 cordis
1608 5145 1923 5202 credulitate
1943 5144 2185 5214 recipere
2204 5182 2221 5211 ,
2255 5145 2338 5200 vel
2362 5146 2470 5200 oris
2493 5144 2827 5201 confessione
2852 5143 3110 5214 prolem,
3136 5147 3181 5201 si
3205 5155 3331 5204 ante
3354 5148 3595 5208 ultinmm

327 5241 477 5296 diem
502 5239 623 5294 vita:
650 5236 933 5310 praesentis
954 5276 974 5304 ,
1001 5235 1288 5305 impietatis
1312 5249 1425 5290 sum
1446 5234 1857 5302 contumaciam,
1881 5250 1986 5305 qna
2012 5234 2126 5292 Deo
2149 5237 2271 5291 vivo
2297 5244 2353 5292 et
2372 5250 2503 5292 vero
2527 5235 2743 5293 rebellis
2770 5236 2997 5303 obsistit,
3020 5253 3126 5296 non
3153 5239 3435 5309 abiecerit;
3482 5248 3599 5294 ma-

329 5332 585 5386 nifestum
628 5340 710 5385 est
743 5344 866 5384 eum
900 5334 1010 5382 'non
1043 5327 1311 5397 pertinere
1332 5325 1399 5381 ad
1428 5340 1613 5381 eorum
1644 5341 1945 5387 numerum,
1977 5341 2111 5396 quos
2141 5327 2282 5381 Deus
2306 5326 2361 5381 in
2386 5326 2597 5382 Christo
2621 5335 2744 5382 ante
2765 5327 2945 5382 mundi
2971 5329 3399 5384 constitutionem
3435 5330 3598 5398 gratis

327 5426 497 5493 elegit
531 5432 587 5478 et
631 5421 1031 5493 praedestinavit
1067 5419 1136 5475 ad
1176 5434 1416 5489 regnum.
1468 5418 1572 5474 Pro
1606 5418 1798 5488 quibus
1846 5429 2023 5475 tamen
2066 5433 2167 5477 nec
2202 5419 2377 5473 oratio
2414 5416 2650 5474 ﬁdelium
2692 5418 2853 5475 debet
2896 5419 3180 5487 desistere,
3224 5433 3325 5474 nec
3364 5418 3600 5475 σικύαις

326 5516 616 5584 aliquando
654 5525 905 5584 torpere;
956 5522 1015 5569 ut
1057 5512 1216 5575 Dens.
1248 5512 1327 5565 eis
1362 5511 1586 5581 gratiam
1627 5524 1740 5567 stne
1778 5509 2181 5566 illuminationis
2216 5509 2401 5576 donet,
2450 5525 2548 5580 per
2588 5525 2747 5579 quam
2785 5510 2838 5564 in
2886 5511 3016 5581 ipsis
3051 5523 3234 5563 semen
3270 5506 3435 5562 divini
3482 5522 3605 5565 ser-

333 5610 512 5665 monis
540 5607 840 5674 fructiﬁcet,
868 5606 964 5677 qui
990 5605 1186 5663 frustra
1213 5602 1566 5663 exterioribus
1589 5601 1809 5659 auribus
1835 5610 2009 5669 sonat,
2033 5601 2136 5658 nisi
2164 5602 2304 5659 Deus
2330 5601 2589 5674 spirituali
2617 5617 2839 5658 munere
2860 5602 3097 5657 auditum
3120 5597 3353 5654 hominis
3375 5592 3598 5660 interio-

329 5699 412 5756 ris
437 5699 657 5770 aperiat.

590 5780 861 5841 Parnon.
898 5754 1086 5841 XLV.
2728 5782 3231 5863 {Tranio-troia)
