4010 6186
442 289 574 344 1035
1447 289 1816 347 ADMONITIO
1855 290 1921 347 ΙΝ
1959 291 2146 351 OPUS‘
2174 292 2656 352 IMPERFECTUM
3575 300 3712 357 1036

608 404 678 458 Ex
707 403 897 459 eodem
926 404 1202 476 Fulgeniio
1225 404 1496 460 Ansuxus
1525 406 1663 476 Papa
1694 406 1733 471 l,
1761 407 1813 461 in
1841 407 2080 476 Epistula
2108 407 2173 463 ad
2197 407 2422 479 Egilam,
2445 421 2500 465 et
2523 411 2576 465 in
2599 410 2832 481 Epistula
2861 411 2926 466 ad
2955 413 3236 484 episcopos
3261 413 3546 485 Hispanias.

508 519 680 588 Opera
712 519 1086 573 misericordiae
1122 533 1184 572 ac
1217 518 1435 587 justitize
1467 522 1782 591 pra'paravit
1813 522 1951 576 Deus
1983 522 2034 575 in
2061 522 2360 577 :eternitate
2384 522 2930 600 incognmutabilitatis
2954 540 3099 589 sum;
3143 536 3199 580 et
3235 528 3374 582 sicut
3412 527 3711 585 futurorum

437 624 659 677 operum
681 624 895 663 suorum
923 623 1190 679 nunquam
1225 608 1320 664 fuit
1347 609 1580 680 ignarus,
1608 611 1686 665 sic
1712 612 1762 666 in
1788 612 2101 667 earumdem
2125 628 2344 682 operum
2379 615 2764 685 praeparatione
2803 631 3072 685 nunquam
3113 617 3456 688 improvidus.
3503 618 3715 687 Praepa-

440 702 574 754 ravit
593 716 720 769 ergo
743 701 1098 770 jnstilicundis
1120 701 1422 758 hominibus
1437 705 1647 767 merita,
1673 706 1991 775 prmparavit
2018 707 2202 762 iisdem
2230 708 2590 777 gloriﬁcandis
2614 719 2668 764 et
2694 711 2932 778 prtemia.
2961 712 3112 766 Malis
3131 727 3260 768 vero
3277 729 3380 769 non
3400 716 3716 784 prmparavit

442 792 740 846 voluntates
769 793 954 858 malas,
985 802 1078 846 aut
1100 808 1261 862 opera
1293 795 1452 858 mala,
1479 795 1574 850 sed
1606 797 1921 866 praeparavit
1945 797 2024 851 eis
2044 797 2186 867 justa
2217 808 2270 854 et
2295 808 2493 854 aeterna
2523 801 2800 870 supplicia.
2826 801 2952 856 [Lee
2977 813 3060 857 est
3084 813 3284 860 aeterna
3317 806 3715 874 prmdestinatio

439 879 733 934 futurorum
778 895 998 950 operum
1045 882 1162 949 Dei,
1209 899 1366 953 quam
1418 884 1557 938 sicut
1601 887 1754 940 nobis
1802 888 2092 958 apostolica
2139 888 2378 944 doctrina
2429 905 2643 960 semper
2689 891 2943 947 insinuari
2990 896 3379 964 cognoscimus,
3429 900 3506 952 sic
3553 899 3716 954 etiam

440 972 757 1027 liducialiter
807 973 1196 1044 praedicamus,
1248 985 1354 1030 etc.
1405 976 1672 1031 Tenentur
1721 993 1850 1048 ergo
1894 979 2378 1048 praedestinationis
2419 982 2614 1036 veritas
2661 997 2690 1034 a
2737 981 2984 1037 ﬁdelibus
3031 986 3238 1040 cunctis
3267 1005 3280 1040 :
3313 989 3432 1058 quia
3477 989 3716 1058 quisquis

437 1064 673 1117 divinum
710 1079 813 1118 non
843 1065 1014 1120 credit
1048 1066 1100 1120 in
1141 1065 1239 1120 hac
1283 1066 1752 1136 prtedestinatione
1786 1069 2087 1137 consilium,
2113 1086 2217 1126 non
2247 1073 2518 1141 perveniet
2553 1072 2619 1127 ad
2653 1073 2941 1144 gloriosum
2967 1074 3206 1145 ejusdem
3236 1079 3717 1148 prmdestinationis

438 1154 710 1209 eﬂ‘cctum.

485 1277 488 1279 .
1465 1278 2453 1291 .__._.___________
2474 1282 2700 1292 ..____
3163 1286 3598 1296 ________.--

457 1274 3710 1335 Em
1891 1321 2711 1332 ____._____._

2310 1399 2338 1429 Γ

1593 1391 2603 1638 Ἢὲἇξὲὲέξξζξξξο
2671 1499 2680 1508 ·

1155 1705 1460 1750 CONTRA
1530 1706 1939 1755 SECUNDAM
2003 1713 2310 1757 JULIANI
2393 1713 2999 1760 IESPONSIONEH.

1886 1821 2255 1879 maca-se

510 1933 864 1988 ‘Pervenimus
894 1933 1106 1989 tandem
1131 1934 1196 1988 ad
1227 1935 1466 1990 ultimum
1498 1937 1772 2008 Augustini
1804 1953 1958 2008 Opus,
1993 1940 2044 1994 in
2069 1955 2174 2010 quo
2201 1941 2387 1996 beatus
2411 1943 2596 2012 gratiae
2619 1942 2812 1998 Christi
2844 1943 3054 2012 vindex,
3085 1945 3472 2002 dumb-.eretici
3501 1947 3704 2003 Iuliani

430 2043 566 2081 eum
592 2028 766 2082 denuo
793 2027 1151 2098 aggredientis
1192 2028 1445 2098 impetum
1476 2032 1812 2100 comprimit,
1859 2033 2096 2086 nondum
2123 2033 2370 2088 absoluto
2403 2035 2592 2092 eodem
2619 2051 2812 2105 apere,
2840 2047 3013 2092 morte
3043 2047 3348 2106 occupatur,
3380 2049 3434 2094 et
3469 2056 3501 2095 e
3527 2040 3710 2095 medio

438 2118 738 2192 certamine
763 2118 828 2171 ad
851 2117 1256 2188 percipiendam
1284 2133 1536 2173 coronam
1567 2130 1785 2176 vocatur
1813 2123 1864 2176 in
1893 2122 2111 2177 cmlum.
2146 2123 2343 2178 Verum
2377 2134 2662 2196 antequam
2703 2137 2899 2183 nostra:
2940 2128 2992 2183 in
3033 2129 3083 2183 id
3109 2129 3288 2199 operis
3314 2130 3716 2186 observationes

431 2218 830 2280 proponantur,
861 2208 997 2264 haud
1021 2209 1124 2264 abs
1151 2224 1210 2263 re
1251 2208 1439 2275 fuerit,
1477 2211 1642 2281 ipsius
1675 2212 1904 2278 .Iuliani,
1945 2215 2152 2284 patroni
2186 2215 2482 2286 Pelagiana:
2514 2219 2782 2274 haereseos
2821 2229 3015 2290 praeter
3048 2230 3272 2277 caeteros
3308 2223 3544 2278 ardentis
3565 2232 3618 2278 et
3641 2225 3719 2278 l'a-

441 2302 612 2368 mosi,
657 2310 816 2371 atque
852 2301 988 2356 inter
1014 2300 1290 2372 Augustini
1319 2301 1654 2360 adversarios
1688 2305 2090 2361 insolentissimi
2114 2347 2130 2373 ,
2168 2322 2336 2378 genus
2374 2318 2429 2364 et
2463 2325 2647 2366 mores
2685 2310 2902 2376 dicere,
2946 2311 3188 2383 factaque
3228 2329 3326 2369 seu
3368 2316 3563 2384 scripta
3600 2315 3720 2385 ejus

442 2407 748 2448 recensere.

1533 2489 1620 2543 DE
1656 2489 1942 2548 JULIANO
1982 2492 2070 2548 ET
2108 2493 2272 2550 EJUS
2309 2492 2628 2551 SCRIPTIS.

519 2601 759 2657 Julianus
782 2614 912 2670 ergo
931 2599 1166 2656 hiemare
1192 2615 1256 2658 ac
1279 2601 1510 2671 Iuliana,
1538 2613 1761 2675 utroque
1786 2615 2006 2676 parente
2030 2607 2099 2662 ab
2118 2607 2367 2677 opinione
2390 2609 2600 2679 pietatis
2626 2610 2791 2675 claro,
2821 2619 3108 2680 prognatus
3135 2619 3234 2664 est.
3261 2610 3547 2665 Memorem
3576 2621 3722 2668 certe

451 2693 651 2749 Marius
679 2693 939 2749 Mercator
963 2693 1016 2749 in
1045 2694 1462 2752 Commonitorio
1495 2697 1926 2754 subnotationum
1951 2701 2008 2754 in
2046 2700 2241 2769 scripta
2267 2699 2462 2756 Juliani
2481 2743 2497 2768 ,
2535 2719 2554 2754 ι
2579 2711 2774 2756 sancta:
2801 2717 2863 2755 ac
2892 2702 3060 2756 heatze
3097 2703 3481 2756 recordationis
3508 2703 3690 2772 episcu
3708 2731 3722 2743 -

443 2801 622 2854 Tum,
652 2803 673 2838 ι
716 2783 981 2840 Julianam
1022 2795 1199 2840 autem
1234 2787 1484 2842 Memoris
1511 2789 1821 2860 conjugem,
1867 2809 1887 2842 ε
1918 2792 2221 2861 primariam
2261 2793 2508 2847 feminam
2537 2811 2558 2846 ι
2593 2802 2777 2859 vocat,
2825 2811 2843 2843 α
2871 2809 2973 2863 qua
3006 2793 3167 2859 nihil,
3198 2812 3218 2846 ι
3263 2795 3368 2860 ait,
3406 2794 3724 2850 «honestius

446 2877 592 2932 inter
613 2876 1073 2954 reverentissimas
1114 2887 1386 2934 matronas
1414 2879 1691 2936 invenias:
1722 2899 1741 2934 ι
1773 2891 1933 2951 atque
1956 2897 2084 2937 mox
2109 2882 2177 2939 de
2200 2883 2432 2938 Memore
2457 2884 2614 2938 simul
2641 2899 2704 2938 ac
2737 2884 2942 2938 .luliana
2970 2885 3220 2952 loquens,
3254 2903 3272 2936 ι
3300 2885 3391 2954 qui
3419 2894 3661 2949 sanctos,
3700 2904 3719 2936 ο

449 2968 652 3038 inquit,
687 2985 706 3018 ε
728 2951 944 3022 illorum
967 2967 1245 3022 hominum
1275 2983 1474 3036 mores,
1506 2980 1745 3027 sanctam
1775 2973 1970 3038 vitam,
2001 2973 2406 3046 institutumque
2435 2975 2678 3030 noverint
2712 2993 2730 3027 ι
2759 2975 2967 3045 (Infra,
3000 2951 3233 3046 Append.
3273 2951 3416 3046 parte
3439 2974 3532 3047 2).
3563 2975 3716 3029 Illum

449 3061 630 3132 ipsum
654 3060 851 3116 'Juliani
887 3069 1092 3131 patrem
1127 3062 1286 3116 etiam
1326 3061 1600 3119 nobilitate
1625 3064 1837 3136 generis
1875 3067 2222 3135 conspicuum
2254 3065 2447 3132 fuisse,
2491 3066 2847 3139 Hieronymus
2880 3067 3181 3137 Vignierius
3219 3068 3270 3121 in
3302 3066 3620 3122 Prml'atiune
3657 3067 3723 3121 ad

450 3155 817 3228 imperfectum
843 3157 988 3225 Opus
1016 3156 1325 3225 Augustini,
1358 3171 1425 3212 ex
1454 3157 1648 3213 inedita
1693 3160 1920 3230 quadam
1952 3158 2210 3230 F'tlgentii
2251 3161 2539 3231 scriptione
2566 3162 2758 3230 prodit.
2786 3159 2916 3215 Inde
2954 3176 3083 3214 vero
3114 3176 3216 3214 non
3249 3161 3422 3215 minus
3448 3175 3728 3215 commen-

450 3249 660 3306 dandus
687 3249 827 3304 idem
860 3247 1084 3314 Hemor,
1114 3248 1254 3318 quod
1285 3251 1582 3320 Augustino
1611 3250 1842 3305 amicitia
1871 3259 1925 3306 et
1953 3251 2252 3306 litterarum
2278 3251 2456 3306 officio
2481 3251 2796 3320 conjunctus
2826 3251 2984 3306 fuerit
3009 3269 3022 3304 :
3051 3249 3118 3306 de
3142 3267 3248 3321 quo
3281 3260 3498 3305 sanctus
3528 3251 3728 3306 Doctor

451 3349 506 3402 in
533 3346 668 3402 libro
697 3346 868 3415 primo
895 3352 1084 3399 contra
1111 3343 1377 3399 lulianum
1396 3382 1414 3411 ,
1458 3363 1478 3398 ι
1507 3346 1620 3416 Ego
1647 3355 1794 3401 certe
1821 3345 1991 3400 beata:
2017 3345 2294 3401 memoria:
2337 3344 2588 3400 Memoris
2630 3345 2792 3416 patris
2823 3344 2895 3398 tui
2925 3359 3030 3398 non
3073 3344 3373 3410 immemor,
3405 3345 3494 3414 qui
3520 3358 3728 3398 mecum

443 3454 559 3494 non
589 3452 810 3508 parvam
841 3436 1032 3490 inierat
1058 3435 1346 3491 amicitiam
1370 3436 1636 3507 colloquio
1666 3437 1982 3502 litterarum,
2015 3447 2173 3507 teque
2202 3437 2373 3507 ipsum
2400 3436 2530 3491 mihi
2556 3435 2929 3491 charissimam
2962 3434 3162 3490 fecerat
3185 3453 3204 3487 ι
3231 3435 3447 3507 (Supra,
3465 3433 3733 3490 ωηεν-..Ια-

451 3530 601 3593 liam,
634 3529 720 3582 lib.
751 3529 804 3592 1,
834 3545 888 3582 u.
918 3525 1030 3599 12).
1082 3527 1268 3582 Exstat
1291 3528 1450 3582 etiam
1490 3543 1632 3584 nunc
1669 3529 1865 3599 scripta
1895 3529 2114 3584 Memori
2137 3529 2380 3599 epistola,
2409 3529 2551 3583 inter
2574 3527 2984 3598 Augustinianas
3005 3526 3197 3582 ordine
3218 3529 3508 3584 centesima
3538 3528 3728 3597 prima.

448 3620 739 3677 Memorem
772 3618 1028 3690 Ugbellus
1048 3619 1312 3688 Capuanis
1337 3619 1624 3691 episcOpis,
1654 3621 2058 3692 haudquaquam
2086 3629 2261 3683 tamen
2290 3620 2398 3674 ulla
2425 3621 2614 3675 idonea
2641 3620 2955 3675 auctoritate
2983 3619 3168 3683 fretus,
3199 3619 3457 3691 adjungit,
3484 3621 3728 3690 proximo

452 3720 575 3784 post
601 3711 936 3767 Vincentium
964 3711 1104 3778 loco,
1139 3711 1231 3782 qui
1259 3711 1571 3768 Vincentius
1601 3728 1666 3768 ex
1691 3713 1965 3768 Athanasii
1997 3713 2216 3768 historia
2241 3711 2567 3784 percelebris
2591 3721 2693 3776 est,
2721 3727 2842 3766 eum
2871 3726 3181 3766 recensens.

523 3802 690 3860 Natus
713 3811 798 3859 est
823 3802 1063 3858 Julianus
1089 3803 1141 3857 in
1172 3803 1360 3873 Apulia
1381 3845 1397 3870 ,
1428 3813 1562 3861 teste
1588 3805 1882 3876 Augustino
1912 3803 2108 3877 (Infra,
2142 3805 2326 3876 Operis
2351 3806 2556 3876 imperf.
2587 3803 2675 3858 lib.
2703 3803 2757 3870 6,
2787 3821 2902 3875 cap.
2935 3802 3060 3876 18);
3092 3803 3312 3858 forsitan
3345 3803 3599 3868 Eculani,
3632 3818 3727 3858 seu

448 3898 675 3962 Eclani;
705 3899 750 3952 si
776 3907 953 3952 tamen
977 3897 1107 3953 urbs
1136 3898 1243 3964 illa,
1272 3899 1380 3969 jam
1408 3899 1530 3954 inde
1555 3914 1585 3954 a
1618 3899 1868 3954 trecentis
1893 3899 2050 3954 annis
2077 3895 2380 3968 Campaniae
2411 3897 2615 3952 inclusa
2646 3897 2858 3963 iinibus,
2891 3896 2992 3950 hoc
3021 3895 3236 3950 nomine
3262 3894 3534 3950 Iocabatur
3553 3895 3729 3950 adhuc

454 3991 508 4046 in
539 3990 760 4062 Apulia,
789 3989 929 4060 quod
959 3990 1086 4044 olim
1116 3990 1254 4046 inter
1279 3991 1484 4063 Apulia:
1509 3991 1672 4046 urbes
1701 3999 1976 4045 numerata
2011 3989 2216 4044 luisset.
2246 3989 2446 4044 Memor
2481 3989 2595 4058 ejus
2627 3998 2796 4058 pater,
2825 4003 2924 4058 qua
2951 3999 3063 4043 erat
3091 3987 3289 4058 pietate
3310 4029 3324 4051 ,
3355 3985 3518 4040 lilium
3546 3986 3614 4041 ad
3641 4003 3732 4042 ce-

455 4085 672 4140 elesiam
701 4099 858 4153 quam
888 4084 1114 4153 primum
1157 4084 1278 4138 tulit
1299 4124 1312 4145 ,
1340 4084 1494 4152 eique
1519 4083 1694 4136 adhuc
1718 4082 1904 4136 infanti
1940 4082 2196 4153 Baptismi
2235 4082 2460 4152 gratiam
2491 4080 2604 4135 dari
2635 4081 2803 4135 voluit
2829 4080 3026 4150 (Supra
3067 4089 3245 4134 contra
3267 4076 3469 4132 Julian.
3491 4120 3506 4146 ,
3549 4079 3638 4134 lib.
3673 4081 3726 4141 l,

457 4197 512 4233 η.
530 4179 803 4249 14;ἱη[να,
835 4175 1015 4246 Operi:
1042 4177 1250 4245 imperf.
1277 4175 1364 4229 lib.
1387 4174 1443 4239 2,
1467 4190 1582 4242 cap.
1611 4176 1691 4242 2),
1717 4191 1736 4225 ι
1762 4174 2005 4229 nesciens
2027 4175 2196 4230 eidem
2219 4174 2401 4244 gratia:
2428 4188 2586 4243 quam
2617 4181 2761 4228 esset
2785 4172 2993 4228 futurus
3010 4173 3246 4241 ingratus
3269 4190 3287 4224 ι
3311 4171 3531 4240 (Supra,
3553 4182 3729 4225 contra

457 4268 684 4334 Iuliam,
717 4268 881 4334 lib.6,
913 4284 966 4322 η.
994 4268 1108 4336 l7).
1160 4267 1293 4321 Huic
1334 4265 1574 4320 attribuit
1618 4265 1924 4321 Gennadius
1970 4267 2238 4337 ingenium
2269 4281 2428 4334 acre,
2475 4281 2718 4336 magnam
2745 4281 3015 4320 sacrarum
3048 4263 3441 4336 Seripturarum
3471 4265 3729 4336 cognitiu-

458 4380 613 4432 nem,
645 4373 859 4435 tamque
890 4361 1233 4432 multiplicem
1259 4360 1608 4415 eruditionem
1641 4359 1938 4414 litterarum
1967 4374 2262 4430 grzecarum
2298 4369 2352 4414 et
2383 4360 2690 4424 latinarum,
2722 4367 2780 4414 ut
2803 4358 3064 4420 Julianus,
3092 4360 3398 4428 priusquam
3430 4357 3728 4427 Pelagian:e

458 4457 679 4511 haeresis
705 4456 758 4510 in
789 4470 854 4511 eo
882 4453 1374 4525 deprehenderetur
1409 4451 1675 4522 impietas,
1707 4452 1919 4507 celebre
1945 4451 2042 4506 sibi
2071 4467 2265 4507 nomen
2299 4451 2438 4506 inter
2465 4451 2721 4507 Ecclesia:
2749 4452 2998 4506 doctores
3027 4452 3349 4521 compararit
3375 4449 3550 4521 (Infra
3569 4491 3584 4516 ,
3617 4449 3727 4518 Ap-

449 4548 611 4619 .pend.
641 4554 784 4616 parte
809 4545 888 4618 ἓ).
920 4544 1200 4602 Mercatori
1228 4555 1403 4600 tamen
1432 4543 1573 4598 haud
1605 4543 1797 4613 injuria
1831 4542 2045 4606 dicitur,
2079 4559 2098 4594 ‹
2128 4541 2340 4596 horrida
2369 4542 2708 4613 loquacitate,
2744 4563 2762 4595 ›
2794 4558 2914 4597 cum
2943 4543 3202 4597 adversus
3233 4543 3587 4611 Augustinum
3615 4541 3726 4596 dis-

453 4647 680 4705 sereret,
717 4655 737 4690 ε
766 4645 1046 4706 evagatus,
1076 4636 1333 4692 disertum
1363 4651 1421 4691 se
1447 4636 1616 4706 magis
1653 4644 1921 4690 ostentare
1949 4641 2004 4690 el
2027 4634 2250 4688 sciolum
2279 4635 2464 4690 volens
2505 4654 2524 4686 ο
2560 4633 2772 4707 (Ibid).
2798 4635 2974 4705 lpsum
3010 4635 3168 4689 etiam
3192 4651 3218 4687 a
3250 4635 3513 4704 Prospero
3545 4647 3732 4704 putant

460 4731 796 4801 designatum
828 4726 995 4782 fuisse
1020 4727 1122 4781 hoc
1149 4727 1435 4793 versiculo,
1468 4727 1556 4796 qui
1587 4726 1742 4780 simul
1772 4734 1826 4781 et
1853 4727 1970 4794 ejus
1993 4724 2327 4795 episcopatus
2351 4724 2528 4778 locum
2547 4766 2562 4789 ,
2599 4735 2653 4780 et
2678 4724 2945 4780 scribendi
2971 4723 3340 4778 characterem
3371 4737 3433 4778 ac
3459 4723 3729 4792 ingenium

453 4823 660 4880 referre
685 4832 844 4892 atque
873 4821 1094 4874 innuere
1117 4818 1366 4874 videtur:

1188 4917 1277 4960 aut
1299 4910 1411 4959 huic
1428 4915 1662 4973 Campam
1684 4910 1905 4974 gramine
1925 4907 2070 4959 corda
2101 4914 2308 4959 tumeat.

443 5001 626 5068 ‘Quem
649 5013 860 5054 rursum
899 4996 1129 5066 Prosper
1173 4996 1230 5050 in
1256 4994 1523 5050 Chronico
1567 4994 2009 5064 jactantissimum
2054 4991 2318 5062 Pelagiani
2358 4993 2558 5046 erroris
2599 5001 2921 5046 assertorem
2965 4989 3197 5059 appellat
3250 4986 3464 5058 (Ibid).
3502 4987 3734 5044 Sanctus

457 5107 669 5162 quoque
693 5091 1020 5161 Augustinus
1045 5089 1216 5158 ipsum
1250 5087 1443 5142 merito
1469 5087 1587 5155 jure
1629 5085 2138 5154 nominatjuvenem
2183 5083 2725 5139 conlidentisssimnm
2753 5084 2972 5154 (Supra,
2999 5089 3175 5134 contra
3213 5079 3503 5144 lulianum,
3543 5082 3630 5134 lib.
3665 5081 3728 5143 2,

454 5204 515 5242 rt.
542 5184 659 5254 30);
686 5192 844 5253 atque
886 5197 1006 5236 eum
1037 5181 1234 5250 lingua,
1265 5194 1426 5250 quam
1465 5187 1646 5232 mente
1673 5178 1842 5247 magis
1859 5177 2091 5231 valuisse
2117 5175 2308 5230 asserit
2345 5174 2541 5245 (Infra,
2568 5175 2749 5246 Operis
2777 5174 2994 5244 lmperf.
3028 5172 3116 5226 lib.
3145 5173 3202 5238 3,
3226 5189 3340 5243 cap.
3377 5172 3468 5242 52)
3497 5189 3510 5225 :
3551 5187 3582 5227 a
3622 5187 3734 5242 quo

456 5286 514 5334 et
540 5275 752 5338 dicitur,
779 5291 799 5326 ι
831 5273 884 5327 in
915 5272 1270 5341 disputatione
1320 5269 1744 5341 loquacissimus,
1801 5269 1852 5322 in
1911 5269 2256 5324 conuentione
2301 5267 2834 5333 calumniosissimus,
2859 5267 2914 5320 in
2946 5263 3280 5335 professione
3307 5265 3677 5320 fallacissimus
3709 5283 3728 5315 ι

453 5369 624 5443 (Ibid.
652 5368 740 5422 lib.
771 5367 825 5427 4,
847 5381 963 5434 cap.
985 5364 1100 5430 se).

531 5461 664 5515 Cum
691 5467 849 5513 aetate
866 5455 972 5525 jam
999 5454 1176 5509 adulta
1201 5461 1364 5518 esset,
1395 5453 1442 5508 ei
1474 5462 1625 5523 pater
1647 5467 1866 5506 uxorem
1891 5451 2072 5517 dedit;
2122 5459 2451 5521 testaturque
2481 5450 2722 5521 pluribus
2748 5450 2879 5507 locis
2910 5450 3234 5521 Augustinus
3278 5450 3426 5505 illum
3465 5447 3732 5517 coniugali

461 5548 674 5604 vinculo
699 5547 860 5603 luisse
886 5543 1197 5600 adstrictum
1225 5542 1444 5612 (Supra,
1467 5551 1640 5596 contra
1660 5540 1956 5606 lulianum,
2007 5541 2096 5596 lib.
2125 5541 2181 5605 5,
2205 5558 2294 5596 nn.
2315 5541 2408 5606 28,
2437 5541 2526 5608 ιϐ,
2550 5541 2784 5612 passim).
2825 5541 3119 5597 Fatendum
3146 5551 3230 5596 est
3258 5550 3424 5605 certe,
3462 5553 3582 5593 cum
3615 5537 3734 5607 ejus

414 5673 419 5678 .
461 5635 658 5689 familia
689 5633 1132 5693 necessitudinem
1167 5631 1385 5688 Paulino
1417 5633 1668 5701 episcopo
1689 5631 1903 5685 Nolensi
1932 5632 2298 5687 intercessisse
2345 5633 2501 5702 longe
2526 5632 2914 5697 arctissimam;
2945 5631 3374 5703 quandoquidem
3428 5631 3513 5684 hic
3561 5645 3621 5684 se
3653 5630 3736 5682 in.

455 5727 685 5792 dignum
719 5726 935 5780 minime
965 5722 1185 5794 putavit,
1217 5721 1428 5793 nuptias
1455 5723 1595 5777 Illius
1626 5723 1711 5792 pio
1740 5722 2099 5794 epithalamio,
2129 5721 2266 5794 quod
2298 5723 2436 5777 inter
2473 5723 2636 5793 ipsius
2687 5739 2848 5796 opera
2878 5724 3138 5794 hodieque
3184 5723 3398 5792 legitur,
3431 5721 3731 5778 celebrare.
