4008 6178
372 302 508 359 11137
1222 303 1487 360 CONTRA
1528 301 1890 358 SECUND.\.\l
1927 301 2191 359 JULIANI
2232 301 2771 358 llESPONSlONEM.
3500 304 3638 360 1058

368 417 421 469 lu
451 418 552 470 hoc
578 417 668 471 ille
697 425 808 471 tum
834 417 1118 483 Julianum,
1148 432 1304 487 quem
1331 433 1550 486 puerum
1567 416 1738 469 adhuc
1760 425 1931 479 vocat,
1957 427 2066 469 tum
2085 415 2200 470 Jam
2229 430 2446 469 uxorem
2470 415 2581 484 ejus
2604 414 2865 479 hortatur,
2893 414 3106 485 dignam
3127 412 3417 484 episcopali
3467 414 3628 468 domo

363 506 682 560 modestiam
708 516 763 560 et
793 508 846 560 in
873 508 1171 575 nuptiarum
1200 507 1558 571 Solemuitate,
1582 517 1634 560 et
1657 507 1709 559 iu
1735 516 1844 560 toto
1867 507 1986 560 vita:
2003 505 2268 560 curriculo
2286 515 2606 560 conservent
2634 551 2646 562 .
2671 506 2798 576 quin
2821 507 2980 558 etiam
3006 506 3132 570 illis,
3160 504 3234 558 uti
3275 505 3632 575 virginitatem

363 597 544 650 colant
571 605 899 667 perpetuam,
941 598 1510 666 precatur..Poematis
1555 598 1605 651 iu
1661 597 1812 653 libris
1837 597 2153 667 quibusdam
2197 597 2378 652 editisv
2400 597 2581 650 titulus
2617 608 2740 652 est:
2783 617 2801 649 ι
2831 598 3240 665 Epithalamium
3269 598 3319 651 in
3360 597 3628 660 Julianum

360 684 600 754 episcOpi
628 685 874 740 Memoris
908 687 1094 754 lilium,
1121 697 1174 741 et
1202 687 1319 742 Jam
1345 687 1693 741 clarissimam
1726 685 1978 741 feminam
2021 703 2239 741 uxorem
2269 687 2403 756 ejus.
2441 707 2458 739 ›
2488 687 2621 741 lanc
2649 688 2948 758 Vignierius
2988 688 3179 743 Juliani
3223 703 3446 744 uxorem
3487 691 3630 743 anti-

359 792 463 843 qua
486 786 540 831 et
568 776 830 831 consulari
862 777 1137 832 nobilitate
1161 779 1492 848 splendidam
1517 777 1678 833 fuisse
1694 779 2001 844 contendit;
2026 788 2185 849 atque
2216 779 2281 833 ad
2306 779 2545 833 eamdem
2586 779 2702 834 Jam
2729 780 2894 835 refert
2916 781 3040 835 illud
3068 797 3131 835 ex
3164 781 3362 836 iuedilo
3405 783 3635 850 quodam

360 862 628 934 Fulgentii
657 879 817 934 opere
838 868 1241 941 testimonium:
1277 886 1296 920 ί
1329 867 1438 922 Nec
1465 869 1536 922 illi
1575 867 1874 923 sufficiebat
1911 877 2144 938 paternae
2202 869 2490 934 nobilitati,
2541 869 2880 925 ιΕιιιὶιίοιοιιιῐι
2927 871 3094 926 fasces
3135 873 3470 938 admovisse,
3502 888 3638 941 quos

361 952 554 1008 haeresi
577 938 843 1024 degenere
873 955 1097 1025 turpiter
1121 958 1427 1012 maculavit.
1467 977 1484 1009 ι
1517 957 1756 1012 Interfuit
1794 974 1984 1027 reapse
2031 959 2229 1029 nuptiis
2267 959 2549 1029 episcopus
2587 961 2798 1030 quidam
2851 963 3066 1017 nomine
3095 961 3346 1018 Emilius
3370 981 3384 1017 :
3407 974 3464 1017 at
3515 979 3636 1018 eum

357 1042 436 1096 λιιι
467 1053 697 1114 patrem,
727 1045 1200 1117 quod'Vignierius
1253 1049 1456 1118 primus
1481 1049 1728 1113 asseruit,
1753 1049 2004 1103 Paulinus
2041 1067 2147 1104 non
2177 1049 2306 1105 dicit
2343 1051 2646 1117 exstitisse;
2687 1064 2848 1123 atque
2877 1054 2978 1108 hoc
3008 1055 3124 1123 ipso
3157 1055 3300 1125 quod
3339 1069 3444 1108 non
3487 1055 3638 1118 dicit,

357 1142 730 1203 argumentum
761 1134 811 1187 in
839 1139 1162 1191 contrariam
1184 1146 1388 1206 partem
1417 1138 1742 1208 suppeditat.
1773 1139 1910 1207 Quin
1938 1147 1993 1194 et
2013 1140 2209 1209 smpius
2241 1140 2508 1195 Julianum
2539 1143 2762 1213 ejusque
2810 1144 3088 1215 conjugcm
3111 1146 3344 1215 appellat
3385 1164 3404 1198 ι
3439 1145 3638 1201 Momm

356 1224 433 1276 ris
455 1233 632 1287 natos,
663 1243 681 1275 ι
712 1235 803 1278 aut
835 1243 853 1276 ι
889 1225 1138 1282 Memoris
1167 1227 1383 1282 domum
1413 1247 1426 1283 :
1455 1248 1474 1281 ι
1509 1231 1651 1284 unde
1675 1229 1816 1285 haud
1840 1231 2016 1300 inepte
2042 1232 2280 1302 colligas,
2311 1233 2615 1300 IEmilium,
2643 1236 2684 1289 si
2729 1236 2943 1305 quidem
2978 1238 3293 1292 alterutrum
3325 1239 3638 1308 cognatione

356 1313 612 1383 attigerit,
637 1331 742 1369 non
767 1317 866 1370 nis:
897 1317 948 1370 in
966 1326 1174 1371 remoto
1195 1319 1357 1388 gradu
1385 1320 1641 1389 attigisse.
1665 1319 1926 1376 Observat
1946 1323 2219 1388 Paulinus,
2249 1323 2538 1379 Memorem
2569 1326 2804 1382 functum
2829 1343 2950 1384 esse
2989 1329 3166 1383 officio
3186 1344 3284 1385 suo
3309 1345 3435 1400 erga
3464 1329 3634 1384 IEmi«

358 1404 510 1470 lium,
544 1405 669 1460 dum
699 1407 816 1460 illos
841 1408 1014 1463 eidem
1047 1409 1098 1462 in
1131 1425 1320 1464 manus
1352 1412 1588 1477 tradidit,
1618 1412 1710 1483 qui
1735 1413 1926 1483 jugans
1971 1417 2141 1483 capita
2169 1416 2450 1470 amborum
2476 1418 2574 1472 sub
2602 1433 2732 1488 pace
2775 1420 2937 1489 jugali
2965 1437 3126 1476 manu
3163 1437 3258 1478 sua
3298 1422 3550 1491 obnupsit
3577 1435 3633 1477 et

356 1495 599 1548 oratione
626 1498 976 1552 consecravit.
1005 1496 1111 1552 Nos
1139 1498 1352 1568 quidem
1383 1500 1537 1570 fugit,
1569 1501 1840 1556 idcircone
1872 1503 1972 1573 hoc
1993 1504 2306 1574 obsequium
2332 1507 2460 1561 velit
2497 1523 2524 1560 a
2553 1508 2786 1564 Memore
2820 1509 3014 1566 deferri
3045 1514 3347 1581 Oportuisse
3390 1513 3633 1572 Aiinilio.

355 1583 496 1648 quod
520 1584 660 1652 apud
691 1584 830 1639 hunc
877 1587 1074 1655 nuptiae
1117 1588 1536 1654 celebrarentur,
1567 1605 1637 1645 an
1661 1606 1788 1647 vero
1817 1603 2036 1662 propter
2077 1595 2175 1648 viri
2217 1611 2479 1652 summam
2522 1601 2942 1655 venerationem.
2977 1603 3129 1659 Hunc
3169 1605 3312 1659 enim
3355 1604 3632 1659 I‘Emilium

359 1672 600 1743 depingit
630 1684 878 1745 tanquam
907 1677 1102 1732 Juliani
1133 1687 1188 1732 ct
1215 1678 1292 1734 J:e
1316 1688 1475 1750 atque
1497 1681 1661 1752 ipsius
1683 1683 1933 1738 Memoris
1963 1693 2184 1754 patrem,
2221 1701 2286 1742 ac
2328 1689 2503 1743 virum
2529 1691 2614 1746 cui
2647 1693 2859 1762 propria
2911 1694 3077 1748 virtus
3129 1697 3383 1752 eximium
3430 1697 3632 1751 cultum

362 1761 863 1834 ohservantiamque
887 1775 1186 1836 pepererat.
1221 1768 1346 1823 lude
1376 1779 1475 1834 est,
1510 1772 1649 1841 quod
1675 1773 1922 1826 eumdem
1955 1773 2046 1828 illu
2072 1792 2100 1826 ιι
2133 1775 2404 1833 [Emilium
2427 1793 2546 1837 esse
2570 1761 2866 1849 autument,
2892 1785 2982 1855 qui
3020 1800 3142 1840 cum
3173 1788 3292 1843 aliis
3335 1787 3547 1842 duobus
3563 1790 3632 1841 ah

364 1849 604 1905 Honorio
631 1861 684 1907 et
705 1853 1009 1910 Occidentis
1034 1857 1300 1927 episcopis
1324 1859 1389 1913 ad
1420 1860 1704 1916 Arcadium
1734 1863 1786 1916 in
1826 1862 2049 1919 Joannis
2087 1864 2453 1939 Chrysostomi
2478 1884 2637 1926 causa
2667 1849 2964 1930 destinatus
2990 1916 3008 1943 ,
3058 1877 3381 1934 confessoris
3421 1880 3634 1934 titulum

353 1955 499 1994 anno
524 1943 1049 2015 quadringentesimo
1077 1958 1228 2003 sexto
1245 1951 1538 2019 promeruit
1568 1950 1866 2021 (Baronius,
1899 1952 1968 2006 ad
1995 1970 2156 2009 annos
2179 1957 2305 2020 405,
2346 1957 2497 2032 406);
2546 1962 2636 2032 qui
2679 1970 2785 2018 eta
2825 1963 3182 2036 Mctaphraste
3220 1968 3412 2026 dicitur
3456 1969 3633 2025 Bene-

356 2043 622 2088 ventanus
647 2035 950 2107 episcopus.
978 2036 1088 2094 Cur
1106 2050 1282 2095 autem
1308 2041 1558 2096 Paulinus
1585 2043 1635 2096 in
1653 2043 2000 2113 epithalamio
2025 2045 2096 2099 ita
2115 2049 2391 2115 cecinerit,

1034 2159 1205 2215 Surge,
1229 2161 1424 2214 Memor,
1456 2169 1696 2206 venerare
1718 2163 1926 2218 patrem,
1949 2159 2278 2218 complectere
2300 2161 2535 2215 fratrem:

1157 2221 1256 2284 tino
1277 2223 1537 2288 utrumque
1550 2218 1648 2288 tibi
1670 2231 1849 2288 nomen
1873 2220 1922 2268 in
1942 2218 2131 2272 ωιιίο
2153 2231 2226 2273 est

1067 2281 1230 2340 tumor
1253 2283 1306 2324 et
1325 2281 1491 2340 senior
1523 2287 1698 2327 Memor
1715 2287 1826 2340 est;
1853 2289 1947 2329 etc.

1071 2333 1212 2384 Filius
1235 2344 1327 2394 est,
1357 2338 1606 2401 fraterque
1637 2333 1847 2390 Memor:
1872 2340 2061 2392 laetatur
2082 2343 2256 2395 adesse

1124 2404 1432 2447 Oonununem
1459 2401 1654 2450 sibimet
1686 2403 2066 2466 pignoribusque
2089 2413 2303 2467 patrem;

360 2491 504 2547 haud
533 2492 661 2546 satis
689 2495 1023 2562 assequimur
1057 2512 1071 2551 :
1102 2497 1202 2551 nisi
1233 2497 1367 2552 forte
1410 2501 1707 2556 credendus
1737 2502 1807 2557 sit
1835 2503 2040 2559 Memor
2065 2505 2322 2576 dignitate
2355 2509 2566 2580 quidem
2606 2513 2790 2568 senior
2813 2523 2870 2571 et
2890 2514 3079 2586 frater,
3128 2520 3250 2589 quia
3301 2522 3585 2594 episcopus
3613 2534 3632 2580 :

353 2600 555 2654 genere
583 2595 759 2638 autem
783 2595 874 2640 aut
895 2595 1050 2641 relate
1070 2586 1208 2642 ﬁlius
1235 2589 1509 2658 acjunior,
1543 2592 1664 2661 quia
1694 2592 1762 2647 ab
1791 2592 2011 2649 Emilio
2034 2597 2264 2666 genitus,
2309 2599 2392 2678 vel
2433 2615 2500 2656 eo
2541 2601 2732 2658 saltem
2779 2607 3046 2673 posterius
3094 2586 3271 2663 natus.
3311 2586 3443 2664 Nam
3481 2586 3625 2683 quod

352 2676 542 2730 scribit
586 2675 822 2731 Joannes
862 2677 1172 2746 Garncrins,
1222 2679 1491 2735 Emilium
1536 2693 1787 2754 tanquam
1837 2685 2269 2745 Beneventanum
2315 2675 2609 2748 antistitem
2657 2695 2907 2752 Memoris
2937 2697 3100 2755 fuisse
3154 2675 3618 2773 metropolitanum

355 2765 552 2837 (Super
574 2783 688 2835 cap.
717 2767 750 2819 4
775 2767 1175 2822 subnotationum
1206 2769 1504 2826 Mercatoria
1531 2772 1583 2826 in
1611 2773 1770 2845 λαως
1801 2785 1987 2831 contra
2008 2776 2215 2848 Ughelli
2237 2787 2292 2835 et
2309 2779 2659 2852 Geographiae
2701 2799 2868 2840 sacrrc
2889 2789 3195 2844 testimonio
3215 2765 3422 2848 constat
3447 2835 3462 2857 ,
3513 2811 3626 2849 me-

358 2858 628 2927 tropoleos
658 2858 965 2929 dignitatem
1008 2868 1132 2915 tunc
1161 2863 1413 2932 temporis
1435 2878 1599 2933 penes
1625 2865 1985 2925 Beneventum
2027 2884 2133 2925 non
2161 2869 2345 2928 fuisse.
2376 2872 2486 2928 Nec
2527 2875 2687 2930 etiam
2741 2878 3063 2935 arbitramur
3114 2882 3322 2939 defendi
3375 2901 3533 2956 posse
3576 2889 3630 2943 id

356 2949 501 3017 quod
529 2949 688 3016 idem,
718 2949 994 3005 Emilium
1022 2952 1131 3021 jam
1159 2953 1260 3006 vita
1287 2955 1518 3009 functum
1546 2958 1751 3025 poetica
1802 2957 2031 3026 fictione,
2063 2976 2184 3031 quae
2211 2962 2287 3017 illi
2317 2963 2525 3020 videtur
2569 2966 2856 3024 admodum
2905 2971 3199 3042 ingeniosa,
3250 2949 3428 3031 induci
3473 2993 3629 3033 asse-

359 3048 510 3092 verat
541 3038 627 3109 (In
661 3039 873 3094 Μαι-ται.
904 3043 1102 3096 dissert.
1136 3044 1188 3109 1,
1221 3059 1336 3112 cap.
1365 3043 1502 3108 6,de
1526 3044 1784 3118 Juliana).

428 3130 546 3185 Jam
575 3148 705 3187 vero
732 3143 1037 3202 cooptatum
1064 3135 1202 3189 inter
1222 3136 1445 3191 clericos
1469 3136 1758 3203 Julianum,
1788 3147 1842 3194 et
1865 3139 1930 3194 ad
1960 3135 2196 3197 Lectoris
2226 3159 2438 3213 munus,
2471 3147 2773 3217 priusquam
2819 3149 3122 3221 conjugium
3157 3153 3337 3220 iniret,
3370 3155 3628 3213 adscitum

356 3237 501 3292 esse,
533 3224 689 3280 docet
715 3226 964 3282 Paulinus
986 3227 1098 3281 istis
1129 3227 1181 3280 iu
1212 3227 1554 3297 epithalamio
1583 3230 1827 3286 versibus
1861 3249 1876 3286 :
2258 3244 2266 3250 ‘

1035 3337 1247 3387 clericus
1277 3351 1484 3388 uxorem
1505 3339 1689 3390 Christo
1708 3347 1934 3393 comente
1960 3342 2187 3393 decoram

1160 3399 1350 3463 Diligat,
1374 3408 1426 3450 et
1445 3400 1692 3463 pulchram
1715 3401 1898 3453 lumine
1919 3406 2079 3455 cordis
2099 3411 2267 3455 amet:

1035 3459 1319 3523 auxilioque
1343 3463 1427 3511 viri
1445 3459 1609 3512 divino
1631 3476 1837 3514 munere
1869 3465 2041 3514 factam

1159 3527 1327 3572 Lector
1347 3523 1536 3574 cadesti
1556 3523 1709 3574 distat
1729 3525 1790 3573 ab
1822 3525 2038 3576 historia.

431 3624 515 3678 Ab
536 3623 636 3680 hoc
661 3623 901 3680 Lectoris
937 3625 1106 3695 gradu
1131 3626 1196 3680 ad
1217 3627 1457 3683 altiorem
1489 3637 1762 3698 promotus
1793 3627 1910 3696 fuit,
1942 3644 2006 3686 ac
2031 3630 2149 3686 sive
2173 3647 2305 3686 uxor
2321 3645 2525 3690 natura:
2544 3634 2652 3706 jam
2675 3640 3056 3707 concessisset,
3102 3643 3215 3698 sive
3245 3611 3476 3714 uterque
3492 3660 3624 3700 con-

362 3714 637 3768 tinentiam
666 3723 963 3779 servarent,
992 3715 1138 3770 illum
1165 3727 1367 3772 certum
1395 3728 1478 3772 est
1501 3717 1680 3774 ofﬁcio
1721 3718 2033 3774 diaconatus
2077 3736 2218 3775 anno
2261 3737 2420 3792 supra
2470 3726 3051 3798 quadringentesimum
3097 3742 3287 3788 octavo
3331 3736 3416 3790 vel
3461 3752 3624 3798 nono,

359 3818 467 3872 quo
494 3806 630 3874 patri
653 3805 767 3876 ejus
796 3805 1126 3877 Augustinus
1153 3807 1388 3878 scripsit,
1417 3807 1809 3864 adolescentem
1838 3809 2012 3864 adhuc
2044 3809 2279 3866 functum
2307 3812 2490 3869 fuisse.
2519 3815 2577 3870 lo
2599 3818 2687 3874 illa
2714 3823 3004 3877 centesima
3032 3824 3200 3893 prima
3229 3825 3455 3896 epistola
3499 3842 3595 3882 san
3620 3859 3626 3864 -

361 3908 478 3951 ctus
508 3897 707 3952 Praesul
737 3898 1061 3969 singularem
1095 3900 1296 3968 prabet
1318 3901 1400 3955 sui
1454 3901 1506 3955 in
1536 3899 1806 3957 Julianum
1830 3900 1991 3957 studii
2015 3902 2488 3977 significationem;
2519 3909 2739 3980 ejusque
2763 3921 2968 3982 patrem
2997 3925 3169 3985 rogat,
3196 3915 3262 3971 ad
3290 3931 3350 3972 se
3399 3919 3546 3974 illum
3579 3923 3629 3973 in

359 3988 574 4058 aliquod
603 3998 810 4061 tempus
833 3993 1015 4047 venire
1039 3992 1246 4063 jubcat.

433 4081 670 4150 Denique
693 4081 836 4137 idem
861 4082 1105 4139 Julianus
1133 4085 1182 4138 in
1204 4083 1558 4154 episcopalem
1584 4084 1826 4142 ordinem
1852 4094 2068 4142 evectus
2095 4085 2209 4141 fuit.
2250 4087 2382 4142 Nam
2401 4090 2523 4144 licet
2550 4092 2874 4162 Augustinus
2902 4111 3022 4150 eum
3074 4112 3217 4168 saepe
3243 4101 3438 4169 saepius
3467 4102 3630 4158 lilium

359 4182 535 4238 vocet,
569 4174 621 4227 in
649 4189 715 4229 eo
737 4183 913 4229 tamen
944 4175 1202 4231 honorem
1231 4177 1470 4247 agnoscit
1495 4177 1852 4248 episcopatus,
1884 4192 2006 4232 cum
2035 4180 2266 4250 erumpit
2295 4180 2350 4234 in
2383 4181 2523 4236 illam
2553 4184 2997 4242 exclamationem
3032 4206 3045 4242 :
3079 4206 3098 4240 ι
3142 4189 3186 4245 0
3228 4189 3454 4246 frontem
3496 4209 3632 4262 qua-

359 4264 718 4335 liumcumque
743 4265 1114 4335 episcoporum
1144 4286 1162 4318 ι
1200 4266 1417 4338 (Supra,
1447 4278 1624 4321 contra
1657 4265 1949 4335 Julianum,
1997 4267 2083 4321 lib.
2127 4266 2179 4333 4,
2211 4286 2263 4322 η.
2283 4269 2406 4341 57)!
2432 4273 2509 4327 Ac
2544 4284 2802 4343 prreterea
2848 4277 3126 4346 epistolam
3180 4279 3247 4333 ad
3287 4279 3631 4338 Thessaloni-

357 4370 575 4410 censem
606 4356 895 4410 antistitem
920 4356 1113 4411 Juliani
1139 4357 1304 4412 solius
1334 4373 1437 4412 non
1463 4372 1604 4421 esse,
1631 4357 1726 4413 sed
1762 4357 1862 4426 ipsi
1887 4372 2009 4412 cum
2040 4358 2288 4428 plurimis
2315 4360 2610 4432 Pelagianis
2632 4366 2896 4436 episcopis
2921 4383 3258 4422 communem
3308 4371 3436 4426 dicit
3478 4375 3496 4443 (
3520 4375 3630 4430 Su-

359 4464 471 4514 pra,
499 4457 675 4502 contra
699 4447 842 4502 Duas
864 4447 1123 4519 Epistolas
1153 4447 1570 4518 Pelagianorum,
1601 4447 1690 4502 lib.
1720 4448 1775 4512 2,
1799 4465 1852 4502 η.
1885 4449 1958 4520 1).
1981 4448 2118 4517 Quin
2143 4450 2304 4504 etiam
2344 4451 2457 4520 ipse
2490 4451 2730 4509 Julianus
2761 4456 3109 4512 Turbautimn
3147 4459 3454 4530 episcopum
3480 4505 3496 4530 ,
3546 4467 3630 4519 cui

359 4536 588 4603 primum
620 4552 775 4591 suum
802 4553 934 4607 opus
964 4538 1016 4591 in
1040 4538 1391 4608 Augustinum
1423 4539 1763 4606 nuncupavit,
1790 4537 2008 4593 fratrem
2038 4540 2277 4593 nominat
2321 4539 2513 4614 (Infra,
2541 4542 2720 4611 Operi:
2746 4546 3023 4618 imperfect.
3056 4547 3145 4602 lib.
3175 4551 3226 4614 1,
3252 4568 3368 4621 cap.
3397 4552 3471 4625 1).
3501 4555 3634 4609 Pro-

354 4643 482 4697 sper
501 4629 556 4683 in
587 4628 850 4685 Chronico
869 4629 934 4684 ad
961 4644 1158 4683 annum
1186 4629 1762 4699 quadringentesimum
1794 4629 2121 4700 trigesimum
2145 4647 2344 4686 nonum
2368 4633 2610 4689 meminit
2638 4635 2976 4706 episcopatus
3025 4639 3197 4695 eidem
3249 4639 3457 4699 Juliano
3481 4686 3497 4713 ,
3531 4661 3631 4702 nec

355 4722 576 4776 dubium
606 4722 732 4791 quin
760 4731 974 4791 propter
999 4721 1268 4785 haeresim,
1300 4720 1496 4775 dudum
1522 4722 1690 4790 erepti
1722 4720 1915 4792 (Infra,
1943 4719 2177 4793 Append.
2207 4734 2350 4794 parte
2366 4723 2443 4796 2).

428 4810 918 4866 Ordinaveratenm
947 4811 1285 4866 Innocentius
1313 4810 1352 4876 Ι,
1393 4811 1468 4865 uti
1501 4811 1761 4866 Mercator"
1806 4812 1857 4864 in
1903 4811 2321 4869 Commonitorio
2349 4825 2535 4871 contra
2579 4817 2893 4890 Pelagianos
2911 4823 3096 4877 scribit
3138 4823 3321 4895 (Ibid).
3365 4825 3458 4882 Cui
3500 4845 3630 4885 vero

359 4901 612 4956 Ecclesia:
638 4902 920 4973 prmfectus
949 4901 1126 4969 fuerit,
1150 4901 1412 4957 dissensio
1432 4913 1547 4956 erat
1575 4901 1857 4972 aliquando
1879 4903 2017 4957 inter
2041 4905 2297 4988 eruditos,
2322 4898 2441 4961 cum
2462 4907 2512 4962 in
2535 4906 2792 4965 Genuadii
2815 4912 2951 4966 libro
2971 4914 3038 4969 de
3072 4915 3431 4986 Scriptoribus
3452 4923 3596 4975 eccle
3616 4953 3631 4963 ο

355 4993 588 5048 siasticis
619 5011 638 5046 ι
671 4993 953 5070 episcopus
980 5013 999 5045 ι
1032 4994 1301 5047 diceretur
1328 5011 1345 5044 ι
1382 4993 1684 5063 Capuanus;
1718 5012 1738 5045 ι
1769 4994 1820 5048 ἰιι
1850 4994 2098 5064 Prosperi
2123 5005 2302 5052 autem
2327 4997 2612 5065 Chronico,
2640 5019 2659 5052 ι
2688 5000 2929 5058 Julianus
2958 5006 3336 5073 Atellauensis;
3370 5030 3388 5062 ι
3440 5013 3490 5066 in
3519 5017 3622 5082 cpi.

357 5084 495 5139 stola
530 5085 666 5139 Petri
700 5086 908 5140 diaconi
937 5085 1002 5138 ad
1028 5081 1304 5140 Africanos
1328 5085 1610 5154 episcopos
1634 5085 1686 5140 in
1724 5085 1965 5140 Sardinia
1993 5087 2226 5153 exsules,
2261 5107 2281 5139 ο
2309 5088 2552 5145 Julianus
2582 5091 2908 5159 Edanensis;
2941 5115 2958 5147 ι
2992 5096 3046 5150 in
3083 5097 3280 5154 Gelasii
3325 5117 3476 5172 pap:e
3527 5081 3620 5158 die-

357 5185 506 5228 creto
537 5179 599 5234 de
627 5176 902 5244 scripturis
926 5175 1265 5247 apocryphis,
1301 5193 1319 5226 ι
1344 5176 1652 5231 Celanensis
1682 5195 1700 5227 ι
1728 5176 2026 5246 legeretur:
2054 5193 2158 5247 quo
2179 5178 2336 5232 etiam
2361 5180 2655 5248 posteriore
2683 5181 2836 5236 titulo
2863 5199 2894 5239 a
2935 5184 3096 5250 Beda,
3143 5188 3459 5247 Prmfatione
3506 5193 3624 5246 libri

359 5266 517 5336 primi
539 5269 589 5320 iu
615 5267 831 5322 Cantica
855 5267 1206 5330 canticorum,
1229 5267 1476 5322 donatur.
1505 5266 1737 5321 Tametsi
1773 5282 1931 5321 voces
1957 5268 2082 5334 ilhc,
2118 5287 2136 5320 ι
2167 5268 2360 5323 Juliani
2406 5269 2720 5327 Celauensis
2758 5274 2992 5345 episcopi
3032 5293 3061 5331 a
3083 5279 3392 5351 Campania,
3425 5303 3444 5335 ι
3501 5288 3624 5352 qui-

358 5362 457 5415 bus
484 5359 624 5414 Beda
654 5361 840 5427 utitur,
871 5361 1112 5416 absolute
1143 5362 1347 5430 possint
1375 5362 1445 5416 ita
1467 5360 1681 5429 exponi,
1710 5370 1767 5416 ut
1803 5361 2068 5416 Julianum
2091 5373 2208 5417 ortu
2237 5363 2448 5433 quidem
2498 5365 2846 5424 Celancnsem
2877 5411 2892 5434 ,
2935 5371 3222 5444 episcopali
3268 5387 3443 5431 autem
3494 5378 3626 5432 sede

357 5456 686 5525 Campanum
711 5454 874 5510 fuisse
899 5455 1199 5526 significent
1225 5473 1246 5509 az
1274 5454 1716 5525 quemadmodum
1736 5470 1857 5510 cum
1885 5471 2004 5510 eum
2033 5456 2261 5528 Prosper
2285 5458 2701 5526 Atellancnsem,
2733 5462 2920 5520 Petrus
2966 5465 3220 5522 diaconus
3263 5469 3626 5536 Edaneusem,

360 5548 602 5603 Gelasius
619 5545 969 5603 Celanensem
995 5548 1255 5614 nominat,
1286 5547 1669 5618 appellationes
1697 5548 1825 5602 istas
1851 5548 1918 5603 de
1944 5547 2104 5605 natali
2126 5549 2241 5618 ejus
2266 5549 2405 5613 loco,
2427 5551 2647 5619 perinde
2675 5563 2832 5625 atque
2857 5555 2925 5611 de
2975 5558 3282 5627 episcopali,
3317 5559 3501 5616 liceret
3540 5564 3624 5615 iu-

360 5642 640 5712 terpretari
672 5652 875 5711 :atque
898 5641 968 5696 ita
1015 5641 1299 5712 quominus
1323 5641 1528 5695 sedisse
1554 5655 1674 5694 cum
1710 5639 1902 5711 Capuae
1923 5641 2284 5707 crederemus,
2318 5642 2448 5696 nihil
2500 5653 2741 5708 vetaret;
2792 5646 2889 5701 nisi
2921 5648 3254 5702 observatum
3293 5662 3436 5706 esset
3488 5654 3627 5724 apud

357 5733 693 5790 Gennadiuut
729 5733 782 5787 in
837 5733 1227 5801 probatioribus
1267 5732 1657 5802 manuscriptis,
1698 5732 1844 5788 velut
1875 5732 1926 5786 in
1956 5747 2021 5787 eo
2072 5748 2229 5803 quem
2272 5733 2321 5788 in
2351 5735 2656 5805 Appendice
2696 5738 2986 5808 sequimur,
3019 5738 3391 5809 antiquissimo
3439 5762 3627 5802 exem-
