4008 6178
383 289 530 349 1059
1386 287 1757 344 ADMONITIO
1796 287 1861 342 IN
1898 288 1966 344 Ol

2111 287 2600 347 lMPEllFECTUM
3529 290 3664 348 1050

381 395 870 468 tdariCorbelcnsi,
902 398 1102 453 nullum
1127 399 1194 453 de
1231 397 1423 452 Juliani
1476 400 1783 470 episcopatu
1822 400 2040 455 verbum
2072 401 2312 470 reperiri.
2345 400 2436 457 Sic
2461 417 2622 472 porro
2649 402 2811 459 etiam
2856 403 3101 472 Prosperi
3150 401 3414 459 editiones
3463 418 3660 460 recen-

383 491 571 555 tiores,
613 504 711 560 pro
738 491 1086 553 Atellaocnsi,
1121 489 1472 544 Bclanensem
1492 504 1557 544 cx
1585 490 1827 547 melioris
1855 502 1995 546 nota:
2035 492 2412 562 manuscriptis
2445 493 2791 548 substituunt.
2828 493 2996 561 Quam
3021 493 3234 563 quidem
3266 495 3656 550 correctionem

385 579 516 634 nihil
543 589 778 634 moratus
800 579 988 632 Petrus
1014 577 1325 632 Franciscus
1350 578 1668 643 Chimetius,
1694 578 1922 647 primam
1949 580 2197 651 Prosperi
2224 581 2507 637 lectionem
2534 582 2639 637 alia
2665 584 2924 651 potiorem
2945 599 3085 647 esse,
3122 598 3187 638 ac
3213 600 3342 639 vere
3383 583 3652 641 Julianum

384 671 594 737 Atollm,’
627 680 745 738 qua:
776 670 826 722 in
854 668 1071 724 urbibus
1091 669 1393 738 Campaniae
1423 669 1549 723 olim
1576 669 1964 735 celebrabatur,
1995 679 2053 725 ct
2100 684 2135 725 e
2166 673 2317 739 cujus
2344 672 2516 725 ruinis
2569 672 2771 726 Aversa
2815 673 3150 742 postmodum
3205 674 3341 729 inter
3373 672 3652 743 Neapolim

384 764 722 829 (lagutamquo
742 760 968 813 excitata
994 768 1095 825 est,
1117 760 1299 815 sedem
1322 760 1555 814 tenuisse
1582 759 1749 814 voluit
1769 760 1786 831 (
1805 758 2098 830 Chiﬁletius,
2127 760 2178 813 in
2211 759 2433 814 Paulino
2457 762 2617 814 illust.
2667 771 2812 831 parte
2833 761 3038 833 2,-ccp.
3067 761 3204 832 29).
3234 764 3301 817 At
3337 772 3651 818 controver-

384 853 519 906 siam
546 850 747 906 decidit
776 849 973 904 Marius
1007 850 1270 905 Mercator
1296 849 1493 905 Juliani
1518 850 1738 920 aequalis
1761 860 1815 905 et
1842 850 2084 918 aemulus,
2110 850 2332 920 ejusque
2359 851 2596 921 gentilis,
2626 851 2755 906 dum
2778 853 2956 909 verbis
2985 854 3260 922 conceptis
3306 855 3479 925 ipsum
3525 855 3659 909 alias

383 942 691 1012 episcopum
716 939 1088 1007 Eclanensem,
1115 940 1247 994 alias
1268 941 1644 1010 exepiscopum
1662 939 1842 1009 oppidi
1878 940 2191 995 Eclanensis
2215 948 2373 995 vocat
2419 939 2614 1013 (Infra,
2639 941 2879 1012 Append.
2906 954 3055 1014 parte
3075 943 3133 1016 2)
3164 961 3178 997 :
3208 959 3315 1014 quo
3351 959 3473 999 cum
3514 944 3661 1000 Mer-

384 1043 565 1088 ('Mtll'c
591 1032 807 1086 Prtrum
833 1031 1139 1098 diaconum,
1166 1030 1460 1099 Gelasium,
1493 1046 1556 1088 ac
1576 1030 1796 1095 Bedam,
1822 1044 1925 1087 una
1948 1041 2147 1087 mutata
2172 1031 2258 1087 vel
2289 1033 2612 1104 transposita
2642 1034 2817 1088 littera
2852 1035 3161 1102 conciliare,
3203 1050 3310 1090 non
3355 1036 3427 1091 ita
3476 1036 3657 1108 magni

384 1124 578 1194 negotii
610 1123 787 1181 fuerit.
2454 1138 2465 1155 κ
3464 1114 3467 1115 ν

458 1216 644 1272 [sihmo
667 1224 845 1271 autem
871 1214 1057 1270 civitas
1085 1214 1352 1286 quondam
1377 1215 1519 1271 clara
1538 1256 1553 1279 ,
1585 1229 1726 1269 nunc
1749 1214 1916 1269 ruinis
1943 1214 2056 1268 suis
2087 1214 2329 1283 sepulta,
2359 1216 2588 1285 antiquis
2615 1215 2910 1271 Eculanum
2939 1216 3052 1272 sive
3079 1217 3336 1275 Eclanum
3379 1218 3521 1274 dicta
3551 1230 3656 1276 est.

385 1309 560 1364 Posito
586 1318 701 1363 erat
726 1310 777 1361 in
811 1307 1043 1377 Hirpinis
1071 1307 1124 1361 in
1162 1307 1400 1386 ulteriori
1428 1307 1730 1377 principatu
1750 1347 1765 1371 ,
1798 1322 1827 1361 a
1857 1305 2161 1362 Benevento
2200 1305 2505 1376 quindecim
2534 1306 2769 1361 millibus
2791 1308 2995 1362 distans
3014 1348 3031 1375 ,
3057 1324 3243 1364 versus
3270 1309 3651 1365 Euro-notum.

384 1397 519 1453 Sunt
540 1398 631 1468 qui
659 1404 843 1467 putent
858 1396 1102 1450 eamdem
1132 1406 1311 1465 postea
1336 1395 1801 1465 Quintodceimum
1831 1396 2170 1465 appellatam,
2199 1410 2409 1451 necnon
2436 1405 2613 1452 nostra
2646 1397 2746 1453 hac
2775 1400 3028 1453 memoria
3054 1400 3174 1470 ejus
3199 1401 3392 1455 rudera
3412 1402 3656 1471 qumdant

385 1503 447 1543 ac
474 1489 763 1558 parietinas
789 1502 952 1556 prope
976 1486 1300 1542 Mirabellam
1321 1487 1577 1558 conspici.
1603 1486 1931 1556 Episcopalis
1956 1486 2112 1541 sedes
2135 1485 2332 1541 Eclano
2356 1485 2736 1556 Frequentum,
2767 1486 2943 1543 italico
2968 1487 3235 1560 Friganto.
3263 1505 3360 1545 seu
3388 1489 3655 1557 Fricento,

385 1581 638 1636 translata
667 1580 782 1634 fuit.
812 1578 1170 1650 Frequentum
1199 1593 1330 1633 vero
1354 1579 1508 1633 nonis
1547 1578 1700 1632 malis
1728 1577 1852 1631 anni
1890 1592 2051 1646 supra
2079 1577 2420 1632 millesimum
2460 1577 2970 1648 quadringentesimi
2999 1580 3319 1649 sesagesimi
3361 1581 3528 1650 quinti
3557 1592 3651 1637 aut

384 1671 519 1727 sexti
549 1671 875 1727 Abellineusi
902 1670 1234 1740 episcopatui
1258 1670 1599 1740 conjunctum
1626 1677 1727 1724 est.
1759 1668 2053 1739 [legionem
2081 1667 2220 1723 hanc
2245 1667 2460 1723 tradunt
2484 1668 2752 1738 quondam
2779 1668 2982 1738 Apuliae
3009 1670 3264 1725 limitibus
3291 1671 3653 1742 comprehen-

378 1776 497 1817 sam
525 1763 707 1829 fuisse,
727 1771 780 1816 at
797 1756 1251 1831 vero'Campaniae
1274 1760 1566 1817 accessisse
1579 1760 1690 1831 jam
1715 1759 1838 1815 inde
1861 1760 1930 1814 ab
1948 1759 2165 1814 Adriani
2187 1760 2515 1829 temporibus
2530 1759 2712 1830 (Neris
2730 1803 2743 1826 ,
2770 1760 3016 1816 Historia.-
3045 1762 3222 1832 Pelag.
3239 1764 3327 1819 lib.
3344 1764 3660 1836 l,cup.18).

454 1855 772 1910 Parentibus
794 1854 1088 1910 demortuis
1112 1852 1277 1925 (quod
1303 1864 1535 1924 quisnam
1559 1864 1702 1908 anno
1725 1850 2033 1922 contigerit,
2064 1851 2301 1906 invenire
2329 1852 2571 1921 nuspiam
2598 1851 2740 1923 fuit),
2768 1851 3011 1907 Julianus
3033 1852 3256 1908 duarum
3281 1868 3528 1910 sororum
3558 1871 3656 1910 cu-

385 1958 497 1999 ram
521 1958 643 2000 eum
670 1946 994 2015 suscepisset
1011 1985 1027 2012 ,
1057 1958 1124 1999 eo
1150 1955 1372 1999 munere
1394 1957 1493 1999 nec
1518 1942 1619 2000 sibi
1642 1958 1740 1999 nec
1767 1941 1873 1999 illis
1902 1942 2192 2000 honoriﬁce
2220 1943 2528 2013 perfunctus
2550 1954 2654 2000 est.
2684 1962 2705 1996 ι
2733 1943 3017 2009 Novimus,
3048 1947 3325 2014 novimus,
3356 1965 3376 1999 ι
3409 1947 3486 2002 ait
3513 1948 3657 2004 Mers

382 2046 534 2091 calor
551 2076 567 2101 ,
606 2053 627 2088 ι
659 2035 784 2106 quid
815 2035 909 2089 tibi
940 2050 1041 2089 una
1065 2049 1250 2089 earum
1270 2075 1283 2099 ,
1310 2049 1429 2090 cum
1453 2042 1509 2088 tu
1533 2033 1690 2087 nimis
1718 2046 1938 2089 severus
1964 2031 2019 2088 in
2041 2033 2158 2103 ejus
2182 2032 2391 2089 ruinam
2423 2034 2642 2103 pudoris
2666 2035 3004 2105 insnrgeres,
3030 2034 3311 2106 obiecerit,
3341 2036 3426 2090 vel
3454 2050 3655 2107 expres

386 2126 653 2191 hraverit;
683 2135 843 2195 atque
872 2134 926 2180 tu
956 2132 1135 2179 mutus
1165 2124 1304 2179 illico
1329 2139 1436 2179 non
1455 2139 1615 2180 ausus
1638 2139 1699 2179 es
1728 2122 1950 2179 ulterius
1974 2138 2216 2180 censura:
2242 2132 2346 2177 tum
2373 2123 2510 2180 ullas
2529 2123 2700 2180 dolori
2728 2124 2846 2193 ejus
2871 2123 3071 2180 inferre
3096 2125 3364 2180 molestias
3400 2144 3418 2178 ι
3459 2124 3656 2198 (Infra,

387 2216 620 2288 Append.
669 2225 815 2287 parte
856 2215 951 2287 2).
1005 2214 1209 2285 Nempe
1260 2213 1380 2270 lidei
1432 2214 1830 2285 corruptionem
1881 2214 2136 2269 continuo
2189 2226 2436 2281 morum,
2485 2221 2543 2268 ut
2601 2212 2772 2278 solet,
2820 2213 2875 2268 in
2911 2213 3123 2269 Juliano
3160 2225 3343 2270 secuta
3392 2220 3663 2286 corruptio

380 2317 488 2361 05L

445 2397 571 2464 Quo
596 2394 685 2449 ille
709 2402 948 2462 tempore
973 2393 1116 2447 virus
1142 2391 1437 2461 Pelagiana:
1462 2390 1731 2445 bmreseos
1754 2401 1949 2461 sugere
1969 2392 2216 2459 ceperit,
2238 2391 2458 2445 minime
2469 2400 2824 2461 compertum.
2850 2392 2990 2449 Beda
3015 2394 3231 2449 doctum
3257 2410 3380 2450 eum
3402 2411 3429 2448 a
3452 2394 3667 2468 Pelagio

388 2502 413 2538 π
450 2485 725 2557 puerulum
753 2502 775 2536 ι
801 2483 997 2548 adhuc,
1022 2481 1168 2538 etab
1194 2482 1310 2551 ipso
1338 2498 1360 2533 ι
1390 2480 1540 2551 quasi
1567 2480 1619 2535 in
1645 2492 1879 2535 caverna
1900 2479 2104 2535 colubri
2130 2481 2395 2553 regulum,
2425 2499 2445 2533 ι
2476 2495 2596 2535 cum
2623 2497 2763 2536 anno
2785 2481 2982 2536 Christi
3010 2482 3536 2554 quadringentesian
3565 2486 3664 2542 de-

375 2580 532 2632 cimo
569 2574 761 2645 quinto
783 2572 1021 2642 dialogos
1061 2586 1190 2628 suos
1230 2571 1491 2627 adversus
1518 2569 1833 2641 Pelagianos
1860 2569 2212 2641 Hieronymus
2241 2569 2465 2634 edebat,
2510 2570 2769 2625 nutritum
2808 2585 2932 2626 esse
2968 2572 3153 2627 scribit
3176 2570 3385 2645 (Ibid.).
3416 2572 3662 2633 Sedhtec

388 2669 551 2726 Betim
576 2666 738 2724 verba
770 2667 817 2721 si
843 2679 1029 2735 presse
1052 2673 1214 2736 atque
1240 2662 1307 2717 ad
1334 2663 1521 2732 apices
1543 2661 1856 2730 esposueris
1873 2696 1890 2728 ,
1918 2660 2075 2730 plane
2103 2660 2235 2716 falsa
2259 2660 2496 2731 reperies
2529 2678 2544 2716 :
2587 2655 2851 2731 siquidem
2882 2661 3049 2716 multo
3085 2671 3211 2718 ante
3238 2677 3437 2718 annum
3467 2664 3665 2719 Christi

385 2757 962 2829 iptadringcntesimum
987 2754 1251 2810 decimum
1267 2753 1508 2824 quintum
1523 2751 1767 2807 Julianus
1786 2742 2028 2820 pueritia:
2045 2765 2216 2806 annos
2240 2759 2544 2805 excesserat
2564 2766 2579 2815 ;
2603 2764 2777 2821 neque
2799 2751 3091 2807 verisimile
3107 2760 3211 2808 est.
3234 2767 3380 2816 eum,
3400 2752 3505 2813 nisi
3531 2752 3667 2810 forte

383 2854 526 2910 idem
546 2855 660 2923 ipse
678 2854 749 2908 sit
764 2853 853 2924 qui
875 2851 1149 2907 Annianus
1163 2848 1622 2920 pseudodiaeonu's
1639 2843 1944 2903 Ceiedensis
1958 2846 2029 2900 ab
2044 2844 2366 2916 Hieronymo
2385 2854 2622 2907 vocatur,
2647 2853 2772 2900 tunc
2789 2846 3044 2914 tetnporis
3061 2846 3112 2899 in
3133 2845 3434 2911 Palestina,
3453 2847 3543 2901 ubi
3564 2846 3667 2902 Pe-

385 2946 553 3017 lagius
573 2945 673 2999 hoc
687 2958 829 2998 anno
848 2940 1091 3009 degebat,
1112 2940 1398 2996 exstitisse.
1412 2940 1483 2992 At
1494 2935 1664 3007 potuit
1675 2944 1861 2990 mutua
1878 2934 2057 3005 aliqua
2077 2935 2215 2990 inter
2231 2949 2326 2990 eos
2340 2934 2571 3006 cognitio
2587 2933 2771 2989 Romte
2784 2936 2931 2989 nasci
2952 2945 3077 2990 ante
3093 2949 3290 2991 annum
3308 2936 3445 3006 quad
3453 2937 3667 3007 ringen-

260 3062 283 3084 ο
388 3035 635 3090 tesimum
651 3042 919 3098 octavum,
936 3040 1026 3085 aut
1045 3028 1619 3100 quadringentesimum
1637 3024 1920 3090 decimum,
1941 3039 2047 3095 quo
2066 3038 2206 3078 anno
2226 3024 2389 3079 exivit
2406 3035 2472 3079 ex
2489 3022 2635 3080 Urbe
2648 3024 2909 3093 Pelagius.
2933 3026 3107 3094 Atque
3128 3025 3267 3080 idem
3289 3027 3404 3096 ipse
3425 3026 3665 3083 Julianus

381 3126 523 3181 forte
544 3140 647 3178 non
670 3121 934 3178 immerito
952 3119 1261 3175 censebitur
1274 3133 1341 3173 ex
1362 3117 1466 3172 illis
1487 3115 1671 3181 fuisse,
1689 3115 1757 3171 de
1772 3114 1967 3185 quibus
1986 3124 2128 3168 anno
2142 3114 2336 3169 Christi
2348 3113 2871 3185 quadringentesimo
2890 3115 3101 3171 decimo
3117 3118 3366 3187 septimo,
3390 3119 3569 3174 statim
3593 3119 3661 3174 ab

387 3215 673 3272 Innocentii
692 3227 842 3285 papa:
858 3210 1025 3277 obitu,
1045 3209 1371 3281 Augustinus
1390 3206 1457 3262 ad
1478 3205 1754 3262 Paulinum
1775 3204 2020 3274 scripsit;
2043 3203 2240 3274 quique
2250 3203 2493 3260 dicebant
2510 3205 2667 3260 citius
2685 3219 2745 3260 se
2761 3204 3063 3261 defecturos
3079 3221 3113 3260 a
3130 3206 3361 3278 Pelagio,
3376 3223 3539 3278 quam
3559 3208 3665 3263 ori-

384 3308 559 3378 ginale
582 3312 853 3376 peccatum
872 3301 1174 3374 aguituros:
1201 3313 1499 3370 quanquam
1521 3312 1585 3352 ex
1606 3295 1818 3351 civitate
1836 3293 2048 3351 Nolcnsi
2066 3308 2185 3349 esse
2201 3293 2299 3349 bos
2320 3294 2614 3363 Augustino
2634 3296 2929 3349 nuntiatum
2950 3304 3091 3352 esset
3112 3293 3304 3368 (Epist.
3330 3298 3453 3362 l86,
3472 3315 3526 3351 η.
3547 3298 3662 3370 29).

389 3399 524 3453 Dicit
546 3398 652 3452 alio
676 3395 795 3450 loco
817 3402 1033 3449 sanctus
1059 3393 1253 3446 Doctor
1275 3387 1565 3451 Julianum,
1593 3387 1639 3441 si
1663 3387 1917 3441 Romanae
1941 3385 2200 3441 Ecclesia:
2225 3383 2596 3455 pnesidmtem
2618 3385 2831 3439 beatum
2856 3386 3221 3441 innocentium
3247 3387 3432 3442 audire
3459 3388 3661 3444 voluis—

387 3500 499 3556 set,
520 3488 630 3559 jam
659 3496 784 3541 tunc
814 3483 1162 3555 periculosam
1188 3479 1517 3553 juventutem
1542 3492 1694 3533 suam
1733 3475 2028 3546 Pelagianis
2058 3475 2259 3545 laqueis
2288 3472 2658 3546 expediturum
2690 3473 2856 3530 fuisse
2882 3474 3115 3546 (Supra,
3146 3486 3326 3530 contra
3351 3475 3621 3532 lulianum
3644 3519 3661 3545 ,

388 3580 480 3636 lib.
509 3578 564 3646 ί,
589 3595 643 3633 n.
673 3573 784 3648 l3).
811 3575 968 3639 Eum,
996 3569 1171 3644 quoad
1192 3577 1517 3625 memoratus
1536 3566 1773 3638 pontifex
1798 3565 1947 3632 visit,
1970 3564 2285 3620 Catholicam
2306 3565 2624 3653 sententiam
2649 3565 2933 3619 retinuisse
2945 3572 3185 3653 testatur
3211 3565 3512 3622 Mercator:
3544 3583 3662 3637 qua:

384 3689 475 3729 res
497 3687 565 3728 eo
586 3667 870 3727 commode
896 3675 1069 3737 potest
1092 3660 1278 3720 referri
1298 3701 1318 3731 ,
1354 3658 1494 3732 quod
1522 3659 1661 3715 idem
1698 3667 1885 3714 auctor
1910 3654 2097 3713 eodem
2126 3657 2245 3712 loco
2287 3652 2451 3722 dicit,
2481 3654 2747 3712 Julianum
2774 3671 2802 3709 a
2830 3652 3207 3712 communione
3244 3655 3561 3725 Innocentii,
3594 3675 3662 3716 ne

381 3760 649 3818 damnatis
671 3756 885 3828 quidem
914 3754 1131 3826 Pelagio
1159 3763 1214 3809 et
1238 3746 1496 3808 leestio
1521 3748 1838 3813 recessisse,
1866 3747 1961 3803 sed
1989 3746 2089 3818 ipsi
2119 3761 2306 3803 eorum
2335 3746 2632 3802 damnaturi
2664 3762 2830 3818 usque
2863 3745 2928 3800 ad
2955 3746 3071 3817 ejus
3098 3758 3322 3802 mortem
3358 3751 3659 3807 communi-

384 3866 539 3908 casse
566 3848 773 3923 (Infra,
803 3845 1038 3918 Appena.
1069 3852 1213 3916 parte
1236 3838 1319 3914 2).
1342 3837 1447 3911 Sed
1473 3854 1595 3896 eum
1625 3848 1800 3894 tamen
1826 3836 2112 3908 superstite
2136 3835 2311 3891 adhuc
2338 3835 2651 3892 Innocentio
2676 3832 2924 3891 haeresim
2954 3839 3256 3908 amplexum
3287 3852 3426 3905 esse,
3456 3838 3661 3911 liquido

385 3944 622 4000 declarat
645 3937 971 4010 Augustinus
1009 3932 1114 3991 illis
1143 3933 1272 4006 ipsis
1299 3928 1514 3988 verbis:
1557 3949 1578 3983 ι
1617 3926 1734 3985 Jam
1758 3934 1884 3982 tunc
1912 3924 2264 3997 periculosam
2290 3924 2623 3996 juventu‘tcm
2653 3934 2795 3980 tuam
2823 3926 3122 3997 Pelagianis
3149 3926 3354 3997 laqueis
3369 3929 3610 3985 emisses
3636 3952 3656 3985 ι

387 4040 407 4108 (
437 4035 644 4106 Supra,
674 4040 850 4087 contra
872 4027 1141 4084 lulianum
1162 4067 1178 4094 ,
1210 4024 1299 4081 lib.
1326 4024 1378 4089 l,
1407 4040 1461 4078 τι.
1490 4023 1557 4078 l3
1581 4020 1626 4096 ).
1660 4019 1888 4075 Narrant
1915 4018 2081 4088 ipsius
2105 4016 2402 4108 quemdam
2416 4016 2826 4108 paralogismum
2846 4058 2861 4080 ,
2889 4030 2997 4087 quo
3023 4017 3205 4072 llot‘nze
3230 4032 3353 4073 cum
3380 4022 3664 4091 praecipuis

388 4105 632 4183 lactionis
658 4122 883 4179 ducibus
908 4132 1089 4189 agens,
1118 4131 1151 4172 a
1173 4110 1476 4171 rudioribus
1500 4108 1789 4166 conabatur
1813 4114 2153 4177 extorquere,
2186 4114 2244 4160 ut
2271 4105 2490 4177 originis
2517 4105 2727 4176 culpam
2746 4116 2965 4162 merum
2992 4115 3352 4162 cotmuentum
3379 4120 3497 4165 esse
3520 4109 3661 4166 fate-

387 4226 572 4275 rentur
600 4212 806 4288 (Infra,
845 4207 1079 4281 Append.
1122 4215 1264 4278 parte
1287 4200 1380 4276 2);
1424 4199 1590 4272 quod,
1624 4197 1847 4288 Joannis
1884 4191 2129 4288 Garuerii
2166 4193 2500 4288 judicloain
2524 4206 2735 4288 (annum
2775 4196 3356 4288 quadringemesimum
3396 4196 3660 4255 decimum

387 4282 671 4379 septimum
693 4282 972 4374 quadrare
996 4304 1173 4372 potest
1207 4290 1542 4368 (Camerius,
1571 4291 1629 4379 in
1666 4284 1881 4379 Hercul.
1922 4286 2185 4379 disserui
2207 4328 2223 4352 ,
2254 4296 2369 4358 Cap.
2402 4284 2464 4353 6,
2498 4282 2856 4379 de‘luliauo).
2896 4286 2953 4343 Si
2988 4284 3321 4379 deﬁnitiones
3347 4288 3498 4349 illas.
3529 4304 3662 4361 quas

387 4374 524 4457 libro
549 4398 619 4454 de
642 4393 976 4452 Pcrl'ectione
999 4386 1220 4460 justitize
1247 4381 1481 4440 hominis
1503 4378 1697 4437 refellit
1723 4376 2064 4449 Augustinus,
2101 4375 2274 4432 eidem
2303 4388 2421 4440 nos,
2452 4376 2528 4432 uti
2552 4374 2841 4433 (iamet-ius
2865 4388 3048 4432 censet
3067 4418 3084 4443 ,
3113 4374 3352 4433 tribuere
3378 4388 3658 4449 oporteat;

387 4492 607 4548 dubium
634 4502 741 4542 non
765 4485 870 4542 erit
893 4483 1019 4553 quin
1041 4479 1153 4552 jam
1180 4477 1303 4532 inde
1328 4475 1395 4531 ab
1419 4490 1562 4529 anno
1591 4468 2112 4544 quadringentesimo
2136 4467 2346 4525 decimo
2370 4466 2557 4538 quinto
2583 4468 2850 4538 perfectus
2884 4467 3050 4524 fuerit
3076 4466 3410 4539 Pelagiatms.
3443 4468 3577 4525 Illud
3606 4471 3659 4527 in

387 4580 634 4638 confesso
656 4584 767 4641 est,
797 4573 1061 4630 danmatis
1098 4587 1129 4625 a
1154 4564 1369 4624 losimo
1392 4578 1530 4636 papa
1556 4574 1697 4618 anno
1734 4558 2256 4631 quadringentesimo
2281 4557 2491 4613 decimo
2532 4564 2722 4612 octavo
2750 4554 3048 4628 Pelagianis
3071 4598 3089 4625 ,
3117 4557 3366 4614 eumdem
3388 4556 3658 4615 Juﬁantm

386 4668 721 4728 subscribere
749 4660 1068 4735 lmntiliciam
1095 4658 1413 4713 sententiam
1442 4654 1676 4709 noluisse
1694 4692 1708 4715 ,
1737 4657 1896 4720 atque
1928 4648 1998 4735 ob
2026 4663 2145 4703 eam
2170 4656 2284 4702 rem
2320 4647 2388 4702 ab
2414 4647 2506 4703 illo
2534 4642 2789 4718 dignitate
2814 4646 3099 4716 spoliatum
3127 4646 3312 4715 fuisse,
3336 4657 3393 4703 et
3416 4663 3481 4704 cx
3512 4648 3659 4705 italia

388 4765 617 4836 ejectum
643 4755 698 4829 (1
704 4732 820 4828 nfra
836 4794 855 4822 ,
881 4749 1115 4823 Append.
1144 4758 1288 4820 parte
1309 4745 1400 4836 2).Δ
1417 4745 1551 4836 Huic
1572 4740 1673 4814 ipsi
1702 4739 1937 4836 pClAlimCl
1966 4732 2117 4793 binas
2141 4748 2302 4807 super
2320 4737 2705 4807 quaestionibus
2731 4736 2802 4792 de
2822 4738 2993 4808 gratia
3018 4738 3274 4807 epistolas
3297 4737 3512 4812 dedisse
3534 4752 3657 4794 eum

382 4827 681 4925 reperimus
707 4846 915 4923 (infra,
950 4840 1132 4914 Operis
1159 4834 1364 4910 imperf.
1392 4832 1480 4892 lib.
1516 4834 1567 4903 l,
1598 4851 1713 4905 cap.
1742 4827 1857 4905 l8).
2107 4848 2113 4853 ν

459 4922 812 5018 Hieronymus
852 4942 1148 5016 Vigoierius
1187 4938 1372 5010 primis
1398 4933 1723 5005 temporibus
1756 4926 2027 4985 hmreseos
2065 4925 2257 4985 Juliani
2285 4926 2520 4995 assignat
2558 4923 2611 4980 id
2645 4924 2785 4996 quod
2806 4922 2972 4981 habet
3002 4923 3342 4990 Gennadius.
3372 4922 3518 4981 illum
3564 4938 3662 4997 per

384 5043 581 5099 famem
604 5049 763 5111 atque
788 5046 1078 5110 egestatem
1105 5033 1368 5106 publicam
1406 5027 1725 5101 pauperibus
1753 5020 2055 5095 dilargitum
2084 5038 2205 5079 esse
2233 5032 2356 5077 suas
2378 5020 2655 5111 facultates
2674 5062 2689 5087 ,
2717 5029 2768 5076 et
2799 5020 2961 5111 haece
2986 5020 3261 5111 chan'tatis
3294 5022 3473 5091 specie
3488 5034 3656 5111 quam

386 5134 646 5204 plurimos
670 5108 736 5185 ad
763 5108 913 5186 suam
942 5126 1190 5183 bzercsim
1208 5166 1227 5191 ,
1264 5122 1492 5177 maxime
1520 5134 1583 5174 ex
1607 5131 1804 5189 genere
1829 5130 2013 5169 eorum
2051 5111 2143 5183 qui
2176 5112 2355 5181 pietati
2388 5108 2708 5166 addictiores
2736 5110 3081 5201 videbantur,
3113 5109 3423 5178 adjunxisse
3447 5110 3657 5182 (Infra,

386 5198 621 5295 Appeud.
653 5228 797 5291 parte
814 5218 892 5288 2).
919 5216 1030 5284 Qua
1062 5215 1130 5270 de
1160 5230 1220 5268 re
1262 5212 1314 5268 id
1351 5211 1502 5266 nobis
1544 5223 1705 5295 unum
1734 5206 2019 5295 observare
2057 5203 2181 5295 licet
2203 5245 2218 5268 ,
2251 5202 2304 5256 in
2348 5211 2617 5295 postremo
2640 5208 2926 5295 suouopere
2954 5198 3225 5295 afﬁrmare
3262 5203 3612 5295 Augustinum
3637 5244 3656 5271 ,

388 5290 536 5371 illum
565 5329 593 5367 a
625 5310 834 5367 miseris
862 5323 995 5378 quos
1021 5306 1325 5374 deceperat,
1352 5303 1581 5357 otiosum
1611 5292 1677 5351 ali
1708 5293 1882 5367 (Infra
1901 5337 1915 5359 ,
1951 5290 2131 5366 Operis
2154 5290 2355 5364 imperi.
2388 5293 2476 5346 lib.
2503 5291 2560 5357 2,
2590 5302 2707 5361 cap.
2735 5291 2826 5360 Si)
2853 5302 2867 5353 ;
2899 5300 2998 5345 nec
3028 5302 3185 5360 posse
3215 5292 3387 5361 ipsum
3414 5293 3660 5347 scriben-

385 5406 467 5459 dis
493 5420 555 5460 ac
576 5398 832 5457 dictandis
854 5395 1009 5452 libris
1032 5392 1300 5455 vacare.si
1328 5391 1497 5445 nolint
1520 5388 1765 5443 homines
1790 5387 1838 5441 ei
1863 5386 2060 5440 victum
2085 5382 2493 5438 subministrare
2517 5388 2866 5451 sumptusque
2891 5393 3245 5452 congruentes
3274 5381 3459 5453 (ΗΜ,
3485 5382 3573 5437 lib.
3598 5383 3655 5449 ὃ,

385 5512 535 5567 capp.
569 5495 622 5562 1,
649 5493 741 5565 Η)
766 5508 781 5544 :
811 5485 955 5561 quod
978 5485 1192 5557 quidem
1219 5498 1339 5536 eum
1368 5492 1494 5536 tunc
1520 5480 1661 5533 nullo
1687 5487 1945 5549 proventu
1972 5491 2069 5530 suo
2098 5474 2182 5529 vel
2208 5474 2465 5567 fructibus
2490 5470 2705 5567 vixisse,
2732 5471 2864 5528 satis
2885 5473 3163 5567 designat;
3192 5488 3297 5529 non
3313 5486 3504 5567 tamen
3532 5472 3657 5530 inde

380 5564 663 5657 quisquam
688 5564 933 5651 celligat,
966 5575 1260 5647 Augustino
1290 5573 1620 5642 exploratum
1655 5569 1836 5631 fuisse,
1870 5568 2016 5621 illum
2045 5564 2367 5634 impendisse
2390 5564 2589 5629 Omnia,
2616 5579 2726 5633 quo
2750 5565 3026 5633 penuriam
3055 5564 3284 5619 alienam
3313 5565 3535 5618 levaret.

457 5654 645 5742 Amm,
674 5685 730 5731 ιιι
754 5673 967 5745 quidem
1004 5669 1238 5732 videtur,
1269 5661 1789 5734 quadringentesimo
1828 5658 2034 5713 decimo
2065 5672 2238 5720 nono,
2271 5658 2314 5709 is
2354 5671 2455 5745 una
2485 5669 2604 5709 cum
2646 5655 2765 5710 aliis
2807 5654 3044 5716 eiusdem
3090 5664 3250 5709 sectae
3283 5654 3547 5745 episcopis
3588 5657 3653 5707 ad

381 5767 582 5824 ﬁnium
613 5741 1142 5823 Thessalonicensem
1171 5755 1458 5813 antistitem
1489 5751 1732 5818 scripsit;
1767 5764 1970 5806 necnon
2000 5745 2222 5803 Romam
2254 5747 2318 5801 ad
2349 5741 2567 5811 amicos,
2597 5755 2653 5800 ut
2681 5746 2733 5800 in
2764 5760 2945 5800 errore
2970 5745 3090 5800 illos
3114 5744 3477 5801 conﬁrmaret.
3509 5743 3653 5798 litte-
