  <div class='ocr_page' id='page_1' title='image "/cluster/home/n/w/nwhite01/storage/ocr_20150623/45/hvd.32044096580667/034.png"; bbox 0 0 4010 6186; ppageno 0'>
   <div class='ocr_carea' id='block_1_1' title="bbox 326 386 3593 450">
    <p class='ocr_par' dir='ltr' id='par_1_1' title="bbox 326 386 3593 450">
     <span class='ocr_line' id='line_1_1' title="bbox 326 386 3593 450; baseline -0 -8"><span class='ocrx_word' id='word_1_1' title='bbox 326 387 452 442; x_wconf 70' lang='lat' dir='ltr'><strong>IMI</strong></span> <span class='ocrx_word' id='word_1_2' title='bbox 1213 387 1482 444; x_wconf 74' lang='lat' dir='ltr'><strong>CONTRA</strong></span> <span class='ocrx_word' id='word_1_3' title='bbox 1520 388 1884 446; x_wconf 71' lang='lat' dir='ltr'><strong>SECUNDMI</strong></span> <span class='ocrx_word' id='word_1_4' title='bbox 1923 387 2184 450; x_wconf 78' lang='lat' dir='ltr'><strong>JULI.\NI</strong></span> <span class='ocrx_word' id='word_1_5' title='bbox 2229 386 2768 446; x_wconf 57' lang='lat' dir='ltr'><strong>RESPONSIONENI.</strong></span> <span class='ocrx_word' id='word_1_6' title='bbox 3459 389 3593 444; x_wconf 69' lang='grc' dir='ltr'><strong>ιιιη</strong></span> 
     </span>
    </p>
   </div>
   <div class='ocr_carea' id='block_1_2' title="bbox 321 497 3592 571">
    <p class='ocr_par' dir='ltr' id='par_1_2' title="bbox 321 497 3592 571">
     <span class='ocr_line' id='line_1_2' title="bbox 321 497 3592 571; baseline -0 -19"><span class='ocrx_word' id='word_1_7' title='bbox 321 515 408 553; x_wconf 81' lang='lat' dir='ltr'><strong>ras</strong></span> <span class='ocrx_word' id='word_1_8' title='bbox 434 498 576 553; x_wconf 76' lang='lat' dir='ltr'><strong>misit</strong></span> <span class='ocrx_word' id='word_1_9' title='bbox 600 515 614 552; x_wconf 87' lang='lat'><strong>:</strong></span> <span class='ocrx_word' id='word_1_10' title='bbox 643 498 744 553; x_wconf 81' lang='lat' dir='ltr'><strong>sub</strong></span> <span class='ocrx_word' id='word_1_11' title='bbox 765 497 906 568; x_wconf 86' lang='lat' dir='ltr'><strong>quod</strong></span> <span class='ocrx_word' id='word_1_12' title='bbox 928 500 1087 554; x_wconf 84' lang='lat' dir='ltr'><strong>etiam</strong></span> <span class='ocrx_word' id='word_1_13' title='bbox 1111 510 1318 570; x_wconf 86' lang='lat' dir='ltr'><strong>tempus</strong></span> <span class='ocrx_word' id='word_1_14' title='bbox 1340 501 1570 570; x_wconf 80' lang='lat' dir='ltr'><strong>priorem</strong></span> <span class='ocrx_word' id='word_1_15' title='bbox 1601 501 1875 571; x_wconf 80' lang='lat' dir='ltr'><strong>Augustini</strong></span> <span class='ocrx_word' id='word_1_16' title='bbox 1897 500 2088 556; x_wconf 88' lang='lat' dir='ltr'><strong>librum</strong></span> <span class='ocrx_word' id='word_1_17' title='bbox 2119 499 2186 556; x_wconf 92' lang='lat' dir='ltr'><strong>de</strong></span> <span class='ocrx_word' id='word_1_18' title='bbox 2213 499 2417 569; x_wconf 68' lang='lat' dir='ltr'><strong>Nuptiis</strong></span> <span class='ocrx_word' id='word_1_19' title='bbox 2443 509 2497 556; x_wconf 84' lang='lat' dir='ltr'><strong>et</strong></span> <span class='ocrx_word' id='word_1_20' title='bbox 2522 499 2958 569; x_wconf 84' lang='lat' dir='ltr'><strong>Concupisceutia</strong></span> <span class='ocrx_word' id='word_1_21' title='bbox 2983 507 3208 570; x_wconf 92' lang='lat' dir='ltr'><strong>quatuor</strong></span> <span class='ocrx_word' id='word_1_22' title='bbox 3231 498 3592 554; x_wconf 77' lang='lat' dir='ltr'><strong>volemimtms</strong></span> 
     </span>
    </p>
   </div>
   <div class='ocr_carea' id='block_1_3' title="bbox 323 591 3103 652">
    <p class='ocr_par' dir='ltr' id='par_1_3' title="bbox 323 591 3103 652">
     <span class='ocr_line' id='line_1_3' title="bbox 323 591 3103 652; baseline 0 -7"><span class='ocrx_word' id='word_1_23' title='bbox 323 591 568 646; x_wconf 79' lang='lat' dir='ltr'><strong>refellere</strong></span> <span class='ocrx_word' id='word_1_24' title='bbox 592 601 815 644; x_wconf 75' lang='lat' dir='ltr'><strong>conatus</strong></span> <span class='ocrx_word' id='word_1_25' title='bbox 843 602 944 645; x_wconf 91' lang='lat' dir='ltr'><strong>est.</strong></span> <span class='ocrx_word' id='word_1_26' title='bbox 1636 634 1645 645; x_wconf 92' lang='lat'><strong>.</strong></span> <span class='ocrx_word' id='word_1_27' title='bbox 1888 597 1902 620; x_wconf 94' lang='lat'><strong><em>’</em></strong></span> <span class='ocrx_word' id='word_1_28' title='bbox 3093 645 3103 652; x_wconf 85' lang='grc'><em>,</em></span> 
     </span>
    </p>
   </div>
   <div class='ocr_carea' id='block_1_4' title="bbox 377 679 3596 752">
    <p class='ocr_par' dir='ltr' id='par_1_4' title="bbox 377 679 3596 752">
     <span class='ocr_line' id='line_1_4' title="bbox 377 679 3596 752; baseline -0.001 -16"><span class='ocrx_word' id='word_1_29' title='bbox 377 681 524 736; x_wconf 81' lang='lat' dir='ltr'><strong>&#39;Cum</strong></span> <span class='ocrx_word' id='word_1_30' title='bbox 551 691 732 749; x_wconf 83' lang='lat' dir='ltr'><strong>postea</strong></span> <span class='ocrx_word' id='word_1_31' title='bbox 759 680 930 736; x_wconf 88' lang='lat' dir='ltr'><strong>solmn</strong></span> <span class='ocrx_word' id='word_1_32' title='bbox 958 690 1164 736; x_wconf 86' lang='lat' dir='ltr'><strong>vertere</strong></span> <span class='ocrx_word' id='word_1_33' title='bbox 1185 691 1329 737; x_wconf 87' lang='lat' dir='ltr'><strong>esset</strong></span> <span class='ocrx_word' id='word_1_34' title='bbox 1347 692 1583 744; x_wconf 85' lang='lat' dir='ltr'><strong>coaetus.</strong></span> <span class='ocrx_word' id='word_1_35' title='bbox 1606 683 1769 738; x_wconf 86' lang='lat' dir='ltr'><strong>maria</strong></span> <span class='ocrx_word' id='word_1_36' title='bbox 1795 691 1850 738; x_wconf 90' lang='lat' dir='ltr'><strong>et</strong></span> <span class='ocrx_word' id='word_1_37' title='bbox 1876 691 2046 742; x_wconf 85' lang='lat' dir='ltr'><strong>terras</strong></span> <span class='ocrx_word' id='word_1_38' title='bbox 2067 697 2187 736; x_wconf 88' lang='lat' dir='ltr'><strong>cmn</strong></span> <span class='ocrx_word' id='word_1_39' title='bbox 2215 681 2420 736; x_wconf 86' lang='lat' dir='ltr'><strong>erroris</strong></span> <span class='ocrx_word' id='word_1_40' title='bbox 2438 679 2519 736; x_wconf 89' lang='lat' dir='ltr'><strong>sui</strong></span> <span class='ocrx_word' id='word_1_41' title='bbox 2544 681 2704 735; x_wconf 86' lang='lat' dir='ltr'><strong>sociis</strong></span> <span class='ocrx_word' id='word_1_42' title='bbox 2729 690 2780 736; x_wconf 89' lang='lat' dir='ltr'><strong>et</strong></span> <span class='ocrx_word' id='word_1_43' title='bbox 2805 681 3022 751; x_wconf 80' lang='lat' dir='ltr'><strong>collegis</strong></span> <span class='ocrx_word' id='word_1_44' title='bbox 3051 685 3378 752; x_wconf 79' lang='lat' dir='ltr'><strong>peragravit;</strong></span> <span class='ocrx_word' id='word_1_45' title='bbox 3407 680 3596 736; x_wconf 80' lang='lat' dir='ltr'><strong>Orien-</strong></span> 
     </span>
    </p>
   </div>
   <div class='ocr_carea' id='block_1_5' title="bbox 320 769 3594 843">
    <p class='ocr_par' dir='ltr' id='par_1_5' title="bbox 320 769 3594 843">
     <span class='ocr_line' id='line_1_5' title="bbox 320 769 3594 843; baseline -0.001 -17"><span class='ocrx_word' id='word_1_46' title='bbox 320 781 426 826; x_wconf 88' lang='lat' dir='ltr'><strong>tem</strong></span> <span class='ocrx_word' id='word_1_47' title='bbox 447 813 462 834; x_wconf 90' lang='lat'><strong>,</strong></span> <span class='ocrx_word' id='word_1_48' title='bbox 495 772 546 826; x_wconf 91' lang='lat' dir='ltr'><strong>id</strong></span> <span class='ocrx_word' id='word_1_49' title='bbox 575 781 690 835; x_wconf 85' lang='lat' dir='ltr'><strong>est,</strong></span> <span class='ocrx_word' id='word_1_50' title='bbox 719 772 900 826; x_wconf 82' lang='lat' dir='ltr'><strong>Asiam</strong></span> <span class='ocrx_word' id='word_1_51' title='bbox 932 773 1189 828; x_wconf 81' lang='lat' dir='ltr'><strong>minorem</strong></span> <span class='ocrx_word' id='word_1_52' title='bbox 1217 773 1498 837; x_wconf 87' lang='lat' dir='ltr'><strong>lustravit;</strong></span> <span class='ocrx_word' id='word_1_53' title='bbox 1530 783 1582 827; x_wconf 90' lang='lat' dir='ltr'><strong>et</strong></span> <span class='ocrx_word' id='word_1_54' title='bbox 1611 772 1819 829; x_wconf 81' lang='lat' dir='ltr'><strong>tandem</strong></span> <span class='ocrx_word' id='word_1_55' title='bbox 1854 773 1903 828; x_wconf 91' lang='lat' dir='ltr'><strong>in</strong></span> <span class='ocrx_word' id='word_1_56' title='bbox 1925 769 2104 826; x_wconf 86' lang='lat' dir='ltr'><strong>Cilicia</strong></span> <span class='ocrx_word' id='word_1_57' title='bbox 2135 772 2272 843; x_wconf 90' lang='lat' dir='ltr'><strong>apud</strong></span> <span class='ocrx_word' id='word_1_58' title='bbox 2299 770 2635 826; x_wconf 87' lang='lat' dir='ltr'><strong>Theodorum</strong></span> <span class='ocrx_word' id='word_1_59' title='bbox 2664 771 3088 842; x_wconf 66' lang='lat' dir='ltr'><strong>Mupsttesleuum</strong></span> <span class='ocrx_word' id='word_1_60' title='bbox 3116 788 3272 841; x_wconf 91' lang='lat' dir='ltr'><strong>quem</strong></span> <span class='ocrx_word' id='word_1_61' title='bbox 3298 771 3594 840; x_wconf 67' lang='lat' dir='ltr'><strong>Pelagiana:</strong></span> 
     </span>
    </p>
   </div>
   <div class='ocr_carea' id='block_1_6' title="bbox 320 861 3590 933">
    <p class='ocr_par' dir='ltr' id='par_1_6' title="bbox 320 861 3590 933">
     <span class='ocr_line' id='line_1_6' title="bbox 320 861 3590 933; baseline 0 -19"><span class='ocrx_word' id='word_1_62' title='bbox 320 862 540 917; x_wconf 67' lang='lat' dir='ltr'><strong>Imresis</strong></span> <span class='ocrx_word' id='word_1_63' title='bbox 564 877 715 931; x_wconf 59' lang='lat' dir='ltr'><strong>atque</strong></span> <span class='ocrx_word' id='word_1_64' title='bbox 743 873 1013 931; x_wconf 86' lang='lat' dir='ltr'><strong>parentem</strong></span> <span class='ocrx_word' id='word_1_65' title='bbox 1043 879 1106 916; x_wconf 91' lang='lat' dir='ltr'><strong>ac</strong></span> <span class='ocrx_word' id='word_1_66' title='bbox 1135 863 1460 918; x_wconf 65' lang='lat' dir='ltr'><strong>Nestoriana:</strong></span> <span class='ocrx_word' id='word_1_67' title='bbox 1489 864 1721 928; x_wconf 89' lang='lat' dir='ltr'><strong>faciunt,</strong></span> <span class='ocrx_word' id='word_1_68' title='bbox 1753 863 1931 931; x_wconf 88' lang='lat' dir='ltr'><strong>quiete</strong></span> <span class='ocrx_word' id='word_1_69' title='bbox 1961 863 2209 917; x_wconf 86' lang='lat' dir='ltr'><strong>nonnulla</strong></span> <span class='ocrx_word' id='word_1_70' title='bbox 2243 862 2441 933; x_wconf 88' lang='lat' dir='ltr'><strong>potitus</strong></span> <span class='ocrx_word' id='word_1_71' title='bbox 2478 873 2577 915; x_wconf 90' lang='lat' dir='ltr'><strong>est.</strong></span> <span class='ocrx_word' id='word_1_72' title='bbox 2616 861 2721 914; x_wconf 90' lang='lat' dir='ltr'><strong>Illic</strong></span> <span class='ocrx_word' id='word_1_73' title='bbox 2751 863 2884 915; x_wconf 87' lang='lat' dir='ltr'><strong>alios</strong></span> <span class='ocrx_word' id='word_1_74' title='bbox 2912 871 3033 916; x_wconf 90' lang='lat' dir='ltr'><strong>octo</strong></span> <span class='ocrx_word' id='word_1_75' title='bbox 3063 863 3224 915; x_wconf 74' lang='lat' dir='ltr'><strong>libros</strong></span> <span class='ocrx_word' id='word_1_76' title='bbox 3259 863 3309 916; x_wconf 91' lang='lat' dir='ltr'><strong>in</strong></span> <span class='ocrx_word' id='word_1_77' title='bbox 3344 863 3590 929; x_wconf 81' lang='lat' dir='ltr'><strong>Augusti-</strong></span> 
     </span>
    </p>
   </div>
   <div class='ocr_carea' id='block_1_7' title="bbox 319 951 3592 1024">
    <p class='ocr_par' dir='ltr' id='par_1_7' title="bbox 319 951 3592 1024">
     <span class='ocr_line' id='line_1_7' title="bbox 319 951 3592 1024; baseline 0 -20"><span class='ocrx_word' id='word_1_78' title='bbox 319 967 448 1004; x_wconf 90' lang='lat' dir='ltr'><strong>num</strong></span> <span class='ocrx_word' id='word_1_79' title='bbox 475 951 736 1005; x_wconf 82' lang='lat' dir='ltr'><strong>coodidit.</strong></span> <span class='ocrx_word' id='word_1_80' title='bbox 769 951 874 1005; x_wconf 89' lang='lat' dir='ltr'><strong>Sed</strong></span> <span class='ocrx_word' id='word_1_81' title='bbox 898 967 1068 1021; x_wconf 88' lang='lat' dir='ltr'><strong>neque</strong></span> <span class='ocrx_word' id='word_1_82' title='bbox 1091 953 1510 1011; x_wconf 74' lang='lat' dir='ltr'><strong>dubitaverimns</strong></span> <span class='ocrx_word' id='word_1_83' title='bbox 1530 953 1656 1022; x_wconf 92' lang='lat' dir='ltr'><strong>quin</strong></span> <span class='ocrx_word' id='word_1_84' title='bbox 1685 953 1784 1023; x_wconf 86' lang='lat' dir='ltr'><strong>ipsi</strong></span> <span class='ocrx_word' id='word_1_85' title='bbox 1812 951 2115 1016; x_wconf 80' lang='lat' dir='ltr'><strong>Theodoro,</strong></span> <span class='ocrx_word' id='word_1_86' title='bbox 2147 961 2202 1007; x_wconf 91' lang='lat' dir='ltr'><strong>ut</strong></span> <span class='ocrx_word' id='word_1_87' title='bbox 2230 952 2484 1007; x_wconf 82' lang='lat' dir='ltr'><strong>adversus</strong></span> <span class='ocrx_word' id='word_1_88' title='bbox 2508 952 2780 1022; x_wconf 78' lang='lat' dir='ltr'><strong>originalis</strong></span> <span class='ocrx_word' id='word_1_89' title='bbox 2810 954 3008 1020; x_wconf 89' lang='lat' dir='ltr'><strong>peccati</strong></span> <span class='ocrx_word' id='word_1_90' title='bbox 3037 962 3332 1007; x_wconf 76' lang='lat' dir='ltr'><strong>assertores</strong></span> <span class='ocrx_word' id='word_1_91' title='bbox 3359 955 3592 1024; x_wconf 77' lang='lat' dir='ltr'><strong>quinque</strong></span> 
     </span>
    </p>
   </div>
   <div class='ocr_carea' id='block_1_8' title="bbox 318 1041 3593 1114">
    <p class='ocr_par' dir='ltr' id='par_1_8' title="bbox 318 1041 3593 1114">
     <span class='ocr_line' id='line_1_8' title="bbox 318 1041 3593 1114; baseline 0.001 -20"><span class='ocrx_word' id='word_1_92' title='bbox 318 1054 449 1094; x_wconf 84' lang='lat' dir='ltr'><strong>suos</strong></span> <span class='ocrx_word' id='word_1_93' title='bbox 480 1041 645 1095; x_wconf 84' lang='lat' dir='ltr'><strong>libros</strong></span> <span class='ocrx_word' id='word_1_94' title='bbox 667 1041 952 1102; x_wconf 88' lang='lat' dir='ltr'><strong>emitteret.</strong></span> <span class='ocrx_word' id='word_1_95' title='bbox 980 1053 1164 1096; x_wconf 84' lang='lat' dir='ltr'><strong>auctor</strong></span> <span class='ocrx_word' id='word_1_96' title='bbox 1184 1042 1364 1097; x_wconf 91' lang='lat' dir='ltr'><strong>fuerit.</strong></span> <span class='ocrx_word' id='word_1_97' title='bbox 1393 1042 1764 1098; x_wconf 84' lang='lat' dir='ltr'><strong>Verumtamen</strong></span> <span class='ocrx_word' id='word_1_98' title='bbox 1793 1060 1823 1098; x_wconf 90' lang='lat' dir='ltr'><strong>e</strong></span> <span class='ocrx_word' id='word_1_99' title='bbox 1844 1042 2028 1098; x_wconf 88' lang='lat' dir='ltr'><strong>Cilicia</strong></span> <span class='ocrx_word' id='word_1_100' title='bbox 2048 1043 2260 1096; x_wconf 76' lang='lat' dir='ltr'><strong>vixdum</strong></span> <span class='ocrx_word' id='word_1_101' title='bbox 2280 1052 2600 1110; x_wconf 74' lang='lat' dir='ltr'><strong>excesserat,</strong></span> <span class='ocrx_word' id='word_1_102' title='bbox 2629 1058 2749 1096; x_wconf 90' lang='lat' dir='ltr'><strong>cum</strong></span> <span class='ocrx_word' id='word_1_103' title='bbox 2782 1043 2828 1097; x_wconf 91' lang='lat' dir='ltr'><strong>ei</strong></span> <span class='ocrx_word' id='word_1_104' title='bbox 2857 1043 3166 1098; x_wconf 76' lang='lat' dir='ltr'><strong>Theodorus</strong></span> <span class='ocrx_word' id='word_1_105' title='bbox 3195 1045 3277 1098; x_wconf 91' lang='lat' dir='ltr'><strong>ille</strong></span> <span class='ocrx_word' id='word_1_106' title='bbox 3303 1045 3352 1098; x_wconf 92' lang='lat' dir='ltr'><strong>in</strong></span> <span class='ocrx_word' id='word_1_107' title='bbox 3377 1045 3593 1114; x_wconf 67' lang='lat' dir='ltr'><strong>provido</strong></span> 
     </span>
    </p>
   </div>
   <div class='ocr_carea' id='block_1_9' title="bbox 317 1123 3591 1207">
    <p class='ocr_par' dir='ltr' id='par_1_9' title="bbox 317 1123 3591 1207">
     <span class='ocr_line' id='line_1_9' title="bbox 317 1123 3591 1207; baseline 0.002 -23"><span class='ocrx_word' id='word_1_108' title='bbox 317 1131 440 1186; x_wconf 84' lang='lat' dir='ltr'><strong>ciali</strong></span> <span class='ocrx_word' id='word_1_109' title='bbox 487 1131 694 1203; x_wconf 79' lang='lat' dir='ltr'><strong>synodo</strong></span> <span class='ocrx_word' id='word_1_110' title='bbox 729 1132 1082 1188; x_wconf 84' lang='lat' dir='ltr'><strong>anathematis</strong></span> <span class='ocrx_word' id='word_1_111' title='bbox 1126 1145 1306 1188; x_wconf 86' lang='lat' dir='ltr'><strong>notam</strong></span> <span class='ocrx_word' id='word_1_112' title='bbox 1353 1134 1539 1189; x_wconf 80' lang='lat' dir='ltr'><strong>inussit</strong></span> <span class='ocrx_word' id='word_1_113' title='bbox 1580 1134 1788 1204; x_wconf 79' lang='lat' dir='ltr'><strong>(Infra,</strong></span> <span class='ocrx_word' id='word_1_114' title='bbox 1820 1134 2050 1203; x_wconf 80' lang='lat' dir='ltr'><strong>Append.</strong></span> <span class='ocrx_word' id='word_1_115' title='bbox 2082 1144 2223 1204; x_wconf 80' lang='lat' dir='ltr'><strong>parte</strong></span> <span class='ocrx_word' id='word_1_116' title='bbox 2245 1134 2322 1201; x_wconf 70' lang='lat'><strong>2).</strong></span> <span class='ocrx_word' id='word_1_117' title='bbox 2355 1133 2554 1187; x_wconf 90' lang='lat' dir='ltr'><strong>Italiam</strong></span> <span class='ocrx_word' id='word_1_118' title='bbox 2602 1151 2740 1188; x_wconf 90' lang='lat' dir='ltr'><strong>anno</strong></span> <span class='ocrx_word' id='word_1_119' title='bbox 2780 1123 3304 1205; x_wconf 78' lang='lat' dir='ltr'><strong>quadringentesimo</strong></span> <span class='ocrx_word' id='word_1_120' title='bbox 3334 1137 3591 1207; x_wconf 86' lang='lat' dir='ltr'><strong>vigesimo</strong></span> 
     </span>
    </p>
   </div>
   <div class='ocr_carea' id='block_1_10' title="bbox 317 1223 3590 1304">
    <p class='ocr_par' dir='ltr' id='par_1_10' title="bbox 317 1223 3590 1304">
     <span class='ocr_line' id='line_1_10' title="bbox 317 1223 3590 1304; baseline 0.002 -30"><span class='ocrx_word' id='word_1_121' title='bbox 317 1223 493 1290; x_wconf 85' lang='lat' dir='ltr'><strong>primo</strong></span> <span class='ocrx_word' id='word_1_122' title='bbox 528 1239 634 1293; x_wconf 88' lang='lat' dir='ltr'><strong>quo</strong></span> <span class='ocrx_word' id='word_1_123' title='bbox 663 1223 882 1294; x_wconf 76' lang='lat' dir='ltr'><strong>Alypius</strong></span> <span class='ocrx_word' id='word_1_124' title='bbox 909 1225 1189 1292; x_wconf 73' lang='lat' dir='ltr'><strong>episcopus</strong></span> <span class='ocrx_word' id='word_1_125' title='bbox 1225 1241 1318 1280; x_wconf 79' lang='lat' dir='ltr'><strong>sex</strong></span> <span class='ocrx_word' id='word_1_126' title='bbox 1349 1225 1623 1294; x_wconf 76' lang='lat' dir='ltr'><strong>Augustini</strong></span> <span class='ocrx_word' id='word_1_127' title='bbox 1655 1225 1819 1280; x_wconf 84' lang='lat' dir='ltr'><strong>libros</strong></span> <span class='ocrx_word' id='word_1_128' title='bbox 1861 1225 2116 1284; x_wconf 72' lang='lat' dir='ltr'><strong>adversus</strong></span> <span class='ocrx_word' id='word_1_129' title='bbox 2161 1223 2406 1282; x_wconf 81' lang='lat' dir='ltr'><strong>euindem</strong></span> <span class='ocrx_word' id='word_1_130' title='bbox 2441 1225 2565 1282; x_wconf 89' lang='lat' dir='ltr'><strong>illnc</strong></span> <span class='ocrx_word' id='word_1_131' title='bbox 2595 1225 2812 1289; x_wconf 87' lang='lat' dir='ltr'><strong>detulit,</strong></span> <span class='ocrx_word' id='word_1_132' title='bbox 2836 1225 2946 1296; x_wconf 89' lang='lat' dir='ltr'><strong>jam</strong></span> <span class='ocrx_word' id='word_1_133' title='bbox 2979 1228 3260 1296; x_wconf 81' lang='lat' dir='ltr'><strong>reliquerat</strong></span> <span class='ocrx_word' id='word_1_134' title='bbox 3298 1245 3310 1280; x_wconf 92' lang='lat'>:</span> <span class='ocrx_word' id='word_1_135' title='bbox 3347 1229 3590 1304; x_wconf 84' lang='lat' dir='ltr'><strong>quamle-</strong></span> 
     </span>
    </p>
   </div>
   <div class='ocr_carea' id='block_1_11' title="bbox 316 1311 3589 1392">
    <p class='ocr_par' dir='ltr' id='par_1_11' title="bbox 316 1311 3589 1392">
     <span class='ocr_line' id='line_1_11' title="bbox 316 1311 3589 1392; baseline 0.003 -30"><span class='ocrx_word' id='word_1_136' title='bbox 316 1311 564 1379; x_wconf 85' lang='lat' dir='ltr'><strong>quidem,</strong></span> <span class='ocrx_word' id='word_1_137' title='bbox 595 1327 715 1366; x_wconf 89' lang='lat' dir='ltr'><strong>cum</strong></span> <span class='ocrx_word' id='word_1_138' title='bbox 751 1322 873 1367; x_wconf 85' lang='lat' dir='ltr'><strong>octo</strong></span> <span class='ocrx_word' id='word_1_139' title='bbox 901 1329 1026 1366; x_wconf 91' lang='lat' dir='ltr'><strong>suos</strong></span> <span class='ocrx_word' id='word_1_140' title='bbox 1051 1313 1102 1368; x_wconf 90' lang='lat' dir='ltr'><strong>in</strong></span> <span class='ocrx_word' id='word_1_141' title='bbox 1128 1324 1368 1368; x_wconf 84' lang='lat' dir='ltr'><strong>sanctum</strong></span> <span class='ocrx_word' id='word_1_142' title='bbox 1397 1315 1677 1372; x_wconf 79' lang='lat' dir='ltr'><strong>Ductorem</strong></span> <span class='ocrx_word' id='word_1_143' title='bbox 1718 1315 1911 1380; x_wconf 86' lang='lat' dir='ltr'><strong>edidit,</strong></span> <span class='ocrx_word' id='word_1_144' title='bbox 1942 1315 2161 1370; x_wconf 88' lang='lat' dir='ltr'><strong>omnino</strong></span> <span class='ocrx_word' id='word_1_145' title='bbox 2208 1313 2276 1370; x_wconf 86' lang='lat' dir='ltr'><strong>de</strong></span> <span class='ocrx_word' id='word_1_146' title='bbox 2324 1313 2495 1371; x_wconf 81' lang='lat' dir='ltr'><strong>iSIhoc</strong></span> <span class='ocrx_word' id='word_1_147' title='bbox 2543 1315 2686 1372; x_wconf 88' lang='lat' dir='ltr'><strong>illius</strong></span> <span class='ocrx_word' id='word_1_148' title='bbox 2729 1331 2891 1388; x_wconf 90' lang='lat' dir='ltr'><strong>opere</strong></span> <span class='ocrx_word' id='word_1_149' title='bbox 2937 1317 3064 1372; x_wconf 83' lang='lat' dir='ltr'><strong>nihil</strong></span> <span class='ocrx_word' id='word_1_150' title='bbox 3111 1319 3348 1374; x_wconf 80' lang='lat' dir='ltr'><strong>audierat</strong></span> <span class='ocrx_word' id='word_1_151' title='bbox 3393 1318 3589 1392; x_wconf 79' lang='lat' dir='ltr'><strong>(Infra,</strong></span> 
     </span>
    </p>
   </div>
   <div class='ocr_carea' id='block_1_12' title="bbox 321 1401 1216 1474">
    <p class='ocr_par' dir='ltr' id='par_1_12' title="bbox 321 1401 1216 1474">
     <span class='ocr_line' id='line_1_12' title="bbox 321 1401 1216 1474; baseline 0.001 -18"><span class='ocrx_word' id='word_1_152' title='bbox 321 1401 504 1472; x_wconf 75' lang='lat' dir='ltr'><strong>Oper-is</strong></span> <span class='ocrx_word' id='word_1_153' title='bbox 529 1403 730 1473; x_wconf 74' lang='lat' dir='ltr'><strong>imper].</strong></span> <span class='ocrx_word' id='word_1_154' title='bbox 763 1403 850 1459; x_wconf 80' lang='lat' dir='ltr'><strong>lib.</strong></span> <span class='ocrx_word' id='word_1_155' title='bbox 878 1405 930 1466; x_wconf 68' lang='grc'><strong>4.</strong></span> <span class='ocrx_word' id='word_1_156' title='bbox 960 1422 1073 1474; x_wconf 84' lang='lat' dir='ltr'><strong>cap.</strong></span> <span class='ocrx_word' id='word_1_157' title='bbox 1105 1406 1216 1474; x_wconf 83' lang='lat'><strong>58).</strong></span> 
     </span>
    </p>
   </div>
   <div class='ocr_carea' id='block_1_13' title="bbox 390 1493 3590 1568">
    <p class='ocr_par' dir='ltr' id='par_1_13' title="bbox 390 1493 3590 1568">
     <span class='ocr_line' id='line_1_13' title="bbox 390 1493 3590 1568; baseline 0 -20"><span class='ocrx_word' id='word_1_158' title='bbox 390 1495 518 1564; x_wconf 80' lang='lat' dir='ltr'><strong>Ejus</strong></span> <span class='ocrx_word' id='word_1_159' title='bbox 545 1496 868 1550; x_wconf 72' lang='lat' dir='ltr'><strong>mentionem</strong></span> <span class='ocrx_word' id='word_1_160' title='bbox 889 1511 956 1550; x_wconf 81' lang='lat' dir='ltr'><strong>ex</strong></span> <span class='ocrx_word' id='word_1_161' title='bbox 986 1511 1092 1565; x_wconf 90' lang='lat' dir='ltr'><strong>quo</strong></span> <span class='ocrx_word' id='word_1_162' title='bbox 1118 1495 1360 1566; x_wconf 77' lang='lat' dir='ltr'><strong>migravit</strong></span> <span class='ocrx_word' id='word_1_163' title='bbox 1379 1510 1409 1554; x_wconf 89' lang='lat' dir='ltr'><strong>e</strong></span> <span class='ocrx_word' id='word_1_164' title='bbox 1435 1494 1617 1556; x_wconf 87' lang='lat' dir='ltr'><strong>Cilicia</strong></span> <span class='ocrx_word' id='word_1_165' title='bbox 1637 1495 1688 1550; x_wconf 91' lang='lat' dir='ltr'><strong>in</strong></span> <span class='ocrx_word' id='word_1_166' title='bbox 1709 1510 1905 1551; x_wconf 86' lang='lat' dir='ltr'><strong>annum</strong></span> <span class='ocrx_word' id='word_1_167' title='bbox 1932 1509 2096 1563; x_wconf 87' lang='lat' dir='ltr'><strong>usque</strong></span> <span class='ocrx_word' id='word_1_168' title='bbox 2119 1493 2696 1566; x_wconf 79' lang='lat' dir='ltr'><strong>quadringentesimum</strong></span> <span class='ocrx_word' id='word_1_169' title='bbox 2729 1493 3039 1568; x_wconf 81' lang='lat' dir='ltr'><strong>vigesimum</strong></span> <span class='ocrx_word' id='word_1_170' title='bbox 3062 1504 3305 1550; x_wconf 88' lang='lat' dir='ltr'><strong>octavum</strong></span> <span class='ocrx_word' id='word_1_171' title='bbox 3330 1513 3590 1568; x_wconf 83' lang='lat' dir='ltr'><strong>nusquam</strong></span> 
     </span>
    </p>
   </div>
   <div class='ocr_carea' id='block_1_14' title="bbox 317 1584 3592 1656">
    <p class='ocr_par' dir='ltr' id='par_1_14' title="bbox 317 1584 3592 1656">
     <span class='ocr_line' id='line_1_14' title="bbox 317 1584 3592 1656; baseline -0.001 -16"><span class='ocrx_word' id='word_1_172' title='bbox 317 1587 632 1655; x_wconf 88' lang='lat' dir='ltr'><strong>reperimus.</strong></span> <span class='ocrx_word' id='word_1_173' title='bbox 664 1587 730 1640; x_wconf 79' lang='lat' dir='ltr'><strong>At</strong></span> <span class='ocrx_word' id='word_1_174' title='bbox 757 1586 970 1654; x_wconf 89' lang='lat' dir='ltr'><strong>ponitur</strong></span> <span class='ocrx_word' id='word_1_175' title='bbox 993 1585 1232 1642; x_wconf 82' lang='lat' dir='ltr'><strong>Julianus</strong></span> <span class='ocrx_word' id='word_1_176' title='bbox 1260 1586 1416 1640; x_wconf 86' lang='lat' dir='ltr'><strong>veluti</strong></span> <span class='ocrx_word' id='word_1_177' title='bbox 1457 1586 1562 1642; x_wconf 84' lang='lat' dir='ltr'><strong>dux</strong></span> <span class='ocrx_word' id='word_1_178' title='bbox 1593 1601 1654 1642; x_wconf 91' lang='lat' dir='ltr'><strong>ac</strong></span> <span class='ocrx_word' id='word_1_179' title='bbox 1686 1585 1982 1655; x_wconf 88' lang='lat' dir='ltr'><strong>primipilus</strong></span> <span class='ocrx_word' id='word_1_180' title='bbox 2007 1601 2190 1638; x_wconf 89' lang='lat' dir='ltr'><strong>eorum</strong></span> <span class='ocrx_word' id='word_1_181' title='bbox 2219 1585 2619 1653; x_wconf 85' lang='lat' dir='ltr'><strong>episcoporum,</strong></span> <span class='ocrx_word' id='word_1_182' title='bbox 2661 1584 2751 1656; x_wconf 92' lang='lat' dir='ltr'><strong>qui</strong></span> <span class='ocrx_word' id='word_1_183' title='bbox 2783 1584 2852 1638; x_wconf 89' lang='lat' dir='ltr'><strong>ob</strong></span> <span class='ocrx_word' id='word_1_184' title='bbox 2888 1593 3132 1656; x_wconf 88' lang='lat' dir='ltr'><strong>negatum</strong></span> <span class='ocrx_word' id='word_1_185' title='bbox 3170 1585 3427 1656; x_wconf 78' lang='lat' dir='ltr'><strong>originale</strong></span> <span class='ocrx_word' id='word_1_186' title='bbox 3465 1601 3592 1654; x_wconf 84' lang='lat' dir='ltr'><strong>pee-</strong></span> 
     </span>
    </p>
   </div>
   <div class='ocr_carea' id='block_1_15' title="bbox 317 1658 3595 1744">
    <p class='ocr_par' dir='ltr' id='par_1_15' title="bbox 317 1658 3595 1744">
     <span class='ocr_line' id='line_1_15' title="bbox 317 1658 3595 1744; baseline -0.001 -16"><span class='ocrx_word' id='word_1_187' title='bbox 317 1685 491 1729; x_wconf 87' lang='lat' dir='ltr'><strong>catum</strong></span> <span class='ocrx_word' id='word_1_188' title='bbox 519 1674 697 1732; x_wconf 79' lang='lat' dir='ltr'><strong>ofﬁcio</strong></span> <span class='ocrx_word' id='word_1_189' title='bbox 723 1675 968 1738; x_wconf 84' lang='lat' dir='ltr'><strong>abdicati,</strong></span> <span class='ocrx_word' id='word_1_190' title='bbox 997 1675 1223 1730; x_wconf 80' lang='lat' dir='ltr'><strong>NcStorii</strong></span> <span class='ocrx_word' id='word_1_191' title='bbox 1251 1677 1552 1744; x_wconf 71' lang='lat' dir='ltr'><strong>prsesidium</strong></span> <span class='ocrx_word' id='word_1_192' title='bbox 1579 1658 1792 1730; x_wconf 75' lang='lat' dir='ltr'><strong>circiter</strong></span> <span class='ocrx_word' id='word_1_193' title='bbox 1820 1677 1989 1744; x_wconf 86' lang='lat' dir='ltr'><strong>ipsum</strong></span> <span class='ocrx_word' id='word_1_194' title='bbox 2023 1689 2218 1726; x_wconf 88' lang='lat' dir='ltr'><strong>annum</strong></span> <span class='ocrx_word' id='word_1_195' title='bbox 2254 1671 2830 1742; x_wconf 83' lang='lat' dir='ltr'><strong>quadringentesimum</strong></span> <span class='ocrx_word' id='word_1_196' title='bbox 2861 1673 3172 1743; x_wconf 82' lang='lat' dir='ltr'><strong>vigesimum</strong></span> <span class='ocrx_word' id='word_1_197' title='bbox 3215 1684 3459 1727; x_wconf 89' lang='lat' dir='ltr'><strong>octavum</strong></span> <span class='ocrx_word' id='word_1_198' title='bbox 3493 1677 3595 1726; x_wconf 80' lang='lat' dir='ltr'><strong>im-</strong></span> 
     </span>
    </p>
   </div>
   <div class='ocr_carea' id='block_1_16' title="bbox 318 1764 3588 1836">
    <p class='ocr_par' dir='ltr' id='par_1_16' title="bbox 318 1764 3588 1836">
     <span class='ocr_line' id='line_1_16' title="bbox 318 1764 3588 1836; baseline -0.001 -17"><span class='ocrx_word' id='word_1_199' title='bbox 318 1767 614 1835; x_wconf 89' lang='lat' dir='ltr'><strong>plorarunt.</strong></span> <span class='ocrx_word' id='word_1_200' title='bbox 643 1766 773 1821; x_wconf 93' lang='lat' dir='ltr'><strong>IIinc</strong></span> <span class='ocrx_word' id='word_1_201' title='bbox 802 1767 1082 1833; x_wconf 78' lang='lat' dir='ltr'><strong>Mercator,</strong></span> <span class='ocrx_word' id='word_1_202' title='bbox 1107 1765 1424 1826; x_wconf 72' lang='lat' dir='ltr'><strong>Prmfatione</strong></span> <span class='ocrx_word' id='word_1_203' title='bbox 1449 1767 1515 1819; x_wconf 89' lang='lat' dir='ltr'><strong>ad</strong></span> <span class='ocrx_word' id='word_1_204' title='bbox 1542 1766 1768 1821; x_wconf 68' lang='lat' dir='ltr'><strong>Nestor-ii</strong></span> <span class='ocrx_word' id='word_1_205' title='bbox 1790 1766 2045 1822; x_wconf 85' lang='lat' dir='ltr'><strong>adversus</strong></span> <span class='ocrx_word' id='word_1_206' title='bbox 2071 1764 2407 1836; x_wconf 81' lang='lat' dir='ltr'><strong>Pelagianam</strong></span> <span class='ocrx_word' id='word_1_207' title='bbox 2431 1764 2675 1818; x_wconf 77' lang='lat' dir='ltr'><strong>lizeresim</strong></span> <span class='ocrx_word' id='word_1_208' title='bbox 2701 1779 2977 1819; x_wconf 83' lang='lat' dir='ltr'><strong>sermones</strong></span> <span class='ocrx_word' id='word_1_209' title='bbox 3005 1783 3018 1819; x_wconf 90' lang='lat'>:</span> <span class='ocrx_word' id='word_1_210' title='bbox 3049 1783 3066 1815; x_wconf 78' lang='grc' dir='ltr'><strong>ι</strong></span> <span class='ocrx_word' id='word_1_211' title='bbox 3099 1765 3294 1818; x_wconf 83' lang='lat' dir='ltr'><strong>Contra</strong></span> <span class='ocrx_word' id='word_1_212' title='bbox 3322 1765 3538 1835; x_wconf 84' lang='lat' dir='ltr'><strong>Pelagii,</strong></span> <span class='ocrx_word' id='word_1_213' title='bbox 3571 1787 3588 1818; x_wconf 73' lang='grc' dir='ltr'><strong><em>ο</em></strong></span> 
     </span>
    </p>
   </div>
   <div class='ocr_carea' id='block_1_17' title="bbox 315 1855 3595 1928">
    <p class='ocr_par' dir='ltr' id='par_1_17' title="bbox 315 1855 3595 1928">
     <span class='ocr_line' id='line_1_17' title="bbox 315 1855 3595 1928; baseline -0 -18"><span class='ocrx_word' id='word_1_214' title='bbox 315 1857 428 1922; x_wconf 87' lang='lat' dir='ltr'><strong>ait,</strong></span> <span class='ocrx_word' id='word_1_215' title='bbox 466 1875 485 1910; x_wconf 78' lang='grc' dir='ltr'><strong>ι</strong></span> <span class='ocrx_word' id='word_1_216' title='bbox 515 1871 610 1912; x_wconf 86' lang='lat' dir='ltr'><strong>seu</strong></span> <span class='ocrx_word' id='word_1_217' title='bbox 637 1857 874 1914; x_wconf 64' lang='lat' dir='ltr'><strong>Celestii</strong></span> <span class='ocrx_word' id='word_1_218' title='bbox 907 1873 1119 1927; x_wconf 83' lang='lat' dir='ltr'><strong>pravam</strong></span> <span class='ocrx_word' id='word_1_219' title='bbox 1147 1867 1200 1912; x_wconf 89' lang='lat' dir='ltr'><strong>et</strong></span> <span class='ocrx_word' id='word_1_220' title='bbox 1226 1858 1442 1927; x_wconf 85' lang='lat' dir='ltr'><strong>impiam</strong></span> <span class='ocrx_word' id='word_1_221' title='bbox 1471 1858 1833 1916; x_wconf 80' lang='lat' dir='ltr'><strong>deﬁnitionem</strong></span> <span class='ocrx_word' id='word_1_222' title='bbox 1861 1857 2101 1928; x_wconf 88' lang='lat' dir='ltr'><strong>quamvis</strong></span> <span class='ocrx_word' id='word_1_223' title='bbox 2131 1866 2276 1911; x_wconf 90' lang='lat' dir='ltr'><strong>recte</strong></span> <span class='ocrx_word' id='word_1_224' title='bbox 2301 1857 2523 1912; x_wconf 87' lang='lat' dir='ltr'><strong>sentiret</strong></span> <span class='ocrx_word' id='word_1_225' title='bbox 2547 1865 2598 1911; x_wconf 88' lang='lat' dir='ltr'><strong>et</strong></span> <span class='ocrx_word' id='word_1_226' title='bbox 2623 1856 2839 1912; x_wconf 86' lang='lat' dir='ltr'><strong>doceret</strong></span> <span class='ocrx_word' id='word_1_227' title='bbox 2871 1875 2889 1908; x_wconf 72' lang='grc' dir='ltr'><strong>ι</strong></span> <span class='ocrx_word' id='word_1_228' title='bbox 2923 1855 3226 1918; x_wconf 81' lang='lat' dir='ltr'><strong>Nestorius;</strong></span> <span class='ocrx_word' id='word_1_229' title='bbox 3262 1875 3279 1908; x_wconf 73' lang='grc' dir='ltr'><strong>ι</strong></span> <span class='ocrx_word' id='word_1_230' title='bbox 3320 1855 3595 1912; x_wconf 83' lang='lat' dir='ltr'><strong>Julianum</strong></span> 
     </span>
    </p>
   </div>
   <div class='ocr_carea' id='block_1_18' title="bbox 322 1947 3596 2020">
    <p class='ocr_par' dir='ltr' id='par_1_18' title="bbox 322 1947 3596 2020">
     <span class='ocr_line' id='line_1_18' title="bbox 322 1947 3596 2020; baseline -0 -19"><span class='ocrx_word' id='word_1_231' title='bbox 322 1958 500 2004; x_wconf 87' lang='lat' dir='ltr'><strong>tamen</strong></span> <span class='ocrx_word' id='word_1_232' title='bbox 530 1950 903 2020; x_wconf 83' lang='lat' dir='ltr'><strong>exepiscopum</strong></span> <span class='ocrx_word' id='word_1_233' title='bbox 936 1950 1308 2016; x_wconf 85' lang='lat' dir='ltr'><strong>Eclanensem,</strong></span> <span class='ocrx_word' id='word_1_234' title='bbox 1336 1965 1457 2008; x_wconf 88' lang='lat' dir='ltr'><strong>cum</strong></span> <span class='ocrx_word' id='word_1_235' title='bbox 1491 1951 1836 2020; x_wconf 81' lang='lat' dir='ltr'><strong>participibus</strong></span> <span class='ocrx_word' id='word_1_236' title='bbox 1865 1949 1974 2004; x_wconf 89' lang='lat' dir='ltr'><strong>suis</strong></span> <span class='ocrx_word' id='word_1_237' title='bbox 1994 1991 2008 2014; x_wconf 94' lang='lat'><strong>,</strong></span> <span class='ocrx_word' id='word_1_238' title='bbox 2037 1948 2187 2016; x_wconf 87' lang='lat' dir='ltr'><strong>cujus</strong></span> <span class='ocrx_word' id='word_1_239' title='bbox 2217 1947 2434 2004; x_wconf 64' lang='lat' dir='ltr'><strong>hatresis</strong></span> <span class='ocrx_word' id='word_1_240' title='bbox 2461 1947 2768 2020; x_wconf 74' lang='lat' dir='ltr'><strong>signiferum</strong></span> <span class='ocrx_word' id='word_1_241' title='bbox 2800 1959 2853 2003; x_wconf 94' lang='lat' dir='ltr'><strong>et</strong></span> <span class='ocrx_word' id='word_1_242' title='bbox 2881 1949 3284 2015; x_wconf 84' lang='lat' dir='ltr'><strong>antesignanum</strong></span> <span class='ocrx_word' id='word_1_243' title='bbox 3313 1989 3325 2014; x_wconf 88' lang='lat'><strong>,</strong></span> <span class='ocrx_word' id='word_1_244' title='bbox 3357 1949 3486 2001; x_wconf 89' lang='lat' dir='ltr'><strong>olim</strong></span> <span class='ocrx_word' id='word_1_245' title='bbox 3527 1949 3596 2002; x_wconf 90' lang='lat' dir='ltr'><strong>ab</strong></span> 
     </span>
    </p>
   </div>
   <div class='ocr_carea' id='block_1_19' title="bbox 316 2037 3590 2110">
    <p class='ocr_par' dir='ltr' id='par_1_19' title="bbox 316 2037 3590 2110">
     <span class='ocr_line' id='line_1_19' title="bbox 316 2037 3590 2110; baseline 0 -20"><span class='ocrx_word' id='word_1_246' title='bbox 316 2039 610 2106; x_wconf 80' lang='lat' dir='ltr'><strong>apostolica</strong></span> <span class='ocrx_word' id='word_1_247' title='bbox 634 2040 897 2094; x_wconf 74' lang='lat' dir='ltr'><strong>sententia</strong></span> <span class='ocrx_word' id='word_1_248' title='bbox 921 2050 1322 2096; x_wconf 74' lang='lat' dir='ltr'><strong>exauctoratum</strong></span> <span class='ocrx_word' id='word_1_249' title='bbox 1346 2049 1506 2110; x_wconf 91' lang='lat' dir='ltr'><strong>atque</strong></span> <span class='ocrx_word' id='word_1_250' title='bbox 1533 2039 1853 2109; x_wconf 87' lang='lat' dir='ltr'><strong>depositum,</strong></span> <span class='ocrx_word' id='word_1_251' title='bbox 1882 2039 1933 2094; x_wconf 92' lang='lat' dir='ltr'><strong>in</strong></span> <span class='ocrx_word' id='word_1_252' title='bbox 1959 2038 2246 2091; x_wconf 87' lang='lat' dir='ltr'><strong>amicitiam</strong></span> <span class='ocrx_word' id='word_1_253' title='bbox 2273 2038 2482 2092; x_wconf 87' lang='lat' dir='ltr'><strong>interim</strong></span> <span class='ocrx_word' id='word_1_254' title='bbox 2507 2038 2714 2092; x_wconf 90' lang='lat' dir='ltr'><strong>censuit</strong></span> <span class='ocrx_word' id='word_1_255' title='bbox 2735 2037 3154 2108; x_wconf 86' lang='lat' dir='ltr'><strong>suscipiendum.</strong></span> <span class='ocrx_word' id='word_1_256' title='bbox 3185 2053 3332 2106; x_wconf 83' lang='lat' dir='ltr'><strong>spem</strong></span> <span class='ocrx_word' id='word_1_257' title='bbox 3356 2039 3404 2096; x_wconf 87' lang='lat' dir='ltr'><strong>ei</strong></span> <span class='ocrx_word' id='word_1_258' title='bbox 3429 2038 3590 2091; x_wconf 90' lang='lat' dir='ltr'><strong>abso-</strong></span> 
     </span>
    </p>
   </div>
   <div class='ocr_carea' id='block_1_20' title="bbox 313 2125 3588 2198">
    <p class='ocr_par' dir='ltr' id='par_1_20' title="bbox 313 2125 3588 2198">
     <span class='ocr_line' id='line_1_20' title="bbox 313 2125 3588 2198; baseline 0 -18"><span class='ocrx_word' id='word_1_259' title='bbox 313 2125 534 2182; x_wconf 86' lang='lat' dir='ltr'><strong>lutionis</strong></span> <span class='ocrx_word' id='word_1_260' title='bbox 561 2129 877 2198; x_wconf 86' lang='lat' dir='ltr'><strong>promittens</strong></span> <span class='ocrx_word' id='word_1_261' title='bbox 902 2147 915 2184; x_wconf 90' lang='lat'><strong>:</strong></span> <span class='ocrx_word' id='word_1_262' title='bbox 945 2129 1116 2198; x_wconf 86' lang='lat' dir='ltr'><strong>ipsum</strong></span> <span class='ocrx_word' id='word_1_263' title='bbox 1143 2144 1354 2198; x_wconf 86' lang='lat' dir='ltr'><strong>quoque</strong></span> <span class='ocrx_word' id='word_1_264' title='bbox 1379 2129 1688 2184; x_wconf 76' lang='lat' dir='ltr'><strong>Coelestium</strong></span> <span class='ocrx_word' id='word_1_265' title='bbox 1714 2127 2057 2194; x_wconf 84' lang='lat' dir='ltr'><strong>litteris-suis,</strong></span> <span class='ocrx_word' id='word_1_266' title='bbox 2088 2143 2311 2196; x_wconf 91' lang='lat' dir='ltr'><strong>quarum</strong></span> <span class='ocrx_word' id='word_1_267' title='bbox 2337 2128 2578 2194; x_wconf 83' lang='lat' dir='ltr'><strong>exempla</strong></span> <span class='ocrx_word' id='word_1_268' title='bbox 2607 2126 2958 2193; x_wconf 87' lang='lat' dir='ltr'><strong>subdidimus,</strong></span> <span class='ocrx_word' id='word_1_269' title='bbox 2982 2129 3286 2182; x_wconf 89' lang='lat' dir='ltr'><strong>consolatus</strong></span> <span class='ocrx_word' id='word_1_270' title='bbox 3313 2137 3412 2181; x_wconf 90' lang='lat' dir='ltr'><strong>est.</strong></span> <span class='ocrx_word' id='word_1_271' title='bbox 3439 2128 3588 2194; x_wconf 83' lang='lat' dir='ltr'><strong>Quod</strong></span> 
     </span>
    </p>
   </div>
   <div class='ocr_carea' id='block_1_21' title="bbox 315 2218 3594 2290">
    <p class='ocr_par' dir='ltr' id='par_1_21' title="bbox 315 2218 3594 2290">
     <span class='ocr_line' id='line_1_21' title="bbox 315 2218 3594 2290; baseline 0.001 -21"><span class='ocrx_word' id='word_1_272' title='bbox 315 2227 494 2272; x_wconf 88' lang='lat' dir='ltr'><strong>utrum</strong></span> <span class='ocrx_word' id='word_1_273' title='bbox 526 2220 727 2274; x_wconf 89' lang='lat' dir='ltr'><strong>malitia</strong></span> <span class='ocrx_word' id='word_1_274' title='bbox 756 2235 824 2272; x_wconf 91' lang='lat' dir='ltr'><strong>an</strong></span> <span class='ocrx_word' id='word_1_275' title='bbox 852 2219 1098 2274; x_wconf 89' lang='lat' dir='ltr'><strong>vecordia</strong></span> <span class='ocrx_word' id='word_1_276' title='bbox 1125 2219 1330 2283; x_wconf 85' lang='lat' dir='ltr'><strong>fecerit,</strong></span> <span class='ocrx_word' id='word_1_277' title='bbox 1356 2236 1458 2273; x_wconf 92' lang='lat' dir='ltr'><strong>non</strong></span> <span class='ocrx_word' id='word_1_278' title='bbox 1487 2220 1638 2274; x_wconf 81' lang='lat' dir='ltr'><strong>facile</strong></span> <span class='ocrx_word' id='word_1_279' title='bbox 1663 2219 1808 2274; x_wconf 90' lang='lat' dir='ltr'><strong>nosci</strong></span> <span class='ocrx_word' id='word_1_280' title='bbox 1837 2227 2010 2288; x_wconf 86' lang='lat' dir='ltr'><strong>potest</strong></span> <span class='ocrx_word' id='word_1_281' title='bbox 2036 2235 2048 2270; x_wconf 92' lang='lat'>:</span> <span class='ocrx_word' id='word_1_282' title='bbox 2081 2225 2138 2271; x_wconf 92' lang='lat' dir='ltr'><strong>ut</strong></span> <span class='ocrx_word' id='word_1_283' title='bbox 2163 2226 2347 2272; x_wconf 91' lang='lat' dir='ltr'><strong>contra</strong></span> <span class='ocrx_word' id='word_1_284' title='bbox 2376 2232 2600 2290; x_wconf 87' lang='lat' dir='ltr'><strong>quorum</strong></span> <span class='ocrx_word' id='word_1_285' title='bbox 2630 2218 2879 2271; x_wconf 82' lang='lat' dir='ltr'><strong>distortos</strong></span> <span class='ocrx_word' id='word_1_286' title='bbox 2910 2219 3220 2284; x_wconf 83' lang='lat' dir='ltr'><strong>sententias,</strong></span> <span class='ocrx_word' id='word_1_287' title='bbox 3255 2228 3446 2288; x_wconf 78' lang='lat' dir='ltr'><strong>pr.eter</strong></span> <span class='ocrx_word' id='word_1_288' title='bbox 3469 2236 3594 2287; x_wconf 80' lang='lat' dir='ltr'><strong>pro-</strong></span> 
     </span>
    </p>
   </div>
   <div class='ocr_carea' id='block_1_22' title="bbox 314 2306 3596 2379">
    <p class='ocr_par' dir='ltr' id='par_1_22' title="bbox 314 2306 3596 2379">
     <span class='ocr_line' id='line_1_22' title="bbox 314 2306 3596 2379; baseline 0.001 -21"><span class='ocrx_word' id='word_1_289' title='bbox 314 2308 488 2376; x_wconf 85' lang='lat' dir='ltr'><strong>priam</strong></span> <span class='ocrx_word' id='word_1_290' title='bbox 517 2309 841 2379; x_wconf 88' lang='lat' dir='ltr'><strong>impietatem</strong></span> <span class='ocrx_word' id='word_1_291' title='bbox 869 2326 986 2378; x_wconf 67' lang='lat' dir='ltr'><strong>qua:</strong></span> <span class='ocrx_word' id='word_1_292' title='bbox 1015 2309 1162 2364; x_wconf 88' lang='lat' dir='ltr'><strong>illum</strong></span> <span class='ocrx_word' id='word_1_293' title='bbox 1191 2309 1255 2362; x_wconf 91' lang='lat' dir='ltr'><strong>ad</strong></span> <span class='ocrx_word' id='word_1_294' title='bbox 1281 2310 1676 2363; x_wconf 86' lang='lat' dir='ltr'><strong>damnationem</strong></span> <span class='ocrx_word' id='word_1_295' title='bbox 1703 2323 1868 2378; x_wconf 86' lang='lat' dir='ltr'><strong>usque</strong></span> <span class='ocrx_word' id='word_1_296' title='bbox 1893 2307 2172 2376; x_wconf 77' lang='lat' dir='ltr'><strong>perduxit,</strong></span> <span class='ocrx_word' id='word_1_297' title='bbox 2196 2307 2493 2362; x_wconf 87' lang='lat' dir='ltr'><strong>rectissime</strong></span> <span class='ocrx_word' id='word_1_298' title='bbox 2530 2306 2794 2362; x_wconf 88' lang='lat' dir='ltr'><strong>sentiebat</strong></span> <span class='ocrx_word' id='word_1_299' title='bbox 2819 2316 2874 2363; x_wconf 90' lang='lat' dir='ltr'><strong>et</strong></span> <span class='ocrx_word' id='word_1_300' title='bbox 2901 2306 3160 2372; x_wconf 88' lang='lat' dir='ltr'><strong>docebat,</strong></span> <span class='ocrx_word' id='word_1_301' title='bbox 3189 2323 3284 2362; x_wconf 90' lang='lat' dir='ltr'><strong>eos</strong></span> <span class='ocrx_word' id='word_1_302' title='bbox 3312 2317 3363 2361; x_wconf 86' lang='lat' dir='ltr'><strong>et</strong></span> <span class='ocrx_word' id='word_1_303' title='bbox 3394 2308 3596 2363; x_wconf 91' lang='lat' dir='ltr'><strong>amicos</strong></span> 
     </span>
    </p>
   </div>
   <div class='ocr_carea' id='block_1_23' title="bbox 315 2397 3631 2469">
    <p class='ocr_par' dir='ltr' id='par_1_23' title="bbox 315 2397 3631 2469">
     <span class='ocr_line' id='line_1_23' title="bbox 315 2397 3631 2469; baseline -0.001 -15"><span class='ocrx_word' id='word_1_304' title='bbox 315 2397 563 2461; x_wconf 78' lang='lat' dir='ltr'><strong>haberet,</strong></span> <span class='ocrx_word' id='word_1_305' title='bbox 590 2408 644 2454; x_wconf 90' lang='lat' dir='ltr'><strong>et</strong></span> <span class='ocrx_word' id='word_1_306' title='bbox 669 2414 766 2469; x_wconf 85' lang='lat' dir='ltr'><strong>spe</strong></span> <span class='ocrx_word' id='word_1_307' title='bbox 791 2415 938 2454; x_wconf 72' lang='lat' dir='ltr'><strong>vante</strong></span> <span class='ocrx_word' id='word_1_308' title='bbox 959 2399 1326 2468; x_wconf 87' lang='lat' dir='ltr'><strong>promissionis</strong></span> <span class='ocrx_word' id='word_1_309' title='bbox 1355 2398 1610 2454; x_wconf 77' lang='lat' dir='ltr'><strong>fovendos</strong></span> <span class='ocrx_word' id='word_1_310' title='bbox 1634 2407 1688 2452; x_wconf 89' lang='lat' dir='ltr'><strong>et</strong></span> <span class='ocrx_word' id='word_1_311' title='bbox 1710 2397 1981 2453; x_wconf 88' lang='lat' dir='ltr'><strong>Iactandos</strong></span> <span class='ocrx_word' id='word_1_312' title='bbox 2003 2407 2242 2467; x_wconf 88' lang='lat' dir='ltr'><strong>putaret;</strong></span> <span class='ocrx_word' id='word_1_313' title='bbox 2271 2397 2466 2468; x_wconf 90' lang='lat' dir='ltr'><strong>quique</strong></span> <span class='ocrx_word' id='word_1_314' title='bbox 2495 2412 2614 2451; x_wconf 90' lang='lat' dir='ltr'><strong>cum</strong></span> <span class='ocrx_word' id='word_1_315' title='bbox 2641 2407 2862 2465; x_wconf 89' lang='lat' dir='ltr'><strong>patrono</strong></span> <span class='ocrx_word' id='word_1_316' title='bbox 2886 2407 3179 2452; x_wconf 87' lang='lat' dir='ltr'><strong>memorato</strong></span> <span class='ocrx_word' id='word_1_317' title='bbox 3202 2399 3251 2451; x_wconf 90' lang='lat' dir='ltr'><strong>in</strong></span> <span class='ocrx_word' id='word_1_318' title='bbox 3280 2398 3590 2468; x_wconf 84' lang='lat' dir='ltr'><strong>Ephesiensi</strong></span> <span class='ocrx_word' id='word_1_319' title='bbox 3625 2418 3631 2423; x_wconf 93' lang='grc'><strong>·</strong></span> 
     </span>
    </p>
   </div>
   <div class='ocr_carea' id='block_1_24' title="bbox 311 2487 3594 2559">
    <p class='ocr_par' dir='ltr' id='par_1_24' title="bbox 311 2487 3594 2559">
     <span class='ocr_line' id='line_1_24' title="bbox 311 2487 3594 2559; baseline 0.001 -18"><span class='ocrx_word' id='word_1_320' title='bbox 311 2488 544 2543; x_wconf 86' lang='lat' dir='ltr'><strong>concilio</strong></span> <span class='ocrx_word' id='word_1_321' title='bbox 569 2503 599 2542; x_wconf 85' lang='lat' dir='ltr'><strong>a</strong></span> <span class='ocrx_word' id='word_1_322' title='bbox 632 2489 871 2544; x_wconf 89' lang='lat' dir='ltr'><strong>ducentis</strong></span> <span class='ocrx_word' id='word_1_323' title='bbox 893 2490 1221 2559; x_wconf 86' lang='lat' dir='ltr'><strong>septuaginta</strong></span> <span class='ocrx_word' id='word_1_324' title='bbox 1247 2497 1303 2544; x_wconf 91' lang='lat' dir='ltr'><strong>et</strong></span> <span class='ocrx_word' id='word_1_325' title='bbox 1325 2497 1551 2558; x_wconf 85' lang='lat' dir='ltr'><strong>quatuor</strong></span> <span class='ocrx_word' id='word_1_326' title='bbox 1571 2487 1834 2558; x_wconf 88' lang='lat' dir='ltr'><strong>episcopis</strong></span> <span class='ocrx_word' id='word_1_327' title='bbox 1858 2488 2046 2542; x_wconf 89' lang='lat' dir='ltr'><strong>iterum</strong></span> <span class='ocrx_word' id='word_1_328' title='bbox 2076 2487 2377 2557; x_wconf 87' lang='lat' dir='ltr'><strong>iterumque</strong></span> <span class='ocrx_word' id='word_1_329' title='bbox 2402 2487 2634 2541; x_wconf 89' lang='lat' dir='ltr'><strong>damnati</strong></span> <span class='ocrx_word' id='word_1_330' title='bbox 2661 2496 2804 2542; x_wconf 90' lang='lat' dir='ltr'><strong>sunt.</strong></span> <span class='ocrx_word' id='word_1_331' title='bbox 2837 2507 2854 2540; x_wconf 77' lang='grc' dir='ltr'><strong>ι</strong></span> <span class='ocrx_word' id='word_1_332' title='bbox 2884 2489 3145 2543; x_wconf 70' lang='grc' dir='ltr'><strong>ϐεηιειιιιιη</strong></span> <span class='ocrx_word' id='word_1_333' title='bbox 3175 2489 3331 2543; x_wconf 90' lang='lat' dir='ltr'><strong>iidem</strong></span> <span class='ocrx_word' id='word_1_334' title='bbox 3361 2489 3594 2545; x_wconf 78' lang='lat' dir='ltr'><strong>lneretici</strong></span> 
     </span>
    </p>
   </div>
   <div class='ocr_carea' id='block_1_25' title="bbox 312 2576 3595 2650">
    <p class='ocr_par' dir='ltr' id='par_1_25' title="bbox 312 2576 3595 2650">
     <span class='ocr_line' id='line_1_25' title="bbox 312 2576 3595 2650; baseline 0.001 -18"><span class='ocrx_word' id='word_1_335' title='bbox 312 2593 408 2648; x_wconf 86' lang='lat' dir='ltr'><strong>per</strong></span> <span class='ocrx_word' id='word_1_336' title='bbox 443 2578 742 2632; x_wconf 85' lang='lat' dir='ltr'><strong>Nestorium</strong></span> <span class='ocrx_word' id='word_1_337' title='bbox 779 2579 1031 2646; x_wconf 85' lang='lat' dir='ltr'><strong>consequi</strong></span> <span class='ocrx_word' id='word_1_338' title='bbox 1075 2593 1404 2650; x_wconf 86' lang='lat' dir='ltr'><strong>nequaquam</strong></span> <span class='ocrx_word' id='word_1_339' title='bbox 1444 2579 1692 2644; x_wconf 90' lang='lat' dir='ltr'><strong>valuere,</strong></span> <span class='ocrx_word' id='word_1_340' title='bbox 1725 2588 1780 2632; x_wconf 91' lang='lat' dir='ltr'><strong>ut</strong></span> <span class='ocrx_word' id='word_1_341' title='bbox 1822 2592 1887 2634; x_wconf 86' lang='lat' dir='ltr'><strong>ne</strong></span> <span class='ocrx_word' id='word_1_342' title='bbox 1927 2576 2387 2647; x_wconf 89' lang='lat' dir='ltr'><strong>Constantinopoli</strong></span> <span class='ocrx_word' id='word_1_343' title='bbox 2428 2587 2696 2648; x_wconf 69' lang='lat' dir='ltr'><strong>prmeepto</strong></span> <span class='ocrx_word' id='word_1_344' title='bbox 2723 2579 3056 2650; x_wconf 90' lang='lat' dir='ltr'><strong>imperatoris</strong></span> <span class='ocrx_word' id='word_1_345' title='bbox 3083 2579 3368 2635; x_wconf 62' lang='lat' dir='ltr'><strong>Theodosii</strong></span> <span class='ocrx_word' id='word_1_346' title='bbox 3395 2623 3410 2646; x_wconf 86' lang='lat'><strong>,</strong></span> <span class='ocrx_word' id='word_1_347' title='bbox 3454 2581 3595 2637; x_wconf 82' lang='lat' dir='ltr'><strong>unde</strong></span> 
     </span>
    </p>
   </div>
   <div class='ocr_carea' id='block_1_26' title="bbox 311 2667 3593 2742">
    <p class='ocr_par' dir='ltr' id='par_1_26' title="bbox 311 2667 3593 2742">
     <span class='ocr_line' id='line_1_26' title="bbox 311 2667 3593 2742; baseline -0 -16"><span class='ocrx_word' id='word_1_348' title='bbox 311 2667 554 2726; x_wconf 90' lang='lat' dir='ltr'><strong>Julianus</strong></span> <span class='ocrx_word' id='word_1_349' title='bbox 578 2670 740 2724; x_wconf 87' lang='lat' dir='ltr'><strong>etiam</strong></span> <span class='ocrx_word' id='word_1_350' title='bbox 772 2671 916 2739; x_wconf 86' lang='lat' dir='ltr'><strong>prius</strong></span> <span class='ocrx_word' id='word_1_351' title='bbox 942 2669 1198 2726; x_wconf 77' lang='lat' dir='ltr'><strong>lecstio</strong></span> <span class='ocrx_word' id='word_1_352' title='bbox 1227 2669 1428 2740; x_wconf 85' lang='lat' dir='ltr'><strong>ejectus</strong></span> <span class='ocrx_word' id='word_1_353' title='bbox 1451 2678 1553 2735; x_wconf 85' lang='lat' dir='ltr'><strong>est,</strong></span> <span class='ocrx_word' id='word_1_354' title='bbox 1581 2669 1928 2742; x_wconf 88' lang='lat' dir='ltr'><strong>pellerentur.</strong></span> <span class='ocrx_word' id='word_1_355' title='bbox 1961 2667 2104 2723; x_wconf 90' lang='lat' dir='ltr'><strong>Idem</strong></span> <span class='ocrx_word' id='word_1_356' title='bbox 2134 2667 2376 2724; x_wconf 79' lang='lat' dir='ltr'><strong>Julianus</strong></span> <span class='ocrx_word' id='word_1_357' title='bbox 2405 2684 2508 2724; x_wconf 85' lang='lat' dir='ltr'><strong>non</strong></span> <span class='ocrx_word' id='word_1_358' title='bbox 2535 2669 2706 2722; x_wconf 90' lang='lat' dir='ltr'><strong>solum</strong></span> <span class='ocrx_word' id='word_1_359' title='bbox 2737 2673 2787 2722; x_wconf 90' lang='lat' dir='ltr'><strong>In</strong></span> <span class='ocrx_word' id='word_1_360' title='bbox 2821 2678 3042 2740; x_wconf 89' lang='lat' dir='ltr'><strong>utraque</strong></span> <span class='ocrx_word' id='word_1_361' title='bbox 3069 2670 3295 2726; x_wconf 89' lang='lat' dir='ltr'><strong>Nestorli</strong></span> <span class='ocrx_word' id='word_1_362' title='bbox 3322 2670 3388 2724; x_wconf 89' lang='lat' dir='ltr'><strong>ad</strong></span> <span class='ocrx_word' id='word_1_363' title='bbox 3413 2671 3593 2727; x_wconf 67' lang='lat' dir='ltr'><strong>(Im-le-</strong></span> 
     </span>
    </p>
   </div>
   <div class='ocr_carea' id='block_1_27' title="bbox 317 2757 3598 2834">
    <p class='ocr_par' dir='ltr' id='par_1_27' title="bbox 317 2757 3598 2834">
     <span class='ocr_line' id='line_1_27' title="bbox 317 2757 3598 2834; baseline 0.001 -21"><span class='ocrx_word' id='word_1_364' title='bbox 317 2760 517 2813; x_wconf 86' lang='lat' dir='ltr'><strong>stinutn</strong></span> <span class='ocrx_word' id='word_1_365' title='bbox 559 2759 780 2829; x_wconf 86' lang='lat' dir='ltr'><strong>epistola</strong></span> <span class='ocrx_word' id='word_1_366' title='bbox 803 2760 1118 2829; x_wconf 70' lang='lat' dir='ltr'><strong>Pelagianis</strong></span> <span class='ocrx_word' id='word_1_367' title='bbox 1147 2759 1264 2815; x_wconf 87' lang='lat' dir='ltr'><strong>aliis</strong></span> <span class='ocrx_word' id='word_1_368' title='bbox 1305 2759 1571 2829; x_wconf 82' lang='lat' dir='ltr'><strong>episcOpis</strong></span> <span class='ocrx_word' id='word_1_369' title='bbox 1597 2760 1665 2814; x_wconf 89' lang='lat' dir='ltr'><strong>de</strong></span> <span class='ocrx_word' id='word_1_370' title='bbox 1708 2758 1996 2816; x_wconf 88' lang='lat' dir='ltr'><strong>Occidente</strong></span> <span class='ocrx_word' id='word_1_371' title='bbox 2037 2757 2222 2828; x_wconf 88' lang='lat' dir='ltr'><strong>ejectis</strong></span> <span class='ocrx_word' id='word_1_372' title='bbox 2264 2758 2632 2827; x_wconf 54' lang='lat' dir='ltr'><strong>praemittitur,</strong></span> <span class='ocrx_word' id='word_1_373' title='bbox 2666 2759 2760 2814; x_wconf 88' lang='lat' dir='ltr'><strong>sed</strong></span> <span class='ocrx_word' id='word_1_374' title='bbox 2787 2759 3032 2814; x_wconf 89' lang='lat' dir='ltr'><strong>similiter</strong></span> <span class='ocrx_word' id='word_1_375' title='bbox 3072 2771 3188 2828; x_wconf 91' lang='lat' dir='ltr'><strong>post</strong></span> <span class='ocrx_word' id='word_1_376' title='bbox 3229 2761 3497 2834; x_wconf 83' lang='lat' dir='ltr'><strong>Pelagium</strong></span> <span class='ocrx_word' id='word_1_377' title='bbox 3543 2770 3598 2816; x_wconf 85' lang='lat' dir='ltr'><strong>et</strong></span> 
     </span>
    </p>
   </div>
   <div class='ocr_carea' id='block_1_28' title="bbox 314 2848 3596 2923">
    <p class='ocr_par' dir='ltr' id='par_1_28' title="bbox 314 2848 3596 2923">
     <span class='ocr_line' id='line_1_28' title="bbox 314 2848 3596 2923; baseline -0.001 -15"><span class='ocrx_word' id='word_1_378' title='bbox 314 2848 624 2908; x_wconf 63' lang='lat' dir='ltr'><strong>caelestium</strong></span> <span class='ocrx_word' id='word_1_379' title='bbox 662 2853 865 2920; x_wconf 90' lang='lat' dir='ltr'><strong>primus</strong></span> <span class='ocrx_word' id='word_1_380' title='bbox 903 2851 1208 2905; x_wconf 85' lang='lat' dir='ltr'><strong>nominatur</strong></span> <span class='ocrx_word' id='word_1_381' title='bbox 1238 2850 1378 2908; x_wconf 88' lang='lat' dir='ltr'><strong>inter</strong></span> <span class='ocrx_word' id='word_1_382' title='bbox 1417 2850 1652 2920; x_wconf 78' lang='lat' dir='ltr'><strong>insignes</strong></span> <span class='ocrx_word' id='word_1_383' title='bbox 1680 2849 1801 2904; x_wconf 91' lang='lat' dir='ltr'><strong>illos</strong></span> <span class='ocrx_word' id='word_1_384' title='bbox 1827 2848 2171 2919; x_wconf 79' lang='lat' dir='ltr'><strong>Pelagianos,</strong></span> <span class='ocrx_word' id='word_1_385' title='bbox 2203 2864 2427 2919; x_wconf 91' lang='lat' dir='ltr'><strong>quorum</strong></span> <span class='ocrx_word' id='word_1_386' title='bbox 2453 2849 2722 2903; x_wconf 89' lang='lat' dir='ltr'><strong>damnatio</strong></span> <span class='ocrx_word' id='word_1_387' title='bbox 2764 2865 2906 2906; x_wconf 90' lang='lat' dir='ltr'><strong>anno</strong></span> <span class='ocrx_word' id='word_1_388' title='bbox 2945 2851 3469 2923; x_wconf 83' lang='lat' dir='ltr'><strong>quadringentesimo</strong></span> <span class='ocrx_word' id='word_1_389' title='bbox 3500 2854 3596 2907; x_wconf 86' lang='lat' dir='ltr'><strong>tri-</strong></span> 
     </span>
    </p>
   </div>
   <div class='ocr_carea' id='block_1_29' title="bbox 313 2937 2800 3012">
    <p class='ocr_par' dir='ltr' id='par_1_29' title="bbox 313 2937 2800 3012">
     <span class='ocr_line' id='line_1_29' title="bbox 313 2937 2800 3012; baseline 0.001 -20"><span class='ocrx_word' id='word_1_390' title='bbox 313 2939 518 3007; x_wconf 84' lang='lat' dir='ltr'><strong>gesimo</strong></span> <span class='ocrx_word' id='word_1_391' title='bbox 550 2939 720 3008; x_wconf 90' lang='lat' dir='ltr'><strong>primo</strong></span> <span class='ocrx_word' id='word_1_392' title='bbox 747 2940 797 2993; x_wconf 87' lang='lat' dir='ltr'><strong>in</strong></span> <span class='ocrx_word' id='word_1_393' title='bbox 829 2939 1093 3009; x_wconf 83' lang='lat' dir='ltr'><strong>Epltesina</strong></span> <span class='ocrx_word' id='word_1_394' title='bbox 1123 2939 1328 3012; x_wconf 89' lang='lat' dir='ltr'><strong>synodo</strong></span> <span class='ocrx_word' id='word_1_395' title='bbox 1357 2940 1489 2995; x_wconf 91' lang='lat' dir='ltr'><strong>lecta</strong></span> <span class='ocrx_word' id='word_1_396' title='bbox 1517 2949 1602 2995; x_wconf 89' lang='lat' dir='ltr'><strong>est</strong></span> <span class='ocrx_word' id='word_1_397' title='bbox 1627 2950 1681 2995; x_wconf 91' lang='lat' dir='ltr'><strong>et</strong></span> <span class='ocrx_word' id='word_1_398' title='bbox 1708 2938 2020 2994; x_wconf 88' lang='lat' dir='ltr'><strong>conﬁrmata</strong></span> <span class='ocrx_word' id='word_1_399' title='bbox 2048 2937 2246 3012; x_wconf 81' lang='lat' dir='ltr'><strong>(Infra,</strong></span> <span class='ocrx_word' id='word_1_400' title='bbox 2278 2939 2514 3010; x_wconf 83' lang='lat' dir='ltr'><strong>Appcud.</strong></span> <span class='ocrx_word' id='word_1_401' title='bbox 2547 2949 2690 3012; x_wconf 85' lang='lat' dir='ltr'><strong>parte</strong></span> <span class='ocrx_word' id='word_1_402' title='bbox 2715 2939 2800 3010; x_wconf 71' lang='lat'><strong>2).</strong></span> 
     </span>
    </p>
   </div>
   <div class='ocr_carea' id='block_1_30' title="bbox 396 3048 3599 3134">
    <p class='ocr_par' dir='ltr' id='par_1_30' title="bbox 396 3048 3599 3134">
     <span class='ocr_line' id='line_1_30' title="bbox 396 3048 3599 3134; baseline 0.003 -29"><span class='ocrx_word' id='word_1_403' title='bbox 396 3048 548 3105; x_wconf 86' lang='lat' dir='ltr'><strong>Ilaud</strong></span> <span class='ocrx_word' id='word_1_404' title='bbox 581 3051 750 3106; x_wconf 88' lang='lat' dir='ltr'><strong>multo</strong></span> <span class='ocrx_word' id='word_1_405' title='bbox 776 3061 916 3120; x_wconf 89' lang='lat' dir='ltr'><strong>post,</strong></span> <span class='ocrx_word' id='word_1_406' title='bbox 944 3053 1044 3108; x_wconf 91' lang='lat' dir='ltr'><strong>sub</strong></span> <span class='ocrx_word' id='word_1_407' title='bbox 1070 3053 1380 3122; x_wconf 84' lang='lat' dir='ltr'><strong>pontiﬁcatu</strong></span> <span class='ocrx_word' id='word_1_408' title='bbox 1403 3051 1536 3108; x_wconf 88' lang='lat' dir='ltr'><strong>Sixti</strong></span> <span class='ocrx_word' id='word_1_409' title='bbox 1567 3051 1661 3119; x_wconf 90' lang='lat' dir='ltr'><strong>III,</strong></span> <span class='ocrx_word' id='word_1_410' title='bbox 1693 3061 1749 3108; x_wconf 89' lang='lat' dir='ltr'><strong>et</strong></span> <span class='ocrx_word' id='word_1_411' title='bbox 1772 3067 1935 3118; x_wconf 91' lang='lat' dir='ltr'><strong>anno,</strong></span> <span class='ocrx_word' id='word_1_412' title='bbox 1967 3052 2012 3106; x_wconf 91' lang='lat' dir='ltr'><strong>si</strong></span> <span class='ocrx_word' id='word_1_413' title='bbox 2037 3053 2286 3122; x_wconf 86' lang='lat' dir='ltr'><strong>Prosperi</strong></span> <span class='ocrx_word' id='word_1_414' title='bbox 2317 3051 2586 3109; x_wconf 87' lang='lat' dir='ltr'><strong>Chronico</strong></span> <span class='ocrx_word' id='word_1_415' title='bbox 2607 3053 2863 3114; x_wconf 88' lang='lat' dir='ltr'><strong>debeatur</strong></span> <span class='ocrx_word' id='word_1_416' title='bbox 2894 3054 3046 3124; x_wconf 91' lang='lat' dir='ltr'><strong>ﬁdes,</strong></span> <span class='ocrx_word' id='word_1_417' title='bbox 3077 3057 3599 3134; x_wconf 80' lang='lat' dir='ltr'><strong>quadringentesimo</strong></span> 
     </span>
    </p>
   </div>
   <div class='ocr_carea' id='block_1_31' title="bbox 313 3142 3598 3217">
    <p class='ocr_par' dir='ltr' id='par_1_31' title="bbox 313 3142 3598 3217">
     <span class='ocr_line' id='line_1_31' title="bbox 313 3142 3598 3217; baseline 0.003 -21"><span class='ocrx_word' id='word_1_418' title='bbox 313 3142 593 3211; x_wconf 85' lang='lat' dir='ltr'><strong>trigesimo</strong></span> <span class='ocrx_word' id='word_1_419' title='bbox 614 3160 773 3206; x_wconf 91' lang='lat' dir='ltr'><strong>nono,</strong></span> <span class='ocrx_word' id='word_1_420' title='bbox 808 3144 1057 3200; x_wconf 77' lang='lat' dir='ltr'><strong>Ecclesia:</strong></span> <span class='ocrx_word' id='word_1_421' title='bbox 1080 3145 1243 3199; x_wconf 82' lang='lat' dir='ltr'><strong>variis</strong></span> <span class='ocrx_word' id='word_1_422' title='bbox 1267 3144 1478 3200; x_wconf 88' lang='lat' dir='ltr'><strong>artibus</strong></span> <span class='ocrx_word' id='word_1_423' title='bbox 1508 3145 1803 3214; x_wconf 87' lang='lat' dir='ltr'><strong>imponere,</strong></span> <span class='ocrx_word' id='word_1_424' title='bbox 1832 3153 1992 3213; x_wconf 89' lang='lat' dir='ltr'><strong>atque</strong></span> <span class='ocrx_word' id='word_1_425' title='bbox 2018 3144 2069 3199; x_wconf 91' lang='lat' dir='ltr'><strong>in</strong></span> <span class='ocrx_word' id='word_1_426' title='bbox 2097 3144 2212 3215; x_wconf 89' lang='lat' dir='ltr'><strong>ejus</strong></span> <span class='ocrx_word' id='word_1_427' title='bbox 2237 3146 2665 3200; x_wconf 89' lang='lat' dir='ltr'><strong>communionem</strong></span> <span class='ocrx_word' id='word_1_428' title='bbox 2695 3144 2824 3201; x_wconf 87' lang='lat' dir='ltr'><strong>falsa</strong></span> <span class='ocrx_word' id='word_1_429' title='bbox 2849 3149 3027 3217; x_wconf 79' lang='lat' dir='ltr'><strong>Specie</strong></span> <span class='ocrx_word' id='word_1_430' title='bbox 3045 3151 3433 3208; x_wconf 81' lang='lat' dir='ltr'><strong>emendationis</strong></span> <span class='ocrx_word' id='word_1_431' title='bbox 3465 3153 3598 3205; x_wconf 86' lang='lat' dir='ltr'><strong>irre-</strong></span> 
     </span>
    </p>
   </div>
   <div class='ocr_carea' id='block_1_32' title="bbox 313 3233 3594 3309">
    <p class='ocr_par' dir='ltr' id='par_1_32' title="bbox 313 3233 3594 3309">
     <span class='ocr_line' id='line_1_32' title="bbox 313 3233 3594 3309; baseline 0.003 -24"><span class='ocrx_word' id='word_1_432' title='bbox 313 3248 445 3299; x_wconf 82' lang='lat' dir='ltr'><strong>pere</strong></span> <span class='ocrx_word' id='word_1_433' title='bbox 470 3243 555 3286; x_wconf 86' lang='lat' dir='ltr'><strong>est</strong></span> <span class='ocrx_word' id='word_1_434' title='bbox 580 3233 817 3297; x_wconf 88' lang='lat' dir='ltr'><strong>molitus,</strong></span> <span class='ocrx_word' id='word_1_435' title='bbox 851 3245 904 3287; x_wconf 93' lang='lat' dir='ltr'><strong>ut</strong></span> <span class='ocrx_word' id='word_1_436' title='bbox 926 3234 1286 3304; x_wconf 77' lang='lat' dir='ltr'><strong>episcopalem</strong></span> <span class='ocrx_word' id='word_1_437' title='bbox 1308 3235 1643 3304; x_wconf 82' lang='lat' dir='ltr'><strong>dignitatem,</strong></span> <span class='ocrx_word' id='word_1_438' title='bbox 1671 3249 1775 3304; x_wconf 87' lang='lat' dir='ltr'><strong>qua</strong></span> <span class='ocrx_word' id='word_1_439' title='bbox 1803 3248 1864 3290; x_wconf 83' lang='lat' dir='ltr'><strong>se</strong></span> <span class='ocrx_word' id='word_1_440' title='bbox 1881 3233 2082 3289; x_wconf 82' lang='lat' dir='ltr'><strong>tamdiu</strong></span> <span class='ocrx_word' id='word_1_441' title='bbox 2103 3244 2321 3290; x_wconf 79' lang='lat' dir='ltr'><strong>exutum</strong></span> <span class='ocrx_word' id='word_1_442' title='bbox 2347 3233 2581 3299; x_wconf 87' lang='lat' dir='ltr'><strong>dolebat,</strong></span> <span class='ocrx_word' id='word_1_443' title='bbox 2606 3237 2888 3307; x_wconf 85' lang='lat' dir='ltr'><strong>reciperet.</strong></span> <span class='ocrx_word' id='word_1_444' title='bbox 2919 3238 3021 3293; x_wconf 87' lang='lat' dir='ltr'><strong>Sed</strong></span> <span class='ocrx_word' id='word_1_445' title='bbox 3047 3237 3318 3300; x_wconf 76' lang='lat' dir='ltr'><strong>Ronnanus</strong></span> <span class='ocrx_word' id='word_1_446' title='bbox 3340 3241 3594 3309; x_wconf 78' lang='lat' dir='ltr'><strong>pontifex,</strong></span> 
     </span>
    </p>
   </div>
   <div class='ocr_carea' id='block_1_33' title="bbox 319 3325 3594 3401">
    <p class='ocr_par' dir='ltr' id='par_1_33' title="bbox 319 3325 3594 3401">
     <span class='ocr_line' id='line_1_33' title="bbox 319 3325 3594 3401; baseline 0.002 -21"><span class='ocrx_word' id='word_1_447' title='bbox 319 3325 515 3380; x_wconf 87' lang='lat' dir='ltr'><strong>Leonis</strong></span> <span class='ocrx_word' id='word_1_448' title='bbox 559 3325 769 3380; x_wconf 89' lang='lat' dir='ltr'><strong>diaconi</strong></span> <span class='ocrx_word' id='word_1_449' title='bbox 810 3327 978 3396; x_wconf 83' lang='lat' dir='ltr'><strong>(illius</strong></span> <span class='ocrx_word' id='word_1_450' title='bbox 1008 3325 1149 3386; x_wconf 80' lang='lat' dir='ltr'><strong>haud</strong></span> <span class='ocrx_word' id='word_1_451' title='bbox 1181 3326 1346 3382; x_wconf 90' lang='lat' dir='ltr'><strong>dubie</strong></span> <span class='ocrx_word' id='word_1_452' title='bbox 1383 3326 1473 3396; x_wconf 91' lang='lat' dir='ltr'><strong>qui</strong></span> <span class='ocrx_word' id='word_1_453' title='bbox 1513 3326 1687 3382; x_wconf 89' lang='lat' dir='ltr'><strong>eidem</strong></span> <span class='ocrx_word' id='word_1_454' title='bbox 1732 3325 1784 3380; x_wconf 90' lang='lat' dir='ltr'><strong>in</strong></span> <span class='ocrx_word' id='word_1_455' title='bbox 1815 3325 2108 3398; x_wconf 82' lang='lat' dir='ltr'><strong>apostolica</strong></span> <span class='ocrx_word' id='word_1_456' title='bbox 2139 3325 2280 3382; x_wconf 88' lang='lat' dir='ltr'><strong>Sede</strong></span> <span class='ocrx_word' id='word_1_457' title='bbox 2312 3327 2594 3396; x_wconf 88' lang='lat' dir='ltr'><strong>successit)</strong></span> <span class='ocrx_word' id='word_1_458' title='bbox 2619 3327 2832 3382; x_wconf 90' lang='lat' dir='ltr'><strong>hortatu</strong></span> <span class='ocrx_word' id='word_1_459' title='bbox 2862 3328 3165 3396; x_wconf 85' lang='lat' dir='ltr'><strong>roboratus,</strong></span> <span class='ocrx_word' id='word_1_460' title='bbox 3199 3331 3466 3401; x_wconf 85' lang='lat' dir='ltr'><strong>vigilantia</strong></span> <span class='ocrx_word' id='word_1_461' title='bbox 3500 3347 3594 3386; x_wconf 90' lang='lat' dir='ltr'><strong>sua</strong></span> 
     </span>
    </p>
   </div>
   <div class='ocr_carea' id='block_1_34' title="bbox 315 3417 3597 3491">
    <p class='ocr_par' dir='ltr' id='par_1_34' title="bbox 315 3417 3597 3491">
     <span class='ocr_line' id='line_1_34' title="bbox 315 3417 3597 3491; baseline 0.001 -21"><span class='ocrx_word' id='word_1_462' title='bbox 315 3418 470 3472; x_wconf 87' lang='lat' dir='ltr'><strong>istius</strong></span> <span class='ocrx_word' id='word_1_463' title='bbox 493 3417 707 3474; x_wconf 89' lang='lat' dir='ltr'><strong>fraudes</strong></span> <span class='ocrx_word' id='word_1_464' title='bbox 734 3417 946 3484; x_wconf 81' lang='lat' dir='ltr'><strong>retexit,</strong></span> <span class='ocrx_word' id='word_1_465' title='bbox 977 3419 1056 3472; x_wconf 90' lang='lat' dir='ltr'><strong>eis</strong></span> <span class='ocrx_word' id='word_1_466' title='bbox 1083 3419 1290 3474; x_wconf 83' lang='lat' dir='ltr'><strong>fortiter</strong></span> <span class='ocrx_word' id='word_1_467' title='bbox 1313 3420 1551 3474; x_wconf 90' lang='lat' dir='ltr'><strong>occurrit</strong></span> <span class='ocrx_word' id='word_1_468' title='bbox 1575 3459 1588 3481; x_wconf 91' lang='lat'><strong>,</strong></span> <span class='ocrx_word' id='word_1_469' title='bbox 1614 3417 1832 3474; x_wconf 86' lang='lat' dir='ltr'><strong>nefariis</strong></span> <span class='ocrx_word' id='word_1_470' title='bbox 1861 3418 1978 3489; x_wconf 83' lang='lat' dir='ltr'><strong>ejus</strong></span> <span class='ocrx_word' id='word_1_471' title='bbox 2019 3418 2256 3474; x_wconf 89' lang='lat' dir='ltr'><strong>consiliis</strong></span> <span class='ocrx_word' id='word_1_472' title='bbox 2294 3417 2470 3476; x_wconf 88' lang='lat' dir='ltr'><strong>aditus</strong></span> <span class='ocrx_word' id='word_1_473' title='bbox 2509 3433 2696 3473; x_wconf 89' lang='lat' dir='ltr'><strong>omnes</strong></span> <span class='ocrx_word' id='word_1_474' title='bbox 2736 3419 3064 3485; x_wconf 88' lang='lat' dir='ltr'><strong>interclusit,</strong></span> <span class='ocrx_word' id='word_1_475' title='bbox 3100 3421 3400 3491; x_wconf 85' lang='lat' dir='ltr'><strong>rejectaquc</strong></span> <span class='ocrx_word' id='word_1_476' title='bbox 3422 3423 3597 3490; x_wconf 70' lang='lat' dir='ltr'><strong>fallaci</strong></span> 
     </span>
    </p>
   </div>
   <div class='ocr_carea' id='block_1_35' title="bbox 315 3510 3595 3585">
    <p class='ocr_par' dir='ltr' id='par_1_35' title="bbox 315 3510 3595 3585">
     <span class='ocr_line' id='line_1_35' title="bbox 315 3510 3595 3585; baseline 0.001 -21"><span class='ocrx_word' id='word_1_477' title='bbox 315 3511 471 3566; x_wconf 78' lang='lat' dir='ltr'><strong>bestia</strong></span> <span class='ocrx_word' id='word_1_478' title='bbox 492 3513 770 3567; x_wconf 87' lang='lat' dir='ltr'><strong>tmiversos</strong></span> <span class='ocrx_word' id='word_1_479' title='bbox 808 3512 1084 3570; x_wconf 63' lang='lat' dir='ltr'><strong>catholicae</strong></span> <span class='ocrx_word' id='word_1_480' title='bbox 1117 3513 1508 3567; x_wconf 85' lang='lat' dir='ltr'><strong>communionis</strong></span> <span class='ocrx_word' id='word_1_481' title='bbox 1525 3511 1840 3570; x_wconf 73' lang='lat' dir='ltr'><strong>exhilaravit</strong></span> <span class='ocrx_word' id='word_1_482' title='bbox 1875 3511 2086 3582; x_wconf 85' lang='lat' dir='ltr'><strong>(lbid.).</strong></span> <span class='ocrx_word' id='word_1_483' title='bbox 2123 3510 2370 3568; x_wconf 82' lang='lat' dir='ltr'><strong>Afﬁrmat</strong></span> <span class='ocrx_word' id='word_1_484' title='bbox 2402 3510 2760 3583; x_wconf 79' lang='lat' dir='ltr'><strong>Hieronymus</strong></span> <span class='ocrx_word' id='word_1_485' title='bbox 2786 3511 3120 3583; x_wconf 87' lang='lat' dir='ltr'><strong>Vignierins,</strong></span> <span class='ocrx_word' id='word_1_486' title='bbox 3153 3513 3253 3568; x_wconf 88' lang='lat' dir='ltr'><strong>sibi</strong></span> <span class='ocrx_word' id='word_1_487' title='bbox 3287 3529 3595 3585; x_wconf 85' lang='lat' dir='ltr'><strong>argumenta</strong></span> 
     </span>
    </p>
   </div>
   <div class='ocr_carea' id='block_1_36' title="bbox 317 3601 3595 3673">
    <p class='ocr_par' dir='ltr' id='par_1_36' title="bbox 317 3601 3595 3673">
     <span class='ocr_line' id='line_1_36' title="bbox 317 3601 3595 3673; baseline 0.002 -17"><span class='ocrx_word' id='word_1_488' title='bbox 317 3617 458 3667; x_wconf 85' lang='lat' dir='ltr'><strong>esse,</strong></span> <span class='ocrx_word' id='word_1_489' title='bbox 487 3603 681 3672; x_wconf 90' lang='lat' dir='ltr'><strong>quibus</strong></span> <span class='ocrx_word' id='word_1_490' title='bbox 713 3602 1093 3672; x_wconf 85' lang='lat' dir='ltr'><strong>persuadeatur</strong></span> <span class='ocrx_word' id='word_1_491' title='bbox 1117 3601 1388 3657; x_wconf 85' lang='lat' dir='ltr'><strong>Juliauum</strong></span> <span class='ocrx_word' id='word_1_492' title='bbox 1417 3618 1482 3657; x_wconf 83' lang='lat' dir='ltr'><strong>ex</strong></span> <span class='ocrx_word' id='word_1_493' title='bbox 1520 3603 1670 3657; x_wconf 91' lang='lat' dir='ltr'><strong>Italia</strong></span> <span class='ocrx_word' id='word_1_494' title='bbox 1715 3617 1899 3657; x_wconf 87' lang='lat' dir='ltr'><strong>rursus</strong></span> <span class='ocrx_word' id='word_1_495' title='bbox 1938 3601 2121 3672; x_wconf 86' lang='lat' dir='ltr'><strong>fugere</strong></span> <span class='ocrx_word' id='word_1_496' title='bbox 2156 3619 2187 3657; x_wconf 89' lang='lat' dir='ltr'><strong>a</strong></span> <span class='ocrx_word' id='word_1_497' title='bbox 2227 3602 2377 3657; x_wconf 80' lang='lat' dir='ltr'><strong>Sixto</strong></span> <span class='ocrx_word' id='word_1_498' title='bbox 2398 3619 2534 3673; x_wconf 87' lang='lat' dir='ltr'><strong>papa</strong></span> <span class='ocrx_word' id='word_1_499' title='bbox 2563 3613 2808 3658; x_wconf 88' lang='lat' dir='ltr'><strong>coactum</strong></span> <span class='ocrx_word' id='word_1_500' title='bbox 2831 3647 2845 3671; x_wconf 96' lang='lat'><strong>,</strong></span> <span class='ocrx_word' id='word_1_501' title='bbox 2881 3602 2930 3658; x_wconf 90' lang='lat' dir='ltr'><strong>in</strong></span> <span class='ocrx_word' id='word_1_502' title='bbox 2975 3604 3323 3661; x_wconf 88' lang='lat' dir='ltr'><strong>Lerinensem</strong></span> <span class='ocrx_word' id='word_1_503' title='bbox 3370 3608 3595 3662; x_wconf 72' lang='lat' dir='ltr'><strong>insulam</strong></span> 
     </span>
    </p>
   </div>
   <div class='ocr_carea' id='block_1_37' title="bbox 318 3693 3599 3767">
    <p class='ocr_par' dir='ltr' id='par_1_37' title="bbox 318 3693 3599 3767">
     <span class='ocr_line' id='line_1_37' title="bbox 318 3693 3599 3767; baseline 0.002 -21"><span class='ocrx_word' id='word_1_504' title='bbox 318 3695 548 3758; x_wconf 77' lang='lat' dir='ltr'><strong>venisse,</strong></span> <span class='ocrx_word' id='word_1_505' title='bbox 581 3693 668 3748; x_wconf 89' lang='lat' dir='ltr'><strong>ubi</strong></span> <span class='ocrx_word' id='word_1_506' title='bbox 698 3709 820 3749; x_wconf 92' lang='lat' dir='ltr'><strong>cum</strong></span> <span class='ocrx_word' id='word_1_507' title='bbox 850 3710 947 3765; x_wconf 91' lang='lat' dir='ltr'><strong>per</strong></span> <span class='ocrx_word' id='word_1_508' title='bbox 969 3695 1174 3763; x_wconf 89' lang='lat' dir='ltr'><strong>aliquot</strong></span> <span class='ocrx_word' id='word_1_509' title='bbox 1195 3710 1406 3750; x_wconf 88' lang='lat' dir='ltr'><strong>menses</strong></span> <span class='ocrx_word' id='word_1_510' title='bbox 1434 3702 1755 3760; x_wconf 88' lang='lat' dir='ltr'><strong>moraretur,</strong></span> <span class='ocrx_word' id='word_1_511' title='bbox 1778 3709 1807 3748; x_wconf 90' lang='lat' dir='ltr'><strong>a</strong></span> <span class='ocrx_word' id='word_1_512' title='bbox 1841 3693 2061 3758; x_wconf 88' lang='lat' dir='ltr'><strong>Fausto,</strong></span> <span class='ocrx_word' id='word_1_513' title='bbox 2093 3695 2384 3765; x_wconf 82' lang='lat' dir='ltr'><strong>Regiorum</strong></span> <span class='ocrx_word' id='word_1_514' title='bbox 2409 3705 2588 3764; x_wconf 88' lang='lat' dir='ltr'><strong>postea</strong></span> <span class='ocrx_word' id='word_1_515' title='bbox 2618 3697 2892 3767; x_wconf 89' lang='lat' dir='ltr'><strong>episcopo,</strong></span> <span class='ocrx_word' id='word_1_516' title='bbox 2927 3707 3201 3767; x_wconf 87' lang='lat' dir='ltr'><strong>exceptus,</strong></span> <span class='ocrx_word' id='word_1_517' title='bbox 3233 3699 3406 3754; x_wconf 89' lang='lat' dir='ltr'><strong>eidem</strong></span> <span class='ocrx_word' id='word_1_518' title='bbox 3431 3700 3599 3754; x_wconf 73' lang='lat' dir='ltr'><strong>luere-</strong></span> 
     </span>
    </p>
   </div>
   <div class='ocr_carea' id='block_1_38' title="bbox 314 3783 3598 3860">
    <p class='ocr_par' dir='ltr' id='par_1_38' title="bbox 314 3783 3598 3860">
     <span class='ocr_line' id='line_1_38' title="bbox 314 3783 3598 3860; baseline 0.002 -22"><span class='ocrx_word' id='word_1_519' title='bbox 314 3785 391 3838; x_wconf 81' lang='lat' dir='ltr'><strong>sis</strong></span> <span class='ocrx_word' id='word_1_520' title='bbox 412 3799 526 3839; x_wconf 74' lang='lat' dir='ltr'><strong>sua:</strong></span> <span class='ocrx_word' id='word_1_521' title='bbox 550 3785 695 3839; x_wconf 88' lang='lat' dir='ltr'><strong>virus</strong></span> <span class='ocrx_word' id='word_1_522' title='bbox 723 3784 1024 3855; x_wconf 86' lang='lat' dir='ltr'><strong>propinavit</strong></span> <span class='ocrx_word' id='word_1_523' title='bbox 1049 3801 1062 3836; x_wconf 91' lang='lat'><strong>:</strong></span> <span class='ocrx_word' id='word_1_524' title='bbox 1100 3784 1272 3852; x_wconf 79' lang='lat' dir='ltr'><strong>Quod,</strong></span> <span class='ocrx_word' id='word_1_525' title='bbox 1301 3785 1377 3837; x_wconf 89' lang='lat' dir='ltr'><strong>ait</strong></span> <span class='ocrx_word' id='word_1_526' title='bbox 1405 3783 1724 3855; x_wconf 82' lang='lat' dir='ltr'><strong>Vignicrius,</strong></span> <span class='ocrx_word' id='word_1_527' title='bbox 1749 3801 1842 3838; x_wconf 84' lang='lat' dir='ltr'><strong>suo</strong></span> <span class='ocrx_word' id='word_1_528' title='bbox 1863 3784 1972 3838; x_wconf 88' lang='lat' dir='ltr'><strong>loco</strong></span> <span class='ocrx_word' id='word_1_529' title='bbox 1996 3785 2242 3844; x_wconf 78' lang='lat' dir='ltr'><strong>dicemus.</strong></span> <span class='ocrx_word' id='word_1_530' title='bbox 2273 3787 2318 3839; x_wconf 84' lang='lat' dir='ltr'><strong>si</strong></span> <span class='ocrx_word' id='word_1_531' title='bbox 2338 3785 2476 3840; x_wconf 84' lang='lat' dir='ltr'><strong>Deus</strong></span> <span class='ocrx_word' id='word_1_532' title='bbox 2497 3787 2624 3841; x_wconf 78' lang='lat' dir='ltr'><strong>vires</strong></span> <span class='ocrx_word' id='word_1_533' title='bbox 2644 3797 2689 3840; x_wconf 87' lang='lat' dir='ltr'><strong>et</strong></span> <span class='ocrx_word' id='word_1_534' title='bbox 2716 3805 2878 3842; x_wconf 84' lang='lat' dir='ltr'><strong>annos</strong></span> <span class='ocrx_word' id='word_1_535' title='bbox 2903 3787 3157 3855; x_wconf 75' lang='lat' dir='ltr'><strong>stt/fecerit</strong></span> <span class='ocrx_word' id='word_1_536' title='bbox 3178 3833 3192 3855; x_wconf 94' lang='lat'><strong>,</strong></span> <span class='ocrx_word' id='word_1_537' title='bbox 3227 3791 3377 3860; x_wconf 84' lang='lat' dir='ltr'><strong>idque</strong></span> <span class='ocrx_word' id='word_1_538' title='bbox 3408 3793 3598 3846; x_wconf 71' lang='lat' dir='ltr'><strong>caeteris</strong></span> 
     </span>
    </p>
   </div>
   <div class='ocr_carea' id='block_1_39' title="bbox 319 3873 3596 3952">
    <p class='ocr_par' dir='ltr' id='par_1_39' title="bbox 319 3873 3596 3952">
     <span class='ocr_line' id='line_1_39' title="bbox 319 3873 3596 3952; baseline 0.002 -23"><span class='ocrx_word' id='word_1_539' title='bbox 319 3875 695 3942; x_wconf 72' lang='lat' dir='ltr'><strong>probationibus</strong></span> <span class='ocrx_word' id='word_1_540' title='bbox 729 3886 833 3930; x_wconf 76' lang='lat' dir='ltr'><strong>tam</strong></span> <span class='ocrx_word' id='word_1_541' title='bbox 873 3891 938 3930; x_wconf 77' lang='lat' dir='ltr'><strong>ea;</strong></span> <span class='ocrx_word' id='word_1_542' title='bbox 968 3873 1242 3945; x_wconf 83' lang='lat' dir='ltr'><strong>Fulgentio</strong></span> <span class='ocrx_word' id='word_1_543' title='bbox 1262 3914 1277 3938; x_wconf 96' lang='lat'><strong>,</strong></span> <span class='ocrx_word' id='word_1_544' title='bbox 1309 3890 1463 3943; x_wconf 84' lang='lat' dir='ltr'><strong>quam</strong></span> <span class='ocrx_word' id='word_1_545' title='bbox 1492 3889 1556 3928; x_wconf 80' lang='lat' dir='ltr'><strong>ea:</strong></span> <span class='ocrx_word' id='word_1_546' title='bbox 1578 3873 1728 3938; x_wconf 80' lang='lat' dir='ltr'><strong>aliis,</strong></span> <span class='ocrx_word' id='word_1_547' title='bbox 1757 3873 2002 3944; x_wconf 76' lang='lat' dir='ltr'><strong>pluraque</strong></span> <span class='ocrx_word' id='word_1_548' title='bbox 2037 3874 2092 3927; x_wconf 86' lang='lat' dir='ltr'><strong>id</strong></span> <span class='ocrx_word' id='word_1_549' title='bbox 2127 3876 2326 3945; x_wconf 73' lang='lat' dir='ltr'><strong>generis</strong></span> <span class='ocrx_word' id='word_1_550' title='bbox 2367 3890 2481 3947; x_wconf 74' lang='lat' dir='ltr'><strong>qua:</strong></span> <span class='ocrx_word' id='word_1_551' title='bbox 2512 3877 2696 3929; x_wconf 82' lang='lat' dir='ltr'><strong>multos</strong></span> <span class='ocrx_word' id='word_1_552' title='bbox 2733 3877 2888 3930; x_wconf 85' lang='lat' dir='ltr'><strong>latent</strong></span> <span class='ocrx_word' id='word_1_553' title='bbox 2909 3918 2925 3942; x_wconf 95' lang='lat'><strong>,</strong></span> <span class='ocrx_word' id='word_1_554' title='bbox 2952 3896 3230 3933; x_wconf 75' lang='lat' dir='ltr'><strong>asset-emus</strong></span> <span class='ocrx_word' id='word_1_555' title='bbox 3258 3880 3596 3952; x_wconf 73' lang='lat' dir='ltr'><strong>(Viguierius,</strong></span> 
     </span>
    </p>
   </div>
   <div class='ocr_carea' id='block_1_40' title="bbox 321 3967 3596 4044">
    <p class='ocr_par' dir='ltr' id='par_1_40' title="bbox 321 3967 3596 4044">
     <span class='ocr_line' id='line_1_40' title="bbox 321 3967 3596 4044; baseline 0.001 -22"><span class='ocrx_word' id='word_1_556' title='bbox 321 3967 537 4040; x_wconf 76' lang='lat' dir='ltr'><strong>I’nefat.</strong></span> <span class='ocrx_word' id='word_1_557' title='bbox 561 3969 619 4023; x_wconf 81' lang='lat' dir='ltr'><strong>in</strong></span> <span class='ocrx_word' id='word_1_558' title='bbox 641 3968 782 4039; x_wconf 82' lang='lat' dir='ltr'><strong>Opus</strong></span> <span class='ocrx_word' id='word_1_559' title='bbox 808 3971 1155 4041; x_wconf 66' lang='lat' dir='ltr'><strong>imperfectum</strong></span> <span class='ocrx_word' id='word_1_560' title='bbox 1186 3967 1228 4040; x_wconf 95' lang='lat'><strong>).</strong></span> <span class='ocrx_word' id='word_1_561' title='bbox 1262 3968 1344 4022; x_wconf 83' lang='lat' dir='ltr'><strong>Ad</strong></span> <span class='ocrx_word' id='word_1_562' title='bbox 1385 3968 1498 4023; x_wconf 74' lang='lat' dir='ltr'><strong>ltrec</strong></span> <span class='ocrx_word' id='word_1_563' title='bbox 1544 3967 1800 4036; x_wconf 80' lang='lat' dir='ltr'><strong>Vignicrii</strong></span> <span class='ocrx_word' id='word_1_564' title='bbox 1829 3967 1986 4023; x_wconf 81' lang='lat' dir='ltr'><strong>verba</strong></span> <span class='ocrx_word' id='word_1_565' title='bbox 2017 3967 2252 4024; x_wconf 77' lang='lat' dir='ltr'><strong>Joannes</strong></span> <span class='ocrx_word' id='word_1_566' title='bbox 2290 3969 2582 4023; x_wconf 74' lang='lat' dir='ltr'><strong>Garncrius</strong></span> <span class='ocrx_word' id='word_1_567' title='bbox 2608 3985 2622 4033; x_wconf 93' lang='lat'><strong>;</strong></span> <span class='ocrx_word' id='word_1_568' title='bbox 2653 3967 2900 4040; x_wconf 84' lang='lat' dir='ltr'><strong>lutclligit</strong></span> <span class='ocrx_word' id='word_1_569' title='bbox 2927 3982 3092 4025; x_wconf 86' lang='lat' dir='ltr'><strong>autem</strong></span> <span class='ocrx_word' id='word_1_570' title='bbox 3114 4013 3128 4036; x_wconf 94' lang='lat'><strong>,</strong></span> <span class='ocrx_word' id='word_1_571' title='bbox 3163 3974 3350 4044; x_wconf 86' lang='lat' dir='ltr'><strong>inquit,</strong></span> <span class='ocrx_word' id='word_1_572' title='bbox 3381 3975 3456 4026; x_wconf 80' lang='lat' dir='ltr'><strong>rir</strong></span> <span class='ocrx_word' id='word_1_573' title='bbox 3478 3991 3596 4027; x_wconf 86' lang='lat' dir='ltr'><strong>eru-</strong></span> 
     </span>
    </p>
   </div>
   <div class='ocr_carea' id='block_1_41' title="bbox 317 4059 3595 4132">
    <p class='ocr_par' dir='ltr' id='par_1_41' title="bbox 317 4059 3595 4132">
     <span class='ocr_line' id='line_1_41' title="bbox 317 4059 3595 4132; baseline 0.002 -20"><span class='ocrx_word' id='word_1_574' title='bbox 317 4061 460 4114; x_wconf 79' lang='lat' dir='ltr'><strong>ditus</strong></span> <span class='ocrx_word' id='word_1_575' title='bbox 481 4061 685 4114; x_wconf 75' lang='lat' dir='ltr'><strong>neruiue</strong></span> <span class='ocrx_word' id='word_1_576' title='bbox 704 4059 986 4132; x_wconf 80' lang='lat' dir='ltr'><strong>Fulgentii,</strong></span> <span class='ocrx_word' id='word_1_577' title='bbox 1023 4060 1175 4116; x_wconf 77' lang='lat' dir='ltr'><strong>libros</strong></span> <span class='ocrx_word' id='word_1_578' title='bbox 1204 4077 1329 4130; x_wconf 82' lang='lat' dir='ltr'><strong>quos</strong></span> <span class='ocrx_word' id='word_1_579' title='bbox 1353 4073 1555 4115; x_wconf 83' lang='lat' dir='ltr'><strong>sanctus</strong></span> <span class='ocrx_word' id='word_1_580' title='bbox 1597 4060 1684 4115; x_wconf 87' lang='lat' dir='ltr'><strong>ille</strong></span> <span class='ocrx_word' id='word_1_581' title='bbox 1719 4061 1981 4131; x_wconf 79' lang='lat' dir='ltr'><strong>episcopus</strong></span> <span class='ocrx_word' id='word_1_582' title='bbox 2013 4061 2251 4115; x_wconf 81' lang='lat' dir='ltr'><strong>adversus</strong></span> <span class='ocrx_word' id='word_1_583' title='bbox 2277 4059 2524 4114; x_wconf 79' lang='lat' dir='ltr'><strong>Faustum</strong></span> <span class='ocrx_word' id='word_1_584' title='bbox 2565 4061 2797 4130; x_wconf 77' lang='lat' dir='ltr'><strong>scripsit,</strong></span> <span class='ocrx_word' id='word_1_585' title='bbox 2829 4077 3051 4131; x_wconf 79' lang='lat' dir='ltr'><strong>quosque</strong></span> <span class='ocrx_word' id='word_1_586' title='bbox 3087 4063 3227 4131; x_wconf 55' lang='lat' dir='ltr'><strong>aj‘ud</strong></span> <span class='ocrx_word' id='word_1_587' title='bbox 3260 4080 3312 4116; x_wconf 85' lang='lat' dir='ltr'><strong>se</strong></span> <span class='ocrx_word' id='word_1_588' title='bbox 3350 4064 3521 4118; x_wconf 79' lang='lat' dir='ltr'><strong>[tabuit</strong></span> <span class='ocrx_word' id='word_1_589' title='bbox 3547 4067 3595 4121; x_wconf 78' lang='lat' dir='ltr'><strong>in</strong></span> 
     </span>
    </p>
   </div>
   <div class='ocr_carea' id='block_1_42' title="bbox 318 4149 3322 4226">
    <p class='ocr_par' dir='ltr' id='par_1_42' title="bbox 318 4149 3322 4226">
     <span class='ocr_line' id='line_1_42' title="bbox 318 4149 3322 4226; baseline -0 -20"><span class='ocrx_word' id='word_1_590' title='bbox 318 4156 663 4222; x_wconf 78' lang='lat' dir='ltr'><strong>marutscriplo</strong></span> <span class='ocrx_word' id='word_1_591' title='bbox 689 4153 858 4207; x_wconf 81' lang='lat' dir='ltr'><strong>codice</strong></span> <span class='ocrx_word' id='word_1_592' title='bbox 896 4151 1034 4208; x_wconf 87' lang='lat' dir='ltr'><strong>idem</strong></span> <span class='ocrx_word' id='word_1_593' title='bbox 1066 4151 1379 4221; x_wconf 80' lang='lat' dir='ltr'><strong>Vignierius,</strong></span> <span class='ocrx_word' id='word_1_594' title='bbox 1409 4168 1523 4204; x_wconf 87' lang='lat' dir='ltr'><strong>cum</strong></span> <span class='ocrx_word' id='word_1_595' title='bbox 1549 4151 1726 4206; x_wconf 80' lang='lat' dir='ltr'><strong>viveret</strong></span> <span class='ocrx_word' id='word_1_596' title='bbox 1756 4149 2056 4220; x_wconf 72' lang='lat' dir='ltr'><strong>(Carnarius</strong></span> <span class='ocrx_word' id='word_1_597' title='bbox 2076 4191 2092 4219; x_wconf 92' lang='lat'><strong>,</strong></span> <span class='ocrx_word' id='word_1_598' title='bbox 2115 4151 2167 4205; x_wconf 84' lang='lat' dir='ltr'><strong>in</strong></span> <span class='ocrx_word' id='word_1_599' title='bbox 2201 4151 2414 4204; x_wconf 72' lang='lat' dir='ltr'><strong>Mercat.</strong></span> <span class='ocrx_word' id='word_1_600' title='bbox 2439 4150 2639 4205; x_wconf 77' lang='lat' dir='ltr'><strong>dissert.</strong></span> <span class='ocrx_word' id='word_1_601' title='bbox 2674 4152 2722 4214; x_wconf 88' lang='grc' dir='ltr'><strong>Ι,</strong></span> <span class='ocrx_word' id='word_1_602' title='bbox 2751 4168 2864 4221; x_wconf 78' lang='lat' dir='ltr'><strong>cap.</strong></span> <span class='ocrx_word' id='word_1_603' title='bbox 2892 4153 2945 4220; x_wconf 84' lang='lat'><strong>6,</strong></span> <span class='ocrx_word' id='word_1_604' title='bbox 2978 4151 3040 4208; x_wconf 82' lang='lat' dir='ltr'><strong>de</strong></span> <span class='ocrx_word' id='word_1_605' title='bbox 3062 4151 3322 4226; x_wconf 72' lang='lat' dir='ltr'><strong>Juliano).</strong></span> 
     </span>
    </p>
   </div>
   <div class='ocr_carea' id='block_1_43' title="bbox 391 4243 3589 4317">
    <p class='ocr_par' dir='ltr' id='par_1_43' title="bbox 391 4243 3589 4317">
     <span class='ocr_line' id='line_1_43' title="bbox 391 4243 3589 4317; baseline -0.001 -15"><span class='ocrx_word' id='word_1_606' title='bbox 391 4246 542 4302; x_wconf 87' lang='lat' dir='ltr'><strong>Sixto</strong></span> <span class='ocrx_word' id='word_1_607' title='bbox 572 4247 676 4302; x_wconf 85' lang='lat' dir='ltr'><strong>vita</strong></span> <span class='ocrx_word' id='word_1_608' title='bbox 709 4246 888 4303; x_wconf 84' lang='lat' dir='ltr'><strong>functo</strong></span> <span class='ocrx_word' id='word_1_609' title='bbox 915 4247 1060 4300; x_wconf 89' lang='lat' dir='ltr'><strong>illum</strong></span> <span class='ocrx_word' id='word_1_610' title='bbox 1097 4245 1322 4302; x_wconf 78' lang='lat' dir='ltr'><strong>rediisse</strong></span> <span class='ocrx_word' id='word_1_611' title='bbox 1346 4245 1398 4300; x_wconf 89' lang='lat' dir='ltr'><strong>iu</strong></span> <span class='ocrx_word' id='word_1_612' title='bbox 1445 4245 1648 4300; x_wconf 89' lang='lat' dir='ltr'><strong>Italiam</strong></span> <span class='ocrx_word' id='word_1_613' title='bbox 1674 4285 1688 4310; x_wconf 95' lang='lat'><strong>,</strong></span> <span class='ocrx_word' id='word_1_614' title='bbox 1717 4244 1860 4300; x_wconf 89' lang='lat' dir='ltr'><strong>unde</strong></span> <span class='ocrx_word' id='word_1_615' title='bbox 1903 4247 2090 4299; x_wconf 84' lang='lat' dir='ltr'><strong>iterum</strong></span> <span class='ocrx_word' id='word_1_616' title='bbox 2121 4260 2151 4299; x_wconf 93' lang='lat' dir='ltr'><strong>a</strong></span> <span class='ocrx_word' id='word_1_617' title='bbox 2176 4244 2356 4300; x_wconf 86' lang='lat' dir='ltr'><strong>Leone</strong></span> <span class='ocrx_word' id='word_1_618' title='bbox 2391 4259 2524 4314; x_wconf 88' lang='lat' dir='ltr'><strong>papa</strong></span> <span class='ocrx_word' id='word_1_619' title='bbox 2568 4245 2752 4317; x_wconf 87' lang='lat' dir='ltr'><strong>pulsus</strong></span> <span class='ocrx_word' id='word_1_620' title='bbox 2780 4243 2967 4310; x_wconf 85' lang='lat' dir='ltr'><strong>fuerit,</strong></span> <span class='ocrx_word' id='word_1_621' title='bbox 3003 4245 3125 4302; x_wconf 88' lang='lat' dir='ltr'><strong>hinc</strong></span> <span class='ocrx_word' id='word_1_622' title='bbox 3151 4247 3275 4300; x_wconf 83' lang='lat' dir='ltr'><strong>licet</strong></span> <span class='ocrx_word' id='word_1_623' title='bbox 3303 4247 3589 4317; x_wconf 80' lang='lat' dir='ltr'><strong>conjicere,</strong></span> 
     </span>
    </p>
   </div>
   <div class='ocr_carea' id='block_1_44' title="bbox 318 4336 3596 4410">
    <p class='ocr_par' dir='ltr' id='par_1_44' title="bbox 318 4336 3596 4410">
     <span class='ocr_line' id='line_1_44' title="bbox 318 4336 3596 4410; baseline -0.001 -15"><span class='ocrx_word' id='word_1_624' title='bbox 318 4341 462 4410; x_wconf 85' lang='lat' dir='ltr'><strong>quod</strong></span> <span class='ocrx_word' id='word_1_625' title='bbox 503 4340 740 4410; x_wconf 88' lang='lat' dir='ltr'><strong>ejusdem</strong></span> <span class='ocrx_word' id='word_1_626' title='bbox 764 4340 1019 4408; x_wconf 84' lang='lat' dir='ltr'><strong>temporis</strong></span> <span class='ocrx_word' id='word_1_627' title='bbox 1048 4348 1232 4394; x_wconf 84' lang='lat' dir='ltr'><strong>auctor</strong></span> <span class='ocrx_word' id='word_1_628' title='bbox 1253 4338 1304 4391; x_wconf 92' lang='lat' dir='ltr'><strong>in</strong></span> <span class='ocrx_word' id='word_1_629' title='bbox 1325 4338 1462 4393; x_wconf 89' lang='lat' dir='ltr'><strong>libro</strong></span> <span class='ocrx_word' id='word_1_630' title='bbox 1490 4337 1557 4393; x_wconf 89' lang='lat' dir='ltr'><strong>de</strong></span> <span class='ocrx_word' id='word_1_631' title='bbox 1577 4338 2024 4393; x_wconf 83' lang='lat' dir='ltr'><strong>Promissionibus</strong></span> <span class='ocrx_word' id='word_1_632' title='bbox 2062 4347 2116 4392; x_wconf 92' lang='lat' dir='ltr'><strong>et</strong></span> <span class='ocrx_word' id='word_1_633' title='bbox 2143 4336 2582 4393; x_wconf 62' lang='lat' dir='ltr'><strong>I’riedictionibus</strong></span> <span class='ocrx_word' id='word_1_634' title='bbox 2619 4337 2749 4402; x_wconf 82' lang='lat' dir='ltr'><strong>Dei,</strong></span> <span class='ocrx_word' id='word_1_635' title='bbox 2781 4346 2932 4407; x_wconf 90' lang='lat' dir='ltr'><strong>parte</strong></span> <span class='ocrx_word' id='word_1_636' title='bbox 2961 4349 3178 4407; x_wconf 86' lang='lat' dir='ltr'><strong>quarta,</strong></span> <span class='ocrx_word' id='word_1_637' title='bbox 3211 4340 3382 4408; x_wconf 85' lang='lat' dir='ltr'><strong>capite</strong></span> <span class='ocrx_word' id='word_1_638' title='bbox 3421 4352 3596 4405; x_wconf 69' lang='lat' dir='ltr'><strong>sexto,</strong></span> 
     </span>
    </p>
   </div>
   <div class='ocr_carea' id='block_1_45' title="bbox 319 4410 3598 4502">
    <p class='ocr_par' dir='ltr' id='par_1_45' title="bbox 319 4410 3598 4502">
     <span class='ocr_line' id='line_1_45' title="bbox 319 4410 3598 4502; baseline -0.002 -16"><span class='ocrx_word' id='word_1_639' title='bbox 319 4431 634 4502; x_wconf 80' lang='lat' dir='ltr'><strong>Pelagianos</strong></span> <span class='ocrx_word' id='word_1_640' title='bbox 675 4441 722 4484; x_wconf 85' lang='lat' dir='ltr'><strong>et</strong></span> <span class='ocrx_word' id='word_1_641' title='bbox 761 4430 978 4484; x_wconf 73' lang='lat' dir='ltr'><strong>maxime</strong></span> <span class='ocrx_word' id='word_1_642' title='bbox 1002 4427 1270 4482; x_wconf 73' lang='lat' dir='ltr'><strong>lulianum</strong></span> <span class='ocrx_word' id='word_1_643' title='bbox 1300 4443 1329 4480; x_wconf 89' lang='lat' dir='ltr'><strong>a</strong></span> <span class='ocrx_word' id='word_1_644' title='bbox 1351 4410 1514 4482; x_wconf 86' lang='lat' dir='ltr'><strong>beato</strong></span> <span class='ocrx_word' id='word_1_645' title='bbox 1556 4426 1804 4492; x_wconf 84' lang='lat' dir='ltr'><strong>pontiﬁce</strong></span> <span class='ocrx_word' id='word_1_646' title='bbox 1829 4427 2068 4481; x_wconf 84' lang='lat' dir='ltr'><strong>contritas</strong></span> <span class='ocrx_word' id='word_1_647' title='bbox 2096 4426 2258 4482; x_wconf 74' lang='lat' dir='ltr'><strong>fuisse</strong></span> <span class='ocrx_word' id='word_1_648' title='bbox 2299 4426 2504 4495; x_wconf 88' lang='lat' dir='ltr'><strong>prodat.</strong></span> <span class='ocrx_word' id='word_1_649' title='bbox 2537 4425 2696 4479; x_wconf 74' lang='lat' dir='ltr'><strong>Addit</strong></span> <span class='ocrx_word' id='word_1_650' title='bbox 2725 4425 3025 4498; x_wconf 87' lang='lat' dir='ltr'><strong>Vignierius</strong></span> <span class='ocrx_word' id='word_1_651' title='bbox 3063 4428 3200 4479; x_wconf 71' lang='lat' dir='ltr'><strong>hunc</strong></span> <span class='ocrx_word' id='word_1_652' title='bbox 3225 4429 3392 4496; x_wconf 87' lang='lat' dir='ltr'><strong>ipsum</strong></span> <span class='ocrx_word' id='word_1_653' title='bbox 3429 4430 3598 4483; x_wconf 74' lang='lat' dir='ltr'><strong>infeli-</strong></span> 
     </span>
    </p>
   </div>
   <div class='ocr_carea' id='block_1_46' title="bbox 319 4517 3596 4592">
    <p class='ocr_par' dir='ltr' id='par_1_46' title="bbox 319 4517 3596 4592">
     <span class='ocr_line' id='line_1_46' title="bbox 319 4517 3596 4592; baseline -0.001 -16"><span class='ocrx_word' id='word_1_654' title='bbox 319 4538 441 4578; x_wconf 89' lang='lat' dir='ltr'><strong>cem</strong></span> <span class='ocrx_word' id='word_1_655' title='bbox 475 4522 813 4584; x_wconf 75' lang='lat' dir='ltr'><strong>Ittrreticum,</strong></span> <span class='ocrx_word' id='word_1_656' title='bbox 842 4530 966 4591; x_wconf 82' lang='lat' dir='ltr'><strong>post</strong></span> <span class='ocrx_word' id='word_1_657' title='bbox 989 4521 1174 4590; x_wconf 80' lang='lat' dir='ltr'><strong>longas</strong></span> <span class='ocrx_word' id='word_1_658' title='bbox 1201 4518 1299 4574; x_wconf 84' lang='lat' dir='ltr'><strong>hac</strong></span> <span class='ocrx_word' id='word_1_659' title='bbox 1327 4519 1446 4574; x_wconf 88' lang='lat' dir='ltr'><strong>illac</strong></span> <span class='ocrx_word' id='word_1_660' title='bbox 1467 4518 1784 4585; x_wconf 84' lang='lat' dir='ltr'><strong>errationes,</strong></span> <span class='ocrx_word' id='word_1_661' title='bbox 1812 4517 1881 4572; x_wconf 90' lang='lat' dir='ltr'><strong>ob</strong></span> <span class='ocrx_word' id='word_1_662' title='bbox 1901 4533 2031 4588; x_wconf 87' lang='lat' dir='ltr'><strong>quas</strong></span> <span class='ocrx_word' id='word_1_663' title='bbox 2060 4534 2173 4572; x_wconf 87' lang='lat' dir='ltr'><strong>cum</strong></span> <span class='ocrx_word' id='word_1_664' title='bbox 2205 4517 2504 4590; x_wconf 81' lang='lat' dir='ltr'><strong>Fulgentius</strong></span> <span class='ocrx_word' id='word_1_665' title='bbox 2523 4561 2538 4586; x_wconf 91' lang='lat'><strong>,</strong></span> <span class='ocrx_word' id='word_1_666' title='bbox 2567 4526 2624 4572; x_wconf 86' lang='lat' dir='ltr'><strong>ut</strong></span> <span class='ocrx_word' id='word_1_667' title='bbox 2651 4517 2799 4582; x_wconf 89' lang='lat' dir='ltr'><strong>dicit,</strong></span> <span class='ocrx_word' id='word_1_668' title='bbox 2824 4519 3037 4571; x_wconf 80' lang='lat' dir='ltr'><strong>alterum</strong></span> <span class='ocrx_word' id='word_1_669' title='bbox 3065 4520 3187 4574; x_wconf 72' lang='lat' dir='ltr'><strong>Cain</strong></span> <span class='ocrx_word' id='word_1_670' title='bbox 3209 4562 3221 4580; x_wconf 88' lang='lat'><strong>,</strong></span> <span class='ocrx_word' id='word_1_671' title='bbox 3257 4524 3348 4572; x_wconf 82' lang='lat' dir='ltr'><strong>hoc</strong></span> <span class='ocrx_word' id='word_1_672' title='bbox 3379 4532 3450 4574; x_wconf 79' lang='lat' dir='ltr'><strong>est</strong></span> <span class='ocrx_word' id='word_1_673' title='bbox 3477 4540 3596 4592; x_wconf 78' lang='lat' dir='ltr'><strong>pro-</strong></span> 
     </span>
    </p>
   </div>
   <div class='ocr_carea' id='block_1_47' title="bbox 323 4607 3590 4683">
    <p class='ocr_par' dir='ltr' id='par_1_47' title="bbox 323 4607 3590 4683">
     <span class='ocr_line' id='line_1_47' title="bbox 323 4607 3590 4683; baseline 0.001 -20"><span class='ocrx_word' id='word_1_674' title='bbox 323 4618 508 4683; x_wconf 74' lang='lat' dir='ltr'><strong>fugum</strong></span> <span class='ocrx_word' id='word_1_675' title='bbox 536 4622 584 4666; x_wconf 83' lang='lat' dir='ltr'><strong>et</strong></span> <span class='ocrx_word' id='word_1_676' title='bbox 609 4613 745 4666; x_wconf 87' lang='lat' dir='ltr'><strong>omni</strong></span> <span class='ocrx_word' id='word_1_677' title='bbox 771 4611 884 4666; x_wconf 82' lang='lat' dir='ltr'><strong>loco</strong></span> <span class='ocrx_word' id='word_1_678' title='bbox 911 4619 1178 4672; x_wconf 76' lang='lat' dir='ltr'><strong>extorrem,</strong></span> <span class='ocrx_word' id='word_1_679' title='bbox 1211 4609 1457 4679; x_wconf 79' lang='lat' dir='ltr'><strong>appellat,</strong></span> <span class='ocrx_word' id='word_1_680' title='bbox 1482 4609 1650 4663; x_wconf 91' lang='lat' dir='ltr'><strong>ultimi</strong></span> <span class='ocrx_word' id='word_1_681' title='bbox 1680 4607 1893 4663; x_wconf 89' lang='lat' dir='ltr'><strong>demum</strong></span> <span class='ocrx_word' id='word_1_682' title='bbox 1921 4608 2141 4680; x_wconf 84' lang='lat' dir='ltr'><strong>perfugii</strong></span> <span class='ocrx_word' id='word_1_683' title='bbox 2172 4609 2290 4664; x_wconf 82' lang='lat' dir='ltr'><strong>loco</strong></span> <span class='ocrx_word' id='word_1_684' title='bbox 2319 4610 2546 4663; x_wconf 78' lang='lat' dir='ltr'><strong>vienlmn</strong></span> <span class='ocrx_word' id='word_1_685' title='bbox 2573 4609 2854 4682; x_wconf 88' lang='lat' dir='ltr'><strong>quemdam</strong></span> <span class='ocrx_word' id='word_1_686' title='bbox 2884 4610 2934 4662; x_wconf 94' lang='lat' dir='ltr'><strong>in</strong></span> <span class='ocrx_word' id='word_1_687' title='bbox 2960 4611 3134 4665; x_wconf 89' lang='lat' dir='ltr'><strong>Sicilia</strong></span> <span class='ocrx_word' id='word_1_688' title='bbox 3166 4612 3470 4675; x_wconf 72' lang='lat' dir='ltr'><strong>incoluisse,</strong></span> <span class='ocrx_word' id='word_1_689' title='bbox 3503 4616 3590 4667; x_wconf 89' lang='lat' dir='ltr'><strong>ubi</strong></span> 
     </span>
    </p>
   </div>
   <div class='ocr_carea' id='block_1_48' title="bbox 320 4699 3595 4774">
    <p class='ocr_par' dir='ltr' id='par_1_48' title="bbox 320 4699 3595 4774">
     <span class='ocr_line' id='line_1_48' title="bbox 320 4699 3595 4774; baseline 0.001 -17"><span class='ocrx_word' id='word_1_690' title='bbox 320 4719 434 4757; x_wconf 76' lang='lat' dir='ltr'><strong>smn</strong></span> <span class='ocrx_word' id='word_1_691' title='bbox 457 4713 620 4758; x_wconf 73' lang='lat' dir='ltr'><strong>secta:</strong></span> <span class='ocrx_word' id='word_1_692' title='bbox 651 4702 895 4756; x_wconf 84' lang='lat' dir='ltr'><strong>homines</strong></span> <span class='ocrx_word' id='word_1_693' title='bbox 923 4701 1152 4756; x_wconf 87' lang='lat' dir='ltr'><strong>docebat</strong></span> <span class='ocrx_word' id='word_1_694' title='bbox 1174 4701 1394 4766; x_wconf 81' lang='lat' dir='ltr'><strong>litteras,</strong></span> <span class='ocrx_word' id='word_1_695' title='bbox 1428 4700 1596 4754; x_wconf 90' lang='lat' dir='ltr'><strong>factus</strong></span> <span class='ocrx_word' id='word_1_696' title='bbox 1624 4715 1690 4755; x_wconf 82' lang='lat' dir='ltr'><strong>ex</strong></span> <span class='ocrx_word' id='word_1_697' title='bbox 1717 4700 1967 4770; x_wconf 89' lang='lat' dir='ltr'><strong>episcopo</strong></span> <span class='ocrx_word' id='word_1_698' title='bbox 1996 4699 2379 4770; x_wconf 85' lang='lat' dir='ltr'><strong>ludimagister.</strong></span> <span class='ocrx_word' id='word_1_699' title='bbox 2415 4701 2559 4757; x_wconf 83' lang='lat' dir='ltr'><strong>Hanc</strong></span> <span class='ocrx_word' id='word_1_700' title='bbox 2594 4702 2666 4756; x_wconf 92' lang='lat' dir='ltr'><strong>illi</strong></span> <span class='ocrx_word' id='word_1_701' title='bbox 2707 4701 3108 4772; x_wconf 85' lang='lat' dir='ltr'><strong>occupationem</strong></span> <span class='ocrx_word' id='word_1_702' title='bbox 3135 4745 3149 4768; x_wconf 92' lang='lat'><strong>,</strong></span> <span class='ocrx_word' id='word_1_703' title='bbox 3183 4706 3331 4774; x_wconf 89' lang='lat' dir='ltr'><strong>quasi</strong></span> <span class='ocrx_word' id='word_1_704' title='bbox 3356 4707 3595 4760; x_wconf 88' lang='lat' dir='ltr'><strong>omnium</strong></span> 
     </span>
    </p>
   </div>
   <div class='ocr_carea' id='block_1_49' title="bbox 321 4791 3597 4869">
    <p class='ocr_par' dir='ltr' id='par_1_49' title="bbox 321 4791 3597 4869">
     <span class='ocr_line' id='line_1_49' title="bbox 321 4791 3597 4869; baseline 0.001 -21"><span class='ocrx_word' id='word_1_705' title='bbox 321 4795 556 4849; x_wconf 79' lang='lat' dir='ltr'><strong>maxime</strong></span> <span class='ocrx_word' id='word_1_706' title='bbox 585 4803 968 4864; x_wconf 85' lang='lat' dir='ltr'><strong>congruentem</strong></span> <span class='ocrx_word' id='word_1_707' title='bbox 999 4802 1053 4848; x_wconf 91' lang='lat' dir='ltr'><strong>et</strong></span> <span class='ocrx_word' id='word_1_708' title='bbox 1078 4791 1192 4862; x_wconf 83' lang='lat' dir='ltr'><strong>ejus</strong></span> <span class='ocrx_word' id='word_1_709' title='bbox 1216 4793 1266 4846; x_wconf 92' lang='lat' dir='ltr'><strong>in</strong></span> <span class='ocrx_word' id='word_1_710' title='bbox 1299 4791 1458 4847; x_wconf 85' lang='lat' dir='ltr'><strong>hasce</strong></span> <span class='ocrx_word' id='word_1_711' title='bbox 1481 4791 1788 4862; x_wconf 85' lang='lat' dir='ltr'><strong>disciplinas</strong></span> <span class='ocrx_word' id='word_1_712' title='bbox 1816 4793 2010 4856; x_wconf 91' lang='lat' dir='ltr'><strong>studio,</strong></span> <span class='ocrx_word' id='word_1_713' title='bbox 2040 4802 2093 4848; x_wconf 87' lang='lat' dir='ltr'><strong>et</strong></span> <span class='ocrx_word' id='word_1_714' title='bbox 2116 4807 2264 4846; x_wconf 78' lang='lat' dir='ltr'><strong>vana:</strong></span> <span class='ocrx_word' id='word_1_715' title='bbox 2288 4793 2467 4862; x_wconf 72' lang='lat' dir='ltr'><strong>gloria:</strong></span> <span class='ocrx_word' id='word_1_716' title='bbox 2493 4810 2650 4865; x_wconf 88' lang='lat' dir='ltr'><strong>quam</strong></span> <span class='ocrx_word' id='word_1_717' title='bbox 2673 4811 2737 4850; x_wconf 81' lang='lat' dir='ltr'><strong>ex</strong></span> <span class='ocrx_word' id='word_1_718' title='bbox 2767 4811 2949 4850; x_wconf 91' lang='lat' dir='ltr'><strong>earum</strong></span> <span class='ocrx_word' id='word_1_719' title='bbox 2981 4797 3280 4867; x_wconf 89' lang='lat' dir='ltr'><strong>cognitione</strong></span> <span class='ocrx_word' id='word_1_720' title='bbox 3314 4799 3597 4869; x_wconf 87' lang='lat' dir='ltr'><strong>captabat,</strong></span> 
     </span>
    </p>
   </div>
   <div class='ocr_carea' id='block_1_50' title="bbox 323 4879 2782 4957">
    <p class='ocr_par' dir='ltr' id='par_1_50' title="bbox 323 4879 2782 4957">
     <span class='ocr_line' id='line_1_50' title="bbox 323 4879 2782 4957; baseline 0.001 -22"><span class='ocrx_word' id='word_1_721' title='bbox 323 4894 451 4938; x_wconf 89' lang='lat' dir='ltr'><strong>ante</strong></span> <span class='ocrx_word' id='word_1_722' title='bbox 477 4884 678 4938; x_wconf 91' lang='lat' dir='ltr'><strong>multos</strong></span> <span class='ocrx_word' id='word_1_723' title='bbox 703 4899 870 4937; x_wconf 91' lang='lat' dir='ltr'><strong>annos</strong></span> <span class='ocrx_word' id='word_1_724' title='bbox 897 4885 1253 4936; x_wconf 70' lang='lat' dir='ltr'><strong>de~tinaverat</strong></span> <span class='ocrx_word' id='word_1_725' title='bbox 1281 4881 1610 4952; x_wconf 81' lang='lat' dir='ltr'><strong>Augustinus</strong></span> <span class='ocrx_word' id='word_1_726' title='bbox 1635 4881 1653 4954; x_wconf 97' lang='lat'>(</span> <span class='ocrx_word' id='word_1_727' title='bbox 1681 4879 1851 4950; x_wconf 79' lang='lat' dir='ltr'><strong>Infra,</strong></span> <span class='ocrx_word' id='word_1_728' title='bbox 1880 4881 2060 4951; x_wconf 80' lang='lat' dir='ltr'><strong>Operis</strong></span> <span class='ocrx_word' id='word_1_729' title='bbox 2088 4884 2291 4953; x_wconf 82' lang='lat' dir='ltr'><strong>imperf.</strong></span> <span class='ocrx_word' id='word_1_730' title='bbox 2321 4885 2406 4937; x_wconf 82' lang='lat' dir='ltr'><strong>lib.</strong></span> <span class='ocrx_word' id='word_1_731' title='bbox 2434 4884 2490 4947; x_wconf 77' lang='lat'><strong>2,</strong></span> <span class='ocrx_word' id='word_1_732' title='bbox 2520 4902 2635 4954; x_wconf 90' lang='lat' dir='ltr'><strong>cap.</strong></span> <span class='ocrx_word' id='word_1_733' title='bbox 2669 4884 2782 4957; x_wconf 82' lang='lat'><strong>5|).</strong></span> 
     </span>
    </p>
   </div>
   <div class='ocr_carea' id='block_1_51' title="bbox 398 4971 3600 5050">
    <p class='ocr_par' dir='ltr' id='par_1_51' title="bbox 398 4971 3600 5050">
     <span class='ocr_line' id='line_1_51' title="bbox 398 4971 3600 5050; baseline 0.002 -22"><span class='ocrx_word' id='word_1_734' title='bbox 398 4974 512 5028; x_wconf 77' lang='lat' dir='ltr'><strong>Huc</strong></span> <span class='ocrx_word' id='word_1_735' title='bbox 535 4973 719 5042; x_wconf 86' lang='lat' dir='ltr'><strong>adjicit</strong></span> <span class='ocrx_word' id='word_1_736' title='bbox 749 4972 1068 5042; x_wconf 81' lang='lat' dir='ltr'><strong>Vignierius,</strong></span> <span class='ocrx_word' id='word_1_737' title='bbox 1105 4984 1384 5042; x_wconf 89' lang='lat' dir='ltr'><strong>postquam</strong></span> <span class='ocrx_word' id='word_1_738' title='bbox 1417 4973 1461 5026; x_wconf 93' lang='lat' dir='ltr'><strong>is</strong></span> <span class='ocrx_word' id='word_1_739' title='bbox 1489 4971 1683 5027; x_wconf 90' lang='lat' dir='ltr'><strong>ibidem</strong></span> <span class='ocrx_word' id='word_1_740' title='bbox 1711 4973 1890 5027; x_wconf 84' lang='lat' dir='ltr'><strong>vivere</strong></span> <span class='ocrx_word' id='word_1_741' title='bbox 1909 4973 2174 5037; x_wconf 85' lang='lat' dir='ltr'><strong>desiisset,</strong></span> <span class='ocrx_word' id='word_1_742' title='bbox 2202 4973 2512 5044; x_wconf 86' lang='lat' dir='ltr'><strong>Pelagianos</strong></span> <span class='ocrx_word' id='word_1_743' title='bbox 2534 4977 2736 5030; x_wconf 87' lang='lat' dir='ltr'><strong>tumqu</strong></span> <span class='ocrx_word' id='word_1_744' title='bbox 2765 4977 2880 5047; x_wconf 91' lang='lat' dir='ltr'><strong>ejus</strong></span> <span class='ocrx_word' id='word_1_745' title='bbox 2908 4977 3008 5031; x_wconf 87' lang='lat' dir='ltr'><strong>hoc</strong></span> <span class='ocrx_word' id='word_1_746' title='bbox 3032 4977 3260 5047; x_wconf 83' lang='lat' dir='ltr'><strong>elogium</strong></span> <span class='ocrx_word' id='word_1_747' title='bbox 3289 4981 3600 5050; x_wconf 88' lang='lat' dir='ltr'><strong>scripsisse:</strong></span> 
     </span>
    </p>
   </div>
   <div class='ocr_carea' id='block_1_52' title="bbox 326 5059 3597 5143">
    <p class='ocr_par' dir='ltr' id='par_1_52' title="bbox 326 5059 3597 5143">
     <span class='ocr_line' id='line_1_52' title="bbox 326 5059 3597 5143; baseline 0.003 -27"><span class='ocrx_word' id='word_1_748' title='bbox 326 5059 456 5118; x_wconf 65' lang='lat' dir='ltr'><strong>Heio</strong></span> <span class='ocrx_word' id='word_1_749' title='bbox 481 5065 532 5117; x_wconf 88' lang='lat' dir='ltr'><strong>in</strong></span> <span class='ocrx_word' id='word_1_750' title='bbox 561 5079 688 5133; x_wconf 83' lang='lat' dir='ltr'><strong>pace</strong></span> <span class='ocrx_word' id='word_1_751' title='bbox 713 5063 923 5135; x_wconf 81' lang='lat' dir='ltr'><strong>quiescit</strong></span> <span class='ocrx_word' id='word_1_752' title='bbox 947 5061 1191 5115; x_wconf 78' lang='lat' dir='ltr'><strong>Julianus</strong></span> <span class='ocrx_word' id='word_1_753' title='bbox 1229 5063 1495 5132; x_wconf 75' lang='lat' dir='ltr'><strong>episcopus</strong></span> <span class='ocrx_word' id='word_1_754' title='bbox 1532 5063 1826 5116; x_wconf 75' lang='lat' dir='ltr'><strong>catholicus.</strong></span> <span class='ocrx_word' id='word_1_755' title='bbox 1860 5063 2010 5132; x_wconf 87' lang='lat' dir='ltr'><strong>Quod</strong></span> <span class='ocrx_word' id='word_1_756' title='bbox 2057 5063 2386 5135; x_wconf 85' lang='lat' dir='ltr'><strong>epitaphium</strong></span> <span class='ocrx_word' id='word_1_757' title='bbox 2415 5081 2534 5120; x_wconf 88' lang='lat' dir='ltr'><strong>cmn</strong></span> <span class='ocrx_word' id='word_1_758' title='bbox 2573 5081 2716 5121; x_wconf 87' lang='lat' dir='ltr'><strong>nono</strong></span> <span class='ocrx_word' id='word_1_759' title='bbox 2751 5069 2946 5122; x_wconf 64' lang='lat' dir='ltr'><strong>seculo</strong></span> <span class='ocrx_word' id='word_1_760' title='bbox 2983 5069 3144 5124; x_wconf 88' lang='lat' dir='ltr'><strong>etiam</strong></span> <span class='ocrx_word' id='word_1_761' title='bbox 3167 5079 3276 5125; x_wconf 91' lang='lat' dir='ltr'><strong>tum</strong></span> <span class='ocrx_word' id='word_1_762' title='bbox 3308 5073 3597 5143; x_wconf 87' lang='lat' dir='ltr'><strong>legeretur.</strong></span> 
     </span>
    </p>
   </div>
   <div class='ocr_carea' id='block_1_53' title="bbox 325 5151 3598 5225">
    <p class='ocr_par' dir='ltr' id='par_1_53' title="bbox 325 5151 3598 5225">
     <span class='ocr_line' id='line_1_53' title="bbox 325 5151 3598 5225; baseline 0.003 -16"><span class='ocrx_word' id='word_1_763' title='bbox 325 5155 539 5225; x_wconf 88' lang='lat' dir='ltr'><strong>quidam</strong></span> <span class='ocrx_word' id='word_1_764' title='bbox 566 5153 1109 5224; x_wconf 85' lang='lat' dir='ltr'><strong>Scmipelagianorom</strong></span> <span class='ocrx_word' id='word_1_765' title='bbox 1134 5153 1440 5224; x_wconf 87' lang='lat' dir='ltr'><strong>dogmatum</strong></span> <span class='ocrx_word' id='word_1_766' title='bbox 1467 5151 1705 5209; x_wconf 87' lang='lat' dir='ltr'><strong>fautores</strong></span> <span class='ocrx_word' id='word_1_767' title='bbox 1728 5155 1870 5209; x_wconf 92' lang='lat' dir='ltr'><strong>illius</strong></span> <span class='ocrx_word' id='word_1_768' title='bbox 1893 5157 2202 5212; x_wconf 88' lang='lat' dir='ltr'><strong>memoriam</strong></span> <span class='ocrx_word' id='word_1_769' title='bbox 2249 5156 2528 5212; x_wconf 87' lang='lat' dir='ltr'><strong>restituere</strong></span> <span class='ocrx_word' id='word_1_770' title='bbox 2550 5159 2724 5212; x_wconf 86' lang='lat' dir='ltr'><strong>conati</strong></span> <span class='ocrx_word' id='word_1_771' title='bbox 2757 5169 2898 5213; x_wconf 80' lang='lat' dir='ltr'><strong>smit.</strong></span> <span class='ocrx_word' id='word_1_772' title='bbox 2932 5161 2997 5214; x_wconf 77' lang='lat' dir='ltr'><strong>At</strong></span> <span class='ocrx_word' id='word_1_773' title='bbox 3018 5161 3449 5218; x_wconf 89' lang='lat' dir='ltr'><strong>demonstrarunt</strong></span> <span class='ocrx_word' id='word_1_774' title='bbox 3475 5181 3598 5218; x_wconf 85' lang='lat' dir='ltr'><strong>eru-</strong></span> 
     </span>
    </p>
   </div>
   <div class='ocr_carea' id='block_1_54' title="bbox 326 5243 3600 5325">
    <p class='ocr_par' dir='ltr' id='par_1_54' title="bbox 326 5243 3600 5325">
     <span class='ocr_line' id='line_1_54' title="bbox 326 5243 3600 5325; baseline 0.003 -28"><span class='ocrx_word' id='word_1_775' title='bbox 326 5245 421 5298; x_wconf 90' lang='lat' dir='ltr'><strong>diti</strong></span> <span class='ocrx_word' id='word_1_776' title='bbox 448 5243 714 5298; x_wconf 85' lang='lat' dir='ltr'><strong>antistites</strong></span> <span class='ocrx_word' id='word_1_777' title='bbox 739 5243 1132 5299; x_wconf 89' lang='lat' dir='ltr'><strong>Catholicorum</strong></span> <span class='ocrx_word' id='word_1_778' title='bbox 1163 5258 1359 5300; x_wconf 88' lang='lat' dir='ltr'><strong>nomen</strong></span> <span class='ocrx_word' id='word_1_779' title='bbox 1387 5259 1652 5313; x_wconf 88' lang='lat' dir='ltr'><strong>nunquam</strong></span> <span class='ocrx_word' id='word_1_780' title='bbox 1677 5259 1779 5298; x_wconf 90' lang='lat' dir='ltr'><strong>non</strong></span> <span class='ocrx_word' id='word_1_781' title='bbox 1803 5259 2089 5315; x_wconf 82' lang='lat' dir='ltr'><strong>usurpasse</strong></span> <span class='ocrx_word' id='word_1_782' title='bbox 2116 5246 2461 5315; x_wconf 80' lang='lat' dir='ltr'><strong>Pelagianos;</strong></span> <span class='ocrx_word' id='word_1_783' title='bbox 2491 5263 2553 5302; x_wconf 90' lang='lat' dir='ltr'><strong>ac</strong></span> <span class='ocrx_word' id='word_1_784' title='bbox 2580 5248 2800 5316; x_wconf 90' lang='lat' dir='ltr'><strong>proinde</strong></span> <span class='ocrx_word' id='word_1_785' title='bbox 2829 5251 2956 5307; x_wconf 86' lang='lat' dir='ltr'><strong>nihil</strong></span> <span class='ocrx_word' id='word_1_786' title='bbox 2994 5253 3282 5323; x_wconf 89' lang='lat' dir='ltr'><strong>prohibere</strong></span> <span class='ocrx_word' id='word_1_787' title='bbox 3301 5254 3600 5325; x_wconf 87' lang='lat' dir='ltr'><strong>hnjusmudi</strong></span> 
     </span>
    </p>
   </div>
   <div class='ocr_carea' id='block_1_55' title="bbox 330 5332 3602 5411">
    <p class='ocr_par' dir='ltr' id='par_1_55' title="bbox 330 5332 3602 5411">
     <span class='ocr_line' id='line_1_55' title="bbox 330 5332 3602 5411; baseline 0.005 -26"><span class='ocrx_word' id='word_1_788' title='bbox 330 5333 566 5398; x_wconf 89' lang='lat' dir='ltr'><strong>titulum,</strong></span> <span class='ocrx_word' id='word_1_789' title='bbox 590 5332 876 5402; x_wconf 90' lang='lat' dir='ltr'><strong>quominus</strong></span> <span class='ocrx_word' id='word_1_790' title='bbox 900 5332 986 5390; x_wconf 82' lang='lat' dir='ltr'><strong>ille</strong></span> <span class='ocrx_word' id='word_1_791' title='bbox 1015 5333 1066 5388; x_wconf 89' lang='lat' dir='ltr'><strong>in</strong></span> <span class='ocrx_word' id='word_1_792' title='bbox 1099 5332 1289 5389; x_wconf 76' lang='lat' dir='ltr'><strong>ha-rcsi</strong></span> <span class='ocrx_word' id='word_1_793' title='bbox 1318 5347 1410 5385; x_wconf 91' lang='lat' dir='ltr'><strong>sua</strong></span> <span class='ocrx_word' id='word_1_794' title='bbox 1424 5332 1948 5388; x_wconf 84' lang='lat' dir='ltr'><strong>mortuushabeatur.</strong></span> <span class='ocrx_word' id='word_1_795' title='bbox 1975 5333 2137 5398; x_wconf 88' lang='lat' dir='ltr'><strong>Obiit,</strong></span> <span class='ocrx_word' id='word_1_796' title='bbox 2159 5345 2214 5388; x_wconf 89' lang='lat' dir='ltr'><strong>ut</strong></span> <span class='ocrx_word' id='word_1_797' title='bbox 2235 5337 2419 5390; x_wconf 88' lang='lat' dir='ltr'><strong>scribit</strong></span> <span class='ocrx_word' id='word_1_798' title='bbox 2440 5337 2762 5403; x_wconf 86' lang='lat' dir='ltr'><strong>Gennadius,</strong></span> <span class='ocrx_word' id='word_1_799' title='bbox 2793 5340 3085 5410; x_wconf 89' lang='lat' dir='ltr'><strong>imperante</strong></span> <span class='ocrx_word' id='word_1_800' title='bbox 3110 5343 3481 5400; x_wconf 82' lang='lat' dir='ltr'><strong>Valentiniano</strong></span> <span class='ocrx_word' id='word_1_801' title='bbox 3512 5346 3602 5411; x_wconf 86' lang='lat' dir='ltr'><strong>IlI,</strong></span> 
     </span>
    </p>
   </div>
   <div class='ocr_carea' id='block_1_56' title="bbox 329 5421 3598 5508">
    <p class='ocr_par' dir='ltr' id='par_1_56' title="bbox 329 5421 3598 5508">
     <span class='ocr_line' id='line_1_56' title="bbox 329 5421 3598 5508; baseline 0.006 -36"><span class='ocrx_word' id='word_1_802' title='bbox 329 5422 623 5477; x_wconf 82' lang='lat' dir='ltr'><strong>Constantii</strong></span> <span class='ocrx_word' id='word_1_803' title='bbox 663 5421 806 5489; x_wconf 83' lang='lat' dir='ltr'><strong>filio,</strong></span> <span class='ocrx_word' id='word_1_804' title='bbox 851 5432 905 5478; x_wconf 86' lang='lat' dir='ltr'><strong>et</strong></span> <span class='ocrx_word' id='word_1_805' title='bbox 955 5423 1033 5477; x_wconf 89' lang='lat' dir='ltr'><strong>sic</strong></span> <span class='ocrx_word' id='word_1_806' title='bbox 1072 5435 1195 5484; x_wconf 89' lang='lat' dir='ltr'><strong>ante</strong></span> <span class='ocrx_word' id='word_1_807' title='bbox 1222 5439 1419 5479; x_wconf 87' lang='lat' dir='ltr'><strong>annum</strong></span> <span class='ocrx_word' id='word_1_808' title='bbox 1451 5423 1647 5478; x_wconf 84' lang='lat' dir='ltr'><strong>Christi</strong></span> <span class='ocrx_word' id='word_1_809' title='bbox 1691 5425 2268 5498; x_wconf 86' lang='lat' dir='ltr'><strong>quadringentesimum</strong></span> <span class='ocrx_word' id='word_1_810' title='bbox 2310 5429 2804 5500; x_wconf 79' lang='lat' dir='ltr'><strong>quinquagesimum</strong></span> <span class='ocrx_word' id='word_1_811' title='bbox 2845 5434 3086 5505; x_wconf 90' lang='lat' dir='ltr'><strong>quintum</strong></span> <span class='ocrx_word' id='word_1_812' title='bbox 3122 5435 3331 5508; x_wconf 80' lang='lat' dir='ltr'><strong>(Infra,</strong></span> <span class='ocrx_word' id='word_1_813' title='bbox 3367 5437 3598 5506; x_wconf 78' lang='lat' dir='ltr'><strong>Append.</strong></span> 
     </span>
    </p>
   </div>
   <div class='ocr_carea' id='block_1_57' title="bbox 330 5512 3602 5598">
    <p class='ocr_par' dir='ltr' id='par_1_57' title="bbox 330 5512 3602 5598">
     <span class='ocr_line' id='line_1_57' title="bbox 330 5512 3602 5598; baseline 0.006 -34"><span class='ocrx_word' id='word_1_814' title='bbox 330 5523 473 5580; x_wconf 83' lang='lat' dir='ltr'><strong>parte</strong></span> <span class='ocrx_word' id='word_1_815' title='bbox 498 5512 578 5583; x_wconf 72' lang='lat'><strong>2).</strong></span> <span class='ocrx_word' id='word_1_816' title='bbox 610 5515 857 5567; x_wconf 83' lang='lat' dir='ltr'><strong>Attamen</strong></span> <span class='ocrx_word' id='word_1_817' title='bbox 887 5529 1054 5583; x_wconf 79' lang='lat' dir='ltr'><strong>u3que</strong></span> <span class='ocrx_word' id='word_1_818' title='bbox 1077 5513 1144 5568; x_wconf 90' lang='lat' dir='ltr'><strong>ad</strong></span> <span class='ocrx_word' id='word_1_819' title='bbox 1169 5523 1379 5568; x_wconf 67' lang='lat' dir='ltr'><strong>aetatem</strong></span> <span class='ocrx_word' id='word_1_820' title='bbox 1411 5513 1668 5584; x_wconf 84' lang='lat' dir='ltr'><strong>Fulgentii</strong></span> <span class='ocrx_word' id='word_1_821' title='bbox 1700 5516 1868 5588; x_wconf 77' lang='lat' dir='ltr'><strong>(juxta</strong></span> <span class='ocrx_word' id='word_1_822' title='bbox 1893 5517 2104 5571; x_wconf 87' lang='lat' dir='ltr'><strong>Petrum</strong></span> <span class='ocrx_word' id='word_1_823' title='bbox 2153 5517 2492 5574; x_wconf 80' lang='lat' dir='ltr'><strong>Franciscum</strong></span> <span class='ocrx_word' id='word_1_824' title='bbox 2519 5520 2842 5579; x_wconf 83' lang='lat' dir='ltr'><strong>Chil&#39;IIctium</strong></span> <span class='ocrx_word' id='word_1_825' title='bbox 2866 5567 2883 5592; x_wconf 92' lang='lat'><strong>,</strong></span> <span class='ocrx_word' id='word_1_826' title='bbox 2913 5543 3051 5581; x_wconf 86' lang='lat' dir='ltr'><strong>anno</strong></span> <span class='ocrx_word' id='word_1_827' title='bbox 3078 5528 3602 5598; x_wconf 85' lang='lat' dir='ltr'><strong>quadringentesimo</strong></span> 
     </span>
    </p>
   </div>
   <div class='ocr_carea' id='block_1_58' title="bbox 329 5605 3601 5691">
    <p class='ocr_par' dir='ltr' id='par_1_58' title="bbox 329 5605 3601 5691">
     <span class='ocr_line' id='line_1_58' title="bbox 329 5605 3601 5691; baseline 0.006 -33"><span class='ocrx_word' id='word_1_828' title='bbox 329 5605 666 5674; x_wconf 83' lang='lat' dir='ltr'><strong>sexagesimo</strong></span> <span class='ocrx_word' id='word_1_829' title='bbox 686 5606 913 5675; x_wconf 77' lang='lat' dir='ltr'><strong>septimo</strong></span> <span class='ocrx_word' id='word_1_830' title='bbox 935 5607 1064 5670; x_wconf 87' lang='lat' dir='ltr'><strong>nati,</strong></span> <span class='ocrx_word' id='word_1_831' title='bbox 1093 5616 1146 5662; x_wconf 89' lang='lat' dir='ltr'><strong>et</strong></span> <span class='ocrx_word' id='word_1_832' title='bbox 1183 5622 1324 5661; x_wconf 90' lang='lat' dir='ltr'><strong>anno</strong></span> <span class='ocrx_word' id='word_1_833' title='bbox 1358 5609 1779 5678; x_wconf 81' lang='lat' dir='ltr'><strong>quingentesimo</strong></span> <span class='ocrx_word' id='word_1_834' title='bbox 1817 5610 2044 5680; x_wconf 82' lang='lat' dir='ltr'><strong>septimo</strong></span> <span class='ocrx_word' id='word_1_835' title='bbox 2089 5611 2139 5664; x_wconf 92' lang='lat' dir='ltr'><strong>in</strong></span> <span class='ocrx_word' id='word_1_836' title='bbox 2182 5613 2489 5682; x_wconf 88' lang='lat' dir='ltr'><strong>episcopum</strong></span> <span class='ocrx_word' id='word_1_837' title='bbox 2525 5618 2822 5673; x_wconf 85' lang='lat' dir='ltr'><strong>consecrati</strong></span> <span class='ocrx_word' id='word_1_838' title='bbox 2861 5614 3178 5691; x_wconf 74' lang='lat' dir='ltr'><strong>[CIti/ﬂelitts</strong></span> <span class='ocrx_word' id='word_1_839' title='bbox 3198 5660 3212 5688; x_wconf 91' lang='lat'><strong>,</strong></span> <span class='ocrx_word' id='word_1_840' title='bbox 3243 5617 3369 5676; x_wconf 86' lang='lat' dir='ltr'><strong>Not.</strong></span> <span class='ocrx_word' id='word_1_841' title='bbox 3400 5622 3448 5675; x_wconf 85' lang='lat' dir='ltr'><strong>in</strong></span> <span class='ocrx_word' id='word_1_842' title='bbox 3477 5621 3601 5677; x_wconf 81' lang='lat' dir='ltr'><strong>Ful-</strong></span> 
     </span>
    </p>
   </div>
   <div class='ocr_carea' id='block_1_59' title="bbox 328 5697 3204 5775">
    <p class='ocr_par' dir='ltr' id='par_1_59' title="bbox 328 5697 3204 5775">
     <span class='ocr_line' id='line_1_59' title="bbox 328 5697 3204 5775; baseline 0.005 -25"><span class='ocrx_word' id='word_1_843' title='bbox 328 5699 488 5766; x_wconf 66' lang='grc' dir='ltr'><strong>σιηήί</strong></span> <span class='ocrx_word' id='word_1_844' title='bbox 518 5697 704 5765; x_wconf 81' lang='lat' dir='ltr'><strong>Vitam,</strong></span> <span class='ocrx_word' id='word_1_845' title='bbox 728 5717 846 5770; x_wconf 84' lang='lat' dir='ltr'><strong>pag.</strong></span> <span class='ocrx_word' id='word_1_846' title='bbox 870 5699 1019 5774; x_wconf 81' lang='lat'><strong>555])</strong></span> <span class='ocrx_word' id='word_1_847' title='bbox 1047 5701 1205 5754; x_wconf 85' lang='lat' dir='ltr'><strong>vitam</strong></span> <span class='ocrx_word' id='word_1_848' title='bbox 1229 5699 1542 5770; x_wconf 75' lang='lat' dir='ltr'><strong>produxisse</strong></span> <span class='ocrx_word' id='word_1_849' title='bbox 1562 5701 1834 5756; x_wconf 88' lang='lat' dir='ltr'><strong>contendit</strong></span> <span class='ocrx_word' id='word_1_850' title='bbox 1863 5702 2179 5775; x_wconf 79' lang='lat' dir='ltr'><strong>Vignierius.</strong></span> <span class='ocrx_word' id='word_1_851' title='bbox 3201 5705 3204 5708; x_wconf 74' lang='grc'><strong>’</strong></span> 
     </span>
    </p>
   </div>
   <div class='ocr_carea' id='block_1_60' title="bbox 404 5786 3596 5879">
    <p class='ocr_par' dir='ltr' id='par_1_60' title="bbox 404 5786 3596 5879">
     <span class='ocr_line' id='line_1_60' title="bbox 404 5786 3596 5879; baseline 0.007 -37"><span class='ocrx_word' id='word_1_852' title='bbox 404 5786 618 5843; x_wconf 82' lang='lat' dir='ltr'><strong>Gelasio</strong></span> <span class='ocrx_word' id='word_1_853' title='bbox 649 5788 843 5844; x_wconf 87' lang='lat' dir='ltr'><strong>Sedem</strong></span> <span class='ocrx_word' id='word_1_854' title='bbox 872 5790 1215 5860; x_wconf 83' lang='lat' dir='ltr'><strong>apostolicam</strong></span> <span class='ocrx_word' id='word_1_855' title='bbox 1245 5799 1478 5857; x_wconf 91' lang='lat' dir='ltr'><strong>tenente,</strong></span> <span class='ocrx_word' id='word_1_856' title='bbox 1510 5790 1738 5847; x_wconf 81' lang='lat' dir='ltr'><strong>Joannes</strong></span> <span class='ocrx_word' id='word_1_857' title='bbox 1762 5793 2148 5850; x_wconf 73' lang='lat' dir='ltr'><strong>Alexandrinus</strong></span> <span class='ocrx_word' id='word_1_858' title='bbox 2181 5799 2496 5868; x_wconf 88' lang='lat' dir='ltr'><strong>patriarcha,</strong></span> <span class='ocrx_word' id='word_1_859' title='bbox 2530 5812 2636 5857; x_wconf 88' lang='lat' dir='ltr'><strong>uta</strong></span> <span class='ocrx_word' id='word_1_860' title='bbox 2669 5802 2854 5857; x_wconf 80' lang='lat' dir='ltr'><strong>Photio</strong></span> <span class='ocrx_word' id='word_1_861' title='bbox 2883 5811 3095 5858; x_wconf 84' lang='lat' dir='ltr'><strong>notatur</strong></span> <span class='ocrx_word' id='word_1_862' title='bbox 3125 5803 3336 5876; x_wconf 69' lang='lat' dir='ltr'><strong>(Infra,</strong></span> <span class='ocrx_word' id='word_1_863' title='bbox 3372 5809 3596 5879; x_wconf 66' lang='grc' dir='ltr'><strong>Δμρρηά.</strong></span> 
     </span>
    </p>
   </div>
  </div>
