4008 6178
397 333 534 389 1013
1224 340 1493 399 CONTRA
1535 340 1905 398 SECUNDAM
1941 341 2202 400 JULIANI
2243 343 2782 403 RESI’ONSIONEM.
3519 356 3653 409 I056

395 455 703 516 Quanquam
731 451 988 507 Mercator
1009 454 1056 508 id
1082 454 1181 510 sibi
1202 454 1408 511 videtur
1431 458 1787 526 persuasisse,
1818 459 1870 513 in
1897 459 1997 514 hac
2030 461 2376 528 responsione
2411 461 2809 519 dissimulanter
2835 477 2992 535 agere
3016 463 3283 521 lulianum
3301 507 3316 532 ,
3347 475 3402 520 ut
3433 485 3618 523 meum

394 550 541 592 ratos
572 556 662 595 sex
689 545 962 614 Augustini
990 546 1154 602 libros
1179 549 1420 618 ignorare
1441 563 1500 605 se
1531 553 1692 620 lingat
1714 550 1910 622 (Infra,
1939 552 2171 621 Append.
2201 565 2342 622 parte
2364 553 2445 624 2).

467 631 576 686 llac
606 649 733 703 ergo
773 638 1052 705 posteriori
1096 641 1444 708 responsione
1480 640 1719 696 Julianus
1762 651 1886 697 octo
1928 642 2092 697 libros
2132 645 2221 697 uni
2267 645 2540 714 Augustini
2568 645 2924 717 lihro,quem
2967 665 3066 704 nec
3091 659 3261 704 totum
3300 650 3626 707 insectabatu

392 722 592 792 (Infra,
627 725 804 797 Operi:
828 729 1031 801 imperf.
1059 731 1146 784 lib.
1167 730 1204 784 2
1226 771 1242 797 ,
1269 747 1387 802 cap.
1417 733 1512 787 127
1537 743 1622 798 ,‘et
1649 733 1736 788 lib.
1777 734 1812 789 3
1839 751 1954 804 cap.
1998 734 2123 803 143)
2148 776 2163 800 ,
2191 736 2470 804 opposuit,
2493 737 2791 806 uagabunda
2820 741 3122 808 loquacitate
3144 758 3245 795 non
3285 743 3536 813 capiosus,
3570 748 3654 797 sel

390 815 598 871 odiosus
625 819 694 871 eis
715 820 799 887 qui
823 818 969 874 rebus
990 822 1289 877 inluerentes
1311 825 1569 894 superﬂua
1591 826 1737 879 verba
1756 836 2080 880 contemnunt
2101 826 2286 896 (lbid.,
2308 827 2396 881 lib.
2419 827 2475 890 3,
2502 845 2618 898 cap.
2642 829 2752 898 20).
2778 829 2881 885 Sex
2910 832 3112 901 primos
3129 849 3192 887 ex
3225 834 3343 888 istis
3360 845 3480 888 octo
3507 836 3656 890 libris

390 905 443 958 in
478 907 854 977 Augustiniana
880 910 1197 968 refutatione
1227 915 1462 984 reperies
1492 931 1505 968 :
1539 915 1592 968 in
1621 917 1813 984 quibus
1832 916 2134 972 Catholicos
2159 917 2242 971 vix
2281 933 2509 987 unquam
2537 919 2689 974 aliter
2709 922 2948 976 nominat
2973 964 2987 984 ,
3018 938 3176 992 quam
3203 925 3571 980 Tradueianos
3592 944 3652 982 ac

389 998 747 1074 Mauichmos;
779 1004 1010 1059 maxime
1035 1020 1163 1060 vero
1191 1017 1434 1062 sanctum
1458 1009 1760 1064 Antistitem
1792 1009 1876 1064 bis
1897 1010 2091 1080 ubique
2115 1019 2272 1065 vexat
2298 1011 2554 1066 conviciis
2575 1053 2589 1077 ,
2622 1027 2782 1082 quem
2807 1014 2913 1068 illic
2937 1031 3150 1084 quoque
3181 1025 3501 1072 tractatorem
3532 1018 3652 1074 Pav-

388 1108 509 1147 num
539 1093 724 1164 (lbid.,
744 1096 831 1151 lib.
865 1099 918 1162 1,
940 1115 1053 1168 cap.
1076 1098 1153 1170 7),
1179 1099 1430 1154 hominem
1455 1101 1678 1154 omnium
1706 1101 2101 1156 amentissimum
2129 1101 2310 1173 (Ibid.,
2340 1102 2428 1156 lib.
2446 1101 2501 1167 2,
2532 1119 2648 1171 cap.
2673 1103 2765 1174 28)
2799 1112 2854 1159 et
2887 1103 3241 1159 bardissimum
3266 1105 3450 1176 (lbid.,
3476 1108 3564 1161 lib.
3595 1109 3648 1174 ὃ,

385 1201 504 1253 cap.
535 1186 658 1255 145)
689 1187 915 1252 vocitat;
937 1188 1074 1242 sicut
1102 1198 1156 1244 et
1183 1189 1426 1261 Alypium
1459 1191 1717 1256 aemulam
1763 1201 2080 1260 peccatorum
2099 1194 2206 1262 ejus
2234 1191 2415 1261 (Ibid.,
2449 1193 2536 1246 lib.
2571 1194 2629 1258 I,
2653 1209 2769 1263 cap.
2792 1194 2865 1264 7).
2915 1193 3021 1248 Sed
3061 1194 3430 1250 hazreticorum
3458 1208 3651 1252 contu-

387 1274 562 1329 melias
589 1275 710 1330 fidei
731 1276 1103 1334 defensoribus
1134 1279 1277 1334 laudi
1305 1287 1610 1336 vertuntur.
1642 1281 1849 1336 Dicavit
1876 1282 2012 1337 hanc
2027 1283 2248 1338 alteram
2279 1283 2681 1352 responsionem
2709 1300 2860 1338 suam
2892 1284 3050 1338 Floro
3075 1286 3304 1350 cuidam,
3340 1287 3477 1342 inter
3500 1286 3652 1343 Pela-

386 1379 561 1446 gianae
591 1378 833 1435 factionis
859 1381 1136 1450 episcOpos
1163 1381 1384 1447 celebri,
1411 1389 1466 1434 et
1483 1383 1635 1449 cujus
1660 1381 1822 1434 etiam
1849 1390 2097 1436 narratur
2125 1379 2346 1449 insignis
2373 1382 2686 1450 impostura,
2713 1379 2783 1436 ob
2807 1395 2964 1451 quam
2995 1381 3093 1436 sub
3124 1380 3318 1442 Leonis
3348 1381 3650 1452 pontificatu

384 1483 453 1522 ex
479 1469 622 1522 Italia
644 1471 828 1540 pulsus
849 1469 945 1525 fuit
966 1470 1240 1544 (Prosper,
1267 1473 1330 1526 de
1359 1469 1609 1526 Promiss.
1635 1481 1680 1527 et
1707 1471 1885 1526 Prwd.
1920 1481 2066 1542 parte
2089 1472 2142 1537 4,
2175 1488 2290 1541 cap.
2315 1471 2397 1544 6).

457 1561 770 1632 Quanquam
799 1564 1039 1620 videatur
1065 1565 1181 1620 haec
1226 1564 1457 1621 secunda
1483 1563 1677 1620 Iuliani
1704 1564 1980 1634 responsio
2017 1578 2156 1618 anno
2176 1601 2194 1630 ,
2226 1572 2285 1617 ut
2308 1573 2432 1618 ante
2460 1563 2802 1630 dicebamus,
2835 1563 3355 1633 quadringentesimo
3394 1562 3652 1633 vigesimo

385 1654 587 1722 primo,
612 1654 693 1709 vel
729 1671 834 1710 non
863 1657 1028 1710 multo
1068 1665 1188 1726 post
1227 1657 1515 1726 composita
1541 1673 1556 1723 ;
1581 1656 1814 1711 nondum
1840 1664 2019 1709 tamen
2065 1654 2117 1708 in
2161 1669 2349 1709 manus
2395 1663 2612 1708 venerat
2654 1654 2965 1724 Augustini,
2994 1669 3166 1726 neque
3210 1669 3330 1710 cum
3363 1653 3551 1708 librum
3581 1655 3650 1708 de

381 1745 728 1814 Correptione
751 1755 804 1800 et
827 1746 1006 1801 Gratia
1026 1745 1239 1817 scripsit
1265 1745 1491 1817 (Confer.
1524 1745 1611 1800 lib.
1651 1746 1711 1799 de
1729 1742 2052 1814 Correptione
2078 1751 2125 1798 et
2152 1741 2349 1811 Gratia,
2378 1761 2492 1814 cap.
2521 1745 2606 1810 ll,
2630 1760 2745 1797 cum
2775 1744 2863 1797 lib.
2893 1745 2928 1799 4
2951 1746 3132 1814 Operi:
3155 1746 3363 1816 imperf.
3392 1764 3505 1816 cap.
3532 1746 3646 1818 8t),

383 1834 556 1905 neque
581 1851 699 1892 cum
737 1838 1189 1894 Retractationum
1230 1837 1519 1893 secundum
1567 1836 1838 1900 absolvit,
1865 1849 1971 1906 quo
2001 1835 2247 1889 nimirum
2283 1835 2338 1889 in
2372 1835 2536 1899 libro,
2561 1836 2735 1906 capite
2775 1836 3103 1906 sexagesimo
3139 1837 3398 1905 septimo,
3429 1847 3652 1891 testatur

382 1923 521 1978 haud
543 1927 680 1981 scire
708 1942 774 1980 an
801 1927 853 1982 in
881 1937 1150 1997 posterum
1179 1928 1335 1982 aliam
1361 1927 1521 1982 ullam
1546 1927 2048 1982 commentationem
2069 1934 2210 1980 esset
2237 1941 2583 1995 aggressurus
2611 1943 2624 1978 :
2650 1926 2777 1995 quin
2805 1927 2963 1980 etiam
2999 1928 3212 1981 tertium
3238 1927 3348 1998 jam
3374 1929 3647 1983 Retracta-

381 2015 582 2069 tionum
615 2016 808 2073 librum
851 2019 1164 2074 moliebatur
1185 2060 1200 2084 ,
1231 2033 1352 2073 cum
1381 2018 1524 2072 illam
1564 2019 1787 2072 necdum
1816 2017 2042 2071 viderat.
2072 2016 2268 2070 Verum
2295 2018 2514 2088 Alypius
2535 2016 2632 2070 sub
2659 2016 2710 2071 id
2753 2017 3007 2087 temporis
3035 2018 3190 2071 tertio
3213 2018 3437 2072 Romam
3467 2019 3647 2088 profe-

376 2117 516 2169 ctus,
545 2121 665 2162 eam
692 2122 788 2163 sua
830 2107 1101 2178 diligentia
1142 2110 1510 2177 transcriptum
1552 2110 1600 2163 ei
1626 2108 1969 2163 deferendam
2007 2107 2212 2160 curavit
2243 2106 2431 2177 (Epist.
2472 2105 2622 2178 Ξει).
2656 2108 2891 2162 Primum
2928 2108 3140 2178 quidem
3179 2111 3386 2165 nonnisi
3416 2113 3648 2181 quinque

379 2200 586 2264 priores
614 2198 802 2266 libros,
834 2217 902 2256 ne
927 2203 1376 2271 Opportunitatem
1404 2201 1692 2268 amitteret,
1713 2200 1780 2254 ad
1808 2200 1957 2254 illum
1984 2199 2159 2263 misit;
2191 2198 2448 2267 pollicens
2473 2199 2605 2252 alios
2634 2208 2763 2262 tres,
2795 2199 2884 2252 ubi
2913 2199 3140 2268 primum
3178 2202 3425 2270 exscripti
3450 2202 3643 2268 forent,

373 2299 692 2356 secuturos;
718 2306 1013 2361 rogansque
1039 2292 1250 2346 interim
1275 2307 1342 2347 ne
1368 2291 1738 2345 refutationem
1762 2289 1973 2360 aggredi
1997 2289 2491 2356 procrastinaretur.
2526 2287 2677 2342 Tune
2697 2303 2828 2343 vero
2855 2290 3110 2358 temporis
3131 2291 3457 2360 Augustinus
3487 2308 3645 2348 revo-

371 2381 563 2434 candis
589 2381 656 2435 ad
684 2397 909 2437 examen
934 2383 1175 2452 epistolis
1199 2397 1261 2438 ac
1287 2383 1622 2438 sermonibus
1649 2382 1758 2436 suis
1791 2396 2006 2450 Operam
2036 2379 2227 2446 dabat,
2257 2395 2480 2449 eamque
2505 2396 2783 2435 censuram
2811 2382 3038 2437 ducebat
3061 2385 3320 2453 gravioris
3349 2391 3643 2440 necessita-

373 2472 465 2535 tis,
495 2485 654 2541 quam
678 2481 736 2526 ut
759 2473 1048 2528 omittenda
1073 2473 1358 2528 videretur.
1391 2473 1469 2527 Ad
1497 2472 1632 2540 haec,
1658 2472 1869 2542 ineptiae
1910 2481 2014 2526 tam
2042 2471 2287 2526 absurdae
2309 2473 2360 2525 in
2388 2471 2488 2526 hac
2513 2488 2646 2526 nova
2672 2473 2865 2528 Juliani
2907 2478 3251 2544 responsione
3274 2483 3643 2545 occurrebant,

372 2572 431 2616 ut
461 2562 657 2631 pigeret
687 2562 1012 2632 puderetque
1037 2571 1276 2618 sanctum
1315 2563 1596 2618 Doctorem
1635 2563 1702 2616 ad
1738 2579 1829 2618 eas
1868 2562 2210 2633 respondere.
2253 2563 2624 2619 Verumtamen
2655 2581 2722 2620 ne
2759 2565 3198 2636 imperitioribus,
3230 2585 3260 2624 a
3286 2571 3476 2640 quibus
3508 2571 3644 2627 forte

373 2651 512 2706 lecta
537 2660 681 2708 esset
699 2653 893 2708 Juliani
919 2655 1216 2724 responsio,
1249 2669 1353 2708 non
1384 2662 1561 2708 autem
1604 2654 1745 2709 illius
1780 2653 2108 2723 deprehensa
2155 2653 2467 2720 infirmitas,
2498 2654 2688 2710 deesse
2727 2655 2996 2710 videretur
3017 2697 3031 2721 ,
3054 2657 3470 2714 confutationem
3506 2661 3643 2718 hanc

371 2743 649 2814 suscipere
674 2753 891 2801 coactus
918 2745 1033 2801 fuit.
1058 2745 1226 2801 Porro
1249 2760 1370 2800 eum
1399 2745 1454 2800 In
1484 2745 1702 2800 modum
1733 2744 1944 2800 Juliano
1966 2745 2271 2814 respondet,
2299 2753 2354 2798 ut
2382 2745 2551 2813 primo
2589 2744 2822 2800 ltzeretici
2851 2745 2991 2800 illius
3031 2748 3189 2802 verba
3225 2750 3494 2813 exhibeat,
3528 2761 3638 2805 tum

369 2835 438 2889 ad
462 2850 522 2890 ea
551 2836 950 2908 responsionem
976 2851 1148 2901 suam,
1180 2845 1392 2891 servato
1413 2836 1600 2891 eodem
1623 2849 1845 2889 numero
1871 2849 1966 2890 seu
1991 2833 2330 2889 distinctione
2363 2833 2618 2889 librorum
2644 2851 2659 2889 :
2694 2835 2763 2888 ita
2791 2833 2982 2905 singuli
3007 2849 3102 2890 sex
3136 2836 3296 2906 hujus
3315 2839 3493 2908 operis
3515 2839 3640 2894 libri

370 2927 611 2997 singulos
637 2944 730 2984 sex
753 2929 916 2985 libros
931 2928 1149 2998 Iuliani,
1172 2945 1238 2986 ex
1260 2942 1382 2986 octo
1401 2929 1646 2986 videlicet
1667 2929 1735 2985 ad
1759 2928 1974 2984 Florum
1991 2927 2201 2998 scriptis
2221 2930 2442 3000 primos,
2464 2944 2584 2984 cum
2609 2930 2888 3002 Augustini
2909 2931 2974 2986 ad
3002 2931 3115 2986 loca
3139 2933 3343 3003 singula
3365 2935 3640 3005 responsis

370 3017 445 3070 ob
473 3018 658 3073 oculos
683 3028 904 3089 ponunt.

445 3109 578 3165 Huic
604 3111 753 3181 operi
779 3111 845 3166 ad
885 3119 1179 3167 extremum
1219 3128 1388 3182 usque
1424 3112 1545 3168 vita:
1589 3111 1835 3182 spiritum
1873 3110 2113 3166 incubuit
2155 3112 2478 3184 Augustinus
2502 3155 2515 3179 ,
2539 3113 2623 3168 cui
2661 3115 2820 3170 etiam
2863 3129 2894 3168 a
2922 3114 3173 3170 Vandalis
3198 3117 3333 3170 intra
3376 3117 3635 3187 Hipponis

369 3202 569 3257 mania
599 3203 986 3273 circumseptus
1014 3204 1270 3260 institisse
1308 3204 1505 3260 dicitur
1531 3220 1560 3258 a
1587 3205 1887 3274 Prospero,
1913 3205 1966 3259 in
1995 3203 2288 3270 Chronico,
2314 3205 2380 3259 ad
2419 3221 2614 3260 annum
2655 3206 3234 3279 quadringentesimum
3274 3212 3626 3280 trigesimum.

370 3295 705 3365 Augustinus,
735 3296 829 3364 ait,
858 3297 1124 3367 episcopus
1142 3313 1232 3367 per
1251 3297 1418 3350 omnia
1446 3297 1890 3352 excellentissimus
1917 3296 2128 3351 moritur
2155 3297 2328 3366 quinto
2347 3295 2588 3352 kalendas
2611 3297 2917 3367 septembris,
2947 3299 3085 3353 libris
3101 3299 3303 3354 Iuliani
3325 3302 3455 3354 inter
3476 3302 3638 3371 impc-

370 3397 452 3440 tus
475 3385 811 3440 obsidentium
837 3385 1183 3442 I’andalorum
1211 3388 1264 3443 in
1301 3389 1414 3459 ipso
1447 3389 1642 3442 dierum
1669 3405 1876 3443 suorum
1899 3389 2002 3457 ﬁne
2036 3387 2347 3458 respondens
2367 3431 2380 3455 ,
2408 3398 2456 3443 et
2488 3389 2706 3460 gloriose
2741 3391 2794 3445 in
2823 3391 3113 3461 defensione
3143 3383 3435 3447 christiani:
3459 3394 3638 3465 gratia:

366 3494 706 3546 perseverum.
730 3477 836 3534 Sed
866 3479 1005 3534 idem
1027 3495 1161 3550 Opus
1183 3488 1356 3535 morte
1381 3490 1668 3550 occupatus
1701 3479 2066 3550 imperfectum
2116 3481 2417 3549 relinquere
2460 3491 2675 3536 coactus
2703 3491 2786 3537 cst
2806 3524 2822 3550 ,
2852 3483 3297 3553 quemadmodum
3331 3484 3520 3539 Iudicis
3544 3487 3624 3540 sui

364 3568 541 3640 capite
563 3580 752 3640 quarto
779 3568 937 3625 tradit
964 3570 1238 3626 Possidius
1263 3570 1316 3625 in
1346 3569 1461 3625 lucc
1481 3569 1642 3626 verba
1673 3588 1686 3624 :
1716 3570 1903 3625 Contra
1929 3570 2199 3624 secundam
2228 3568 2430 3623 Juliani
2454 3571 2826 3642 responsionem
2859 3572 3203 3642 imperfectum
3235 3572 3396 3641 Opus.
3422 3571 3637 3642 Vignie-

364 3666 478 3722 rius
500 3675 673 3721 tamen
699 3664 992 3737 perfectum
1023 3664 1075 3719 id
1111 3673 1400 3733 nuncupat,
1427 3679 1588 3734 seque
1615 3673 1748 3718 teste
1785 3663 1976 3717 asserit
2002 3677 2186 3717 vocem
2224 3649 2573 3732 imperfectum
2603 3664 2654 3717 in
2683 3665 2843 3718 variis
2876 3657 3099 3719 Possidii
3128 3665 3502 3735 manuscriptis
3528 3681 3633 3719 non

366 3757 616 3812 inveniri.
644 3757 792 3812 Hanc
816 3764 994 3811 autem
1018 3770 1118 3810 nos
1145 3755 1200 3810 in
1227 3754 1495 3820 omnibus,
1524 3761 1783 3824 quotquot
1803 3752 2149 3821 inspeximus,
2173 3753 2562 3821 exemplaribus
2583 3755 2896 3822 reperimus.
2925 3753 3084 3808 Addit
3110 3753 3219 3821 ille,
3244 3764 3300 3808 ut
3328 3755 3630 3823 opinionem

363 3863 518 3902 suam
553 3857 766 3904 tueatur
787 3890 802 3912 ,
823 3856 975 3902 sexto
1008 3846 1146 3901 libro
1188 3854 1308 3916 post
1347 3844 1542 3899 Juliani
1578 3844 1736 3898 verba
1772 3842 2060 3898 clausulam
2091 3842 2322 3911 apponi,
2359 3841 2578 3910 Explicit
2628 3842 2753 3897 liber
2778 3843 2994 3897 Iuliani.
3039 3845 3197 3915 Atqui
3225 3845 3468 3900 eamdem
3494 3844 3634 3899 libro

364 3939 538 4006 primo
573 3937 868 4008 appositam
911 3952 943 3990 a
985 3935 1248 4001 librariis,
1277 3933 1453 4004 ibique
1484 3932 1536 3988 in
1575 3932 1890 3987 Marianensi
1935 3931 2295 4000 manuscripto
2334 3930 2514 3986 codice
2552 3933 2706 3986 nobis
2733 3933 2936 3999 visam,
2965 3949 3062 3988 suo
3102 3935 3220 3988 loco
3253 3935 3628 3989 admonemus.

360 4031 532 4097 Quam
562 4029 666 4084 huc
691 4037 948 4098 praeterea
974 4027 1335 4096 conjecturam
1358 4040 1506 4080 suam
1537 4023 1703 4094 injicit
1727 4023 2046 4093 Vignierius,
2082 4023 2434 4092 Augustinum
2459 4021 2684 4077 fortasse
2711 4023 2846 4076 libro
2870 4038 2968 4077 suo
2988 4032 3138 4078 sexto
3166 4025 3450 4094 septimum
3473 4026 3632 4080 etiam

361 4133 420 4174 et
447 4129 689 4175 octavum
715 4118 907 4174 Juliani
939 4115 1254 4187 compendio
1280 4116 1558 4181 retulisse,
1591 4114 1916 4183 superfluum
1939 4122 2023 4167 est
2047 4113 2100 4167 in
2133 4128 2196 4168 ea
2223 4112 2529 4176 immorari;
2560 4127 2680 4167 cum
2708 4121 2891 4166 sextus
2920 4113 3020 4168 iste
3041 4113 3176 4168 liber
3203 4128 3301 4169 nec
3331 4116 3402 4169 sit
3421 4117 3630 4169 caeteris

364 4215 593 4285 longior,
628 4229 728 4269 nec
755 4213 950 4284 aliquid
981 4228 1092 4282 prae
1116 4226 1175 4266 se
1205 4211 1376 4277 ferat,
1406 4209 1547 4280 quod
1580 4209 1757 4278 operis
1784 4207 2014 4262 absoluti
2062 4213 2430 4276 argumentum
2470 4219 2591 4260 esse
2635 4205 2827 4260 valeat.
2857 4205 3038 4275 Itaque
3062 4206 3148 4260 ubi
3177 4205 3305 4260 dicit
3334 4207 3594 4262 Mercator
3614 4247 3630 4272 ,

367 4307 720 4377 Augustinum
750 4317 862 4361 octo
884 4305 1180 4374 posteriores
1198 4303 1392 4358 Iuliani
1419 4301 1585 4356 libros
1608 4299 1820 4370 singulis
1836 4298 2242 4370 responsionibus
2262 4297 2366 4352 suis
2385 4297 2452 4351 ad
2471 4295 2673 4368 singula
2694 4297 2917 4368 capitula
2928 4295 3162 4368 subjectis
3186 4299 3413 4352 evertisse
3433 4296 3627 4370 (Infra,

365 4397 603 4468 Append.
632 4407 774 4467 parte
799 4396 890 4467 2);
919 4395 1058 4450 haud
1085 4395 1227 4450 aliud
1257 4393 1454 4448 indicat
1473 4433 1489 4457 ,
1519 4406 1677 4462 quam
1716 4391 1856 4445 illius
1893 4398 2216 4459 postremum
2247 4405 2382 4458 opus
2407 4389 2574 4445 libros
2609 4399 2731 4444 octo
2776 4391 3054 4445 continens
3080 4405 3142 4445 ea
3184 4391 3386 4445 ratione
3419 4407 3538 4445 esse
3559 4393 3627 4444 ab

364 4489 661 4558 Augustino
692 4503 936 4545 eversum
956 4529 972 4553 ,
1005 4496 1061 4541 ut
1082 4485 1304 4556 singulae
1344 4484 1723 4553 responsiones
1761 4481 1986 4553 singulis
2027 4481 2269 4551 capitulis
2309 4481 2562 4536 librorum
2597 4481 2685 4550 qui
2713 4481 3008 4535 refutantur
3029 4523 3044 4547 ,
3073 4482 3324 4551 subjecta;
3351 4483 3477 4536 sint.
3506 4481 3624 4548 Quo

363 4581 616 4636 nimirum
643 4582 760 4636 loco
779 4580 845 4635 ad
877 4580 989 4649 ipsa
1013 4577 1340 4649 prmfationis
1362 4575 1760 4647 Augustiniana:
1786 4574 1946 4629 verba
1975 4572 2234 4628 Mercator
2263 4572 2467 4626 alludit.
2499 4571 2628 4626 Utut
2654 4580 2754 4637 est,
2783 4587 2904 4626 cum
2930 4584 3085 4626 antea
3114 4574 3220 4628 duo
3250 4583 3450 4629 tantum
3483 4576 3627 4646 prio-

363 4689 455 4728 res
494 4673 614 4728 libri
653 4673 1006 4738 haberentur,
1034 4685 1066 4725 a
1085 4669 1309 4724 Claudio
1343 4665 1594 4723 Menardo
1618 4707 1634 4732 ,
1667 4665 1896 4720 Andium
1939 4674 2264 4734 propraztore
2285 4706 2299 4730 ,
2329 4679 2396 4719 ex
2421 4663 2694 4718 Gallicana
2731 4664 2914 4719 codice
2944 4667 3304 4735 manuscripto
3346 4667 3620 4736 publicati,

362 4781 468 4818 non
498 4765 686 4835 injuria
712 4763 986 4820 contendit
1013 4760 1333 4832 Vignierius,
1362 4769 1638 4830 postquam
1665 4757 1898 4827 reliquos
1922 4756 2032 4824 ipse
2055 4765 2282 4825 quatuor
2311 4754 2474 4809 libros
2505 4770 2570 4811 ex
2602 4754 2997 4810 Claraevallensi
3023 4758 3313 4827 exemplari
3337 4761 3624 4829 supplevit,
3650 4825 3656 4829 ,

371 4871 493 4912 esse
515 4855 629 4925 jam
658 4854 950 4924 perfectum
984 4854 1085 4909 hoc
1111 4866 1266 4921 Opus,
1295 4851 1417 4919 quia
1442 4865 1626 4904 revera
1648 4851 1781 4902 ultra
1795 4865 1881 4902 eos
1913 4863 2002 4901 sea:
2028 4847 2178 4900 libros
2210 4846 2260 4900 in
2288 4845 2391 4902 hoc
2415 4862 2576 4928 opere
2604 4864 2706 4901 non
2735 4849 2948 4916 perrexit
2973 4851 3315 4920 Augustinus.

433 4948 641 5018 Agatho
663 4947 892 5017 pontifex
925 4947 1195 5000 Romanus
1215 4960 1282 4999 ex
1308 4945 1442 4998 libro
1479 4941 1635 5009 hujus
1659 4939 1838 5010 operis
1867 4940 2052 5010 quinto
2079 4940 2253 4993 varios
2285 4939 2336 4993 in
2366 4939 2589 5009 epistola
2618 4939 2684 4993 ad
2710 4940 3062 5009 Imperatores
3083 4941 3298 4997 adducit
3326 4944 3469 4998 locos
3491 4985 3508 5011 ,
3537 4946 3626 5014 qui

358 5041 502 5111 apud
528 5051 733 5096 sextam
761 5037 1046 5111 synodum,
1079 5046 1184 5091 act.
1212 5035 1303 5101 10,
1331 5035 1398 5090 ad
1425 5034 1644 5088 latinum
1686 5030 1922 5100 ejusdem
1958 5029 2135 5100 operis
2161 5031 2397 5086 codicem
2436 5031 2487 5084 in
2525 5030 3113 5101 Constantiumpolitana
3147 5033 3470 5091 bibliotheca
3503 5047 3629 5091 tunc

358 5139 693 5187 asservatum
723 5129 894 5184 exacti
926 5137 1086 5196 atque
1123 5126 1411 5181 examinati
1439 5133 1565 5179 sunt
1597 5122 1754 5194 (Vide
1784 5120 1942 5176 Neris
1965 5161 1980 5184 ,
2003 5121 2222 5191 append.
2261 5121 2330 5175 ad
2372 5121 2654 5176 Historiam
2697 5119 2878 5192 Pelag.
2915 5139 3034 5192 pag.
3080 5124 3222 5194 174).
3254 5123 3460 5180 Citatur
3488 5126 3626 5181 idem

357 5237 498 5293 opus
517 5237 545 5274 a
570 5220 798 5276 Maximo
824 5217 1149 5289 Aquileiensi
1176 5217 1228 5272 in
1257 5214 1602 5270 Lateranensi
1633 5211 1839 5285 synodo
1862 5253 1876 5275 ,
1909 5225 2050 5266 anno
2073 5213 2460 5267 sexcentesimo
2483 5213 2892 5283 quadragesimo
2929 5229 3070 5269 nono
3100 5217 3388 5271 celebrata.
3423 5218 3499 5271 Ex
3532 5218 3627 5271 iis-

359 5317 483 5369 dem
509 5313 659 5368 libris
690 5312 991 5367 testimonia
1023 5310 1320 5380 protulerat
1344 5309 1574 5377 ProSper
1602 5306 1654 5360 in
1682 5307 1818 5360 libro
1839 5304 2234 5359 Sententiarum
2259 5345 2272 5368 ,
2299 5314 2354 5359 et
2379 5305 2520 5359 Beda
2541 5320 2701 5373 super
2723 5305 2962 5372 Paulum,
2996 5322 3100 5361 non
3129 5309 3288 5362 modo
3319 5310 3407 5362 ille
3437 5308 3623 5376 vulga-

361 5419 471 5470 tus,
501 5421 658 5474 quem
680 5405 897 5460 Florum
917 5417 1038 5458 esse
1060 5409 1304 5465 constat;
1329 5399 1424 5454 sed
1450 5413 1606 5453 verus
1643 5397 1803 5453 etiam
1829 5406 1883 5450 et
1910 5397 2163 5450 hactenus
2190 5395 2450 5463 ineditus,
2483 5412 2644 5466 quem
2670 5397 2724 5451 in
2764 5400 3090 5455 membranis
3131 5400 3405 5454 habemus.
3447 5400 3625 5469 Lupus

360 5515 574 5570 «lutoque
599 5496 955 5552 Ferrariensis
983 5505 1038 5550 et
1061 5495 1313 5549 Servatus
1337 5493 1515 5562 Lupus
1539 5507 1633 5547 eos
1653 5491 1815 5545 libros
1841 5489 2059 5545 laudant
2087 5490 2136 5542 in
2166 5490 2276 5543 suis
2296 5491 2590 5559 opusculis.

437 5593 717 5646 Librorum
744 5599 920 5644 autem
942 5595 1250 5656 argumenta
1284 5586 1397 5639 haec
1422 5595 1565 5638 sunt.
1596 5583 1648 5636 In
1675 5583 1866 5652 primo,
1897 5581 2150 5636 refellitur
2179 5581 2372 5636 Juliani
2414 5583 2547 5637 liber
2575 5583 2638 5638 ad
2666 5584 2880 5640 Florum
2913 5587 3132 5654 primus.
3162 5584 3455 5640 Calumnire
3485 5604 3622 5657 quas

375 5683 466 5736 ille
495 5682 566 5735 ibi
599 5679 892 5750 Augustino
921 5676 1147 5747 fideique
1177 5676 1446 5731 ρειιὶιυιίοω
1478 5682 1750 5741 peccatum
1791 5673 2045 5742 originale
2083 5672 2374 5742 confitenti,
2419 5690 2484 5727 ex
2523 5672 2716 5743 triplici
2751 5677 3046 5743 przcscrtitn
3093 5675 3264 5746 capite
3303 5674 3621 5745 instruebat,
