4010 6186
415 347 551 403 m7
641 345 1005 402 ADilONlTIO
1045 347 1107 402 IN
1147 347 1322 404 OPUS
1359 345 1849 403 IAIPERFECTUM
1889 347 2155 404 CONTRA
2198 347 2564 404 SECUNDAM
2604 349 2866 406 JULIANI
2910 351 3449 408 RESPONSIONEM.
3538 357 3676 412 51148

418 464 778 518 revincuntur.
813 463 1218 533 Propngnantur
1249 470 1445 516 tentata
1469 463 1538 516 ab
1559 463 1746 517 eodem
1769 464 1882 518 loca
1915 480 1981 518 ex
2011 465 2195 534 primis
2225 465 2460 534 partibus
2490 465 2608 518 libri
2639 465 2856 520 secundi
2882 465 2948 519 de
2969 466 3177 535 Nuptiis
3203 476 3257 520 et
3285 465 3679 537 Concupiscun—

411 558 480 608 tia
509 564 561 609 et
587 571 648 608 ex
673 555 809 608 libro
833 555 1001 624 primo
1025 565 1207 608 contra
1231 554 1370 608 Duas
1393 555 1657 624 Epistolas
1680 555 2100 626 Pelagianorum.
2135 557 2525 626 Scripturarum
2547 557 2708 610 etiam
2733 572 2830 626 pro
2849 559 3017 628 gratia
3041 557 3308 628 quadam,
3330 574 3466 628 quas
3485 576 3675 614 secun~

415 649 536 702 dum
566 649 902 718 Pelagianam
932 646 1122 716 dogma
1151 647 1466 716 exponebat.
1498 648 1846 701 auctoritates
1868 648 2226 702 vindicantur.

483 739 538 792 In
566 739 823 802 secundo,
854 740 1126 794 excutitur
1155 739 1290 794 liber
1312 739 1509 794 Juliani
1535 739 1824 805 secundus,
1855 739 1922 794 de
1953 739 2035 794 his
2057 753 2221 809 agens
2251 738 2426 794 verbis
2447 737 2683 806 Apostoli
2713 737 2779 791 ad
2819 737 3108 802 Romanos,
3137 738 3310 807 capite
3335 738 3542 808 quinto,
3574 736 3677 792 Per

407 847 567 884 unum
605 831 854 883 hominem
901 839 1156 899 peccatum
1194 830 1247 882 in
1290 830 1425 882 hunc
1454 828 1699 882 mundum
1740 829 1968 893 intravit,
1996 838 2122 892 etc.,
2151 827 2556 896 ostenditurque
2599 826 2888 888 lulianum,
2927 827 3204 895 repudiato
3225 827 3490 881 catholico
3517 843 3676 882 sensu

411 921 422 973 ι
446 921 734 976 secundum
757 937 913 992 quem
944 921 1290 992 Augustinus,
1318 922 1456 976 libro
1479 919 1716 975 secundo
1742 919 1809 975 de
1835 919 2045 989 Nuptiis
2071 927 2125 973 et
2148 917 2609 987 Concupiscentia,
2639 919 2812 987 capite
2842 916 3096 987 vigesimo
3138 918 3385 986 septimo,
3418 933 3478 973 ea
3517 919 3679 972 verba

407 1015 476 1070 de
502 1016 630 1070 Adce
659 1026 874 1084 peccato
902 1014 1242 1086 generatione
1271 1014 1323 1068 in
1345 1021 1533 1069 omnes
1555 1013 1721 1083 ipsius
1751 1019 1998 1082 posteros
2027 1013 2343 1066 transmisso
2361 1009 2664 1080 exposuit),
2689 1009 2884 1064 frustra
2922 1009 3166 1063 laborare
3191 1019 3248 1062 ut
3271 1009 3559 1064 secundum
3583 1011 3679 1063 Pr-

411 1102 667 1172 lagianani
715 1103 960 1158 haeresim
1002 1104 1070 1158 de
1097 1102 1343 1174 exemplo
1369 1105 1591 1175 peccati,
1625 1116 1729 1158 non
1760 1103 1812 1158 in
1853 1117 2044 1158 omnes
2087 1111 2352 1172 posteros,
2383 1099 2477 1156 sed
2525 1101 2580 1156 in
2633 1109 2919 1170 peccantes
2965 1098 3332 1155 tantummodo
3375 1100 3675 1156 imitatione

411 1195 730 1248 transeuntis
757 1195 1137 1265 intelligantur.

480 1281 536 1335 In
565 1284 743 1349 tertio,
771 1292 1097 1338 monstratur
1120 1282 1390 1337 Julianum
1427 1283 1818 1352 Scripturarnm
1855 1283 2195 1350 testimoniis,
2225 1270 2618 1338 Deuteronomii
2649 1282 2856 1337 scilicet
2892 1283 3066 1352 capite
3093 1283 3350 1353 vigesimo
3378 1293 3592 1352 quarto,
3622 1293 3676 1338 et

407 1371 528 1426 libri
563 1373 766 1443 Regum
790 1375 961 1445 quarti
985 1374 1158 1444 capite
1173 1374 1380 1429 decimo
1403 1383 1612 1444 quarto,
1635 1382 1691 1430 et
1718 1375 2010 1429 Ezechielis
2023 1375 2196 1443 capite
2223 1373 2432 1430 decimo
2455 1383 2668 1437 octavo,
2695 1389 2946 1443 perverse
2975 1375 3141 1440 abuti,
3171 1383 3226 1429 ut
3256 1375 3482 1431 suadere
3510 1390 3672 1429 cone-

407 1469 512 1525 tur,
543 1473 757 1531 peccata
787 1471 1063 1533 parentum
1097 1463 1214 1518 filiis
1238 1478 1342 1518 non
1370 1478 1400 1518 a
1429 1465 1539 1519 Deo
1568 1465 1672 1519 ulla
1701 1465 1968 1534 imputari.
2007 1463 2184 1534 Ipsum
2208 1464 2399 1520 deinde
2427 1465 2693 1519 incassum
2723 1464 3065 1528 contendere,
3097 1473 3156 1519 ut
3180 1465 3248 1519 ab
3271 1480 3337 1522 eo
3361 1480 3482 1520 sese
3507 1466 3675 1535 expli-

406 1560 495 1605 cet
522 1551 642 1606 loco
672 1552 924 1622 Epistulae
947 1553 1013 1607 ad
1032 1552 1307 1620 Hebraeos,
1337 1553 1510 1623 capite
1536 1553 1835 1616 undecimo.
1870 1570 1963 1622 per
2004 1569 2162 1623 quem
2207 1553 2491 1608 evertenda
2533 1553 2670 1608 foret
2697 1553 2996 1622 responsio,
3025 1569 3124 1624 qua
3170 1554 3222 1608 in
3264 1555 3540 1624 superiore
3574 1569 3674 1609 suo

413 1637 550 1693 libro
581 1649 855 1709 tantopere
875 1641 1174 1706 inculcavit,
1205 1641 1323 1698 ideo
1347 1643 1415 1698 ab
1446 1643 1722 1711 Apostolo,
1752 1643 1824 1697 ad
1849 1643 2139 1708 Romanos,
2166 1644 2338 1712 capite
2366 1644 2572 1713 quinto,
2596 1643 2792 1697 dictum
2815 1659 2952 1709 esse,
2981 1661 3155 1709 unum,
3197 1660 3294 1715 per
3312 1661 3468 1716 quem
3497 1656 3670 1702 trans-

412 1729 507 1783 ivit
537 1742 808 1800 peccatum
830 1773 847 1799 ,
897 1747 967 1788 ne
989 1734 1259 1803 generatio
1291 1734 1554 1788 sineretur
1581 1733 1823 1804 intelligi.
1870 1734 2062 1790 Postea
2101 1750 2372 1790 reversum
2398 1734 2464 1788 ad
2496 1734 2635 1790 dicta
2667 1735 2786 1789 libri
2811 1735 3029 1790 secundi
3058 1735 3126 1790 de
3149 1735 3352 1805 Nuptiis
3379 1746 3433 1792 et
3457 1737 3669 1792 Concu-

412 1823 688 1889 piscentia,
712 1824 892 1894 inique
919 1839 1080 1894 agere
1107 1840 1227 1880 cum
1249 1825 1544 1894 Augustino
1573 1825 1819 1880 eumdem
1848 1825 2133 1888 lulianum,
2171 1827 2260 1896 qui
2288 1825 2356 1880 ab
2385 1826 2474 1881 illo
2495 1835 2548 1879 et
2577 1825 2803 1878 hominis
2831 1826 3052 1880 liberum
3079 1827 3378 1893 arbitrium,
3415 1837 3469 1883 ct
3499 1828 3666 1883 Deum

409 1913 736 1968 nascentium
765 1917 1094 1971 conditorem
1122 1917 1322 1986 negari,
1345 1915 1521 1972 denuo
1540 1917 1834 1986 queritatur
1856 1935 1870 1972 :
1893 1918 2090 1986 quique
2120 1917 2335 1986 insuper
2361 1933 2483 1972 cum
2511 1917 2653 1970 illius
2679 1917 2834 1973 dictis
2855 1917 3163 1972 hrcreticam
3191 1919 3474 1989 quamdam
3505 1919 3671 1974 Mani-

404 2003 538 2058 ehaii
577 2005 856 2074 epistolam
887 2021 1221 2076 comparans,
1265 2022 1370 2062 non
1397 2008 1500 2062 alia
1529 2023 1686 2076 quam
1729 2023 1849 2078 qua:
1889 2009 2027 2078 apud
2069 2008 2416 2064 Manicbainm
2461 2009 2738 2079 leguntur,
2784 2021 3214 2077 argumentorum
3260 2012 3373 2066 vice
3413 2013 3669 2082 objectari

409 2110 437 2147 a
467 2107 651 2150 sancto
683 2097 941 2163 Doctore,
981 2099 1048 2152 ab
1075 2113 1244 2167 eoque
1286 2098 1504 2167 perinde
1533 2107 1691 2167 atque
1720 2113 1751 2152 a
1783 2098 2074 2153 Manichreo
2115 2108 2356 2154 naturam
2393 2098 2678 2153 humanam
2707 2100 2899 2153 malam
2937 2101 3264 2168 pronuntiari
3297 2101 3666 2158 calumniatur.

480 2189 535 2244 in
561 2201 768 2258 quarto,
796 2194 964 2263 pergit
985 2194 1313 2264 Augustinus
1331 2193 1576 2250 refellere
1603 2193 1964 2249 adversarium
1992 2209 2092 2250 suo
2113 2204 2303 2265 quarto
2333 2195 2470 2250 libro
2495 2195 2851 2264 disputantem
2885 2195 2937 2250 in
2960 2211 3022 2249 ea
3048 2196 3185 2250 dicta
3211 2197 3327 2251 libri
3357 2198 3575 2252 secundi
3601 2199 3670 2253 de

403 2278 612 2349 Nuptiis
637 2291 691 2336 et
715 2283 1174 2352 Concupiscentia,
1205 2299 1324 2353 qua:
1360 2300 1388 2337 a
1428 2285 1601 2352 capite
1642 2299 1834 2352 quarto
1882 2284 1949 2338 ad
1989 2285 2327 2339 undecimum
2370 2285 2909 2353 comprehenduntur.
2950 2282 3441 2354 Concupiscentiam
3493 2287 3670 2342 carnis

407 2372 599 2426 malam
624 2387 766 2437 esse,
799 2389 973 2443 neque
1000 2375 1198 2428 homini
1224 2373 1389 2428 fuisse
1417 2388 1446 2426 a
1479 2374 1590 2428 Deo
1617 2373 1896 2427 conditore
1916 2374 2158 2437 inditam,
2193 2384 2488 2443 propugnat
2513 2375 2695 2428 doceri
2721 2389 2787 2430 eo
2817 2375 2931 2444 ipso
2958 2375 3093 2438 loco,
3126 2391 3282 2445 quem
3308 2377 3356 2428 in
3390 2377 3528 2432 hanc
3548 2394 3660 2432 rem

402 2462 645 2518 adhibuit
663 2479 726 2518 ex
755 2463 977 2518 Joannis
1006 2465 1239 2534 Epistula
1269 2465 1456 2532 prima,
1485 2463 1658 2531 capite
1685 2463 1939 2528 secundo,
1977 2464 2139 2517 Omne
2163 2465 2298 2533 quod
2322 2465 2467 2518 estin
2497 2465 2705 2527 mundo,
2731 2465 3133 2530 concupiscentia
3161 2467 3330 2518 carnis
3351 2475 3516 2524 est...
3547 2484 3664 2532 qua:

398 2568 498 2606 non
524 2563 594 2607 est
621 2569 684 2607 ea:
703 2553 876 2618 Patre,
901 2563 1004 2610 etc.
1033 2555 1206 2623 Atque
1226 2553 1371 2607 illam
1401 2553 1610 2622 quidem
1637 2553 1703 2607 ad
1732 2562 1970 2608 naturam
1995 2555 2222 2623 pecoris,
2253 2553 2346 2607 sed
2371 2553 2436 2606 ad
2462 2554 2626 2623 ipsius
2657 2562 2835 2608 tamen
2866 2569 3075 2624 pinnam
3100 2555 3335 2609 hominis
3365 2558 3660 2623 pertinere.

400 2643 660 2698 Pudorcm
688 2645 1048 2700 membrorum
1077 2644 1287 2699 nonnisi
1313 2653 1435 2714 post
1459 2653 1734 2716 peceatum
1760 2644 2020 2700 accidisse
2045 2644 2116 2698 ob
2137 2643 2370 2698 libidinis
2395 2643 2622 2698 rebelles
2648 2651 2843 2697 motus.
2892 2643 3066 2697 Porro
3108 2661 3176 2698 ne
3215 2645 3266 2696 in
3303 2643 3516 2697 Christo
3559 2647 3661 2700 nlla

397 2731 616 2804 prorsus
640 2734 802 2790 fuisse
833 2743 1044 2805 putetur
1069 2735 1247 2790 carnis
1265 2734 1717 2804 concupiscentia,
1747 2734 1836 2789 hic
1853 2734 2197 2790 vehementer
2221 2741 2391 2789 certat
2415 2741 2602 2804 contra
2624 2732 2760 2787 Julia
2773 2748 2919 2786 num.
2951 2731 3206 2786 Parvulos
3228 2733 3472 2803 originali
3495 2735 3665 2806 culpae

398 2825 543 2881 nasci
571 2827 851 2893 obnoxios,
881 2842 986 2883 non
1019 2842 1112 2897 per
1135 2827 1362 2897 propria:
1385 2828 1672 2880 voluntatis
1699 2825 1999 2892 arbitrium,
2029 2825 2126 2880 sed
2165 2840 2259 2895 per
2290 2824 2591 2894 contagium
2625 2823 2823 2892 peccati
2851 2838 2880 2875 a
2910 2823 3079 2891 primo
3123 2835 3343 2892 parente
3384 2824 3666 2880 voluntate

397 2919 689 2973 commissi.
716 2919 916 2975 Locum
944 2935 1072 2974 vero
1095 2934 1125 2972 a
1154 2934 1212 2974 se
1236 2933 1301 2973 ex
1327 2917 1612 2987 Sapientiae
1639 2917 1797 2983 libro,
1826 2917 1998 2986 capite
2017 2917 2356 2981 duodecimo,
2389 2917 2688 2985 prolatum,
2733 2915 2937 2969 scilicet
2958 2957 2972 2982 ,
3007 2914 3124 2968 Non
3164 2916 3403 2986 ignorans
3429 2918 3664 2986 quoniam

398 3026 613 3078 nequam
643 3021 714 3065 est
735 3013 872 3065 natio
897 3013 1121 3074 illorum,
1157 3020 1285 3076 etc.,
1310 3009 1378 3064 ad
1407 3010 1457 3063 id
1482 3011 1639 3063 etiam
1670 3008 1868 3074 valere,
1897 3019 1955 3062 ut
1983 3017 2179 3062 nostra:
2203 3007 2423 3074 originis
2446 3007 2631 3060 vitium
2661 3004 3074 3059 demonstretur.

452 3101 531 3155 in
561 3102 766 3171 quinto,
809 3103 1086 3157 confirmat
1119 3101 1440 3172 Augustinus
1471 3108 1526 3155 et
1557 3099 1625 3155 ab
1658 3099 1948 3155 adversarii
1973 3098 2252 3155 calumniis
2284 3098 2516 3154 vindicat
2549 3112 2611 3152 ea
2652 3112 2770 3168 qua:
2809 3096 2861 3150 in
2892 3096 3027 3150 libro
3070 3095 3304 3151 secundo
3345 3096 3412 3151 de
3453 3097 3658 3169 Nuptiis

396 3201 450 3246 et
487 3191 958 3263 Coneupiscentia,
997 3195 1171 3264 capite
1203 3193 1517 3248 duodecimo
1557 3185 1612 3248 et
1655 3193 1855 3263 aliquot
1891 3192 2233 3264 sequentibus
2276 3191 2523 3260 scripsit,
2566 3191 2618 3244 in
2661 3189 2844 3259 primis
2877 3189 3157 3256 videlicet,
3190 3190 3329 3260 quod
3373 3205 3490 3245 eam
3521 3207 3666 3245 eom-

397 3284 684 3338 motionem
727 3285 1028 3356 pudcndam
1073 3285 1431 3340 membrorum
1479 3299 1586 3338 non
1636 3282 1860 3337 haberet
1906 3291 2093 3336 natura
2119 3296 2268 3344 sana,
2309 3295 2465 3348 quam
2489 3279 2648 3333 habet
2677 3289 2862 3332 natura
2897 3278 3108 3341 vitiata;
3139 3294 3200 3332 ac
3223 3279 3427 3348 perboe
3451 3279 3589 3350 quod
3620 3280 3663 3334 is

395 3377 484 3441 qui
504 3375 624 3431 inde
642 3377 892 3442 nascitur,
928 3376 1158 3445 indigeat
1178 3376 1403 3432 renasci.
1427 3374 1626 3430 Deinde
1653 3373 1795 3444 quod
1826 3373 1896 3426 ibi
1925 3372 2187 3442 capitibus
2211 3371 2296 3434 14,
2319 3369 2390 3424 20
2411 3381 2462 3423 et
2484 3368 2555 3423 26
2580 3377 2904 3438 conquestus
2931 3377 3031 3428 est,
3061 3367 3325 3423 lulianum
3354 3370 3663 3439 apostolicis

394 3464 604 3518 duobus
625 3466 966 3529 testimoniis,
997 3465 1015 3519 l
1040 3465 1165 3520 Cor.
1199 3481 1266 3518 xv
1295 3473 1350 3518 ct
1373 3463 1968 3532 Rom.t,sententiaquc
1993 3460 2292 3530 evangelica
2325 3459 2508 3512 Matth.
2542 3472 2638 3524 vn,
2667 3457 2751 3520 i7,
2773 3473 2866 3511 seu
2890 3473 2984 3519 xu,
3009 3458 3098 3521 53,
3133 3475 3408 3528 perperam
3439 3459 3657 3514 abusum

395 3555 685 3622 esse.Quod
706 3555 877 3623 capite
893 3555 1146 3624 vigesimo
1161 3553 1606 3618 octavoasscrnit,
1630 3553 1826 3606 malum
1857 3567 1950 3606 seu
1980 3551 2304 3606 voluntatem
2328 3550 2519 3603 malam
2543 3548 2661 3601 ideo
2678 3563 2740 3601 ex
2760 3563 2922 3615 opere
2953 3547 3042 3602 Dei
3072 3548 3212 3602 bono
3241 3549 3366 3602 oriri
3400 3549 3654 3620 potuisse,

398 3645 522 3714 quia
548 3645 717 3715 ipsum
749 3659 1046 3714 quanquam
1076 3645 1296 3711 bonum,
1335 3643 1402 3698 de
1427 3643 1592 3697 nihilo
1621 3641 1816 3697 factum
1841 3651 1944 3706 est,
1990 3657 2100 3695 non
2132 3640 2199 3694 de
2225 3639 2356 3694 Deo.
2391 3640 2469 3694 Ac
2512 3647 2781 3708 postremo
2807 3637 2948 3708 quod
2975 3639 3150 3707 capite
3183 3638 3390 3694 decimo
3431 3641 3658 3710 septimo

399 3733 602 3798 docuit,
633 3734 710 3788 sic
741 3734 907 3788 Deum
936 3748 1121 3788 creare
1151 3734 1338 3793 malos,
1370 3732 1636 3802 quomodo
1661 3732 1826 3801 pascit
1854 3742 1908 3785 et
1934 3732 2098 3786 nutrit
2129 3730 2315 3784 malos.

476 3825 532 3880 ln
562 3836 733 3892 sexto,
764 3826 996 3881 ostendit
1027 3825 1288 3882 Juliannm
1316 3825 1454 3881 libro
1473 3841 1571 3879 suo
1595 3833 1748 3879 sexto
1773 3823 1965 3878 frustra
1996 3837 2232 3893 pugnare
2260 3831 2443 3876 contra
2473 3819 2523 3875 id
2545 3820 2682 3891 quod
2712 3821 2762 3874 in
2799 3819 3034 3876 secundo
3061 3819 3128 3875 de
3154 3819 3358 3888 Nuptiis
3378 3819 3660 3892 et‘Concn-

397 3915 683 3983 piscentia,
713 3915 886 3986 capite
927 3915 1198 3986 trigesimo
1233 3924 1443 3986 quarto,
1471 3925 1735 3969 assertum
1771 3924 1875 3981 est,
1917 3914 2045 3968 Adae
2083 3913 2286 3967 scilicet
2313 3921 2532 3982 peccato
2562 3921 2802 3964 naturam
2835 3911 3116 3965 humanam
3153 3910 3314 3965 fuisse
3346 3912 3395 3964 in
3424 3911 3661 3970 deterius

394 4015 790 4071 commutatam,
823 4006 892 4062 ita
913 4017 969 4061 ut
997 4005 1135 4062 facta
1161 4007 1229 4061 sit
1257 4022 1360 4060 non
1387 4006 1559 4061 solum
1583 4003 1871 4074 peccatrix,
1894 4003 1986 4058 sed
2015 4004 2171 4058 etiam
2201 4003 2423 4072 gignens
2450 4001 2702 4070 deinceps
2716 4012 3045 4072 peccatores.
3067 4001 3241 4056 Liberi
3269 4002 3474 4056 arbitrii
3495 4004 3657 4066 vires.

393 4097 586 4165 quibus
611 4097 828 4167 integris
859 4104 1062 4166 poterat
1085 4096 1264 4158 homo,
1287 4103 1341 4150 et
1366 4105 1509 4150 recte
1534 4109 1692 4164 agere
1734 4110 1856 4148 cum
1907 4093 2090 4155 vellet,
2121 4102 2175 4146 et
2204 4108 2307 4146 non
2339 4105 2556 4159 peccare
2584 4092 2627 4144 si
2667 4092 2852 4158 nollet,
2899 4091 3170 4161 peccando
3199 4108 3318 4148 eum
3361 4093 3659 4163 perdidisse

395 4185 570 4242 docet.
603 4186 749 4241 Illam
774 4195 950 4240 autem
979 4186 1239 4254 improbat
1265 4185 1626 4240 definitionem
1653 4185 1932 4247 libertatis,
1964 4199 2082 4251 qua:
2113 4184 2308 4252 passim
2341 4181 2590 4251 objectari
2617 4181 2684 4235 ab
2726 4183 3035 4238 adversario
3062 4185 3218 4249 solet,
3248 4195 3393 4254 puta,
3423 4203 3442 4236 ι
3475 4185 3657 4240 Possi-

396 4276 571 4332 bilitas
597 4277 849 4346 peccandi
870 4286 924 4331 et
951 4292 1055 4330 non
1083 4274 1354 4345 peccandi,
1393 4292 1412 4326 ι
1445 4281 1550 4328 etc.
1580 4274 1800 4328 Dolores
1831 4274 2166 4343 parientinm,
2210 4275 2411 4343 Spinas,
2438 4273 2669 4338 labores,
2697 4274 2944 4337 sudores,
2993 4285 3318 4345 exterasque
3356 4277 3657 4334 mortalium
3739 4323 3742 4326 .

393 4379 662 4420 :erutnnas
687 4365 875 4435 probat
902 4379 1086 4434 pcenas
1108 4378 1227 4418 esse
1257 4361 1458 4432 peccati
1489 4379 1502 4415 :
1527 4361 1621 4416 sed
1643 4363 1808 4432 ipsam
1839 4365 1888 4416 in
1918 4364 2104 4431 primis
2125 4373 2348 4417 mortem
2381 4365 2643 4434 poenalem
2671 4381 2789 4419 esse
2818 4365 3041 4431 homini,
3073 4367 3161 4436 qui
3192 4368 3269 4421 sic
3294 4367 3548 4422 divinitus
3575 4367 3655 4421 in-

395 4456 615 4510 stitutus
641 4456 831 4520 fuerat,
862 4463 919 4509 ut
946 4454 1043 4508 nisi
1075 4462 1318 4524 pecmret
1338 4468 1441 4506 non
1469 4461 1782 4505 moreretur.
1815 4453 2070 4506 Extrema
2101 4461 2252 4522 parte
2282 4453 2420 4516 libri,
2450 4455 2835 4524 expositionem
2866 4455 2916 4507 in
2944 4455 3068 4508 ilhnl
3093 4457 3332 4524 Apostoli
3357 4455 3374 4508 l
3398 4457 3519 4510 Cor.
3553 4472 3653 4523 xv,

397 4546 544 4600 Sicut
566 4547 621 4600 in
646 4546 811 4599 Adam
834 4563 1003 4600 omnes
1030 4546 1331 4609 moriuntur,
1353 4552 1408 4598 et
1436 4543 1487 4596 in
1509 4543 1780 4612 sequentia
1809 4542 2047 4612 ejusdem
2084 4544 2268 4612 capitis
2289 4543 2449 4610 dicta,
2481 4559 2510 4596 a
2537 4543 2744 4598 Juliano
2774 4545 3031 4614 prolatam
3069 4545 3320 4614 expendit
3354 4555 3406 4600 et
3437 4546 3653 4600 refellit.

396 4633 632 4687 Tandem
661 4648 755 4702 per
783 4643 948 4687 totum
985 4633 1150 4689 ferme
1175 4635 1363 4688 librum
1389 4632 1578 4701 dogma
1602 4631 1917 4685 catholicum
1949 4631 2016 4686 de
2045 4632 2285 4702 originali
2316 4634 2464 4696 vitio,
2496 4634 2634 4704 quod
2664 4634 2904 4691 Julianus
2931 4635 2997 4689 ad
3029 4635 3371 4690 Manichream
3399 4635 3648 4692 hmresim

397 4721 614 4776 trahere
642 4721 836 4793 ubique
862 4721 1098 4786 enititur,
1125 4735 1228 4776 non
1256 4721 1413 4774 modo
1435 4722 1623 4776 abesse
1653 4722 1806 4791 longe
1831 4723 1897 4775 ab
1923 4721 2008 4774 illa
2035 4721 2247 4787 barresi,
2277 4722 2367 4776 sed
2393 4723 2551 4777 etiam
2585 4725 2827 4778 haeresim
2853 4727 2992 4779 illam
3019 4725 3352 4780 demonstrat
3379 4743 3652 4798 nunquam

399 4826 426 4862 ιι
457 4810 751 4878 Pelagianis
778 4825 934 4880 posse
964 4809 1061 4863 nisi
1086 4810 1331 4863 catholici
1362 4810 1523 4878 ipsius
1543 4810 1803 4880 dogmatis
1831 4812 2027 4866 auxilio
2057 4821 2108 4867 et
2129 4811 2463 4882 professione
2491 4811 2749 4882 superari.

1277 4943 1365 4998 EX
1407 4944 1732 5001 EPISTOLA
1769 4947 2025 5003 CCXXIV
2066 4951 2154 5003 AD
2192 4949 2775 5016 QUODVDLTDEUM.

467 5053 784 5120 Respondeo
823 5054 971 5108 libris
994 5054 1206 5121 Jnliani,
1236 5070 1368 5124 quos
1396 5064 1515 5108 octo
1539 5055 1703 5110 edidit
1746 5068 1865 5126 post
1906 5058 2022 5111 illos
2046 5068 2274 5127 quatuor
2305 5062 2496 5129 quibus
2517 5058 2648 5118 ante
2690 5065 2962 5134 respondi.
3006 5066 3117 5120 Hos
3150 5069 3293 5122 enim
3317 5083 3442 5124 cum
3470 5071 3657 5129 Romae

397 5142 690 5212 accepisset
713 5143 875 5197 frater
901 5144 1139 5215 Alypius,
1171 5143 1400 5197 nondum
1431 5159 1619 5197 omnes
1650 5145 2026 5214 descripserat,
2051 5162 2169 5202 cum
2206 5149 2436 5203 oblatam
2480 5154 2813 5210 occasionem
2850 5157 3022 5210 noluit
3049 5160 3349 5226 prmterire,
3374 5177 3468 5229 per
3494 5180 3654 5231 quam

398 5234 527 5290 mihi
559 5233 789 5303 quinque
816 5233 1138 5308 transniisit;
1168 5235 1479 5302 promittens
1506 5234 1637 5288 alios
1665 5245 1772 5290 tres
1798 5237 1905 5292 cito
1930 5253 1988 5291 se
2013 5253 2131 5292 esse
2157 5240 2464 5305 missurum,
2488 5255 2541 5297 et
2565 5246 2782 5298 multum
2805 5247 3010 5302 instans
3035 5264 3103 5302 ne
3129 5253 3455 5318 respondere
3474 5254 3657 5309 dill'eru

398 5340 532 5380 rem.
562 5323 721 5394 Cujus
747 5323 993 5378 instantia
1021 5334 1234 5378 coactus
1265 5341 1381 5378 sum
1422 5327 1696 5379 remissius
1719 5342 1873 5395 agere
1899 5329 2038 5397 quod
2069 5331 2312 5399 agebam,
2348 5342 2404 5386 ut
2433 5336 2578 5402 operi
2607 5337 2813 5404 utrique
2859 5354 2964 5392 non
3012 5339 3283 5408 deessent,
3315 5345 3403 5398 uni
3441 5345 3650 5410 diebus,

399 5417 548 5471 alteri
576 5414 838 5480 noctibus,
877 5413 1087 5484 quando
1124 5413 1251 5468 mihi
1294 5416 1360 5470 ab
1403 5415 1520 5469 aliis
1553 5417 1986 5485 occupationibus
2033 5419 2158 5474 hinc
2193 5430 2352 5490 atque
2393 5422 2518 5478 hinc
2560 5425 2739 5478 venire
2771 5441 2874 5480 non
2908 5427 3290 5487 desiSIcutibus
3323 5447 3652 5502 parceretur.

400 5511 632 5578 Agebam
658 5525 784 5566 vero
809 5523 923 5563 rem
945 5507 1228 5578 plurimum
1255 5511 1604 5564 necessariam
1634 5528 1646 5563 :
1682 5527 1800 5564 nam
1829 5515 2176 5569 retractabain
2207 5520 2460 5584 opuscula
2507 5536 2639 5583 mea,
2675 5532 2722 5576 et
2773 5525 2817 5578 si
2863 5527 2988 5594 quid
3020 5528 3069 5581 in
3097 5529 3181 5582 eis
3215 5547 3299 5585 me
3335 5532 3653 5598 offenderet,

399 5597 483 5694 vel
507 5599 639 5694 alios
660 5599 928 5694 oll'endere
955 5599 1372 5694 possetgpartim
1394 5602 1851 5669 reprehendendo,
1885 5607 2074 5672 partim
2100 5606 2434 5665 defendendo
2461 5612 2600 5680 quod
2630 5614 2728 5683 legi
2776 5615 2995 5673 deberet
3032 5632 3086 5672 et
3125 5633 3327 5689 posset,
3364 5625 3650 5694 operabar.

402 5691 465 5746 Et
493 5689 598 5745 duo
617 5693 881 5748 volumina
905 5692 1012 5764 jam
1037 5691 1386 5757 absolveram,
1419 5695 1716 5750 retractatis
1742 5697 1990 5753 omnibus
2016 5699 2162 5756 libris
2195 5704 2346 5768 meis,
2381 5719 2604 5773 quorum
2638 5723 2917 5765 num-erum
2942 5713 3240 5767 nesciebam
3276 5733 3286 5766 :
3318 5689 3514 5783 eosque
3543 5717 3649 5770 du-
