4008 6178
385 391 514 447 1031

1057 382 1300 441 OPERIS
1340 381 1750 438 IMPERFECTI
1789 380 2059 436 CONTRA
2102 377 2462 454 JULIANUM,
2502 386 2557 440 S.
2605 386 2970 445 AUGUSTINI

3515 389 3650 446 105‘!

391 511 3488 537 MM

1465 563 1943 674 LIBER
2015 563 2658 678 PRIMUS.

445 739 581 802 μὶ)το
601 735 774 802 Juliani
796 733 856 783 ad
871 730 1058 802 Florum
1080 731 1232 802 primo
1253 727 1592 802 respondetur.
1611 735 1710 802 Quo
1734 722 2573 802 primojibﬂl‘q‘ltd‘ianus,augustino
2586 767 2601 788 ,
2625 732 2836 802 fideique
2858 735 3104 802 @lhpilcm
3120 750 3214 802 qua
3248 746 3496 799 peccatum
3521 737 3662 789 or'ci-

385 799 497 848 nale
541 797 857 854 confitemur,
898 788 1160 859 calumnias
1189 788 1496 859 instruit__ex_
1517 788 1702 859 triplici.
1725 788 2194 859 praesertim‘eapite,
2219 788 2557 859 contendens:
2585 788 2818 859 tjrinnu'n,
2852 798 3094 859 siquidem
3119 788 3278 859 j'ustu's
3301 808 3378 849 est
3402 788 3547 858 Deus,
3567 815 3662 849 non

551 846 614 908 ab
639 871 701 922 eo
720 846 969 922 peditum
1001 853 1216 922 alienum
1227 850 1448 922 parvulis
1484 846 1737 910 imputari.
1751 846 1985 922 Deinde_,_

2096 855 2392 922 [Ageiocatum
2417 852 2532 901 nihil
2567 853 2696 904 aliud
2707 859 2780 922 ‘sit
2804 846 2957 922 'qnat'n
2987 858 3109 922 mala
3119 846 3383 919 Voluntas,
3405 846 3664 912 ὢν*ὲὲξᾶ

403 922 592 994 mna
613 920 675 994 a2
691 909 899 994 equod.
907 909 1714 994 .ttateﬁppeﬁlt32399533112953.
1725 909 2377 994 εεξεειέριέεξξςευξξριιξξξεε
2705 917 2751 994 ίε]
2775 909 2951 994 ‹ι.ιίειιυε
2977 919 3234 994 velamus
3398 909 3492 994 πίοέε
3511 909 3667 994 nasia

385 969 608 1034 inveniri.
631 969 862 1044 Tertitim,
886 969 1164 1044 libertatein
1185 975 1384 1044 arbitrii,
1405 985 1516 1036 quae
1537 969 1716 1044 homini
1738 969 2084 1044 concesgfﬁ.
2106 969 2166 1044 il}
2179 969 2466 1044 adt-uiuendi
2493 969 2676 1044 peccati
2701 986 2752 1027 et
2773 969 3041 1044 abstinendi
3065 995 3092 1030 a
3117 969 3315 1043 peccato
3349 969 3666 1044 possibilitate

385 1028 655 1093 consistere
668 1028 691 1101 ;V
722 1028 887 1101 itaque
918 1028 1400 1101 litierutn‘arbitrium‘
1422 1028 1596 1096 'negari
1619 1033 1681 1080 ab
1701 1032 1779 1101 bis
1798 1031 1882 1101 qui
1905 1028 2072 1101 dicunt
2105 1037 2310 1101 peccata
2325 1045 2436 1083 esse
2477 1028 2725 1101 naturalia.

2767 1040 2988 1100 Qumdani
3030 1040 3146 1092 vero
3181 1045 3306 1092 inter
3330 1040 3451 1099 lizec,
3476 1054 3576 1093 ttuu
3601 1061 3661 1094 ex

385 1104 553 1172 primis
574 1093 789 1172 partibus
809 1093 919 1172 libri
941 1098 1141 1172 secundi
1163 1097 1225 1147 de
1247 1093 1931 1172 WP‘iQA?P:f£?FPAEisﬁe=P_‘-ia’
2080 1093 2592 1172 επλῇρξιεξθςυωιρ
2623 1098 2751 1172 libri.
2773 1093 2912 1163 primi
2935 1097 3098 1172 centra
3133 1111 3257 1153 Duas
3278 1093 3510 1172 Epistolas
3535 1093 3664 1172 ιξυιλὲ

386 1151 918 1273 iiianoriim,maledico
954 1159 1106 1232 dente
1137 1151 1371 1230 carpere;
1407 1151 1720 1230 auctoritates
1742 1154 1888 1202 etiam
1906 1185 1922 1211 ,
1942 1160 2057 1260 ﬂuis
2080 1151 2128 1197 in
2160 1151 2446 1206 defensione
2470 1161 2641 1219 gratiae
2670 1162 2753 1209 Dei
2776 1151 2881 1211 'nos
2915 1175 2944 1211 α
2966 1151 3204 1214 servitute
3227 1151 3278 1214 et
3310 1151 3666 1216 adamantinae

406 1227 638 1273 iherantis
657 1225 882 1273 citantur.
903 1220 1088 1272 scilicet
1109 1218 1352 1273 Evangelii
1369 1225 1564 1266 Joannis
1583 1231 1682 1269 vui.
1699 1221 1751 1264 et
1766 1219 1940 1273 Aposto
1983 1209 2045 1258 ad
2064 1217 2291 1264 norimus
2313 1231 2376 1273 vi,
2402 1234 2481 1273 ru,
2508 1234 2578 1273 ix.
2610 1229 2661 1271 et
2683 1223 2911 1273 secunda:
2942 1225 3161 1273 epistolae
3200 1226 3258 1273 ad
3297 1228 3598 1273 Timotheum
3614 1244 3665 1273 ιι.

406 1209 882 1288 inanissima;
896 1209 1088 1288 scilicet
1109 1209 1564 1288 Evangelli'loannis
1583 1231 1682 1288 ait.
1699 1221 1751 1264 et
1766 1209 2045 1277 meum
2064 1217 2291 1264 Romanos
2313 1231 2376 1278 ιιι,
2402 1209 2578 1282 tum,
2610 1229 2661 1271 et
2683 1209 3277 1288 seca.as“e},'staiag'aa'
3297 1209 3665 1288 ττίιῖιδίίέξλίίίῆῑιζ

386 1287 653 1336 secundum
675 1275 982 1348 Pelagiahum
1001 1281 1177 1345 dogma
1198 1275 1514 1342 interpretari
1533 1275 1744 1327 molitur.

468 1371 506 1424 Ι.
547 1369 823 1424 Juuanus.
871 1365 1073 1436 Magnis
1114 1364 1236 1418 licet
1278 1362 1562 1430 impeditus
1599 1358 1888 1430 angoribus
1913 1357 1929 1388 ¹
1954 1398 1972 1423 ,

391 1475 524 1530 quos
564 1459 788 1514 intuenti
827 1457 958 1512 mihi
1010 1456 1107 1510 hac
1137 1462 1454 1523 tempestate
1481 1451 1836 1506 Ecclesiarum
1867 1455 1976 1502 sta-

393 1563 534 1618 tum,
588 1549 778 1618 partim
827 1546 1118 1616 indignatio
1167 1541 1612 1613 ingerit,partim
1662 1538 1972 1601 miseratio;

310 1641 315 1646 ”
395 1658 498 1696 non
550 1641 850 1710 abjeceram
894 1646 1072 1693 tamen
1102 1634 1470 1706 promissionis
1513 1645 1645 1687 mem
1676 1629 1869 1694 fidem;
1901 1627 1978 1681 vi-

391 1733 584 1789 delicet
630 1743 687 1786 ut
713 1732 802 1802 qui
831 1729 1032 1786 fueram
1065 1726 1232 1794 factus
1257 1726 1464 1781 debitor
1478 1725 1522 1787 ⁸,
1555 1714 1812 1778 solvendo
1839 1733 1975 1788 quo-

391 1838 495 1892 que
516 1838 635 1878 esse
655 1837 922 1877 curarem.
949 1819 1080 1875 Nam
1125 1820 1178 1873 iu
1202 1818 1349 1872 libris
1372 1830 1506 1887 quos
1531 1814 1598 1869 ad
1628 1814 1844 1868 fratrem
1871 1825 1973 1866 no-

391 1927 560 1970 strum
589 1915 935 1971 Turbantium
963 1912 1293 1984 episc0pum,
1315 1911 1485 1962 virum
1507 1921 1704 1976 magno
1723 1904 1976 1958 virtutum

394 2007 599 2077 fulgore
647 2005 1030 2074 conspicuum,
1076 2011 1264 2057 contra
1316 1998 1608 2071 Augustini
1649 1996 1845 2064 scripta
1893 1993 1978 2047 di-

391 2095 578 2175 ctavi“
600 2094 866 2181 pollicitus
891 2089 1271 2181 sungzsinihji.
1293 2084 1977 2182 quoglzstudijsmbsisteret,

392 2170 974 2242 evenﬁtiihtbinmodi
995 2170 1765 2252 ,‘iipcérs'utumfriié'jirbfinus
1793 2189 1979 2229 eorum

391 2253 720 2346 argumentis
736 2253 1243 2343 .omiiibits.,.qtii.éx
1270 2255 1976 2326 sbh'tbﬁtia'Maiiichmorum

396 2361 1022 2448 tenues-laesaque
1056 2358 1691 2448 estumelrsewals
1714 2354 1978 2448 ειεξθξξάαξ·

350 2439 556 2537 "eis
585 2439 915 2536 arui-iuri
1247 2439 1468 2537 ιξιυξιξυιέ
1496 2439 1651 2534 ξιξερξά
1669 2439 1982 2534 examssi-

399 2545 631 2601 mulabili
657 2544 974 2599 necessitate
999 2554 1311 2609 suspensus.

469 2639 822 2694 Auens'rnws.
850 2633 1064 2690 Utinam
1109 2630 1332 2686 imiteris
1353 2627 1701 2683 Turbantium
1731 2632 1848 2695 post
1890 2624 1978 2678 illa

397 2737 485 2781 tua
512 2727 730 2794 scripta,
761 2734 816 2780 et
838 2731 956 2794 post
978 2722 1077 2777 has
1106 2730 1222 2776 tuas
1247 2718 1435 2774 laudes
1454 2758 1470 2782 ,
1491 2716 1684 2787 quibus
1706 2731 1827 2771 eum
1847 2714 1981 2770 dicis

397 2818 566 2871 virum
594 2828 786 2885 magno
821 2815 1073 2868 virtutum
1098 2811 1301 2880 fulgore
1324 2809 1670 2878 conspicuum
1695 2848 1710 2871 ,
1742 2822 1772 2860 a
1797 2814 1982 2860 vestro

395 2922 582 2963 errore
623 2905 926 2962 liberatum!
959 2904 1296 2972 Responsum
1323 2907 1406 2956 est
1442 2905 1618 2953 autem
1648 2897 1756 2951 illis
1780 2897 1883 2950 tuis
1914 2896 1981 2949 li-

403 2999 512 3053 bris
532 3039 546 3063 ,
576 3005 631 3052 et
655 2997 1076 3052 demonstratum
1103 2992 1234 3058 tibi,
1266 3005 1384 3060 qua:
1411 2987 1673 3044 catholica
1701 2985 1901 3041 lumina
1929 2986 1981 3038 in

400 3097 703 3142 sanctarum
749 3087 1141 3155 Scripturarum
1191 3081 1504 3137 tractatione
1548 3078 1841 3134 clarissima
1879 3076 1984 3130 hoc

397 3179 715 3248 approbrio,
749 3177 802 3233 id
831 3185 912 3232 est
938 3217 955 3242 ,
982 3173 1396 3232 Manicbaaorum
1433 3165 1788 3240 appellatione
1811 3207 1827 3234 ,
1851 3166 1986 3222 ofl‘u-

401 3287 552 3327 scare
580 3268 811 3324 coneris.

470 3360 532 3416 Il.
559 3359 679 3416 ἔοι..
711 3359 907 3414 Verum
932 3398 949 3424 ,
975 3364 1034 3412 ut
1062 3355 1296 3426 primum
1335 3351 1604 3422 respirare
1633 3348 1817 3415 licuit,
1857 3360 1986 3402 con-

401 3452 578 3506 silium
617 3457 761 3514 erat,
784 3456 1041 3518 quantum
1080 3444 1310 3499 maxime
1350 3442 1560 3496 tulisset
1589 3440 1758 3509 ipsius
1779 3437 1857 3492 rei
1885 3452 1981 3490 na-

403 3553 520 3596 tura
543 3583 558 3605 ,
595 3540 828 3596 breviter
855 3537 1115 3608 promissa
1143 3534 1432 3597 comulere,
1463 3531 1563 3584 nisi
1606 3546 1690 3583 me
1713 3527 1985 3583 actuosio-

404 3648 517 3687 rem
583 3630 759 3686 denuo
801 3627 1002 3698 ingredi
1058 3622 1426 3695 provinciam,
1477 3620 1788 3675 beatissime
1835 3625 1986 3686 pater

413 3722 567 3777 Flore
590 3761 605 3784 ,
628 3719 892 3775 voluisses
914 3735 927 3772 :
953 3717 1040 3786 qui
1061 3757 1077 3780 ,
1119 3714 1370 3784 quoniam
1417 3719 1618 3765 tantum
1649 3709 1793 3763 vales
1831 3723 1987 3762 rere-

415 3812 584 3867 rentia
612 3807 908 3866 sanctitatis
933 3848 948 3872 ,
980 3815 1038 3860 ut
1067 3803 1347 3875 praeceptis
1386 3802 1489 3856 tuis
1513 3800 1744 3870 segniter
1771 3798 1989 3852 obedire

410 3903 761 3974 irreligiosum
783 3899 1042 3970 judicem,
1070 3894 1345 3961 obtinuisti
1374 3891 1527 3948 facile
1552 3900 1611 3946 ut
1641 3891 1692 3944 in
1725 3889 1990 3959 longiores

407 3999 518 4050 vias
561 3991 934 4064 compendium
967 3990 1109 4044 illius
1131 4030 1144 4053 ,
1184 4001 1342 4058 quam
1383 3985 1647 4053 elegerant
1668 4022 1685 4048 ,
1711 3979 1990 4036 brevitatis

407 4085 770 4142 extenderent.
790 4081 1014 4138 Favebis
1031 4081 1206 4150 itaque
1243 4076 1392 4145 operi
1412 4083 1501 4128 tua
1532 4073 1845 4128 auctoritate
1871 4085 1992 4124 sus-

410 4187 587 4246 cepto,
601 4175 752 4244 cujus
771 4175 840 4226 ob
856 4173 957 4226 hoc
974 4170 1305 4240 potissimum
1325 4181 1514 4220 nomen
1539 4163 1823 4226 inserui,ut
1838 4163 1991 4215 stilus

409 4268 648 4324 securior
673 4274 729 4319 et
769 4263 986 4317 hilarior
1012 4259 1329 4330 graderetur
1355 4255 1453 4310 sub
1485 4263 1645 4307 tanta:
1689 4251 1990 4322 patrocinio

410 4359 690 4428 jussionis.
719 4355 842 4410 Fuit
869 4354 1027 4423 igitur
1051 4357 1306 4419 concepta
1347 4349 1527 4402 animo
1554 4361 1658 4400 non
1689 4346 1989 4416 importuna

412 4452 548 4506 ratio
587 4448 900 4505 brevitatis:
933 4444 1054 4516 quia
1100 4443 1152 4498 in
1201 4442 1304 4496 illis
1340 4448 1571 4509 quatuor
1611 4438 1762 4491 libris
1799 4445 1988 4491 cuncta

410 4546 520 4598 fere
539 4583 555 4606 ,
587 4557 704 4612 qua:
743 4541 956 4594 inventa
985 4551 1016 4590 a
1041 4532 1348 4590 Mauichzeis
1375 4528 1656 4600 Augustini
1679 4537 1866 4582 contra
1894 4541 1992 4581 nos

412 4635 622 4688 fuerant
663 4645 758 4685 ore
785 4629 1016 4698 prolata,
1037 4623 1316 4680 catholica:
1351 4620 1474 4674 fidei
1500 4619 1696 4673 veritas
1715 4658 1731 4684 ,
1761 4632 1862 4686 pro
1887 4632 1992 4686 qua

413 4733 467 4776 et
509 4736 630 4775 cum
683 4733 785 4788 qua
816 4716 1041 4772 labentis
1069 4712 1251 4768 mundi
1299 4711 1420 4766 odia
1451 4723 1854 4780 promeremur,
1887 4718 1991 4762 tam

410 4810 856 4882 disputationibus
882 4805 1112 4872 invictis,
1135 4818 1294 4874 quam
1322 4816 1490 4856 sacrae
1515 4799 1648 4870 legis
1676 4799 1994 4854 testimoniis

415 4913 618 4958 armata
643 4945 658 4968 ,
689 4901 1046 4972 protriverat,
1096 4910 1197 4951 nec
1225 4893 1512 4964 quidquam
1555 4907 1691 4962 pene
1734 4891 1994 4963 reliquum

412 5005 548 5058 erat,
579 4994 623 5048 si
649 4993 814 5062 aequis
835 4989 1102 5061 judicibus
1129 4995 1427 5041 uteremur.

485 5085 621 5138 Auc.
665 5081 861 5136 Contra
905 5087 1025 5133 tuos
1067 5076 1190 5130 illos
1228 5083 1457 5144 quatuor
1491 5071 1658 5126 libros
1693 5085 1786 5125 sex
1816 5069 1934 5124 libri
1965 5085 1994 5123 a

416 5188 501 5226 me
534 5170 720 5239 scripti
758 5177 900 5222 sunt.
925 5167 1055 5222 Post
1077 5160 1644 5219 commemorationem
1676 5159 1872 5229 quippe
1896 5158 1994 5211 do-

411 5274 616 5318 etin-um
643 5259 1024 5315 catholicorum
1051 5257 1206 5327 (quos
1227 5253 1544 5308 Maniclueos
1571 5250 1716 5312 lacis,
1741 5250 1868 5304 mihi
1899 5249 1998 5303 sub

415 5358 515 5410 hoc
537 5353 759 5410 crimine
781 5348 1078 5419 objicieudo
1107 5345 1247 5417 quod
1278 5346 1355 5400 illi
1384 5346 1437 5399 in
1464 5342 1723 5400 Catholica
1755 5341 1996 5396 Ecclesia

411 5448 710 5502 didicerunt
731 5449 888 5513 atque
915 5436 1232 5507 docuerunt)
1258 5478 1274 5504 ,
1305 5452 1461 5506 quam
1492 5434 1699 5489 duobus
1736 5433 1999 5502 prioribus

415 5533 768 5592 voluminibus
813 5528 1101 5602 explicavi,
1149 5535 1431 5596 sequentes
1485 5535 1712 5593 quatuor
1761 5522 1999 5591 singulos

479 5716 494 5741 ι
537 5710 806 5762 \‘ignierius
823 5713 873 5756 ct
893 5703 1118 5755 trcslibri
1137 5699 1445 5760 manuscripti
1462 5699 1661 5762 habent,
1688 5696 1941 5746 laboribus.

482 5774 499 5800 ι
528 5759 661 5821 t-tditi.
687 5768 871 5818 dubitor
889 5764 1218 5830 promittcmlo.
1246 5759 1407 5823 Abest,
1433 5759 1764 5822 promittrmlo,
1794 5775 1817 5808 a
1846 5762 2000 5810 tritius

419 5840 768 5891 manuscrqtis.

2085 1358 2188 1411 tuis
2240 1359 2460 1431 singulis
2506 1365 2742 1432 reddidi;
2790 1367 3114 1438 redarguens
3165 1370 3408 1425 tenebras
3449 1370 3667 1426 haeresis

2083 1455 2272 1502 vestrae
2294 1451 2410 1506 luce
2447 1454 2723 1510 catholicae
2749 1459 2985 1512 veritatis
3007 1500 3020 1521 ,
3047 1475 3204 1528 quam
3241 1459 3534 1515 deserendo
3557 1477 3663 1514 cae-

2082 1547 2231 1593 catos
2261 1541 2491 1609 insanis,
2521 1555 2574 1599 et
2597 1547 2710 1613 rei,
2743 1547 2811 1602 de
2830 1564 2932 1618 qua
2964 1549 3108 1603 nulla
3139 1567 3366 1620 unquam
3397 1553 3446 1604 iu
3481 1552 3668 1606 Eccle-

2083 1631 2159 1686 sia
2208 1630 2402 1689 Christi
2432 1640 2798 1695 controversia
2821 1641 2918 1696 fult
2940 1685 2955 1708 ,
2983 1643 3120 1697 sicut
3162 1658 3328 1698 novus
3357 1643 3666 1707 lucri-tiens.

2083 1739 2264 1794 aequos
2284 1725 2493 1795 judiccs
2519 1732 2714 1798 qumris
2746 1751 2759 1786 :
2787 1736 2936 1803 quasi
2975 1735 3066 1789 tibi
3095 1736 3256 1790 videri
3301 1738 3436 1807 aequi
3463 1737 3670 1807 iudices

2084 1815 2321 1882 possint,
2385 1819 2487 1873 uisi
2541 1837 2673 1888 quos
2720 1834 2897 1877 vestro
2938 1840 3121 1881 errore
3177 1826 3466 1897 deceperis.
3500 1830 3667 1896 Quem

2083 1921 2210 1960 vero
2231 1907 2464 1976 judicem
2511 1914 2712 1981 poteris
2753 1917 3034 1969 Ambrosio
3068 1920 3306 1988 reperire
3352 1920 3670 1974 meliorem?

2085 1996 2161 2051 De
2187 2013 2289 2068 quo
2336 2004 2587 2071 magister
2614 2012 2734 2059 tuus
2778 2006 3020 2077 Pelagius
3059 2009 3169 2074 ait,
3200 2010 3339 2078 quod
3368 2010 3481 2079 ejus
3513 2011 3668 2066 fidem

2083 2095 2139 2142 et
2168 2090 2507 2156 purissimum
2538 2095 2588 2147 iu
2619 2095 2903 2166 Scripturis
2931 2113 3144 2153 sensum
3187 2116 3254 2154 ne
3283 2101 3524 2156 inimicus
3553 2106 3670 2171 qui-

2085 2176 2208 2233 dem
2259 2195 2420 2237 ausus
2465 2193 2547 2238 est
2615 2187 3011 2255 reprehendere
3062 2189 3175 2260 (a)?
3226 2190 3488 2261 Numquid
3546 2208 3673 2262 ergo

2086 2269 2188 2324 iste
2230 2284 2389 2326 sensu
2435 2273 2486 2327 in
2533 2277 2817 2345 Scripturis
2864 2280 3146 2348 purissimo
3198 2281 3539 2350 impurissimi
3568 2283 3674 2336 Ma-

2085 2359 2274 2412 nichzri
2321 2361 2510 2431 dogma
2539 2367 2822 2432 retineret,
2853 2367 3066 2431 dicens,
3109 2387 3128 2419 ‹
3162 2368 3360 2424 Omnes
3409 2371 3508 2425 sub
3555 2387 3675 2440 pec-

2084 2457 2204 2502 cato
2249 2442 2538 2515 nascimur,
2572 2469 2795 2523 quorum
2824 2458 2936 2524 ipse
2955 2466 3102 2511 ortus
3142 2460 3191 2512 in
3214 2461 3340 2513 vitio
3368 2469 3452 2514 est
3481 2481 3499 2513 ι
3526 2463 3673 2530 (Am-

2083 2536 2301 2606 brosius,
2334 2539 2420 2594 lib.
2451 2543 2474 2596 1
2508 2544 2570 2596 de
2591 2543 2895 2600 Paenitentia
2917 2588 2933 2613 ,
2964 2564 3080 2617 cap.
3115 2548 3232 2618 2)?
3278 2550 3356 2612 Tu
3399 2565 3527 2622 ergo
3561 2552 3670 2620 jam

2081 2629 2257 2716 judica
2296 2648 2453 2702 quam
2497 2651 2600 2688 non
2633 2652 2768 2705 puro
2800 2651 2960 2692 sensu
3001 2637 3102 2693 hoc
3131 2639 3450 2694 catholicum
3479 2640 3670 2710 dogma

2086 2721 2446 2789 reprehendas
2464 2763 2480 2791 ,
2515 2734 2670 2795 teque
2694 2726 2964 2798 corrigere
2988 2728 3272 2784 Ambrosio
3292 2729 3564 2799 judicante
3605 2745 3673 2785 ne

2085 2810 2318 2865 differas.

2160 2903 2245 2957 lll.
2284 2903 2406 2959 Jun.
2434 2904 2759 2961 Testimonia
2801 2918 2977 2964 tamen
3015 2909 3407 2979 Scripturarum
3429 2951 3445 2978 ,
3475 2911 3673 2980 quibus

2087 3002 2272 3045 contra
2323 3010 2419 3048 nos
2465 2996 2550 3064 agi
2596 2996 2794 3066 aliquid
2839 3012 3000 3067 posse
3046 2999 3375 3065 existimant,
3422 3000 3672 3054 nonnulla

2089 3083 2473 3151 praeterieram,
2496 3101 2616 3156 qua:
2639 3102 2725 3142 me
2745 3088 3095 3157 explanatum
3119 3089 3198 3144 ire
3217 3090 3481 3159 pollicitus
3501 3105 3670 3156 eram,

2089 3181 2145 3226 ut
2186 3173 2433 3229 docerem
2485 3177 2730 3247 ambigua
2775 3193 2998 3248 qumque
3049 3179 3181 3250 legis
3223 3181 3406 3244 verba,
3440 3195 3564 3250 qua:
3607 3181 3674 3234 ab

2090 3265 2320 3321 inimicis
2347 3267 2363 3297 ί
2386 3267 2584 3322 nostris
2608 3269 2807 3323 assumi
2836 3269 3033 3334 solent,
3063 3285 3162 3329 nec
3193 3271 3398 3325 veritati
3423 3270 3672 3340 praejudi-

2089 3369 2214 3408 care
2245 3357 2561 3426 perspicuae,
2592 3367 2646 3412 et
2674 3360 2965 3415 secundum
3010 3361 3112 3416 hoc
3152 3376 3272 3416 esse
3310 3363 3670 3433 intelligenda,

2089 3446 2230 3516 quod
2267 3447 2676 3506 absolutissimis
2706 3450 2996 3521 Scriptura:
3034 3462 3234 3508 sancite
3272 3455 3674 3509 auctoritatibus

2089 3547 2144 3591 et
2189 3538 2530 3608 insuperabili
2568 3542 2774 3597 ratione
2812 3545 3075 3598 firmatur.
3101 3544 3374 3614 Siquidem
3405 3545 3509 3600 hoc
3536 3547 3670 3614 ipso,

2090 3642 2249 3696 quam
2278 3630 2348 3682 sit
2371 3629 2566 3684 divina:
2589 3631 2723 3702 legis
2747 3633 3026 3702 imperitus
3057 3635 3319 3703 interpres
3342 3644 3398 3689 et
3427 3635 3674 3703 profanus

2091 3723 2374 3788 apparet’,
2400 3723 2640 3792 quisquis
2662 3734 2810 3793 putat
2839 3726 2955 3793 ejus
2979 3727 3253 3780 sanctione
3277 3725 3509 3792 defendi,
3533 3728 3674 3796 quod

2087 3812 2290 3882 justitia
2321 3829 2427 3868 non
2456 3823 2632 3885 potest
2653 3815 2932 3871 vindicari.

2163 3906 2297 3961 Acs.
2327 3906 2437 3960 Vos
2461 3907 2602 3976 quod
2630 3908 2826 3972 dicitis,
2852 3911 3027 3979 potius
3054 3926 3158 3964 non
3188 3919 3361 3980 potest
3390 3911 3490 3965 ulla
3515 3911 3676 3980 justi-

2059 4045 2064 4050 .
2095 3997 2181 4050 tite
2222 3998 2424 4052 ratione
2461 3998 2694 4052 defendi.
2727 3999 2859 4068 Quia
2891 4002 3105 4056 miseria
3134 4003 3347 4072 generis
3377 4003 3614 4068 humani,
3644 4019 3675 4056 a

2092 4103 2195 4156 qua
2227 4089 2429 4142 nullum
2461 4088 2737 4171 hominum
2765 4091 2832 4145 ab
2861 4101 3046 4146 exortu
3078 4106 3243 4160 usque
3269 4093 3334 4145 ad
3361 4092 3561 4145 obitum
3592 4095 3672 4145 vi-

2092 4176 2282 4232 demus
2309 4178 2561 4243 alieuum,
2588 4195 2692 4234 non
2715 4181 2943 4249 pertinet
2968 4185 3034 4236 ad
3058 4182 3450 4253 Omnipotcntis
3471 4185 3674 4253 justqu

2088 4267 2368 4336 judicium,
2387 4271 2430 4325 si
2457 4286 2562 4325 non
2589 4279 2675 4326 est
2696 4273 2952 4342 originale
2975 4283 3272 4342 peccatum.

2165 4359 2251 4413 IV.
2292 4359 2412 4416 JUL.
2452 4361 2583 4416 Nam
2613 4362 2660 4417 si
2687 4364 2771 4418 lex
2794 4364 2885 4420 Dei
2913 4363 3033 4420 fons
3053 4375 3136 4420 est
3163 4381 3227 4420 ac
3252 4367 3501 4435 magistra
3524 4367 3674 4436 justi-

2097 4451 2219 4518 tiae;
2243 4455 2453 4508 auxiliis
2471 4471 2679 4524 quoque
2701 4455 2838 4524 ejus,
2864 4457 2954 4511 Dei
2981 4458 3200 4526 mquitas
3224 4457 3458 4527 adjuvari
3481 4470 3676 4527 potest,

2097 4542 2392 4612 impugnari
2424 4559 2528 4598 non
2557 4555 2754 4614 potest.-
2777 4547 2990 4602 Nullum
3021 4562 3148 4618 ergo
3173 4548 3551 4603 adminiculum
3579 4549 3679 4603 iui-

2095 4635 2281 4702 quitati
2317 4636 2386 4689 de
2425 4635 2567 4689 illius
2594 4634 2883 4706 Scriptura:
2914 4637 3114 4691 viribus
3153 4640 3453 4707 comparari
3493 4647 3679 4692 natura

2097 4743 2274 4781 rerum
2306 4727 2457 4793 sinit,
2489 4744 2609 4797 quae
2639 4732 2775 4783 hanc
2811 4745 2968 4784 unam
3003 4731 3442 4802 promulgationis
3467 4747 3680 4786 causam

2099 4817 2304 4881 habuit,
2337 4827 2393 4871 ιιι
2424 4818 2540 4888 ejus
2569 4821 2906 4889 testimoniis,
2943 4821 3215 4889 remediis,
3249 4821 3426 4887 minis,
3460 4821 3678 4876 ultioni-

2098 4909 2198 4963 hus
2229 4909 2478 4978 iniquitas
2506 4909 2796 4964 deleretur.

2171 5002 2308 5056 Ave.
2343 5001 2471 5069 Ejus
2503 5002 2820 5056 testimoniis
2845 5002 3166 5069 declaratur,
3193 5001 3333 5073 quod
3347 5001 3514 5056 Homo
3542 5005 3684 5056 varii-

2099 5093 2188 5144 tali
2214 5092 2392 5146 similis
2428 5092 2592 5161 [actus
2619 5101 2712 5159 est,
2745 5093 2850 5146 dies
2877 5095 2988 5164 ejus
3016 5095 3146 5147 velut
3173 5093 3352 5163 umbra
3381 5104 3685 5164 prwtcremtt

2105 5183 2274 5254 (Psal.
2296 5199 2475 5247 cxuu,
2500 5183 2578 5253 4).
2601 5184 2732 5238 Cum
2758 5201 2857 5255 qua
2880 5201 3000 5240 eum
3024 5187 3254 5241 vanitate
3276 5185 3443 5251 nasci,
3469 5203 3572 5239 non
3597 5203 3684 5240 so-

2102 5276 2208 5329 lum
2251 5275 2478 5330 veridica
2517 5275 2788 5344 Scriptura
2833 5291 2934 5345 qua
2979 5277 3265 5346 plangitur,
3301 5292 3486 5331 vermu
3526 5277 3683 5330 etiam

2103 5367 2366 5422 laboriosa
2392 5376 2446 5422 et
2469 5383 2766 5422 rerumnosa
2792 5383 2917 5422 cura
2944 5384 3044 5439 qua
3069 5369 3328 5433 eruditur,
3352 5369 3603 5423 ostendit.
3630 5368 3684 5423 lu

2103 5458 2220 5526 ejus
2245 5457 2494 5512 remediis
2524 5457 2736 5526 legitur,
2763 5458 2922 5512 etiam
2960 5474 3079 5513 cum
3115 5460 3366 5528 parvulus
3391 5469 3545 5513 Italtts
3571 5461 3685 5514 lue-

2106 5551 2190 5611 rit,
2221 5550 2550 5604 offerendum
2591 5564 2713 5604 esse
2749 5551 3067 5606 sacrificium
3111 5568 3208 5621 pro
3240 5561 3453 5621 peccato
3482 5551 3502 5622 (
3527 5550 3684 5606 Lcrit.

2171 5696 2181 5724 ’
2221 5700 2319 5740 tiuo
2345 5701 2446 5740 Mss.
2473 5699 2599 5741 t‘ort.
2622 5701 2673 5742 et
2695 5700 2828 5753 titan,
2848 5694 3033 5746 amicis.

2169 5757 2186 5784 ²
2223 5769 2292 5802 sic
2331 5763 2430 5800 \‘ss.
2459 5755 2571 5802 aliti
2594 5790 2606 5807 .
2632 5764 2880 5816 appareat.

2173 5819 2244 5868 ευ)
2270 5824 2294 5862 \'
2305 5817 2380 5866 ide
2405 5830 2568 5876 supra,
2597 5817 2769 5866 librum
2791 5822 2852 5867 de
2877 5825 3026 5868 tralia
3049 5817 3235 5873 Christi.
3257 5831 3302 5866 ιι.
3333 5817 3405 5868 47.
