  <div class='ocr_page' id='page_1' title='image "/cluster/home/n/w/nwhite01/storage/ocr_20150623/45/hvd.32044096580667/040.png"; bbox 0 0 4010 6186; ppageno 0'>
   <div class='ocr_carea' id='block_1_1' title="bbox 303 349 443 402">
    <p class='ocr_par' dir='ltr' id='par_1_1' title="bbox 303 349 443 402">
     <span class='ocr_line' id='line_1_1' title="bbox 303 349 443 402; baseline -0.007 0"><span class='ocrx_word' id='word_1_1' title='bbox 303 349 326 402; x_wconf 72' lang='grc'><strong>1</strong></span> <span class='ocrx_word' id='word_1_2' title='bbox 337 349 443 402; x_wconf 74' lang='grc'><strong>053</strong></span> 
     </span>
    </p>
   </div>
   <div class='ocr_carea' id='block_1_2' title="bbox 302 463 1880 538">
    <p class='ocr_par' dir='ltr' id='par_1_2' title="bbox 302 463 1880 538">
     <span class='ocr_line' id='line_1_2' title="bbox 302 463 1880 538; baseline 0.001 -22"><span class='ocrx_word' id='word_1_3' title='bbox 302 477 401 529; x_wconf 99' lang='lat' dir='ltr'><strong>xu,</strong></span> <span class='ocrx_word' id='word_1_4' title='bbox 430 464 509 530; x_wconf 88' lang='lat'><strong>8).</strong></span> <span class='ocrx_word' id='word_1_5' title='bbox 544 463 598 518; x_wconf 89' lang='lat' dir='ltr'><strong>ln</strong></span> <span class='ocrx_word' id='word_1_6' title='bbox 627 465 744 534; x_wconf 89' lang='lat' dir='ltr'><strong>ejus</strong></span> <span class='ocrx_word' id='word_1_7' title='bbox 775 465 931 521; x_wconf 85' lang='lat' dir='ltr'><strong>minis</strong></span> <span class='ocrx_word' id='word_1_8' title='bbox 959 465 1172 538; x_wconf 87' lang='lat' dir='ltr'><strong>legitur,</strong></span> <span class='ocrx_word' id='word_1_9' title='bbox 1205 467 1534 522; x_wconf 90' lang='lat' dir='ltr'><strong>interituram</strong></span> <span class='ocrx_word' id='word_1_10' title='bbox 1573 465 1734 520; x_wconf 88' lang='lat' dir='ltr'><strong>fuisse</strong></span> <span class='ocrx_word' id='word_1_11' title='bbox 1762 465 1880 518; x_wconf 85' lang='lat' dir='ltr'><strong>ani-</strong></span> 
     </span>
    </p>
   </div>
   <div class='ocr_carea' id='block_1_3' title="bbox 299 554 1878 629">
    <p class='ocr_par' dir='ltr' id='par_1_3' title="bbox 299 554 1878 629">
     <span class='ocr_line' id='line_1_3' title="bbox 299 554 1878 629; baseline 0.003 -24"><span class='ocrx_word' id='word_1_12' title='bbox 299 570 440 607; x_wconf 79' lang='lat' dir='ltr'><strong>mam</strong></span> <span class='ocrx_word' id='word_1_13' title='bbox 466 555 696 624; x_wconf 79' lang='lat' dir='ltr'><strong>parvuli,</strong></span> <span class='ocrx_word' id='word_1_14' title='bbox 719 557 763 611; x_wconf 90' lang='lat' dir='ltr'><strong>si</strong></span> <span class='ocrx_word' id='word_1_15' title='bbox 785 557 869 611; x_wconf 92' lang='lat' dir='ltr'><strong>die</strong></span> <span class='ocrx_word' id='word_1_16' title='bbox 896 574 998 611; x_wconf 91' lang='lat' dir='ltr'><strong>non</strong></span> <span class='ocrx_word' id='word_1_17' title='bbox 1027 559 1494 613; x_wconf 89' lang='lat' dir='ltr'><strong>circumcideretur</strong></span> <span class='ocrx_word' id='word_1_18' title='bbox 1514 567 1701 612; x_wconf 89' lang='lat' dir='ltr'><strong>octavo</strong></span> <span class='ocrx_word' id='word_1_19' title='bbox 1725 554 1878 629; x_wconf 85' lang='lat' dir='ltr'><strong>(Gen.</strong></span> 
     </span>
    </p>
   </div>
   <div class='ocr_carea' id='block_1_4' title="bbox 298 645 1880 719">
    <p class='ocr_par' dir='ltr' id='par_1_4' title="bbox 298 645 1880 719">
     <span class='ocr_line' id='line_1_4' title="bbox 298 645 1880 719; baseline 0.003 -23"><span class='ocrx_word' id='word_1_20' title='bbox 298 660 429 709; x_wconf 57' lang='grc' dir='ltr'><strong>χιιι,</strong></span> <span class='ocrx_word' id='word_1_21' title='bbox 464 646 574 713; x_wconf 73' lang='grc'><strong>14).</strong></span> <span class='ocrx_word' id='word_1_22' title='bbox 608 646 662 699; x_wconf 92' lang='lat' dir='ltr'><strong>ln</strong></span> <span class='ocrx_word' id='word_1_23' title='bbox 691 647 808 716; x_wconf 87' lang='lat' dir='ltr'><strong>ejus</strong></span> <span class='ocrx_word' id='word_1_24' title='bbox 850 647 1137 703; x_wconf 90' lang='lat' dir='ltr'><strong>ultionibus</strong></span> <span class='ocrx_word' id='word_1_25' title='bbox 1182 649 1390 719; x_wconf 89' lang='lat' dir='ltr'><strong>legitur,</strong></span> <span class='ocrx_word' id='word_1_26' title='bbox 1427 647 1606 718; x_wconf 89' lang='lat' dir='ltr'><strong>jussos</strong></span> <span class='ocrx_word' id='word_1_27' title='bbox 1648 645 1880 701; x_wconf 89' lang='lat' dir='ltr'><strong>interimi</strong></span> 
     </span>
    </p>
   </div>
   <div class='ocr_carea' id='block_1_5' title="bbox 293 735 1879 808">
    <p class='ocr_par' dir='ltr' id='par_1_5' title="bbox 293 735 1879 808">
     <span class='ocr_line' id='line_1_5' title="bbox 293 735 1879 808; baseline 0.001 -20"><span class='ocrx_word' id='word_1_28' title='bbox 293 735 456 788; x_wconf 86' lang='lat' dir='ltr'><strong>etiam</strong></span> <span class='ocrx_word' id='word_1_29' title='bbox 485 737 751 806; x_wconf 86' lang='lat' dir='ltr'><strong>parvulos,</strong></span> <span class='ocrx_word' id='word_1_30' title='bbox 775 754 1000 808; x_wconf 87' lang='lat' dir='ltr'><strong>quorum</strong></span> <span class='ocrx_word' id='word_1_31' title='bbox 1029 749 1273 808; x_wconf 89' lang='lat' dir='ltr'><strong>parentes</strong></span> <span class='ocrx_word' id='word_1_32' title='bbox 1301 738 1368 793; x_wconf 89' lang='lat' dir='ltr'><strong>ad</strong></span> <span class='ocrx_word' id='word_1_33' title='bbox 1400 736 1726 792; x_wconf 81' lang='lat' dir='ltr'><strong>iracundiam</strong></span> <span class='ocrx_word' id='word_1_34' title='bbox 1753 751 1879 806; x_wconf 86' lang='lat' dir='ltr'><strong>pro-</strong></span> 
     </span>
    </p>
   </div>
   <div class='ocr_carea' id='block_1_6' title="bbox 292 827 1882 894">
    <p class='ocr_par' dir='ltr' id='par_1_6' title="bbox 292 827 1882 894">
     <span class='ocr_line' id='line_1_6' title="bbox 292 827 1882 894; baseline 0.004 -18"><span class='ocrx_word' id='word_1_35' title='bbox 292 839 621 880; x_wconf 86' lang='lat' dir='ltr'><strong>vocaverunt</strong></span> <span class='ocrx_word' id='word_1_36' title='bbox 650 828 838 894; x_wconf 89' lang='lat' dir='ltr'><strong>Deum,</strong></span> <span class='ocrx_word' id='word_1_37' title='bbox 867 838 922 882; x_wconf 91' lang='lat' dir='ltr'><strong>ut</strong></span> <span class='ocrx_word' id='word_1_38' title='bbox 953 831 1313 886; x_wconf 76' lang='lat' dir='ltr'><strong>internecione</strong></span> <span class='ocrx_word' id='word_1_39' title='bbox 1353 829 1540 885; x_wconf 88' lang='lat' dir='ltr'><strong>bellica</strong></span> <span class='ocrx_word' id='word_1_40' title='bbox 1575 827 1882 884; x_wconf 86' lang='lat' dir='ltr'><strong>delerentur</strong></span> 
     </span>
    </p>
   </div>
   <div class='ocr_carea' id='block_1_7' title="bbox 296 914 997 990">
    <p class='ocr_par' dir='ltr' id='par_1_7' title="bbox 296 914 997 990">
     <span class='ocr_line' id='line_1_7' title="bbox 296 914 997 990; baseline 0.007 -23"><span class='ocrx_word' id='word_1_41' title='bbox 296 914 483 984; x_wconf 87' lang='lat' dir='ltr'><strong>(.Iosne</strong></span> <span class='ocrx_word' id='word_1_42' title='bbox 509 933 582 981; x_wconf 81' lang='lat' dir='ltr'><strong>vr,</strong></span> <span class='ocrx_word' id='word_1_43' title='bbox 604 917 693 981; x_wconf 72' lang='lat'><strong>21,</strong></span> <span class='ocrx_word' id='word_1_44' title='bbox 717 927 762 971; x_wconf 90' lang='lat' dir='ltr'><strong>et</strong></span> <span class='ocrx_word' id='word_1_45' title='bbox 793 935 850 983; x_wconf 88' lang='lat' dir='ltr'><strong>x,</strong></span> <span class='ocrx_word' id='word_1_46' title='bbox 883 918 997 990; x_wconf 69' lang='lat'><strong>32).</strong></span> 
     </span>
    </p>
   </div>
   <div class='ocr_carea' id='block_1_8' title="bbox 374 1004 1877 1082">
    <p class='ocr_par' dir='ltr' id='par_1_8' title="bbox 374 1004 1877 1082">
     <span class='ocr_line' id='line_1_8' title="bbox 374 1004 1877 1082; baseline 0.003 -25"><span class='ocrx_word' id='word_1_47' title='bbox 374 1004 434 1058; x_wconf 84' lang='lat' dir='ltr'><strong>V.</strong></span> <span class='ocrx_word' id='word_1_48' title='bbox 475 1006 594 1062; x_wconf 64' lang='lat' dir='ltr'><strong>Jun.</strong></span> <span class='ocrx_word' id='word_1_49' title='bbox 636 1007 776 1062; x_wconf 86' lang='lat' dir='ltr'><strong>Nihil</strong></span> <span class='ocrx_word' id='word_1_50' title='bbox 804 1025 931 1081; x_wconf 84' lang='lat' dir='ltr'><strong>ergo</strong></span> <span class='ocrx_word' id='word_1_51' title='bbox 958 1026 1050 1079; x_wconf 92' lang='lat' dir='ltr'><strong>per</strong></span> <span class='ocrx_word' id='word_1_52' title='bbox 1078 1011 1244 1082; x_wconf 83' lang='lat' dir='ltr'><strong>legem</strong></span> <span class='ocrx_word' id='word_1_53' title='bbox 1269 1010 1362 1066; x_wconf 89' lang='lat' dir='ltr'><strong>Dei</strong></span> <span class='ocrx_word' id='word_1_54' title='bbox 1390 1009 1471 1080; x_wconf 86' lang='lat' dir='ltr'><strong>agi</strong></span> <span class='ocrx_word' id='word_1_55' title='bbox 1501 1017 1674 1079; x_wconf 86' lang='lat' dir='ltr'><strong>potest</strong></span> <span class='ocrx_word' id='word_1_56' title='bbox 1693 1017 1877 1064; x_wconf 88' lang='lat' dir='ltr'><strong>contra</strong></span> 
     </span>
    </p>
   </div>
   <div class='ocr_carea' id='block_1_9' title="bbox 297 1094 1880 1170">
    <p class='ocr_par' dir='ltr' id='par_1_9' title="bbox 297 1094 1880 1170">
     <span class='ocr_line' id='line_1_9' title="bbox 297 1094 1880 1170; baseline 0.004 -23"><span class='ocrx_word' id='word_1_57' title='bbox 297 1094 466 1149; x_wconf 79' lang='lat' dir='ltr'><strong>Deum</strong></span> <span class='ocrx_word' id='word_1_58' title='bbox 498 1098 628 1167; x_wconf 82' lang='lat' dir='ltr'><strong>legis</strong></span> <span class='ocrx_word' id='word_1_59' title='bbox 656 1111 945 1155; x_wconf 87' lang='lat' dir='ltr'><strong>auctorem.</strong></span> <span class='ocrx_word' id='word_1_60' title='bbox 969 1101 1084 1168; x_wconf 91' lang='lat' dir='ltr'><strong>Quo</strong></span> <span class='ocrx_word' id='word_1_61' title='bbox 1113 1116 1219 1156; x_wconf 90' lang='lat' dir='ltr'><strong>uno</strong></span> <span class='ocrx_word' id='word_1_62' title='bbox 1238 1101 1554 1170; x_wconf 91' lang='lat' dir='ltr'><strong>compendio</strong></span> <span class='ocrx_word' id='word_1_63' title='bbox 1576 1100 1880 1156; x_wconf 83' lang='lat' dir='ltr'><strong>excluditur</strong></span> 
     </span>
    </p>
   </div>
   <div class='ocr_carea' id='block_1_10' title="bbox 293 1185 1878 1259">
    <p class='ocr_par' dir='ltr' id='par_1_10' title="bbox 293 1185 1878 1259">
     <span class='ocr_line' id='line_1_10' title="bbox 293 1185 1878 1259; baseline 0.006 -23"><span class='ocrx_word' id='word_1_64' title='bbox 293 1185 508 1252; x_wconf 86' lang='lat' dir='ltr'><strong>quidem</strong></span> <span class='ocrx_word' id='word_1_65' title='bbox 540 1188 792 1257; x_wconf 85' lang='lat' dir='ltr'><strong>quidquid</strong></span> <span class='ocrx_word' id='word_1_66' title='bbox 823 1190 889 1244; x_wconf 84' lang='lat' dir='ltr'><strong>ab</strong></span> <span class='ocrx_word' id='word_1_67' title='bbox 922 1191 1221 1245; x_wconf 78' lang='lat' dir='ltr'><strong>errantibus</strong></span> <span class='ocrx_word' id='word_1_68' title='bbox 1248 1191 1525 1246; x_wconf 72' lang='lat' dir='ltr'><strong>consuevit</strong></span> <span class='ocrx_word' id='word_1_69' title='bbox 1551 1191 1710 1259; x_wconf 82' lang='lat' dir='ltr'><strong>objici</strong></span> <span class='ocrx_word' id='word_1_70' title='bbox 1740 1207 1753 1242; x_wconf 91' lang='lat'><strong>:</strong></span> <span class='ocrx_word' id='word_1_71' title='bbox 1783 1190 1878 1245; x_wconf 86' lang='lat' dir='ltr'><strong>sed</strong></span> 
     </span>
    </p>
   </div>
   <div class='ocr_carea' id='block_1_11' title="bbox 293 1277 1880 1351">
    <p class='ocr_par' dir='ltr' id='par_1_11' title="bbox 293 1277 1880 1351">
     <span class='ocr_line' id='line_1_11' title="bbox 293 1277 1880 1351; baseline 0.004 -23"><span class='ocrx_word' id='word_1_72' title='bbox 293 1291 394 1330; x_wconf 89' lang='lat' dir='ltr'><strong>nos</strong></span> <span class='ocrx_word' id='word_1_73' title='bbox 419 1277 484 1330; x_wconf 92' lang='lat' dir='ltr'><strong>ad</strong></span> <span class='ocrx_word' id='word_1_74' title='bbox 513 1278 809 1333; x_wconf 89' lang='lat' dir='ltr'><strong>docendum</strong></span> <span class='ocrx_word' id='word_1_75' title='bbox 840 1297 994 1350; x_wconf 88' lang='lat' dir='ltr'><strong>quam</strong></span> <span class='ocrx_word' id='word_1_76' title='bbox 1026 1283 1095 1335; x_wconf 91' lang='lat' dir='ltr'><strong>sit</strong></span> <span class='ocrx_word' id='word_1_77' title='bbox 1116 1283 1308 1337; x_wconf 91' lang='lat' dir='ltr'><strong>veritas</strong></span> <span class='ocrx_word' id='word_1_78' title='bbox 1336 1283 1568 1351; x_wconf 83' lang='lat' dir='ltr'><strong>locuples</strong></span> <span class='ocrx_word' id='word_1_79' title='bbox 1597 1282 1682 1336; x_wconf 89' lang='lat' dir='ltr'><strong>cui</strong></span> <span class='ocrx_word' id='word_1_80' title='bbox 1706 1282 1880 1336; x_wconf 87' lang='lat' dir='ltr'><strong>credi-</strong></span> 
     </span>
    </p>
   </div>
   <div class='ocr_carea' id='block_1_12' title="bbox 290 1367 1873 1443">
    <p class='ocr_par' dir='ltr' id='par_1_12' title="bbox 290 1367 1873 1443">
     <span class='ocr_line' id='line_1_12' title="bbox 290 1367 1873 1443; baseline 0.006 -25"><span class='ocrx_word' id='word_1_81' title='bbox 290 1383 435 1432; x_wconf 89' lang='lat' dir='ltr'><strong>mus,</strong></span> <span class='ocrx_word' id='word_1_82' title='bbox 460 1367 564 1422; x_wconf 91' lang='lat' dir='ltr'><strong>illis</strong></span> <span class='ocrx_word' id='word_1_83' title='bbox 584 1385 793 1438; x_wconf 89' lang='lat' dir='ltr'><strong>quoque</strong></span> <span class='ocrx_word' id='word_1_84' title='bbox 814 1371 1203 1441; x_wconf 90' lang='lat' dir='ltr'><strong>Scripturarum</strong></span> <span class='ocrx_word' id='word_1_85' title='bbox 1232 1373 1381 1440; x_wconf 90' lang='lat' dir='ltr'><strong>locis,</strong></span> <span class='ocrx_word' id='word_1_86' title='bbox 1406 1388 1523 1443; x_wconf 82' lang='lat' dir='ltr'><strong>quae</strong></span> <span class='ocrx_word' id='word_1_87' title='bbox 1547 1374 1873 1428; x_wconf 89' lang='lat' dir='ltr'><strong>intellectum</strong></span> 
     </span>
    </p>
   </div>
   <div class='ocr_carea' id='block_1_13' title="bbox 290 1458 1875 1532">
    <p class='ocr_par' dir='ltr' id='par_1_13' title="bbox 290 1458 1875 1532">
     <span class='ocr_line' id='line_1_13' title="bbox 290 1458 1875 1532; baseline 0.004 -23"><span class='ocrx_word' id='word_1_88' title='bbox 290 1458 573 1512; x_wconf 82' lang='lat' dir='ltr'><strong>sententiae</strong></span> <span class='ocrx_word' id='word_1_89' title='bbox 610 1460 967 1516; x_wconf 81' lang='lat' dir='ltr'><strong>elocutionum</strong></span> <span class='ocrx_word' id='word_1_90' title='bbox 997 1464 1344 1532; x_wconf 83' lang='lat' dir='ltr'><strong>perplexitate</strong></span> <span class='ocrx_word' id='word_1_91' title='bbox 1371 1464 1634 1530; x_wconf 70' lang='lat' dir='ltr'><strong>Velaruut,</strong></span> <span class='ocrx_word' id='word_1_92' title='bbox 1659 1463 1875 1532; x_wconf 82' lang='lat' dir='ltr'><strong>exposi-</strong></span> 
     </span>
    </p>
   </div>
   <div class='ocr_carea' id='block_1_14' title="bbox 291 1548 1875 1624">
    <p class='ocr_par' dir='ltr' id='par_1_14' title="bbox 291 1548 1875 1624">
     <span class='ocr_line' id='line_1_14' title="bbox 291 1548 1875 1624; baseline 0.006 -25"><span class='ocrx_word' id='word_1_93' title='bbox 291 1548 455 1602; x_wconf 79' lang='lat' dir='ltr'><strong>tionis</strong></span> <span class='ocrx_word' id='word_1_94' title='bbox 497 1549 668 1605; x_wconf 91' lang='lat' dir='ltr'><strong>lucem</strong></span> <span class='ocrx_word' id='word_1_95' title='bbox 709 1552 945 1607; x_wconf 87' lang='lat' dir='ltr'><strong>solemus</strong></span> <span class='ocrx_word' id='word_1_96' title='bbox 973 1553 1197 1616; x_wconf 85' lang='lat' dir='ltr'><strong>al&#39;ferre;</strong></span> <span class='ocrx_word' id='word_1_97' title='bbox 1232 1563 1288 1607; x_wconf 92' lang='lat' dir='ltr'><strong>ut</strong></span> <span class='ocrx_word' id='word_1_98' title='bbox 1315 1554 1534 1624; x_wconf 83' lang='lat' dir='ltr'><strong>originis</strong></span> <span class='ocrx_word' id='word_1_99' title='bbox 1561 1571 1670 1610; x_wconf 67' lang='lat' dir='ltr'><strong>sua:</strong></span> <span class='ocrx_word' id='word_1_100' title='bbox 1699 1554 1875 1624; x_wconf 85' lang='lat' dir='ltr'><strong>digni-</strong></span> 
     </span>
    </p>
   </div>
   <div class='ocr_carea' id='block_1_15' title="bbox 289 1645 1874 1713">
    <p class='ocr_par' dir='ltr' id='par_1_15' title="bbox 289 1645 1874 1713">
     <span class='ocr_line' id='line_1_15' title="bbox 289 1645 1874 1713; baseline 0.006 -22"><span class='ocrx_word' id='word_1_101' title='bbox 289 1649 453 1693; x_wconf 77' lang='lat' dir='ltr'><strong>tatem</strong></span> <span class='ocrx_word' id='word_1_102' title='bbox 499 1655 731 1698; x_wconf 80' lang='lat' dir='ltr'><strong>reserata</strong></span> <span class='ocrx_word' id='word_1_103' title='bbox 769 1645 1092 1713; x_wconf 81' lang='lat' dir='ltr'><strong>possideant,</strong></span> <span class='ocrx_word' id='word_1_104' title='bbox 1133 1661 1230 1700; x_wconf 91' lang='lat' dir='ltr'><strong>nec</strong></span> <span class='ocrx_word' id='word_1_105' title='bbox 1263 1646 1331 1700; x_wconf 90' lang='lat' dir='ltr'><strong>ab</strong></span> <span class='ocrx_word' id='word_1_106' title='bbox 1364 1654 1647 1701; x_wconf 83' lang='lat' dir='ltr'><strong>stemmate</strong></span> <span class='ocrx_word' id='word_1_107' title='bbox 1679 1661 1834 1702; x_wconf 89' lang='lat' dir='ltr'><strong>sacro</strong></span> <span class='ocrx_word' id='word_1_108' title='bbox 1855 1648 1874 1678; x_wconf 71' lang='grc' dir='ltr'>ί</span> 
     </span>
    </p>
   </div>
   <div class='ocr_carea' id='block_1_16' title="bbox 287 1731 1506 1806">
    <p class='ocr_par' dir='ltr' id='par_1_16' title="bbox 287 1731 1506 1806">
     <span class='ocr_line' id='line_1_16' title="bbox 287 1731 1506 1806; baseline 0.008 -25"><span class='ocrx_word' id='word_1_109' title='bbox 287 1731 440 1784; x_wconf 78' lang='lat' dir='ltr'><strong>velut</strong></span> <span class='ocrx_word' id='word_1_110' title='bbox 465 1733 624 1787; x_wconf 89' lang='lat' dir='ltr'><strong>notha</strong></span> <span class='ocrx_word' id='word_1_111' title='bbox 650 1743 741 1788; x_wconf 89' lang='lat' dir='ltr'><strong>aut</strong></span> <span class='ocrx_word' id='word_1_112' title='bbox 769 1734 1142 1806; x_wconf 86' lang='lat' dir='ltr'><strong>degenerantia</strong></span> <span class='ocrx_word' id='word_1_113' title='bbox 1169 1745 1506 1806; x_wconf 85' lang='lat' dir='ltr'><strong>separentur.</strong></span> 
     </span>
    </p>
   </div>
   <div class='ocr_carea' id='block_1_17' title="bbox 359 1824 1871 1897">
    <p class='ocr_par' dir='ltr' id='par_1_17' title="bbox 359 1824 1871 1897">
     <span class='ocr_line' id='line_1_17' title="bbox 359 1824 1871 1897; baseline 0.006 -22"><span class='ocrx_word' id='word_1_114' title='bbox 359 1826 497 1878; x_wconf 80' lang='lat' dir='ltr'><strong>Are.</strong></span> <span class='ocrx_word' id='word_1_115' title='bbox 540 1824 652 1880; x_wconf 91' lang='lat' dir='ltr'><strong>lmo</strong></span> <span class='ocrx_word' id='word_1_116' title='bbox 695 1841 822 1880; x_wconf 87' lang='lat' dir='ltr'><strong>vero</strong></span> <span class='ocrx_word' id='word_1_117' title='bbox 869 1827 1262 1897; x_wconf 89' lang='lat' dir='ltr'><strong>Scripturarum</strong></span> <span class='ocrx_word' id='word_1_118' title='bbox 1315 1838 1617 1882; x_wconf 83' lang='lat' dir='ltr'><strong>sanctarum</strong></span> <span class='ocrx_word' id='word_1_119' title='bbox 1675 1829 1871 1884; x_wconf 91' lang='lat' dir='ltr'><strong>lumina</strong></span> 
     </span>
    </p>
   </div>
   <div class='ocr_carea' id='block_1_18' title="bbox 281 1918 1870 1992">
    <p class='ocr_par' dir='ltr' id='par_1_18' title="bbox 281 1918 1870 1992">
     <span class='ocr_line' id='line_1_18' title="bbox 281 1918 1870 1992; baseline 0.006 -26"><span class='ocrx_word' id='word_1_120' title='bbox 281 1929 430 1970; x_wconf 68' lang='lat' dir='ltr'><strong>certa</strong></span> <span class='ocrx_word' id='word_1_121' title='bbox 470 1918 690 1972; x_wconf 79' lang='lat' dir='ltr'><strong>veritate</strong></span> <span class='ocrx_word' id='word_1_122' title='bbox 732 1919 979 1988; x_wconf 81' lang='lat' dir='ltr'><strong>fulgentia</strong></span> <span class='ocrx_word' id='word_1_123' title='bbox 1017 1937 1108 1974; x_wconf 89' lang='lat' dir='ltr'><strong>vos</strong></span> <span class='ocrx_word' id='word_1_124' title='bbox 1147 1935 1428 1992; x_wconf 77' lang='lat' dir='ltr'><strong>pravarum</strong></span> <span class='ocrx_word' id='word_1_125' title='bbox 1458 1922 1870 1992; x_wconf 77' lang='lat' dir='ltr'><strong>dispnuuiOnum</strong></span> 
     </span>
    </p>
   </div>
   <div class='ocr_carea' id='block_1_19' title="bbox 283 2008 1870 2079">
    <p class='ocr_par' dir='ltr' id='par_1_19' title="bbox 283 2008 1870 2079">
     <span class='ocr_line' id='line_1_19' title="bbox 283 2008 1870 2079; baseline 0.006 -23"><span class='ocrx_word' id='word_1_126' title='bbox 283 2008 637 2075; x_wconf 77' lang='lat' dir='ltr'><strong>perplexitate</strong></span> <span class='ocrx_word' id='word_1_127' title='bbox 662 2010 949 2064; x_wconf 82' lang='lat' dir='ltr'><strong>obscurare</strong></span> <span class='ocrx_word' id='word_1_128' title='bbox 978 2013 1263 2065; x_wconf 86' lang='lat' dir='ltr'><strong>conamini.</strong></span> <span class='ocrx_word' id='word_1_129' title='bbox 1288 2011 1424 2078; x_wconf 86' lang='lat' dir='ltr'><strong>Quid</strong></span> <span class='ocrx_word' id='word_1_130' title='bbox 1456 2013 1596 2067; x_wconf 90' lang='lat' dir='ltr'><strong>enim</strong></span> <span class='ocrx_word' id='word_1_131' title='bbox 1628 2012 1870 2079; x_wconf 89' lang='lat' dir='ltr'><strong>lucidius,</strong></span> 
     </span>
    </p>
   </div>
   <div class='ocr_carea' id='block_1_20' title="bbox 279 2097 1874 2172">
    <p class='ocr_par' dir='ltr' id='par_1_20' title="bbox 279 2097 1874 2172">
     <span class='ocr_line' id='line_1_20' title="bbox 279 2097 1874 2172; baseline 0.003 -22"><span class='ocrx_word' id='word_1_132' title='bbox 279 2113 441 2167; x_wconf 85' lang='lat' dir='ltr'><strong>quam</strong></span> <span class='ocrx_word' id='word_1_133' title='bbox 473 2097 525 2153; x_wconf 97' lang='lat' dir='ltr'><strong>id</strong></span> <span class='ocrx_word' id='word_1_134' title='bbox 557 2100 698 2168; x_wconf 91' lang='lat' dir='ltr'><strong>quod</strong></span> <span class='ocrx_word' id='word_1_135' title='bbox 730 2101 890 2154; x_wconf 88' lang='lat' dir='ltr'><strong>modo</strong></span> <span class='ocrx_word' id='word_1_136' title='bbox 917 2102 1045 2165; x_wconf 77' lang='lat' dir='ltr'><strong>dixi,</strong></span> <span class='ocrx_word' id='word_1_137' title='bbox 1074 2102 1240 2155; x_wconf 81' lang='lat' dir='ltr'><strong>Homo</strong></span> <span class='ocrx_word' id='word_1_138' title='bbox 1267 2104 1476 2156; x_wconf 82' lang='lat' dir='ltr'><strong>vanitati</strong></span> <span class='ocrx_word' id='word_1_139' title='bbox 1503 2104 1682 2156; x_wconf 80' lang='lat' dir='ltr'><strong>similis</strong></span> <span class='ocrx_word' id='word_1_140' title='bbox 1711 2103 1874 2172; x_wconf 78' lang='lat' dir='ltr'><strong>factus</strong></span> 
     </span>
    </p>
   </div>
   <div class='ocr_carea' id='block_1_21' title="bbox 279 2189 1873 2263">
    <p class='ocr_par' dir='ltr' id='par_1_21' title="bbox 279 2189 1873 2263">
     <span class='ocr_line' id='line_1_21' title="bbox 279 2189 1873 2263; baseline 0.005 -24"><span class='ocrx_word' id='word_1_141' title='bbox 279 2197 370 2251; x_wconf 82' lang='lat' dir='ltr'><strong>est,</strong></span> <span class='ocrx_word' id='word_1_142' title='bbox 399 2189 512 2242; x_wconf 81' lang='lat' dir='ltr'><strong>dies</strong></span> <span class='ocrx_word' id='word_1_143' title='bbox 541 2191 650 2260; x_wconf 85' lang='lat' dir='ltr'><strong>ejus</strong></span> <span class='ocrx_word' id='word_1_144' title='bbox 672 2191 803 2243; x_wconf 80' lang='lat' dir='ltr'><strong>velut</strong></span> <span class='ocrx_word' id='word_1_145' title='bbox 832 2193 1010 2244; x_wconf 83' lang='lat' dir='ltr'><strong>umbra</strong></span> <span class='ocrx_word' id='word_1_146' title='bbox 1033 2194 1374 2261; x_wconf 70' lang='lat' dir='ltr'><strong>praztereunt?</strong></span> <span class='ocrx_word' id='word_1_147' title='bbox 1397 2194 1538 2263; x_wconf 83' lang='lat' dir='ltr'><strong>quod</strong></span> <span class='ocrx_word' id='word_1_148' title='bbox 1566 2195 1746 2262; x_wconf 78' lang='lat' dir='ltr'><strong>utique</strong></span> <span class='ocrx_word' id='word_1_149' title='bbox 1769 2209 1873 2247; x_wconf 87' lang='lat' dir='ltr'><strong>non</strong></span> 
     </span>
    </p>
   </div>
   <div class='ocr_carea' id='block_1_22' title="bbox 284 2283 1874 2355">
    <p class='ocr_par' dir='ltr' id='par_1_22' title="bbox 284 2283 1874 2355">
     <span class='ocr_line' id='line_1_22' title="bbox 284 2283 1874 2355; baseline 0.004 -22"><span class='ocrx_word' id='word_1_150' title='bbox 284 2285 458 2346; x_wconf 82' lang='lat' dir='ltr'><strong>ﬁeret,</strong></span> <span class='ocrx_word' id='word_1_151' title='bbox 499 2283 544 2334; x_wconf 89' lang='lat' dir='ltr'><strong>si</strong></span> <span class='ocrx_word' id='word_1_152' title='bbox 589 2283 654 2336; x_wconf 89' lang='lat' dir='ltr'><strong>ad</strong></span> <span class='ocrx_word' id='word_1_153' title='bbox 701 2284 790 2336; x_wconf 89' lang='lat' dir='ltr'><strong>Dei</strong></span> <span class='ocrx_word' id='word_1_154' title='bbox 839 2285 1239 2340; x_wconf 82' lang='lat' dir='ltr'><strong>similitudinem</strong></span> <span class='ocrx_word' id='word_1_155' title='bbox 1282 2285 1335 2339; x_wconf 91' lang='lat' dir='ltr'><strong>in</strong></span> <span class='ocrx_word' id='word_1_156' title='bbox 1375 2301 1477 2355; x_wconf 88' lang='lat' dir='ltr'><strong>qua</strong></span> <span class='ocrx_word' id='word_1_157' title='bbox 1517 2295 1598 2340; x_wconf 89' lang='lat' dir='ltr'><strong>est</strong></span> <span class='ocrx_word' id='word_1_158' title='bbox 1630 2285 1874 2340; x_wconf 91' lang='lat' dir='ltr'><strong>conditus</strong></span> 
     </span>
    </p>
   </div>
   <div class='ocr_carea' id='block_1_23' title="bbox 281 2372 1870 2444">
    <p class='ocr_par' dir='ltr' id='par_1_23' title="bbox 281 2372 1870 2444">
     <span class='ocr_line' id='line_1_23' title="bbox 281 2372 1870 2444; baseline 0.004 -21"><span class='ocrx_word' id='word_1_159' title='bbox 281 2381 644 2439; x_wconf 78' lang='lat' dir='ltr'><strong>permaneret.</strong></span> <span class='ocrx_word' id='word_1_160' title='bbox 667 2372 801 2439; x_wconf 83' lang='lat' dir='ltr'><strong>Quid</strong></span> <span class='ocrx_word' id='word_1_161' title='bbox 837 2373 1085 2438; x_wconf 89' lang='lat' dir='ltr'><strong>lucidius,</strong></span> <span class='ocrx_word' id='word_1_162' title='bbox 1113 2389 1269 2443; x_wconf 90' lang='lat' dir='ltr'><strong>quam</strong></span> <span class='ocrx_word' id='word_1_163' title='bbox 1299 2374 1348 2428; x_wconf 89' lang='lat' dir='ltr'><strong>id</strong></span> <span class='ocrx_word' id='word_1_164' title='bbox 1374 2375 1512 2444; x_wconf 91' lang='lat' dir='ltr'><strong>quod</strong></span> <span class='ocrx_word' id='word_1_165' title='bbox 1542 2375 1742 2429; x_wconf 92' lang='lat' dir='ltr'><strong>dictum</strong></span> <span class='ocrx_word' id='word_1_166' title='bbox 1770 2385 1870 2441; x_wconf 90' lang='lat' dir='ltr'><strong>est,</strong></span> 
     </span>
    </p>
   </div>
   <div class='ocr_carea' id='block_1_24' title="bbox 283 2462 1874 2530">
    <p class='ocr_par' dir='ltr' id='par_1_24' title="bbox 283 2462 1874 2530">
     <span class='ocr_line' id='line_1_24' title="bbox 283 2462 1874 2530; baseline 0.002 -16"><span class='ocrx_word' id='word_1_167' title='bbox 283 2463 429 2515; x_wconf 78' lang='lat' dir='ltr'><strong>Sicut</strong></span> <span class='ocrx_word' id='word_1_168' title='bbox 452 2463 506 2514; x_wconf 84' lang='lat' dir='ltr'><strong>in</strong></span> <span class='ocrx_word' id='word_1_169' title='bbox 534 2462 694 2514; x_wconf 74' lang='lat' dir='ltr'><strong>Adam</strong></span> <span class='ocrx_word' id='word_1_170' title='bbox 719 2479 892 2517; x_wconf 87' lang='lat' dir='ltr'><strong>omnes</strong></span> <span class='ocrx_word' id='word_1_171' title='bbox 919 2465 1220 2530; x_wconf 80' lang='lat' dir='ltr'><strong>moriuntur,</strong></span> <span class='ocrx_word' id='word_1_172' title='bbox 1242 2465 1313 2518; x_wconf 87' lang='lat' dir='ltr'><strong>sic</strong></span> <span class='ocrx_word' id='word_1_173' title='bbox 1337 2473 1384 2517; x_wconf 92' lang='lat' dir='ltr'><strong>et</strong></span> <span class='ocrx_word' id='word_1_174' title='bbox 1412 2465 1463 2516; x_wconf 84' lang='lat' dir='ltr'><strong>in</strong></span> <span class='ocrx_word' id='word_1_175' title='bbox 1485 2462 1685 2518; x_wconf 75' lang='lat' dir='ltr'><strong>Christo</strong></span> <span class='ocrx_word' id='word_1_176' title='bbox 1705 2480 1874 2517; x_wconf 88' lang='lat' dir='ltr'><strong>omnes</strong></span> 
     </span>
    </p>
   </div>
   <div class='ocr_carea' id='block_1_25' title="bbox 283 2551 1869 2625">
    <p class='ocr_par' dir='ltr' id='par_1_25' title="bbox 283 2551 1869 2625">
     <span class='ocr_line' id='line_1_25' title="bbox 283 2551 1869 2625; baseline 0.003 -22"><span class='ocrx_word' id='word_1_177' title='bbox 283 2552 670 2620; x_wconf 68' lang='lat' dir='ltr'><strong>viviﬁcabuntur</strong></span> <span class='ocrx_word' id='word_1_178' title='bbox 691 2553 710 2623; x_wconf 93' lang='lat'><strong>(</strong></span> <span class='ocrx_word' id='word_1_179' title='bbox 732 2552 750 2606; x_wconf 95' lang='lat' dir='ltr'><strong>l</strong></span> <span class='ocrx_word' id='word_1_180' title='bbox 778 2551 895 2608; x_wconf 90' lang='lat' dir='ltr'><strong>Cor.</strong></span> <span class='ocrx_word' id='word_1_181' title='bbox 929 2570 1020 2620; x_wconf 79' lang='lat' dir='ltr'><strong>xv,</strong></span> <span class='ocrx_word' id='word_1_182' title='bbox 1043 2553 1178 2625; x_wconf 70' lang='lat'><strong>22)?</strong></span> <span class='ocrx_word' id='word_1_183' title='bbox 1204 2553 1338 2621; x_wconf 86' lang='lat' dir='ltr'><strong>Quid</strong></span> <span class='ocrx_word' id='word_1_184' title='bbox 1367 2553 1612 2620; x_wconf 84' lang='lat' dir='ltr'><strong>lucidius,</strong></span> <span class='ocrx_word' id='word_1_185' title='bbox 1640 2570 1795 2623; x_wconf 89' lang='lat' dir='ltr'><strong>quam</strong></span> <span class='ocrx_word' id='word_1_186' title='bbox 1819 2555 1869 2608; x_wconf 92' lang='lat' dir='ltr'><strong>id</strong></span> 
     </span>
    </p>
   </div>
   <div class='ocr_carea' id='block_1_26' title="bbox 282 2643 1870 2712">
    <p class='ocr_par' dir='ltr' id='par_1_26' title="bbox 282 2643 1870 2712">
     <span class='ocr_line' id='line_1_26' title="bbox 282 2643 1870 2712; baseline 0.003 -18"><span class='ocrx_word' id='word_1_187' title='bbox 282 2643 425 2712; x_wconf 86' lang='lat' dir='ltr'><strong>quod</strong></span> <span class='ocrx_word' id='word_1_188' title='bbox 453 2644 652 2698; x_wconf 89' lang='lat' dir='ltr'><strong>dictum</strong></span> <span class='ocrx_word' id='word_1_189' title='bbox 679 2653 763 2698; x_wconf 87' lang='lat' dir='ltr'><strong>est</strong></span> <span class='ocrx_word' id='word_1_190' title='bbox 783 2687 796 2710; x_wconf 94' lang='lat'><strong>,</strong></span> <span class='ocrx_word' id='word_1_191' title='bbox 833 2644 958 2711; x_wconf 79' lang='lat' dir='ltr'><strong>Quis</strong></span> <span class='ocrx_word' id='word_1_192' title='bbox 987 2646 1118 2699; x_wconf 87' lang='lat' dir='ltr'><strong>enim</strong></span> <span class='ocrx_word' id='word_1_193' title='bbox 1143 2655 1218 2699; x_wconf 87' lang='lat' dir='ltr'><strong>est</strong></span> <span class='ocrx_word' id='word_1_194' title='bbox 1245 2645 1462 2698; x_wconf 83' lang='lat' dir='ltr'><strong>mundus</strong></span> <span class='ocrx_word' id='word_1_195' title='bbox 1490 2661 1522 2697; x_wconf 91' lang='lat' dir='ltr'><strong>a</strong></span> <span class='ocrx_word' id='word_1_196' title='bbox 1549 2645 1734 2699; x_wconf 80' lang='lat' dir='ltr'><strong>sorde?</strong></span> <span class='ocrx_word' id='word_1_197' title='bbox 1761 2644 1870 2698; x_wconf 86' lang='lat' dir='ltr'><strong>Nec</strong></span> 
     </span>
    </p>
   </div>
   <div class='ocr_carea' id='block_1_27' title="bbox 282 2736 1868 2811">
    <p class='ocr_par' dir='ltr' id='par_1_27' title="bbox 282 2736 1868 2811">
     <span class='ocr_line' id='line_1_27' title="bbox 282 2736 1868 2811; baseline 0.002 -25"><span class='ocrx_word' id='word_1_198' title='bbox 282 2736 474 2805; x_wconf 78' lang='lat' dir='ltr'><strong>infans,</strong></span> <span class='ocrx_word' id='word_1_199' title='bbox 506 2737 650 2807; x_wconf 86' lang='lat' dir='ltr'><strong>cujus</strong></span> <span class='ocrx_word' id='word_1_200' title='bbox 677 2748 749 2790; x_wconf 83' lang='lat' dir='ltr'><strong>est</strong></span> <span class='ocrx_word' id='word_1_201' title='bbox 779 2739 931 2790; x_wconf 83' lang='lat' dir='ltr'><strong>unius</strong></span> <span class='ocrx_word' id='word_1_202' title='bbox 957 2738 1058 2791; x_wconf 81' lang='lat' dir='ltr'><strong>diei</strong></span> <span class='ocrx_word' id='word_1_203' title='bbox 1084 2740 1184 2791; x_wconf 80' lang='lat' dir='ltr'><strong>vita</strong></span> <span class='ocrx_word' id='word_1_204' title='bbox 1207 2754 1359 2808; x_wconf 80' lang='lat' dir='ltr'><strong>super</strong></span> <span class='ocrx_word' id='word_1_205' title='bbox 1383 2747 1566 2791; x_wconf 86' lang='lat' dir='ltr'><strong>terram</strong></span> <span class='ocrx_word' id='word_1_206' title='bbox 1591 2736 1729 2811; x_wconf 83' lang='lat' dir='ltr'><strong>(Job.</strong></span> <span class='ocrx_word' id='word_1_207' title='bbox 1758 2753 1868 2804; x_wconf 81' lang='lat' dir='ltr'><strong>xw,</strong></span> 
     </span>
    </p>
   </div>
   <div class='ocr_carea' id='block_1_28' title="bbox 280 2825 1871 2898">
    <p class='ocr_par' dir='ltr' id='par_1_28' title="bbox 280 2825 1871 2898">
     <span class='ocr_line' id='line_1_28' title="bbox 280 2825 1871 2898; baseline 0.003 -20"><span class='ocrx_word' id='word_1_208' title='bbox 280 2837 337 2888; x_wconf 69' lang='grc'><strong>4,</strong></span> <span class='ocrx_word' id='word_1_209' title='bbox 367 2842 469 2879; x_wconf 86' lang='lat' dir='ltr'><strong>sec.</strong></span> <span class='ocrx_word' id='word_1_210' title='bbox 501 2825 668 2897; x_wconf 77' lang='lat' dir='ltr'><strong>LXX)</strong></span> <span class='ocrx_word' id='word_1_211' title='bbox 700 2845 714 2880; x_wconf 88' lang='lat'>:</span> <span class='ocrx_word' id='word_1_212' title='bbox 747 2837 799 2881; x_wconf 90' lang='lat' dir='ltr'><strong>et</strong></span> <span class='ocrx_word' id='word_1_213' title='bbox 827 2828 932 2882; x_wconf 90' lang='lat' dir='ltr'><strong>alia</strong></span> <span class='ocrx_word' id='word_1_214' title='bbox 975 2829 1195 2898; x_wconf 86' lang='lat' dir='ltr'><strong>plurima</strong></span> <span class='ocrx_word' id='word_1_215' title='bbox 1219 2869 1234 2894; x_wconf 94' lang='lat'><strong>,</strong></span> <span class='ocrx_word' id='word_1_216' title='bbox 1266 2844 1384 2898; x_wconf 73' lang='lat' dir='ltr'><strong>qua:</strong></span> <span class='ocrx_word' id='word_1_217' title='bbox 1413 2829 1607 2883; x_wconf 85' lang='lat' dir='ltr'><strong>vestris</strong></span> <span class='ocrx_word' id='word_1_218' title='bbox 1638 2829 1871 2883; x_wconf 80' lang='lat' dir='ltr'><strong>tenebris</strong></span> 
     </span>
    </p>
   </div>
   <div class='ocr_carea' id='block_1_29' title="bbox 283 2916 1870 2990">
    <p class='ocr_par' dir='ltr' id='par_1_29' title="bbox 283 2916 1870 2990">
     <span class='ocr_line' id='line_1_29' title="bbox 283 2916 1870 2990; baseline 0.003 -21"><span class='ocrx_word' id='word_1_219' title='bbox 283 2916 580 2983; x_wconf 79' lang='lat' dir='ltr'><strong>involvere,</strong></span> <span class='ocrx_word' id='word_1_220' title='bbox 605 2927 656 2971; x_wconf 90' lang='lat' dir='ltr'><strong>et</strong></span> <span class='ocrx_word' id='word_1_221' title='bbox 685 2917 738 2971; x_wconf 90' lang='lat' dir='ltr'><strong>in</strong></span> <span class='ocrx_word' id='word_1_222' title='bbox 765 2927 1001 2973; x_wconf 79' lang='lat' dir='ltr'><strong>vestrum</strong></span> <span class='ocrx_word' id='word_1_223' title='bbox 1031 2935 1344 2990; x_wconf 87' lang='lat' dir='ltr'><strong>perversum</strong></span> <span class='ocrx_word' id='word_1_224' title='bbox 1368 2935 1583 2975; x_wconf 91' lang='lat' dir='ltr'><strong>sensum</strong></span> <span class='ocrx_word' id='word_1_225' title='bbox 1609 2920 1870 2974; x_wconf 90' lang='lat' dir='ltr'><strong>molimini</strong></span> 
     </span>
    </p>
   </div>
   <div class='ocr_carea' id='block_1_30' title="bbox 284 3011 1143 3081">
    <p class='ocr_par' dir='ltr' id='par_1_30' title="bbox 284 3011 1143 3081">
     <span class='ocr_line' id='line_1_30' title="bbox 284 3011 1143 3081; baseline 0.003 -18"><span class='ocrx_word' id='word_1_226' title='bbox 284 3025 419 3064; x_wconf 84' lang='lat' dir='ltr'><strong>vana</strong></span> <span class='ocrx_word' id='word_1_227' title='bbox 452 3011 772 3081; x_wconf 85' lang='lat' dir='ltr'><strong>loquacitate</strong></span> <span class='ocrx_word' id='word_1_228' title='bbox 798 3013 1143 3068; x_wconf 88' lang='lat' dir='ltr'><strong>convertere?</strong></span> 
     </span>
    </p>
   </div>
   <div class='ocr_carea' id='block_1_31' title="bbox 358 3103 1870 3173">
    <p class='ocr_par' dir='ltr' id='par_1_31' title="bbox 358 3103 1870 3173">
     <span class='ocr_line' id='line_1_31' title="bbox 358 3103 1870 3173; baseline 0.001 -16"><span class='ocrx_word' id='word_1_229' title='bbox 358 3103 447 3157; x_wconf 76' lang='lat' dir='ltr'><strong>Vl.</strong></span> <span class='ocrx_word' id='word_1_230' title='bbox 488 3105 608 3160; x_wconf 78' lang='lat' dir='ltr'><strong>JUL.</strong></span> <span class='ocrx_word' id='word_1_231' title='bbox 651 3104 761 3158; x_wconf 85' lang='lat' dir='ltr'><strong>Hoc</strong></span> <span class='ocrx_word' id='word_1_232' title='bbox 802 3120 930 3173; x_wconf 83' lang='lat' dir='ltr'><strong>ergo</strong></span> <span class='ocrx_word' id='word_1_233' title='bbox 975 3120 1040 3159; x_wconf 91' lang='lat' dir='ltr'><strong>ex</strong></span> <span class='ocrx_word' id='word_1_234' title='bbox 1079 3113 1263 3159; x_wconf 90' lang='lat' dir='ltr'><strong>nostro</strong></span> <span class='ocrx_word' id='word_1_235' title='bbox 1303 3120 1454 3160; x_wconf 89' lang='lat' dir='ltr'><strong>more</strong></span> <span class='ocrx_word' id='word_1_236' title='bbox 1487 3105 1661 3159; x_wconf 88' lang='lat' dir='ltr'><strong>adhuc</strong></span> <span class='ocrx_word' id='word_1_237' title='bbox 1697 3105 1870 3159; x_wconf 88' lang='lat' dir='ltr'><strong>solum</strong></span> 
     </span>
    </p>
   </div>
   <div class='ocr_carea' id='block_1_32' title="bbox 282 3196 1868 3266">
    <p class='ocr_par' dir='ltr' id='par_1_32' title="bbox 282 3196 1868 3266">
     <span class='ocr_line' id='line_1_32' title="bbox 282 3196 1868 3266; baseline -0.001 -15"><span class='ocrx_word' id='word_1_238' title='bbox 282 3197 505 3266; x_wconf 78' lang='lat' dir='ltr'><strong>exsequi</strong></span> <span class='ocrx_word' id='word_1_239' title='bbox 534 3197 854 3266; x_wconf 79' lang='lat' dir='ltr'><strong>cogitabam,</strong></span> <span class='ocrx_word' id='word_1_240' title='bbox 878 3196 929 3250; x_wconf 92' lang='lat' dir='ltr'><strong>id</strong></span> <span class='ocrx_word' id='word_1_241' title='bbox 955 3206 1056 3263; x_wconf 89' lang='lat' dir='ltr'><strong>est,</strong></span> <span class='ocrx_word' id='word_1_242' title='bbox 1082 3206 1138 3251; x_wconf 88' lang='lat' dir='ltr'><strong>ut</strong></span> <span class='ocrx_word' id='word_1_243' title='bbox 1165 3213 1195 3251; x_wconf 87' lang='lat' dir='ltr'><strong>a</strong></span> <span class='ocrx_word' id='word_1_244' title='bbox 1218 3196 1670 3251; x_wconf 87' lang='lat' dir='ltr'><strong>Traducianorum</strong></span> <span class='ocrx_word' id='word_1_245' title='bbox 1700 3197 1868 3250; x_wconf 83' lang='lat' dir='ltr'><strong>inter-</strong></span> 
     </span>
    </p>
   </div>
   <div class='ocr_carea' id='block_1_33' title="bbox 285 3277 1874 3358">
    <p class='ocr_par' dir='ltr' id='par_1_33' title="bbox 285 3277 1874 3358">
     <span class='ocr_line' id='line_1_33' title="bbox 285 3277 1874 3358; baseline 0.001 -17"><span class='ocrx_word' id='word_1_246' title='bbox 285 3288 673 3356; x_wconf 83' lang='lat' dir='ltr'><strong>pretationibus</strong></span> <span class='ocrx_word' id='word_1_247' title='bbox 701 3277 940 3342; x_wconf 85' lang='lat' dir='ltr'><strong>membra</strong></span> <span class='ocrx_word' id='word_1_248' title='bbox 967 3288 1160 3342; x_wconf 72' lang='lat' dir='ltr'><strong>divina:</strong></span> <span class='ocrx_word' id='word_1_249' title='bbox 1188 3289 1350 3358; x_wconf 80' lang='lat' dir='ltr'><strong>legis,</strong></span> <span class='ocrx_word' id='word_1_250' title='bbox 1382 3304 1499 3358; x_wconf 78' lang='lat' dir='ltr'><strong>qua:</strong></span> <span class='ocrx_word' id='word_1_251' title='bbox 1529 3287 1874 3358; x_wconf 87' lang='lat' dir='ltr'><strong>subjacebant</strong></span> 
     </span>
    </p>
   </div>
   <div class='ocr_carea' id='block_1_34' title="bbox 284 3379 1866 3450">
    <p class='ocr_par' dir='ltr' id='par_1_34' title="bbox 284 3379 1866 3450">
     <span class='ocr_line' id='line_1_34' title="bbox 284 3379 1866 3450; baseline 0.001 -16"><span class='ocrx_word' id='word_1_252' title='bbox 284 3381 658 3446; x_wconf 68' lang='lat' dir='ltr'><strong>Contumelise,</strong></span> <span class='ocrx_word' id='word_1_253' title='bbox 691 3380 972 3435; x_wconf 87' lang='lat' dir='ltr'><strong>liberarem</strong></span> <span class='ocrx_word' id='word_1_254' title='bbox 1003 3397 1020 3434; x_wconf 91' lang='lat'><strong>:</strong></span> <span class='ocrx_word' id='word_1_255' title='bbox 1050 3395 1168 3450; x_wconf 67' lang='lat' dir='ltr'><strong>quae</strong></span> <span class='ocrx_word' id='word_1_256' title='bbox 1213 3389 1366 3450; x_wconf 78' lang='lat' dir='ltr'><strong>erant</strong></span> <span class='ocrx_word' id='word_1_257' title='bbox 1410 3381 1615 3436; x_wconf 87' lang='lat' dir='ltr'><strong>scilicet</strong></span> <span class='ocrx_word' id='word_1_258' title='bbox 1658 3379 1866 3449; x_wconf 88' lang='lat' dir='ltr'><strong>divina,</strong></span> 
     </span>
    </p>
   </div>
   <div class='ocr_carea' id='block_1_35' title="bbox 285 3469 1196 3540">
    <p class='ocr_par' dir='ltr' id='par_1_35' title="bbox 285 3469 1196 3540">
     <span class='ocr_line' id='line_1_35' title="bbox 285 3469 1196 3540; baseline 0.002 -18"><span class='ocrx_word' id='word_1_259' title='bbox 285 3470 422 3540; x_wconf 90' lang='lat' dir='ltr'><strong>quod</strong></span> <span class='ocrx_word' id='word_1_260' title='bbox 451 3478 635 3526; x_wconf 86' lang='lat' dir='ltr'><strong>essent</strong></span> <span class='ocrx_word' id='word_1_261' title='bbox 659 3469 799 3539; x_wconf 88' lang='lat' dir='ltr'><strong>justa</strong></span> <span class='ocrx_word' id='word_1_262' title='bbox 827 3470 1196 3525; x_wconf 89' lang='lat' dir='ltr'><strong>monstrando.</strong></span> 
     </span>
    </p>
   </div>
   <div class='ocr_carea' id='block_1_36' title="bbox 351 3561 1870 3632">
    <p class='ocr_par' dir='ltr' id='par_1_36' title="bbox 351 3561 1870 3632">
     <span class='ocr_line' id='line_1_36' title="bbox 351 3561 1870 3632; baseline -0.001 -16"><span class='ocrx_word' id='word_1_263' title='bbox 351 3563 490 3618; x_wconf 76' lang='lat' dir='ltr'><strong>Avo.</strong></span> <span class='ocrx_word' id='word_1_264' title='bbox 520 3561 918 3616; x_wconf 82' lang='lat' dir='ltr'><strong>Contumelioso</strong></span> <span class='ocrx_word' id='word_1_265' title='bbox 943 3576 1039 3616; x_wconf 91' lang='lat' dir='ltr'><strong>ore</strong></span> <span class='ocrx_word' id='word_1_266' title='bbox 1060 3562 1421 3617; x_wconf 90' lang='lat' dir='ltr'><strong>Traducianos</strong></span> <span class='ocrx_word' id='word_1_267' title='bbox 1444 3577 1624 3629; x_wconf 89' lang='lat' dir='ltr'><strong>vocas,</strong></span> <span class='ocrx_word' id='word_1_268' title='bbox 1648 3561 1870 3632; x_wconf 80' lang='lat' dir='ltr'><strong>Cypria-</strong></span> 
     </span>
    </p>
   </div>
   <div class='ocr_carea' id='block_1_37' title="bbox 285 3650 1868 3721">
    <p class='ocr_par' dir='ltr' id='par_1_37' title="bbox 285 3650 1868 3721">
     <span class='ocr_line' id='line_1_37' title="bbox 285 3650 1868 3721; baseline 0.001 -16"><span class='ocrx_word' id='word_1_269' title='bbox 285 3667 433 3717; x_wconf 90' lang='lat' dir='ltr'><strong>num,</strong></span> <span class='ocrx_word' id='word_1_270' title='bbox 463 3650 831 3718; x_wconf 81' lang='lat' dir='ltr'><strong>Ambrosium,</strong></span> <span class='ocrx_word' id='word_1_271' title='bbox 853 3650 1190 3721; x_wconf 83' lang='lat' dir='ltr'><strong>Gregorium,</strong></span> <span class='ocrx_word' id='word_1_272' title='bbox 1214 3662 1544 3721; x_wconf 73' lang='lat' dir='ltr'><strong>emterosque</strong></span> <span class='ocrx_word' id='word_1_273' title='bbox 1572 3652 1746 3705; x_wconf 87' lang='lat' dir='ltr'><strong>socios</strong></span> <span class='ocrx_word' id='word_1_274' title='bbox 1772 3667 1868 3706; x_wconf 85' lang='lat' dir='ltr'><strong>eo-</strong></span> 
     </span>
    </p>
   </div>
   <div class='ocr_carea' id='block_1_38' title="bbox 284 3741 1868 3812">
    <p class='ocr_par' dir='ltr' id='par_1_38' title="bbox 284 3741 1868 3812">
     <span class='ocr_line' id='line_1_38' title="bbox 284 3741 1868 3812; baseline 0 -17"><span class='ocrx_word' id='word_1_275' title='bbox 284 3757 400 3796; x_wconf 90' lang='lat' dir='ltr'><strong>rum</strong></span> <span class='ocrx_word' id='word_1_276' title='bbox 429 3743 749 3798; x_wconf 80' lang='lat' dir='ltr'><strong>conﬁlentes</strong></span> <span class='ocrx_word' id='word_1_277' title='bbox 773 3743 1030 3812; x_wconf 84' lang='lat' dir='ltr'><strong>originale</strong></span> <span class='ocrx_word' id='word_1_278' title='bbox 1059 3751 1356 3811; x_wconf 84' lang='lat' dir='ltr'><strong>peccatum.</strong></span> <span class='ocrx_word' id='word_1_279' title='bbox 1387 3741 1492 3796; x_wconf 89' lang='lat' dir='ltr'><strong>Sed</strong></span> <span class='ocrx_word' id='word_1_280' title='bbox 1529 3757 1632 3795; x_wconf 93' lang='lat' dir='ltr'><strong>non</strong></span> <span class='ocrx_word' id='word_1_281' title='bbox 1660 3753 1739 3796; x_wconf 91' lang='lat' dir='ltr'><strong>est</strong></span> <span class='ocrx_word' id='word_1_282' title='bbox 1765 3742 1868 3795; x_wconf 87' lang='lat' dir='ltr'><strong>mi-</strong></span> 
     </span>
    </p>
   </div>
   <div class='ocr_carea' id='block_1_39' title="bbox 284 3834 1864 3904">
    <p class='ocr_par' dir='ltr' id='par_1_39' title="bbox 284 3834 1864 3904">
     <span class='ocr_line' id='line_1_39' title="bbox 284 3834 1864 3904; baseline -0.002 -16"><span class='ocrx_word' id='word_1_283' title='bbox 284 3850 400 3888; x_wconf 89' lang='lat' dir='ltr'><strong>rum</strong></span> <span class='ocrx_word' id='word_1_284' title='bbox 429 3834 575 3904; x_wconf 89' lang='lat' dir='ltr'><strong>quod</strong></span> <span class='ocrx_word' id='word_1_285' title='bbox 607 3835 726 3888; x_wconf 90' lang='lat' dir='ltr'><strong>novi</strong></span> <span class='ocrx_word' id='word_1_286' title='bbox 768 3834 1006 3889; x_wconf 80' lang='lat' dir='ltr'><strong>lucretici</strong></span> <span class='ocrx_word' id='word_1_287' title='bbox 1033 3834 1346 3899; x_wconf 87' lang='lat' dir='ltr'><strong>Catholicis,</strong></span> <span class='ocrx_word' id='word_1_288' title='bbox 1377 3849 1408 3888; x_wconf 88' lang='lat' dir='ltr'><strong>a</strong></span> <span class='ocrx_word' id='word_1_289' title='bbox 1435 3834 1625 3903; x_wconf 87' lang='lat' dir='ltr'><strong>quibus</strong></span> <span class='ocrx_word' id='word_1_290' title='bbox 1649 3842 1864 3899; x_wconf 82' lang='lat' dir='ltr'><strong>exeunt,</strong></span> 
     </span>
    </p>
   </div>
   <div class='ocr_carea' id='block_1_40' title="bbox 218 3924 1869 3996">
    <p class='ocr_par' dir='ltr' id='par_1_40' title="bbox 218 3924 1869 3996">
     <span class='ocr_line' id='line_1_40' title="bbox 218 3924 1869 3996; baseline -0.002 -15"><span class='ocrx_word' id='word_1_291' title='bbox 218 3940 229 3952; x_wconf 88' lang='lat'>&#39;</span> <span class='ocrx_word' id='word_1_292' title='bbox 284 3943 482 3981; x_wconf 82' lang='lat' dir='ltr'><strong>novum</strong></span> <span class='ocrx_word' id='word_1_293' title='bbox 506 3943 698 3982; x_wconf 90' lang='lat' dir='ltr'><strong>nomen</strong></span> <span class='ocrx_word' id='word_1_294' title='bbox 721 3928 1031 3996; x_wconf 78' lang='lat' dir='ltr'><strong>imponunt:</strong></span> <span class='ocrx_word' id='word_1_295' title='bbox 1053 3927 1155 3981; x_wconf 89' lang='lat' dir='ltr'><strong>hoc</strong></span> <span class='ocrx_word' id='word_1_296' title='bbox 1177 3937 1232 3982; x_wconf 91' lang='lat' dir='ltr'><strong>et</strong></span> <span class='ocrx_word' id='word_1_297' title='bbox 1257 3927 1345 3981; x_wconf 89' lang='lat' dir='ltr'><strong>alii</strong></span> <span class='ocrx_word' id='word_1_298' title='bbox 1375 3927 1635 3994; x_wconf 85' lang='lat' dir='ltr'><strong>fecerunt,</strong></span> <span class='ocrx_word' id='word_1_299' title='bbox 1658 3924 1869 3996; x_wconf 89' lang='lat' dir='ltr'><strong>quando</strong></span> 
     </span>
    </p>
   </div>
   <div class='ocr_carea' id='block_1_41' title="bbox 281 4018 822 4072">
    <p class='ocr_par' dir='ltr' id='par_1_41' title="bbox 281 4018 822 4072">
     <span class='ocr_line' id='line_1_41' title="bbox 281 4018 822 4072; baseline 0.006 -2"><span class='ocrx_word' id='word_1_300' title='bbox 281 4018 530 4071; x_wconf 80' lang='lat' dir='ltr'><strong>similiter</strong></span> <span class='ocrx_word' id='word_1_301' title='bbox 559 4018 822 4072; x_wconf 79' lang='lat' dir='ltr'><strong>exierunt.</strong></span> 
     </span>
    </p>
   </div>
   <div class='ocr_carea' id='block_1_42' title="bbox 354 4107 1868 4178">
    <p class='ocr_par' dir='ltr' id='par_1_42' title="bbox 354 4107 1868 4178">
     <span class='ocr_line' id='line_1_42' title="bbox 354 4107 1868 4178; baseline 0.001 -18"><span class='ocrx_word' id='word_1_302' title='bbox 354 4107 464 4162; x_wconf 79' lang='lat' dir='ltr'><strong>VII.</strong></span> <span class='ocrx_word' id='word_1_303' title='bbox 509 4107 628 4162; x_wconf 64' lang='lat' dir='ltr'><strong>Jun.</strong></span> <span class='ocrx_word' id='word_1_304' title='bbox 674 4109 868 4163; x_wconf 81' lang='lat' dir='ltr'><strong>Verum</strong></span> <span class='ocrx_word' id='word_1_305' title='bbox 899 4109 1020 4178; x_wconf 88' lang='lat' dir='ltr'><strong>quia</strong></span> <span class='ocrx_word' id='word_1_306' title='bbox 1053 4108 1103 4162; x_wconf 94' lang='lat' dir='ltr'><strong>id</strong></span> <span class='ocrx_word' id='word_1_307' title='bbox 1132 4108 1401 4177; x_wconf 88' lang='lat' dir='ltr'><strong>impendio</strong></span> <span class='ocrx_word' id='word_1_308' title='bbox 1429 4107 1734 4178; x_wconf 78' lang='lat' dir='ltr'><strong>poposcisti,</strong></span> <span class='ocrx_word' id='word_1_309' title='bbox 1761 4107 1868 4162; x_wconf 87' lang='lat' dir='ltr'><strong>imo</strong></span> 
     </span>
    </p>
   </div>
   <div class='ocr_carea' id='block_1_43' title="bbox 282 4198 1863 4268">
    <p class='ocr_par' dir='ltr' id='par_1_43' title="bbox 282 4198 1863 4268">
     <span class='ocr_line' id='line_1_43' title="bbox 282 4198 1863 4268; baseline -0.001 -16"><span class='ocrx_word' id='word_1_310' title='bbox 282 4198 519 4252; x_wconf 88' lang='lat' dir='ltr'><strong>indixisti</strong></span> <span class='ocrx_word' id='word_1_311' title='bbox 550 4201 864 4254; x_wconf 87' lang='lat' dir='ltr'><strong>auctoritate</strong></span> <span class='ocrx_word' id='word_1_312' title='bbox 896 4199 1082 4268; x_wconf 88' lang='lat' dir='ltr'><strong>patria,</strong></span> <span class='ocrx_word' id='word_1_313' title='bbox 1115 4209 1171 4253; x_wconf 92' lang='lat' dir='ltr'><strong>ut</strong></span> <span class='ocrx_word' id='word_1_314' title='bbox 1199 4199 1336 4254; x_wconf 91' lang='lat' dir='ltr'><strong>libro</strong></span> <span class='ocrx_word' id='word_1_315' title='bbox 1368 4199 1667 4252; x_wconf 88' lang='lat' dir='ltr'><strong>tractatoris</strong></span> <span class='ocrx_word' id='word_1_316' title='bbox 1692 4198 1863 4265; x_wconf 76' lang='lat' dir='ltr'><strong>Pteni,</strong></span> 
     </span>
    </p>
   </div>
   <div class='ocr_carea' id='block_1_44' title="bbox 279 4288 1864 4360">
    <p class='ocr_par' dir='ltr' id='par_1_44' title="bbox 279 4288 1864 4360">
     <span class='ocr_line' id='line_1_44' title="bbox 279 4288 1864 4360; baseline 0.001 -20"><span class='ocrx_word' id='word_1_317' title='bbox 279 4305 440 4357; x_wconf 87' lang='lat' dir='ltr'><strong>quem</strong></span> <span class='ocrx_word' id='word_1_318' title='bbox 473 4288 538 4343; x_wconf 84' lang='lat' dir='ltr'><strong>ad</strong></span> <span class='ocrx_word' id='word_1_319' title='bbox 567 4289 827 4344; x_wconf 82' lang='lat' dir='ltr'><strong>Valerium</strong></span> <span class='ocrx_word' id='word_1_320' title='bbox 855 4290 1103 4344; x_wconf 86' lang='lat' dir='ltr'><strong>comitem</strong></span> <span class='ocrx_word' id='word_1_321' title='bbox 1129 4290 1350 4344; x_wconf 83' lang='lat' dir='ltr'><strong>vernula</strong></span> <span class='ocrx_word' id='word_1_322' title='bbox 1384 4298 1719 4360; x_wconf 87' lang='lat' dir='ltr'><strong>peccatorum</strong></span> <span class='ocrx_word' id='word_1_323' title='bbox 1747 4288 1864 4356; x_wconf 85' lang='lat' dir='ltr'><strong>ejus</strong></span> 
     </span>
    </p>
   </div>
   <div class='ocr_carea' id='block_1_45' title="bbox 281 4377 1866 4451">
    <p class='ocr_par' dir='ltr' id='par_1_45' title="bbox 281 4377 1866 4451">
     <span class='ocr_line' id='line_1_45' title="bbox 281 4377 1866 4451; baseline -0.001 -18"><span class='ocrx_word' id='word_1_324' title='bbox 281 4381 507 4451; x_wconf 68' lang='lat' dir='ltr'><strong>Alypius</strong></span> <span class='ocrx_word' id='word_1_325' title='bbox 537 4395 705 4449; x_wconf 88' lang='lat' dir='ltr'><strong>nuper</strong></span> <span class='ocrx_word' id='word_1_326' title='bbox 729 4380 956 4446; x_wconf 90' lang='lat' dir='ltr'><strong>detulit,</strong></span> <span class='ocrx_word' id='word_1_327' title='bbox 996 4380 1266 4436; x_wconf 89' lang='lat' dir='ltr'><strong>obviarem</strong></span> <span class='ocrx_word' id='word_1_328' title='bbox 1287 4421 1302 4446; x_wconf 93' lang='lat'><strong>,</strong></span> <span class='ocrx_word' id='word_1_329' title='bbox 1333 4379 1458 4434; x_wconf 91' lang='lat' dir='ltr'><strong>hinc</strong></span> <span class='ocrx_word' id='word_1_330' title='bbox 1484 4379 1612 4432; x_wconf 91' lang='lat' dir='ltr'><strong>mihi</strong></span> <span class='ocrx_word' id='word_1_331' title='bbox 1637 4387 1718 4433; x_wconf 89' lang='lat' dir='ltr'><strong>est</strong></span> <span class='ocrx_word' id='word_1_332' title='bbox 1745 4377 1866 4432; x_wconf 91' lang='lat' dir='ltr'><strong>lon-</strong></span> 
     </span>
    </p>
   </div>
   <div class='ocr_carea' id='block_1_46' title="bbox 279 4470 877 4540">
    <p class='ocr_par' dir='ltr' id='par_1_46' title="bbox 279 4470 877 4540">
     <span class='ocr_line' id='line_1_46' title="bbox 279 4470 877 4540; baseline 0.003 -18"><span class='ocrx_word' id='word_1_333' title='bbox 279 4473 395 4540; x_wconf 78' lang='lat' dir='ltr'><strong>gior</strong></span> <span class='ocrx_word' id='word_1_334' title='bbox 420 4470 555 4526; x_wconf 87' lang='lat' dir='ltr'><strong>facta</strong></span> <span class='ocrx_word' id='word_1_335' title='bbox 582 4471 877 4540; x_wconf 85' lang='lat' dir='ltr'><strong>responsio.</strong></span> 
     </span>
    </p>
   </div>
   <div class='ocr_carea' id='block_1_47' title="bbox 349 4562 1867 4634">
    <p class='ocr_par' dir='ltr' id='par_1_47' title="bbox 349 4562 1867 4634">
     <span class='ocr_line' id='line_1_47' title="bbox 349 4562 1867 4634; baseline 0.002 -17"><span class='ocrx_word' id='word_1_336' title='bbox 349 4565 487 4618; x_wconf 78' lang='lat' dir='ltr'><strong>Ave.</strong></span> <span class='ocrx_word' id='word_1_337' title='bbox 520 4564 704 4634; x_wconf 81' lang='lat' dir='ltr'><strong>Magna</strong></span> <span class='ocrx_word' id='word_1_338' title='bbox 729 4564 819 4619; x_wconf 90' lang='lat' dir='ltr'><strong>tibi</strong></span> <span class='ocrx_word' id='word_1_339' title='bbox 842 4578 998 4634; x_wconf 65' lang='lat' dir='ltr'><strong>paena</strong></span> <span class='ocrx_word' id='word_1_340' title='bbox 1029 4571 1114 4617; x_wconf 88' lang='lat' dir='ltr'><strong>est</strong></span> <span class='ocrx_word' id='word_1_341' title='bbox 1136 4562 1433 4632; x_wconf 85' lang='lat' dir='ltr'><strong>disputator</strong></span> <span class='ocrx_word' id='word_1_342' title='bbox 1457 4563 1541 4620; x_wconf 91' lang='lat' dir='ltr'><strong>hic</strong></span> <span class='ocrx_word' id='word_1_343' title='bbox 1560 4564 1760 4620; x_wconf 65' lang='lat' dir='ltr'><strong>Peanus</strong></span> <span class='ocrx_word' id='word_1_344' title='bbox 1781 4582 1795 4619; x_wconf 87' lang='lat'><strong>:</strong></span> <span class='ocrx_word' id='word_1_345' title='bbox 1814 4577 1867 4620; x_wconf 91' lang='lat' dir='ltr'><strong>et</strong></span> 
     </span>
    </p>
   </div>
   <div class='ocr_carea' id='block_1_48' title="bbox 278 4654 1867 4725">
    <p class='ocr_par' dir='ltr' id='par_1_48' title="bbox 278 4654 1867 4725">
     <span class='ocr_line' id='line_1_48' title="bbox 278 4654 1867 4725; baseline 0.001 -15"><span class='ocrx_word' id='word_1_346' title='bbox 278 4655 439 4725; x_wconf 80' lang='lat' dir='ltr'><strong>longe</strong></span> <span class='ocrx_word' id='word_1_347' title='bbox 475 4663 759 4724; x_wconf 85' lang='lat' dir='ltr'><strong>antequam</strong></span> <span class='ocrx_word' id='word_1_348' title='bbox 806 4654 1195 4717; x_wconf 87' lang='lat' dir='ltr'><strong>nasceremini,</strong></span> <span class='ocrx_word' id='word_1_349' title='bbox 1233 4669 1419 4723; x_wconf 85' lang='lat' dir='ltr'><strong>magna</strong></span> <span class='ocrx_word' id='word_1_350' title='bbox 1447 4670 1601 4725; x_wconf 78' lang='lat' dir='ltr'><strong>ptena</strong></span> <span class='ocrx_word' id='word_1_351' title='bbox 1645 4655 1867 4712; x_wconf 66' lang='lat' dir='ltr'><strong>hteresis</strong></span> 
     </span>
    </p>
   </div>
   <div class='ocr_carea' id='block_1_49' title="bbox 281 4744 1492 4816">
    <p class='ocr_par' dir='ltr' id='par_1_49' title="bbox 281 4744 1492 4816">
     <span class='ocr_line' id='line_1_49' title="bbox 281 4744 1492 4816; baseline -0.002 -16"><span class='ocrx_word' id='word_1_352' title='bbox 281 4757 473 4802; x_wconf 65' lang='lat' dir='ltr'><strong>vestra:</strong></span> <span class='ocrx_word' id='word_1_353' title='bbox 494 4747 690 4801; x_wconf 71' lang='lat' dir='ltr'><strong>Pmnus</strong></span> <span class='ocrx_word' id='word_1_354' title='bbox 714 4754 1042 4816; x_wconf 65' lang='lat' dir='ltr'><strong>praeparatus</strong></span> <span class='ocrx_word' id='word_1_355' title='bbox 1071 4753 1152 4799; x_wconf 86' lang='lat' dir='ltr'><strong>est</strong></span> <span class='ocrx_word' id='word_1_356' title='bbox 1175 4744 1492 4816; x_wconf 86' lang='lat' dir='ltr'><strong>Cyprianus.</strong></span> 
     </span>
    </p>
   </div>
   <div class='ocr_carea' id='block_1_50' title="bbox 352 4835 1868 4906">
    <p class='ocr_par' dir='ltr' id='par_1_50' title="bbox 352 4835 1868 4906">
     <span class='ocr_line' id='line_1_50' title="bbox 352 4835 1868 4906; baseline 0 -15"><span class='ocrx_word' id='word_1_357' title='bbox 352 4836 490 4891; x_wconf 82' lang='grc' dir='ltr'><strong>γιιι.</strong></span> <span class='ocrx_word' id='word_1_358' title='bbox 530 4835 650 4891; x_wconf 61' lang='grc' dir='ltr'><strong>θυι.</strong></span> <span class='ocrx_word' id='word_1_359' title='bbox 691 4836 846 4892; x_wconf 88' lang='lat' dir='ltr'><strong>Dedit</strong></span> <span class='ocrx_word' id='word_1_360' title='bbox 891 4837 1033 4890; x_wconf 88' lang='lat' dir='ltr'><strong>enim</strong></span> <span class='ocrx_word' id='word_1_361' title='bbox 1083 4835 1280 4904; x_wconf 83' lang='lat' dir='ltr'><strong>ingenii</strong></span> <span class='ocrx_word' id='word_1_362' title='bbox 1318 4835 1399 4889; x_wconf 87' lang='lat' dir='ltr'><strong>sui</strong></span> <span class='ocrx_word' id='word_1_363' title='bbox 1434 4835 1609 4890; x_wconf 89' lang='lat' dir='ltr'><strong>denuo</strong></span> <span class='ocrx_word' id='word_1_364' title='bbox 1639 4835 1868 4906; x_wconf 87' lang='lat' dir='ltr'><strong>ﬁdeique</strong></span> 
     </span>
    </p>
   </div>
   <div class='ocr_carea' id='block_1_51' title="bbox 279 4929 1866 4999">
    <p class='ocr_par' dir='ltr' id='par_1_51' title="bbox 279 4929 1866 4999">
     <span class='ocr_line' id='line_1_51' title="bbox 279 4929 1866 4999; baseline -0.001 -15"><span class='ocrx_word' id='word_1_365' title='bbox 279 4938 648 4994; x_wconf 89' lang='lat' dir='ltr'><strong>monumenta,</strong></span> <span class='ocrx_word' id='word_1_366' title='bbox 677 4945 796 4999; x_wconf 74' lang='lat' dir='ltr'><strong>qua:</strong></span> <span class='ocrx_word' id='word_1_367' title='bbox 824 4929 1185 4998; x_wconf 83' lang='lat' dir='ltr'><strong>intelligantur</strong></span> <span class='ocrx_word' id='word_1_368' title='bbox 1203 4929 1226 4960; x_wconf 78' lang='grc'>⁸</span> <span class='ocrx_word' id='word_1_369' title='bbox 1267 4929 1562 4999; x_wconf 67' lang='grc' dir='ltr'><strong>ωεθιϊὶιιιθ,</strong></span> <span class='ocrx_word' id='word_1_370' title='bbox 1591 4944 1866 4999; x_wconf 86' lang='lat' dir='ltr'><strong>exponan-</strong></span> 
     </span>
    </p>
   </div>
   <div class='ocr_carea' id='block_1_52' title="bbox 280 5019 1865 5085">
    <p class='ocr_par' dir='ltr' id='par_1_52' title="bbox 280 5019 1865 5085">
     <span class='ocr_line' id='line_1_52' title="bbox 280 5019 1865 5085; baseline -0.001 -9"><span class='ocrx_word' id='word_1_371' title='bbox 280 5035 364 5076; x_wconf 90' lang='lat' dir='ltr'><strong>tnr</strong></span> <span class='ocrx_word' id='word_1_372' title='bbox 393 5021 736 5085; x_wconf 83' lang='lat' dir='ltr'><strong>difﬁcillime,</strong></span> <span class='ocrx_word' id='word_1_373' title='bbox 771 5021 855 5074; x_wconf 85' lang='lat' dir='ltr'><strong>vix</strong></span> <span class='ocrx_word' id='word_1_374' title='bbox 887 5022 1004 5075; x_wconf 90' lang='lat' dir='ltr'><strong>sine</strong></span> <span class='ocrx_word' id='word_1_375' title='bbox 1038 5019 1263 5075; x_wconf 89' lang='lat' dir='ltr'><strong>horrore</strong></span> <span class='ocrx_word' id='word_1_376' title='bbox 1297 5019 1579 5074; x_wconf 88' lang='lat' dir='ltr'><strong>audiantur</strong></span> <span class='ocrx_word' id='word_1_377' title='bbox 1603 5036 1618 5084; x_wconf 92' lang='lat'><strong>;</strong></span> <span class='ocrx_word' id='word_1_378' title='bbox 1641 5021 1865 5075; x_wconf 82' lang='lat' dir='ltr'><strong>convin-</strong></span> 
     </span>
    </p>
   </div>
   <div class='ocr_carea' id='block_1_53' title="bbox 275 5111 1867 5180">
    <p class='ocr_par' dir='ltr' id='par_1_53' title="bbox 275 5111 1867 5180">
     <span class='ocr_line' id='line_1_53' title="bbox 275 5111 1867 5180; baseline -0.002 -10"><span class='ocrx_word' id='word_1_379' title='bbox 275 5126 470 5170; x_wconf 83' lang='lat' dir='ltr'><strong>cantur</strong></span> <span class='ocrx_word' id='word_1_380' title='bbox 508 5123 688 5169; x_wconf 89' lang='lat' dir='ltr'><strong>autem</strong></span> <span class='ocrx_word' id='word_1_381' title='bbox 733 5113 1002 5180; x_wconf 81' lang='lat' dir='ltr'><strong>facillime,</strong></span> <span class='ocrx_word' id='word_1_382' title='bbox 1040 5111 1415 5167; x_wconf 83' lang='lat' dir='ltr'><strong>confodiantur</strong></span> <span class='ocrx_word' id='word_1_383' title='bbox 1455 5111 1716 5167; x_wconf 88' lang='lat' dir='ltr'><strong>acerrime</strong></span> <span class='ocrx_word' id='word_1_384' title='bbox 1741 5111 1784 5177; x_wconf 89' lang='grc'>³,</span> <span class='ocrx_word' id='word_1_385' title='bbox 1811 5121 1867 5167; x_wconf 90' lang='lat' dir='ltr'><strong>et</strong></span> 
     </span>
    </p>
   </div>
   <div class='ocr_carea' id='block_1_54' title="bbox 343 5332 1866 5398">
    <p class='ocr_par' dir='ltr' id='par_1_54' title="bbox 343 5332 1866 5398">
     <span class='ocr_line' id='line_1_54' title="bbox 343 5332 1866 5398; baseline -0.001 -12"><span class='ocrx_word' id='word_1_386' title='bbox 343 5338 358 5368; x_wconf 75' lang='grc'>⁸</span> <span class='ocrx_word' id='word_1_387' title='bbox 394 5337 553 5398; x_wconf 76' lang='lat' dir='ltr'><strong>codex</strong></span> <span class='ocrx_word' id='word_1_388' title='bbox 573 5343 706 5394; x_wconf 65' lang='lat' dir='ltr'><strong>Man,</strong></span> <span class='ocrx_word' id='word_1_389' title='bbox 730 5334 790 5384; x_wconf 86' lang='lat' dir='ltr'><strong>ab</strong></span> <span class='ocrx_word' id='word_1_390' title='bbox 811 5339 1038 5398; x_wconf 67' lang='lat' dir='ltr'><strong>stegntate</strong></span> <span class='ocrx_word' id='word_1_391' title='bbox 1053 5346 1209 5383; x_wconf 87' lang='lat' dir='ltr'><strong>sacro.</strong></span> <span class='ocrx_word' id='word_1_392' title='bbox 1231 5332 1335 5391; x_wconf 80' lang='lat' dir='ltr'><strong>Alii,</strong></span> <span class='ocrx_word' id='word_1_393' title='bbox 1354 5333 1414 5383; x_wconf 86' lang='lat' dir='ltr'><strong>ab</strong></span> <span class='ocrx_word' id='word_1_394' title='bbox 1430 5338 1674 5384; x_wconf 74' lang='lat' dir='ltr'><strong>stenunate</strong></span> <span class='ocrx_word' id='word_1_395' title='bbox 1693 5347 1866 5398; x_wconf 85' lang='lat' dir='ltr'><strong>sacro;</strong></span> 
     </span>
    </p>
   </div>
   <div class='ocr_carea' id='block_1_55' title="bbox 278 5395 1427 5456">
    <p class='ocr_par' dir='ltr' id='par_1_55' title="bbox 278 5395 1427 5456">
     <span class='ocr_line' id='line_1_55' title="bbox 278 5395 1427 5456; baseline -0.004 -9"><span class='ocrx_word' id='word_1_396' title='bbox 278 5399 326 5447; x_wconf 86' lang='lat' dir='ltr'><strong>id</strong></span> <span class='ocrx_word' id='word_1_397' title='bbox 350 5407 425 5447; x_wconf 87' lang='lat' dir='ltr'><strong>est</strong></span> <span class='ocrx_word' id='word_1_398' title='bbox 443 5433 459 5456; x_wconf 91' lang='lat'><strong>,</strong></span> <span class='ocrx_word' id='word_1_399' title='bbox 483 5411 509 5444; x_wconf 89' lang='lat' dir='ltr'><strong>a</strong></span> <span class='ocrx_word' id='word_1_400' title='bbox 534 5397 662 5446; x_wconf 88' lang='lat' dir='ltr'><strong>linea</strong></span> <span class='ocrx_word' id='word_1_401' title='bbox 687 5406 738 5447; x_wconf 92' lang='lat' dir='ltr'><strong>et</strong></span> <span class='ocrx_word' id='word_1_402' title='bbox 758 5395 899 5446; x_wconf 70' lang='lat' dir='ltr'><strong>serie</strong></span> <span class='ocrx_word' id='word_1_403' title='bbox 913 5395 1145 5444; x_wconf 89' lang='lat' dir='ltr'><strong>librorum</strong></span> <span class='ocrx_word' id='word_1_404' title='bbox 1165 5407 1427 5456; x_wconf 82' lang='lat' dir='ltr'><strong>sacrorum.</strong></span> 
     </span>
    </p>
   </div>
   <div class='ocr_carea' id='block_1_56' title="bbox 344 5455 1868 5519">
    <p class='ocr_par' dir='ltr' id='par_1_56' title="bbox 344 5455 1868 5519">
     <span class='ocr_line' id='line_1_56' title="bbox 344 5455 1868 5519; baseline 0.001 -13"><span class='ocrx_word' id='word_1_405' title='bbox 344 5462 364 5490; x_wconf 74' lang='grc' dir='ltr'><strong>ι</strong></span> <span class='ocrx_word' id='word_1_406' title='bbox 396 5460 534 5518; x_wconf 66' lang='lat' dir='ltr'><strong>editi,</strong></span> <span class='ocrx_word' id='word_1_407' title='bbox 582 5460 894 5515; x_wconf 70' lang='lat' dir='ltr'><strong>documenta,</strong></span> <span class='ocrx_word' id='word_1_408' title='bbox 931 5469 1041 5519; x_wconf 73' lang='lat' dir='ltr'><strong>quae</strong></span> <span class='ocrx_word' id='word_1_409' title='bbox 1079 5464 1129 5519; x_wconf 70' lang='lat' dir='ltr'><strong>ut</strong></span> <span class='ocrx_word' id='word_1_410' title='bbox 1165 5455 1508 5519; x_wconf 72' lang='lat' dir='ltr'><strong>unettigantur.</strong></span> <span class='ocrx_word' id='word_1_411' title='bbox 1552 5464 1656 5506; x_wconf 80' lang='lat' dir='ltr'><strong>Mss.</strong></span> <span class='ocrx_word' id='word_1_412' title='bbox 1677 5491 1692 5517; x_wconf 92' lang='lat'><strong>,</strong></span> <span class='ocrx_word' id='word_1_413' title='bbox 1716 5457 1868 5508; x_wconf 75' lang='lat' dir='ltr'><strong>niani-</strong></span> 
     </span>
    </p>
   </div>
   <div class='ocr_carea' id='block_1_57' title="bbox 278 5517 1444 5582">
    <p class='ocr_par' dir='ltr' id='par_1_57' title="bbox 278 5517 1444 5582">
     <span class='ocr_line' id='line_1_57' title="bbox 278 5517 1444 5582; baseline -0.002 -14"><span class='ocrx_word' id='word_1_414' title='bbox 278 5529 437 5570; x_wconf 83' lang='lat' dir='ltr'><strong>menta</strong></span> <span class='ocrx_word' id='word_1_415' title='bbox 456 5517 578 5580; x_wconf 81' lang='lat' dir='ltr'><strong>(vel,</strong></span> <span class='ocrx_word' id='word_1_416' title='bbox 604 5517 954 5582; x_wconf 77' lang='lat' dir='ltr'><strong>iiumunienta),</strong></span> <span class='ocrx_word' id='word_1_417' title='bbox 971 5530 1079 5581; x_wconf 74' lang='lat' dir='ltr'><strong>qum</strong></span> <span class='ocrx_word' id='word_1_418' title='bbox 1099 5517 1444 5582; x_wconf 76' lang='lat' dir='ltr'><strong>irueltigantnr.</strong></span> 
     </span>
    </p>
   </div>
   <div class='ocr_carea' id='block_1_58' title="bbox 344 5580 1866 5641">
    <p class='ocr_par' dir='ltr' id='par_1_58' title="bbox 344 5580 1866 5641">
     <span class='ocr_line' id='line_1_58' title="bbox 344 5580 1866 5641; baseline 0.003 -14"><span class='ocrx_word' id='word_1_419' title='bbox 344 5583 363 5613; x_wconf 83' lang='grc'>³</span> <span class='ocrx_word' id='word_1_420' title='bbox 394 5585 465 5630; x_wconf 66' lang='lat' dir='ltr'><strong>sic</strong></span> <span class='ocrx_word' id='word_1_421' title='bbox 481 5581 732 5630; x_wconf 67' lang='lat' dir='ltr'><strong>Moriardus</strong></span> <span class='ocrx_word' id='word_1_422' title='bbox 755 5588 806 5629; x_wconf 89' lang='lat' dir='ltr'><strong>et</strong></span> <span class='ocrx_word' id='word_1_423' title='bbox 826 5581 924 5628; x_wconf 87' lang='lat' dir='ltr'><strong>dno</strong></span> <span class='ocrx_word' id='word_1_424' title='bbox 959 5580 1059 5628; x_wconf 77' lang='lat' dir='ltr'><strong>uss.</strong></span> <span class='ocrx_word' id='word_1_425' title='bbox 1093 5586 1147 5628; x_wconf 78' lang='lat' dir='ltr'><strong>At</strong></span> <span class='ocrx_word' id='word_1_426' title='bbox 1181 5580 1482 5641; x_wconf 69' lang='lat' dir='ltr'><strong>\‘ig&#39;nierius,</strong></span> <span class='ocrx_word' id='word_1_427' title='bbox 1528 5580 1866 5631; x_wconf 72' lang='lat' dir='ltr'><strong>convincuntur</strong></span> 
     </span>
    </p>
   </div>
   <div class='ocr_carea' id='block_1_59' title="bbox 278 5640 1860 5704">
    <p class='ocr_par' dir='ltr' id='par_1_59' title="bbox 278 5640 1860 5704">
     <span class='ocr_line' id='line_1_59' title="bbox 278 5640 1860 5704; baseline 0.001 -14"><span class='ocrx_word' id='word_1_428' title='bbox 278 5651 438 5692; x_wconf 74' lang='lat' dir='ltr'><strong>autem</strong></span> <span class='ocrx_word' id='word_1_429' title='bbox 461 5643 668 5704; x_wconf 75' lang='lat' dir='ltr'><strong>ﬁrrilius,</strong></span> <span class='ocrx_word' id='word_1_430' title='bbox 687 5648 806 5704; x_wconf 79' lang='lat' dir='ltr'><strong>etut</strong></span> <span class='ocrx_word' id='word_1_431' title='bbox 838 5641 1170 5704; x_wconf 56' lang='lat' dir='ltr'><strong>renuntiantur</strong></span> <span class='ocrx_word' id='word_1_432' title='bbox 1205 5640 1456 5704; x_wconf 75' lang='lat' dir='ltr'><strong>acerrime.</strong></span> <span class='ocrx_word' id='word_1_433' title='bbox 1496 5648 1594 5689; x_wconf 84' lang='lat' dir='ltr'><strong>nuo</strong></span> <span class='ocrx_word' id='word_1_434' title='bbox 1617 5649 1722 5691; x_wconf 74' lang='lat' dir='ltr'><strong>Mss.</strong></span> <span class='ocrx_word' id='word_1_435' title='bbox 1751 5651 1860 5692; x_wconf 78' lang='lat' dir='ltr'><strong>Mar.</strong></span> 
     </span>
    </p>
   </div>
   <div class='ocr_carea' id='block_1_60' title="bbox 279 5703 1866 5766">
    <p class='ocr_par' dir='ltr' id='par_1_60' title="bbox 279 5703 1866 5766">
     <span class='ocr_line' id='line_1_60' title="bbox 279 5703 1866 5766; baseline 0.001 -14"><span class='ocrx_word' id='word_1_436' title='bbox 279 5713 325 5752; x_wconf 71' lang='lat' dir='ltr'><strong>et</strong></span> <span class='ocrx_word' id='word_1_437' title='bbox 347 5703 488 5761; x_wconf 59' lang='lat' dir='ltr'><strong>tiara,</strong></span> <span class='ocrx_word' id='word_1_438' title='bbox 511 5703 743 5766; x_wconf 77' lang='lat' dir='ltr'><strong>aliquanti</strong></span> <span class='ocrx_word' id='word_1_439' title='bbox 766 5703 1098 5766; x_wconf 59' lang='lat' dir='ltr'><strong>confodiantur</strong></span> <span class='ocrx_word' id='word_1_440' title='bbox 1116 5703 1350 5766; x_wconf 69' lang='lat' dir='ltr'><strong>acerrime</strong></span> <span class='ocrx_word' id='word_1_441' title='bbox 1369 5718 1384 5750; x_wconf 85' lang='lat'><strong>.&#39;</strong></span> <span class='ocrx_word' id='word_1_442' title='bbox 1408 5717 1518 5762; x_wconf 73' lang='lat' dir='ltr'><strong>qum</strong></span> <span class='ocrx_word' id='word_1_443' title='bbox 1545 5706 1692 5766; x_wconf 76' lang='lat' dir='ltr'><strong>verba</strong></span> <span class='ocrx_word' id='word_1_444' title='bbox 1719 5707 1762 5752; x_wconf 90' lang='lat' dir='ltr'><strong>in</strong></span> <span class='ocrx_word' id='word_1_445' title='bbox 1785 5720 1866 5754; x_wconf 85' lang='lat' dir='ltr'><strong>co-</strong></span> 
     </span>
    </p>
   </div>
   <div class='ocr_carea' id='block_1_61' title="bbox 278 5763 1865 5826">
    <p class='ocr_par' dir='ltr' id='par_1_61' title="bbox 278 5763 1865 5826">
     <span class='ocr_line' id='line_1_61' title="bbox 278 5763 1865 5826; baseline 0.002 -14"><span class='ocrx_word' id='word_1_446' title='bbox 278 5769 338 5816; x_wconf 62' lang='lat' dir='ltr'><strong>da</strong></span> <span class='ocrx_word' id='word_1_447' title='bbox 357 5783 384 5815; x_wconf 65' lang='grc' dir='ltr'><strong>σε</strong></span> <span class='ocrx_word' id='word_1_448' title='bbox 408 5773 517 5816; x_wconf 67' lang='lat' dir='ltr'><strong>nar.</strong></span> <span class='ocrx_word' id='word_1_449' title='bbox 541 5763 691 5816; x_wconf 64' lang='lat' dir='ltr'><strong>loeata</strong></span> <span class='ocrx_word' id='word_1_450' title='bbox 715 5774 823 5815; x_wconf 81' lang='lat' dir='ltr'><strong>sunt</strong></span> <span class='ocrx_word' id='word_1_451' title='bbox 855 5763 990 5825; x_wconf 70' lang='lat' dir='ltr'><strong>ante,</strong></span> <span class='ocrx_word' id='word_1_452' title='bbox 1011 5763 1345 5815; x_wconf 71' lang='lat' dir='ltr'><strong>convincuntur</strong></span> <span class='ocrx_word' id='word_1_453' title='bbox 1362 5772 1519 5814; x_wconf 76' lang='lat' dir='ltr'><strong>autem</strong></span> <span class='ocrx_word' id='word_1_454' title='bbox 1540 5764 1784 5826; x_wconf 76' lang='lat' dir='ltr'><strong>l&#39;ucillintc.</strong></span> <span class='ocrx_word' id='word_1_455' title='bbox 1805 5793 1865 5803; x_wconf 90' lang='lat'><strong>—-</strong></span> 
     </span>
    </p>
   </div>
   <div class='ocr_carea' id='block_1_62' title="bbox 1631 351 2172 410">
    <p class='ocr_par' dir='ltr' id='par_1_62' title="bbox 1631 351 2172 410">
     <span class='ocr_line' id='line_1_62' title="bbox 1631 351 2172 410; baseline 0.006 -3"><span class='ocrx_word' id='word_1_456' title='bbox 1631 356 1634 358; x_wconf 74' lang='grc'><strong><em>’</em></strong></span> <span class='ocrx_word' id='word_1_457' title='bbox 1664 351 1864 407; x_wconf 77' lang='lat' dir='ltr'><strong>LIBER</strong></span> <span class='ocrx_word' id='word_1_458' title='bbox 1905 351 2172 410; x_wconf 77' lang='lat' dir='ltr'><strong>PRIMUS.</strong></span> 
     </span>
    </p>
   </div>
   <div class='ocr_carea' id='block_1_63' title="bbox 3436 366 3612 422">
    <p class='ocr_par' dir='ltr' id='par_1_63' title="bbox 3436 366 3612 422">
     <span class='ocr_line' id='line_1_63' title="bbox 3436 366 3612 422; baseline 0.023 -4"><span class='ocrx_word' id='word_1_459' title='bbox 3436 366 3574 422; x_wconf 65' lang='lat'><strong>105/:</strong></span> <span class='ocrx_word' id='word_1_460' title='bbox 3609 405 3612 407; x_wconf 65' lang='grc'><strong>›</strong></span> 
     </span>
    </p>
   </div>
   <div class='ocr_carea' id='block_1_64' title="bbox 1997 470 3566 536">
    <p class='ocr_par' dir='ltr' id='par_1_64' title="bbox 1997 470 3566 536">
     <span class='ocr_line' id='line_1_64' title="bbox 1997 470 3566 536; baseline 0.008 -16"><span class='ocrx_word' id='word_1_461' title='bbox 1997 475 2211 536; x_wconf 91' lang='lat' dir='ltr'><strong>propter</strong></span> <span class='ocrx_word' id='word_1_462' title='bbox 2238 470 2528 526; x_wconf 76' lang='lat' dir='ltr'><strong>honestatis</strong></span> <span class='ocrx_word' id='word_1_463' title='bbox 2560 473 2908 528; x_wconf 87' lang='lat' dir='ltr'><strong>reverentiam</strong></span> <span class='ocrx_word' id='word_1_464' title='bbox 2937 472 3187 529; x_wconf 91' lang='lat' dir='ltr'><strong>oblivioni</strong></span> <span class='ocrx_word' id='word_1_465' title='bbox 3216 477 3566 532; x_wconf 76' lang='lat' dir='ltr'><strong>exterminata</strong></span> 
     </span>
    </p>
   </div>
   <div class='ocr_carea' id='block_1_65' title="bbox 1990 558 2327 613">
    <p class='ocr_par' dir='ltr' id='par_1_65' title="bbox 1990 558 2327 613">
     <span class='ocr_line' id='line_1_65' title="bbox 1990 558 2327 613; baseline 0.012 -4"><span class='ocrx_word' id='word_1_466' title='bbox 1990 558 2327 613; x_wconf 88' lang='lat' dir='ltr'><strong>mandentur.</strong></span> 
     </span>
    </p>
   </div>
   <div class='ocr_carea' id='block_1_66' title="bbox 2060 649 3354 723">
    <p class='ocr_par' dir='ltr' id='par_1_66' title="bbox 2060 649 3354 723">
     <span class='ocr_line' id='line_1_66' title="bbox 2060 649 3354 723; baseline 0.005 -24"><span class='ocrx_word' id='word_1_467' title='bbox 2060 649 2196 704; x_wconf 81' lang='lat' dir='ltr'><strong>Auc.</strong></span> <span class='ocrx_word' id='word_1_468' title='bbox 2236 649 2352 704; x_wconf 84' lang='lat' dir='ltr'><strong>Non</strong></span> <span class='ocrx_word' id='word_1_469' title='bbox 2378 649 2642 719; x_wconf 89' lang='lat' dir='ltr'><strong>quomodo</strong></span> <span class='ocrx_word' id='word_1_470' title='bbox 2667 652 2748 704; x_wconf 85' lang='lat' dir='ltr'><strong>vis</strong></span> <span class='ocrx_word' id='word_1_471' title='bbox 2769 651 3011 721; x_wconf 87' lang='lat' dir='ltr'><strong>judicant</strong></span> <span class='ocrx_word' id='word_1_472' title='bbox 3033 653 3121 722; x_wconf 88' lang='lat' dir='ltr'><strong>qui</strong></span> <span class='ocrx_word' id='word_1_473' title='bbox 3152 653 3354 723; x_wconf 86' lang='lat' dir='ltr'><strong>legunt.</strong></span> 
     </span>
    </p>
   </div>
   <div class='ocr_carea' id='block_1_67' title="bbox 2059 735 3570 814">
    <p class='ocr_par' dir='ltr' id='par_1_67' title="bbox 2059 735 3570 814">
     <span class='ocr_line' id='line_1_67' title="bbox 2059 735 3570 814; baseline 0.006 -23"><span class='ocrx_word' id='word_1_474' title='bbox 2059 735 2151 791; x_wconf 76' lang='lat' dir='ltr'><strong>IX.</strong></span> <span class='ocrx_word' id='word_1_475' title='bbox 2190 738 2308 793; x_wconf 67' lang='lat' dir='ltr'><strong>Jun.</strong></span> <span class='ocrx_word' id='word_1_476' title='bbox 2351 740 2557 794; x_wconf 87' lang='lat' dir='ltr'><strong>Primus</strong></span> <span class='ocrx_word' id='word_1_477' title='bbox 2604 741 2762 810; x_wconf 85' lang='lat' dir='ltr'><strong>igitur</strong></span> <span class='ocrx_word' id='word_1_478' title='bbox 2799 743 2914 812; x_wconf 88' lang='lat' dir='ltr'><strong>ejus</strong></span> <span class='ocrx_word' id='word_1_479' title='bbox 2956 744 3108 807; x_wconf 89' lang='lat' dir='ltr'><strong>liber,</strong></span> <span class='ocrx_word' id='word_1_480' title='bbox 3136 745 3226 814; x_wconf 89' lang='lat' dir='ltr'><strong>qni</strong></span> <span class='ocrx_word' id='word_1_481' title='bbox 3265 754 3386 799; x_wconf 89' lang='lat' dir='ltr'><strong>ante</strong></span> <span class='ocrx_word' id='word_1_482' title='bbox 3427 746 3570 800; x_wconf 90' lang='lat' dir='ltr'><strong>hunc</strong></span> 
     </span>
    </p>
   </div>
   <div class='ocr_carea' id='block_1_68' title="bbox 1987 826 3568 891">
    <p class='ocr_par' dir='ltr' id='par_1_68' title="bbox 1987 826 3568 891">
     <span class='ocr_line' id='line_1_68' title="bbox 1987 826 3568 891; baseline 0.006 -13"><span class='ocrx_word' id='word_1_483' title='bbox 1987 826 2132 880; x_wconf 88' lang='lat' dir='ltr'><strong>solus</strong></span> <span class='ocrx_word' id='word_1_484' title='bbox 2158 838 2238 882; x_wconf 89' lang='lat' dir='ltr'><strong>est</strong></span> <span class='ocrx_word' id='word_1_485' title='bbox 2264 829 2458 891; x_wconf 84' lang='lat' dir='ltr'><strong>editus,</strong></span> <span class='ocrx_word' id='word_1_486' title='bbox 2488 846 2656 884; x_wconf 89' lang='lat' dir='ltr'><strong>novos</strong></span> <span class='ocrx_word' id='word_1_487' title='bbox 2682 846 2780 884; x_wconf 92' lang='lat' dir='ltr'><strong>nos</strong></span> <span class='ocrx_word' id='word_1_488' title='bbox 2809 847 2928 886; x_wconf 88' lang='lat' dir='ltr'><strong>esse</strong></span> <span class='ocrx_word' id='word_1_489' title='bbox 2953 833 3233 888; x_wconf 79' lang='lat' dir='ltr'><strong>luereticos</strong></span> <span class='ocrx_word' id='word_1_490' title='bbox 3258 836 3568 889; x_wconf 87' lang='lat' dir='ltr'><strong>criminatur</strong></span> 
     </span>
    </p>
   </div>
   <div class='ocr_carea' id='block_1_69' title="bbox 1946 913 3561 996">
    <p class='ocr_par' dir='ltr' id='par_1_69' title="bbox 1946 913 3561 996">
     <span class='ocr_line' id='line_1_69' title="bbox 1946 913 3561 996; baseline 0.007 -28"><span class='ocrx_word' id='word_1_491' title='bbox 1946 987 1951 992; x_wconf 27' lang='lat'>.</span> <span class='ocrx_word' id='word_1_492' title='bbox 1989 913 2088 986; x_wconf 89' lang='lat' dir='ltr'><strong>(De</strong></span> <span class='ocrx_word' id='word_1_493' title='bbox 2111 916 2318 987; x_wconf 75' lang='lat' dir='ltr'><strong>Nuptiis</strong></span> <span class='ocrx_word' id='word_1_494' title='bbox 2342 929 2388 972; x_wconf 88' lang='lat' dir='ltr'><strong>et</strong></span> <span class='ocrx_word' id='word_1_495' title='bbox 2409 918 2844 990; x_wconf 84' lang='lat' dir='ltr'><strong>Concupiscentia,</strong></span> <span class='ocrx_word' id='word_1_496' title='bbox 2874 921 2961 975; x_wconf 81' lang='lat' dir='ltr'><strong>lib.</strong></span> <span class='ocrx_word' id='word_1_497' title='bbox 2987 924 3038 986; x_wconf 79' lang='grc'><strong>1,</strong></span> <span class='ocrx_word' id='word_1_498' title='bbox 3069 940 3120 977; x_wconf 87' lang='grc' dir='ltr'><strong>η.</strong></span> <span class='ocrx_word' id='word_1_499' title='bbox 3151 922 3203 996; x_wconf 79' lang='grc'><strong>1)</strong></span> <span class='ocrx_word' id='word_1_500' title='bbox 3230 942 3242 978; x_wconf 91' lang='lat'><strong>:</strong></span> <span class='ocrx_word' id='word_1_501' title='bbox 3268 926 3386 992; x_wconf 87' lang='lat' dir='ltr'><strong>quia</strong></span> <span class='ocrx_word' id='word_1_502' title='bbox 3412 941 3561 994; x_wconf 84' lang='lat' dir='ltr'><strong>repu-</strong></span> 
     </span>
    </p>
   </div>
   <div class='ocr_carea' id='block_1_70' title="bbox 1984 1008 3564 1083">
    <p class='ocr_par' dir='ltr' id='par_1_70' title="bbox 1984 1008 3564 1083">
     <span class='ocr_line' id='line_1_70' title="bbox 1984 1008 3564 1083; baseline 0.006 -25"><span class='ocrx_word' id='word_1_503' title='bbox 1984 1020 2208 1075; x_wconf 84' lang='lat' dir='ltr'><strong>gnemus</strong></span> <span class='ocrx_word' id='word_1_504' title='bbox 2232 1008 2487 1076; x_wconf 90' lang='lat' dir='ltr'><strong>opinioni,</strong></span> <span class='ocrx_word' id='word_1_505' title='bbox 2513 1026 2630 1078; x_wconf 66' lang='lat' dir='ltr'><strong>quae</strong></span> <span class='ocrx_word' id='word_1_506' title='bbox 2659 1009 2888 1064; x_wconf 86' lang='lat' dir='ltr'><strong>dealbati</strong></span> <span class='ocrx_word' id='word_1_507' title='bbox 2915 1013 2930 1043; x_wconf 78' lang='grc' dir='ltr'>ί</span> <span class='ocrx_word' id='word_1_508' title='bbox 2957 1013 3122 1066; x_wconf 86' lang='lat' dir='ltr'><strong>instar</strong></span> <span class='ocrx_word' id='word_1_509' title='bbox 3146 1013 3396 1082; x_wconf 80' lang='lat' dir='ltr'><strong>sepulcri,</strong></span> <span class='ocrx_word' id='word_1_510' title='bbox 3423 1013 3564 1083; x_wconf 89' lang='lat' dir='ltr'><strong>quod</strong></span> 
     </span>
    </p>
   </div>
   <div class='ocr_carea' id='block_1_71' title="bbox 1984 1096 3566 1168">
    <p class='ocr_par' dir='ltr' id='par_1_71' title="bbox 1984 1096 3566 1168">
     <span class='ocr_line' id='line_1_71' title="bbox 1984 1096 3566 1168; baseline 0.006 -19"><span class='ocrx_word' id='word_1_511' title='bbox 1984 1096 2275 1150; x_wconf 84' lang='lat' dir='ltr'><strong>secundum</strong></span> <span class='ocrx_word' id='word_1_512' title='bbox 2313 1097 2584 1168; x_wconf 85' lang='lat' dir='ltr'><strong>Evangelii</strong></span> <span class='ocrx_word' id='word_1_513' title='bbox 2631 1102 2982 1168; x_wconf 90' lang='lat' dir='ltr'><strong>sententiam,</strong></span> <span class='ocrx_word' id='word_1_514' title='bbox 3015 1102 3210 1156; x_wconf 92' lang='lat' dir='ltr'><strong>mundo</strong></span> <span class='ocrx_word' id='word_1_515' title='bbox 3237 1105 3566 1158; x_wconf 89' lang='lat' dir='ltr'><strong>extrinsecus</strong></span> 
     </span>
    </p>
   </div>
   <div class='ocr_carea' id='block_1_72' title="bbox 1984 1187 3562 1264">
    <p class='ocr_par' dir='ltr' id='par_1_72' title="bbox 1984 1187 3562 1264">
     <span class='ocr_line' id='line_1_72' title="bbox 1984 1187 3562 1264; baseline 0.007 -25"><span class='ocrx_word' id='word_1_516' title='bbox 1984 1187 2162 1241; x_wconf 85' lang='lat' dir='ltr'><strong>colore</strong></span> <span class='ocrx_word' id='word_1_517' title='bbox 2192 1190 2460 1250; x_wconf 87' lang='lat' dir='ltr'><strong>vestitum.</strong></span> <span class='ocrx_word' id='word_1_518' title='bbox 2493 1191 2744 1259; x_wconf 88' lang='lat' dir='ltr'><strong>spurcitia</strong></span> <span class='ocrx_word' id='word_1_519' title='bbox 2775 1201 2855 1246; x_wconf 78' lang='lat' dir='ltr'><strong>est</strong></span> <span class='ocrx_word' id='word_1_520' title='bbox 2881 1204 2935 1246; x_wconf 92' lang='lat' dir='ltr'><strong>et</strong></span> <span class='ocrx_word' id='word_1_521' title='bbox 2963 1194 3239 1264; x_wconf 86' lang='lat' dir='ltr'><strong>iniquitate</strong></span> <span class='ocrx_word' id='word_1_522' title='bbox 3266 1196 3562 1250; x_wconf 82' lang='lat' dir='ltr'><strong>confertum</strong></span> 
     </span>
    </p>
   </div>
   <div class='ocr_carea' id='block_1_73' title="bbox 1989 1274 3564 1352">
    <p class='ocr_par' dir='ltr' id='par_1_73' title="bbox 1989 1274 3564 1352">
     <span class='ocr_line' id='line_1_73' title="bbox 1989 1274 3564 1352; baseline 0.008 -26"><span class='ocrx_word' id='word_1_523' title='bbox 1989 1274 2198 1344; x_wconf 76' lang='lat' dir='ltr'><strong>(Matth.</strong></span> <span class='ocrx_word' id='word_1_524' title='bbox 2223 1294 2372 1342; x_wconf 67' lang='grc' dir='ltr'><strong>χχιιι,</strong></span> <span class='ocrx_word' id='word_1_525' title='bbox 2395 1278 2508 1352; x_wconf 69' lang='lat'><strong>27),</strong></span> <span class='ocrx_word' id='word_1_526' title='bbox 2537 1281 2637 1334; x_wconf 88' lang='lat' dir='ltr'><strong>sub</strong></span> <span class='ocrx_word' id='word_1_527' title='bbox 2666 1281 2820 1336; x_wconf 84' lang='lat' dir='ltr'><strong>laude</strong></span> <span class='ocrx_word' id='word_1_528' title='bbox 2852 1282 3192 1352; x_wconf 82' lang='lat' dir='ltr'><strong>Baptismatis</strong></span> <span class='ocrx_word' id='word_1_529' title='bbox 3220 1293 3423 1340; x_wconf 85' lang='lat' dir='ltr'><strong>eructat</strong></span> <span class='ocrx_word' id='word_1_530' title='bbox 3451 1285 3564 1339; x_wconf 80' lang='lat' dir='ltr'><strong>Ma-</strong></span> 
     </span>
    </p>
   </div>
   <div class='ocr_carea' id='block_1_74' title="bbox 1984 1357 3561 1441">
    <p class='ocr_par' dir='ltr' id='par_1_74' title="bbox 1984 1357 3561 1441">
     <span class='ocr_line' id='line_1_74' title="bbox 1984 1357 3561 1441; baseline 0.007 -23"><span class='ocrx_word' id='word_1_531' title='bbox 1984 1366 2306 1420; x_wconf 74' lang='lat' dir='ltr'><strong>tticlm‘orum</strong></span> <span class='ocrx_word' id='word_1_532' title='bbox 2337 1370 2523 1424; x_wconf 86' lang='lat' dir='ltr'><strong>sordes</strong></span> <span class='ocrx_word' id='word_1_533' title='bbox 2544 1371 2565 1401; x_wconf 79' lang='grc'><em>³</em></span> <span class='ocrx_word' id='word_1_534' title='bbox 2586 1385 2648 1424; x_wconf 89' lang='lat' dir='ltr'><strong>ac</strong></span> <span class='ocrx_word' id='word_1_535' title='bbox 2675 1371 2918 1426; x_wconf 89' lang='lat' dir='ltr'><strong>naturale</strong></span> <span class='ocrx_word' id='word_1_536' title='bbox 2949 1357 3254 1441; x_wconf 87' lang='lat' dir='ltr'><strong>peccatum,</strong></span> <span class='ocrx_word' id='word_1_537' title='bbox 3291 1383 3348 1427; x_wconf 91' lang='lat' dir='ltr'><strong>ut</strong></span> <span class='ocrx_word' id='word_1_538' title='bbox 3377 1374 3561 1429; x_wconf 85' lang='lat' dir='ltr'><strong>Eccle-</strong></span> 
     </span>
    </p>
   </div>
   <div class='ocr_carea' id='block_1_75' title="bbox 1981 1457 3559 1529">
    <p class='ocr_par' dir='ltr' id='par_1_75' title="bbox 1981 1457 3559 1529">
     <span class='ocr_line' id='line_1_75' title="bbox 1981 1457 3559 1529; baseline 0.004 -18"><span class='ocrx_word' id='word_1_539' title='bbox 1981 1457 2074 1511; x_wconf 61' lang='lat' dir='ltr'><strong>siae</strong></span> <span class='ocrx_word' id='word_1_540' title='bbox 2101 1458 2378 1513; x_wconf 76' lang='lat' dir='ltr'><strong>catholica:</strong></span> <span class='ocrx_word' id='word_1_541' title='bbox 2407 1475 2536 1529; x_wconf 87' lang='lat' dir='ltr'><strong>pura</strong></span> <span class='ocrx_word' id='word_1_542' title='bbox 2561 1460 2815 1516; x_wconf 89' lang='lat' dir='ltr'><strong>hactenus</strong></span> <span class='ocrx_word' id='word_1_543' title='bbox 2837 1463 3180 1517; x_wconf 88' lang='lat' dir='ltr'><strong>Sacramenta</strong></span> <span class='ocrx_word' id='word_1_544' title='bbox 3211 1464 3559 1519; x_wconf 89' lang='lat' dir='ltr'><strong>contaminet.</strong></span> 
     </span>
    </p>
   </div>
   <div class='ocr_carea' id='block_1_76' title="bbox 2054 1551 3559 1624">
    <p class='ocr_par' dir='ltr' id='par_1_76' title="bbox 2054 1551 3559 1624">
     <span class='ocr_line' id='line_1_76' title="bbox 2054 1551 3559 1624; baseline 0.004 -20"><span class='ocrx_word' id='word_1_545' title='bbox 2054 1552 2190 1608; x_wconf 79' lang='lat' dir='ltr'><strong>Ave.</strong></span> <span class='ocrx_word' id='word_1_546' title='bbox 2230 1551 2406 1606; x_wconf 85' lang='lat' dir='ltr'><strong>Novos</strong></span> <span class='ocrx_word' id='word_1_547' title='bbox 2436 1553 2715 1607; x_wconf 81' lang='lat' dir='ltr'><strong>haereticos</strong></span> <span class='ocrx_word' id='word_1_548' title='bbox 2742 1567 2838 1608; x_wconf 89' lang='lat' dir='ltr'><strong>vos</strong></span> <span class='ocrx_word' id='word_1_549' title='bbox 2867 1555 3080 1624; x_wconf 90' lang='lat' dir='ltr'><strong>antiqua</strong></span> <span class='ocrx_word' id='word_1_550' title='bbox 3109 1555 3363 1609; x_wconf 89' lang='lat' dir='ltr'><strong>catholica</strong></span> <span class='ocrx_word' id='word_1_551' title='bbox 3396 1555 3559 1619; x_wconf 89' lang='lat' dir='ltr'><strong>tides,</strong></span> 
     </span>
    </p>
   </div>
   <div class='ocr_carea' id='block_1_77' title="bbox 1980 1643 3559 1714">
    <p class='ocr_par' dir='ltr' id='par_1_77' title="bbox 1980 1643 3559 1714">
     <span class='ocr_line' id='line_1_77' title="bbox 1980 1643 3559 1714; baseline 0.004 -20"><span class='ocrx_word' id='word_1_552' title='bbox 1980 1657 2142 1709; x_wconf 88' lang='lat' dir='ltr'><strong>quam</strong></span> <span class='ocrx_word' id='word_1_553' title='bbox 2188 1643 2349 1697; x_wconf 90' lang='lat' dir='ltr'><strong>modo</strong></span> <span class='ocrx_word' id='word_1_554' title='bbox 2393 1660 2700 1714; x_wconf 82' lang='lat' dir='ltr'><strong>Oppugnare</strong></span> <span class='ocrx_word' id='word_1_555' title='bbox 2745 1645 3001 1713; x_wconf 80' lang='lat' dir='ltr'><strong>coepistis,</strong></span> <span class='ocrx_word' id='word_1_556' title='bbox 3042 1661 3071 1698; x_wconf 89' lang='lat' dir='ltr'><strong>a</strong></span> <span class='ocrx_word' id='word_1_557' title='bbox 3117 1646 3559 1714; x_wconf 64' lang='lat' dir='ltr'><strong>prarclarissimis,</strong></span> 
     </span>
    </p>
   </div>
   <div class='ocr_carea' id='block_1_78' title="bbox 1979 1735 3558 1806">
    <p class='ocr_par' dir='ltr' id='par_1_78' title="bbox 1979 1735 3558 1806">
     <span class='ocr_line' id='line_1_78' title="bbox 1979 1735 3558 1806; baseline 0.001 -18"><span class='ocrx_word' id='word_1_558' title='bbox 1979 1737 2065 1803; x_wconf 91' lang='lat' dir='ltr'><strong>qui</strong></span> <span class='ocrx_word' id='word_1_559' title='bbox 2107 1735 2320 1790; x_wconf 87' lang='lat' dir='ltr'><strong>fuerunt</strong></span> <span class='ocrx_word' id='word_1_560' title='bbox 2355 1751 2479 1792; x_wconf 90' lang='lat' dir='ltr'><strong>ante</strong></span> <span class='ocrx_word' id='word_1_561' title='bbox 2527 1753 2642 1801; x_wconf 90' lang='lat' dir='ltr'><strong>nos,</strong></span> <span class='ocrx_word' id='word_1_562' title='bbox 2680 1738 2985 1803; x_wconf 85' lang='lat' dir='ltr'><strong>doctoribus</strong></span> <span class='ocrx_word' id='word_1_563' title='bbox 3013 1739 3294 1806; x_wconf 70' lang='lat' dir='ltr'><strong>prwdicala</strong></span> <span class='ocrx_word' id='word_1_564' title='bbox 3334 1738 3558 1792; x_wconf 88' lang='lat' dir='ltr'><strong>demon-</strong></span> 
     </span>
    </p>
   </div>
   <div class='ocr_carea' id='block_1_79' title="bbox 1977 1825 3561 1896">
    <p class='ocr_par' dir='ltr' id='par_1_79' title="bbox 1977 1825 3561 1896">
     <span class='ocr_line' id='line_1_79' title="bbox 1977 1825 3561 1896; baseline 0.003 -20"><span class='ocrx_word' id='word_1_565' title='bbox 1977 1833 2130 1878; x_wconf 89' lang='lat' dir='ltr'><strong>strat.</strong></span> <span class='ocrx_word' id='word_1_566' title='bbox 2154 1825 2270 1879; x_wconf 89' lang='lat' dir='ltr'><strong>Non</strong></span> <span class='ocrx_word' id='word_1_567' title='bbox 2299 1837 2478 1881; x_wconf 89' lang='lat' dir='ltr'><strong>autem</strong></span> <span class='ocrx_word' id='word_1_568' title='bbox 2505 1827 2524 1857; x_wconf 86' lang='grc'><em>³</em></span> <span class='ocrx_word' id='word_1_569' title='bbox 2547 1828 2795 1881; x_wconf 89' lang='lat' dir='ltr'><strong>omnibus</strong></span> <span class='ocrx_word' id='word_1_570' title='bbox 2821 1827 3244 1896; x_wconf 88' lang='lat' dir='ltr'><strong>respondendum</strong></span> <span class='ocrx_word' id='word_1_571' title='bbox 3270 1837 3352 1883; x_wconf 91' lang='lat' dir='ltr'><strong>est</strong></span> <span class='ocrx_word' id='word_1_572' title='bbox 3381 1829 3561 1882; x_wconf 84' lang='lat' dir='ltr'><strong>convi-</strong></span> 
     </span>
    </p>
   </div>
   <div class='ocr_carea' id='block_1_80' title="bbox 1977 1915 3555 1986">
    <p class='ocr_par' dir='ltr' id='par_1_80' title="bbox 1977 1915 3555 1986">
     <span class='ocr_line' id='line_1_80' title="bbox 1977 1915 3555 1986; baseline 0.004 -20"><span class='ocrx_word' id='word_1_573' title='bbox 1977 1915 2074 1967; x_wconf 87' lang='lat' dir='ltr'><strong>ciis</strong></span> <span class='ocrx_word' id='word_1_574' title='bbox 2107 1916 2279 1983; x_wconf 90' lang='lat' dir='ltr'><strong>potius</strong></span> <span class='ocrx_word' id='word_1_575' title='bbox 2309 1933 2465 1984; x_wconf 89' lang='lat' dir='ltr'><strong>quam</strong></span> <span class='ocrx_word' id='word_1_576' title='bbox 2497 1917 2922 1971; x_wconf 89' lang='lat' dir='ltr'><strong>accusationibus</strong></span> <span class='ocrx_word' id='word_1_577' title='bbox 2950 1919 3072 1980; x_wconf 88' lang='lat' dir='ltr'><strong>tuis,</strong></span> <span class='ocrx_word' id='word_1_578' title='bbox 3097 1933 3214 1986; x_wconf 72' lang='lat' dir='ltr'><strong>qum</strong></span> <span class='ocrx_word' id='word_1_579' title='bbox 3235 1933 3338 1971; x_wconf 90' lang='lat' dir='ltr'><strong>non</strong></span> <span class='ocrx_word' id='word_1_580' title='bbox 3369 1919 3418 1972; x_wconf 91' lang='lat' dir='ltr'><strong>in</strong></span> <span class='ocrx_word' id='word_1_581' title='bbox 3450 1933 3555 1985; x_wconf 91' lang='lat' dir='ltr'><strong>me,</strong></span> 
     </span>
    </p>
   </div>
   <div class='ocr_carea' id='block_1_81' title="bbox 1977 2005 3558 2078">
    <p class='ocr_par' dir='ltr' id='par_1_81' title="bbox 1977 2005 3558 2078">
     <span class='ocr_line' id='line_1_81' title="bbox 1977 2005 3558 2078; baseline 0.003 -22"><span class='ocrx_word' id='word_1_582' title='bbox 1977 2005 2068 2058; x_wconf 89' lang='lat' dir='ltr'><strong>sed</strong></span> <span class='ocrx_word' id='word_1_583' title='bbox 2099 2006 2259 2059; x_wconf 76' lang='lat' dir='ltr'><strong>etiam</strong></span> <span class='ocrx_word' id='word_1_584' title='bbox 2303 2007 2354 2059; x_wconf 93' lang='lat' dir='ltr'><strong>in</strong></span> <span class='ocrx_word' id='word_1_585' title='bbox 2385 2007 2742 2076; x_wconf 84' lang='lat' dir='ltr'><strong>Ambrosium,</strong></span> <span class='ocrx_word' id='word_1_586' title='bbox 2776 2007 3054 2070; x_wconf 89' lang='lat' dir='ltr'><strong>llilarium,</strong></span> <span class='ocrx_word' id='word_1_587' title='bbox 3085 2006 3416 2076; x_wconf 82' lang='lat' dir='ltr'><strong>Gregorium,</strong></span> <span class='ocrx_word' id='word_1_588' title='bbox 3448 2005 3558 2078; x_wconf 85' lang='lat' dir='ltr'><strong>Cy-</strong></span> 
     </span>
    </p>
   </div>
   <div class='ocr_carea' id='block_1_82' title="bbox 1981 2096 3557 2166">
    <p class='ocr_par' dir='ltr' id='par_1_82' title="bbox 1981 2096 3557 2166">
     <span class='ocr_line' id='line_1_82' title="bbox 1981 2096 3557 2166; baseline 0.002 -19"><span class='ocrx_word' id='word_1_589' title='bbox 1981 2097 2240 2164; x_wconf 77' lang='lat' dir='ltr'><strong>prianum,</strong></span> <span class='ocrx_word' id='word_1_590' title='bbox 2287 2096 2524 2166; x_wconf 87' lang='lat' dir='ltr'><strong>aliosque</strong></span> <span class='ocrx_word' id='word_1_591' title='bbox 2567 2098 3036 2166; x_wconf 59' lang='lat' dir='ltr'><strong>mtedicatissimtis</strong></span> <span class='ocrx_word' id='word_1_592' title='bbox 3078 2099 3330 2151; x_wconf 69' lang='lat' dir='ltr'><strong>Ecclesia:</strong></span> <span class='ocrx_word' id='word_1_593' title='bbox 3374 2097 3557 2150; x_wconf 80' lang='lat' dir='ltr'><strong>docto-</strong></span> 
     </span>
    </p>
   </div>
   <div class='ocr_carea' id='block_1_83' title="bbox 1981 2186 3558 2256">
    <p class='ocr_par' dir='ltr' id='par_1_83' title="bbox 1981 2186 3558 2256">
     <span class='ocr_line' id='line_1_83' title="bbox 1981 2186 3558 2256; baseline 0.003 -20"><span class='ocrx_word' id='word_1_594' title='bbox 1981 2200 2086 2246; x_wconf 89' lang='lat' dir='ltr'><strong>res,</strong></span> <span class='ocrx_word' id='word_1_595' title='bbox 2138 2189 2311 2240; x_wconf 89' lang='lat' dir='ltr'><strong>fronte</strong></span> <span class='ocrx_word' id='word_1_596' title='bbox 2355 2186 2808 2256; x_wconf 89' lang='lat' dir='ltr'><strong>impudentissima</strong></span> <span class='ocrx_word' id='word_1_597' title='bbox 2858 2196 2912 2240; x_wconf 89' lang='lat' dir='ltr'><strong>et</strong></span> <span class='ocrx_word' id='word_1_598' title='bbox 2962 2187 3135 2256; x_wconf 83' lang='lat' dir='ltr'><strong>lingua</strong></span> <span class='ocrx_word' id='word_1_599' title='bbox 3187 2188 3558 2255; x_wconf 86' lang='lat' dir='ltr'><strong>procacissima</strong></span> 
     </span>
    </p>
   </div>
   <div class='ocr_carea' id='block_1_84' title="bbox 1973 2274 2659 2344">
    <p class='ocr_par' dir='ltr' id='par_1_84' title="bbox 1973 2274 2659 2344">
     <span class='ocr_line' id='line_1_84' title="bbox 1973 2274 2659 2344; baseline 0.009 -19"><span class='ocrx_word' id='word_1_600' title='bbox 1973 2274 2240 2344; x_wconf 85' lang='lat' dir='ltr'><strong>jacularis.</strong></span> <span class='ocrx_word' id='word_1_601' title='bbox 2657 2288 2659 2290; x_wconf 84' lang='grc'><em>’</em></span> 
     </span>
    </p>
   </div>
   <div class='ocr_carea' id='block_1_85' title="bbox 2049 2365 3559 2439">
    <p class='ocr_par' dir='ltr' id='par_1_85' title="bbox 2049 2365 3559 2439">
     <span class='ocr_line' id='line_1_85' title="bbox 2049 2365 3559 2439; baseline 0.003 -21"><span class='ocrx_word' id='word_1_602' title='bbox 2049 2365 2114 2418; x_wconf 84' lang='grc' dir='ltr'><strong>Χ.</strong></span> <span class='ocrx_word' id='word_1_603' title='bbox 2141 2366 2257 2420; x_wconf 81' lang='lat' dir='ltr'><strong>JUL.</strong></span> <span class='ocrx_word' id='word_1_604' title='bbox 2283 2365 2488 2420; x_wconf 88' lang='lat' dir='ltr'><strong>Laudat</strong></span> <span class='ocrx_word' id='word_1_605' title='bbox 2515 2367 2672 2421; x_wconf 90' lang='lat' dir='ltr'><strong>etiam</strong></span> <span class='ocrx_word' id='word_1_606' title='bbox 2701 2375 2969 2437; x_wconf 89' lang='lat' dir='ltr'><strong>potentem</strong></span> <span class='ocrx_word' id='word_1_607' title='bbox 2999 2367 3267 2422; x_wconf 84' lang='lat' dir='ltr'><strong>hominem</strong></span> <span class='ocrx_word' id='word_1_608' title='bbox 3301 2365 3398 2439; x_wconf 85' lang='grc' dir='ltr'><strong>(α),</strong></span> <span class='ocrx_word' id='word_1_609' title='bbox 3419 2368 3559 2438; x_wconf 92' lang='lat' dir='ltr'><strong>quod</strong></span> 
     </span>
    </p>
   </div>
   <div class='ocr_carea' id='block_1_86' title="bbox 1978 2457 3559 2529">
    <p class='ocr_par' dir='ltr' id='par_1_86' title="bbox 1978 2457 3559 2529">
     <span class='ocr_line' id='line_1_86' title="bbox 1978 2457 3559 2529; baseline 0.005 -21"><span class='ocrx_word' id='word_1_610' title='bbox 1978 2457 2173 2510; x_wconf 90' lang='lat' dir='ltr'><strong>nostris</strong></span> <span class='ocrx_word' id='word_1_611' title='bbox 2212 2458 2574 2525; x_wconf 88' lang='lat' dir='ltr'><strong>petitionibus,</strong></span> <span class='ocrx_word' id='word_1_612' title='bbox 2612 2461 2700 2528; x_wconf 91' lang='lat' dir='ltr'><strong>qui</strong></span> <span class='ocrx_word' id='word_1_613' title='bbox 2740 2459 2872 2514; x_wconf 87' lang='lat' dir='ltr'><strong>nihil</strong></span> <span class='ocrx_word' id='word_1_614' title='bbox 2899 2459 3040 2513; x_wconf 89' lang='lat' dir='ltr'><strong>aliud</strong></span> <span class='ocrx_word' id='word_1_615' title='bbox 3067 2475 3224 2529; x_wconf 89' lang='lat' dir='ltr'><strong>quam</strong></span> <span class='ocrx_word' id='word_1_616' title='bbox 3260 2460 3373 2514; x_wconf 88' lang='lat' dir='ltr'><strong>dari</strong></span> <span class='ocrx_word' id='word_1_617' title='bbox 3413 2470 3559 2516; x_wconf 87' lang='lat' dir='ltr'><strong>tanto</strong></span> 
     </span>
    </p>
   </div>
   <div class='ocr_carea' id='block_1_87' title="bbox 1977 2548 3558 2623">
    <p class='ocr_par' dir='ltr' id='par_1_87' title="bbox 1977 2548 3558 2623">
     <span class='ocr_line' id='line_1_87' title="bbox 1977 2548 3558 2623; baseline 0.006 -25"><span class='ocrx_word' id='word_1_618' title='bbox 1977 2548 2188 2616; x_wconf 81' lang='lat' dir='ltr'><strong>negotio</strong></span> <span class='ocrx_word' id='word_1_619' title='bbox 2214 2548 2424 2617; x_wconf 88' lang='lat' dir='ltr'><strong>judices</strong></span> <span class='ocrx_word' id='word_1_620' title='bbox 2453 2549 2898 2616; x_wconf 85' lang='lat' dir='ltr'><strong>vociferabamur,</strong></span> <span class='ocrx_word' id='word_1_621' title='bbox 2931 2561 2990 2606; x_wconf 89' lang='lat' dir='ltr'><strong>ut</strong></span> <span class='ocrx_word' id='word_1_622' title='bbox 3019 2567 3080 2606; x_wconf 89' lang='lat' dir='ltr'><strong>ea</strong></span> <span class='ocrx_word' id='word_1_623' title='bbox 3110 2568 3228 2622; x_wconf 65' lang='lat' dir='ltr'><strong>quae</strong></span> <span class='ocrx_word' id='word_1_624' title='bbox 3255 2553 3558 2623; x_wconf 72' lang='lat' dir='ltr'><strong>subreptio-</strong></span> 
     </span>
    </p>
   </div>
   <div class='ocr_carea' id='block_1_88' title="bbox 1976 2638 3556 2714">
    <p class='ocr_par' dir='ltr' id='par_1_88' title="bbox 1976 2638 3556 2714">
     <span class='ocr_line' id='line_1_88' title="bbox 1976 2638 3556 2714; baseline 0.005 -24"><span class='ocrx_word' id='word_1_625' title='bbox 1976 2638 2130 2692; x_wconf 90' lang='lat' dir='ltr'><strong>nibus</strong></span> <span class='ocrx_word' id='word_1_626' title='bbox 2177 2648 2290 2693; x_wconf 90' lang='lat' dir='ltr'><strong>acta</strong></span> <span class='ocrx_word' id='word_1_627' title='bbox 2341 2641 2617 2696; x_wconf 87' lang='lat' dir='ltr'><strong>constabat</strong></span> <span class='ocrx_word' id='word_1_628' title='bbox 2645 2641 2688 2706; x_wconf 71' lang='grc'><strong>⁸,</strong></span> <span class='ocrx_word' id='word_1_629' title='bbox 2717 2643 3134 2697; x_wconf 86' lang='lat' dir='ltr'><strong>emendarentur</strong></span> <span class='ocrx_word' id='word_1_630' title='bbox 3165 2644 3368 2712; x_wconf 90' lang='lat' dir='ltr'><strong>potius,</strong></span> <span class='ocrx_word' id='word_1_631' title='bbox 3399 2660 3556 2714; x_wconf 88' lang='lat' dir='ltr'><strong>quam</strong></span> 
     </span>
    </p>
   </div>
   <div class='ocr_carea' id='block_1_89' title="bbox 1974 2731 3555 2804">
    <p class='ocr_par' dir='ltr' id='par_1_89' title="bbox 1974 2731 3555 2804">
     <span class='ocr_line' id='line_1_89' title="bbox 1974 2731 3555 2804; baseline 0.003 -20"><span class='ocrx_word' id='word_1_632' title='bbox 1974 2731 2288 2799; x_wconf 87' lang='lat' dir='ltr'><strong>punirentur</strong></span> <span class='ocrx_word' id='word_1_633' title='bbox 2314 2735 2556 2787; x_wconf 85' lang='lat' dir='ltr'><strong>examine</strong></span> <span class='ocrx_word' id='word_1_634' title='bbox 2582 2733 2627 2797; x_wconf 82' lang='lat'><strong>&#39;,</strong></span> <span class='ocrx_word' id='word_1_635' title='bbox 2657 2733 2797 2788; x_wconf 89' lang='lat' dir='ltr'><strong>mole</strong></span> <span class='ocrx_word' id='word_1_636' title='bbox 2825 2749 2935 2788; x_wconf 68' lang='lat' dir='ltr'><strong>sua:</strong></span> <span class='ocrx_word' id='word_1_637' title='bbox 2964 2733 3230 2804; x_wconf 89' lang='lat' dir='ltr'><strong>dignitatis</strong></span> <span class='ocrx_word' id='word_1_638' title='bbox 3267 2735 3555 2802; x_wconf 84' lang='lat' dir='ltr'><strong>obstiterit,</strong></span> 
     </span>
    </p>
   </div>
   <div class='ocr_carea' id='block_1_90' title="bbox 1976 2823 3558 2894">
    <p class='ocr_par' dir='ltr' id='par_1_90' title="bbox 1976 2823 3558 2894">
     <span class='ocr_line' id='line_1_90' title="bbox 1976 2823 3558 2894; baseline 0.004 -20"><span class='ocrx_word' id='word_1_639' title='bbox 1976 2837 2073 2876; x_wconf 90' lang='lat' dir='ltr'><strong>nec</strong></span> <span class='ocrx_word' id='word_1_640' title='bbox 2111 2823 2479 2892; x_wconf 89' lang='lat' dir='ltr'><strong>disceptationi</strong></span> <span class='ocrx_word' id='word_1_641' title='bbox 2523 2833 2730 2894; x_wconf 89' lang='lat' dir='ltr'><strong>tempus</strong></span> <span class='ocrx_word' id='word_1_642' title='bbox 2760 2824 2780 2855; x_wconf 84' lang='grc'><strong>⁶</strong></span> <span class='ocrx_word' id='word_1_643' title='bbox 2801 2834 2891 2878; x_wconf 90' lang='lat' dir='ltr'><strong>aut</strong></span> <span class='ocrx_word' id='word_1_644' title='bbox 2919 2825 3092 2878; x_wconf 87' lang='lat' dir='ltr'><strong>locum</strong></span> <span class='ocrx_word' id='word_1_645' title='bbox 3125 2826 3426 2894; x_wconf 88' lang='lat' dir='ltr'><strong>permiserit</strong></span> <span class='ocrx_word' id='word_1_646' title='bbox 3460 2826 3558 2880; x_wconf 91' lang='lat' dir='ltr'><strong>im-</strong></span> 
     </span>
    </p>
   </div>
   <div class='ocr_carea' id='block_1_91' title="bbox 1973 2913 3558 2984">
    <p class='ocr_par' dir='ltr' id='par_1_91' title="bbox 1973 2913 3558 2984">
     <span class='ocr_line' id='line_1_91' title="bbox 1973 2913 3558 2984; baseline 0.003 -17"><span class='ocrx_word' id='word_1_647' title='bbox 1973 2922 2203 2981; x_wconf 73' lang='lat' dir='ltr'><strong>petrare.</strong></span> <span class='ocrx_word' id='word_1_648' title='bbox 2226 2913 2376 2981; x_wconf 88' lang='lat' dir='ltr'><strong>Quod</strong></span> <span class='ocrx_word' id='word_1_649' title='bbox 2413 2922 2588 2969; x_wconf 90' lang='lat' dir='ltr'><strong>utrum</strong></span> <span class='ocrx_word' id='word_1_650' title='bbox 2621 2915 2708 2969; x_wconf 89' lang='lat' dir='ltr'><strong>ille</strong></span> <span class='ocrx_word' id='word_1_651' title='bbox 2745 2915 2810 2968; x_wconf 90' lang='lat' dir='ltr'><strong>ad</strong></span> <span class='ocrx_word' id='word_1_652' title='bbox 2845 2930 3000 2984; x_wconf 90' lang='lat' dir='ltr'><strong>quem</strong></span> <span class='ocrx_word' id='word_1_653' title='bbox 3031 2917 3302 2982; x_wconf 81' lang='lat' dir='ltr'><strong>scribitur,</strong></span> <span class='ocrx_word' id='word_1_654' title='bbox 3331 2927 3435 2970; x_wconf 88' lang='lat' dir='ltr'><strong>tam</strong></span> <span class='ocrx_word' id='word_1_655' title='bbox 3466 2933 3558 2971; x_wconf 92' lang='lat' dir='ltr'><strong>ne-</strong></span> 
     </span>
    </p>
   </div>
   <div class='ocr_carea' id='block_1_92' title="bbox 1973 3005 3556 3077">
    <p class='ocr_par' dir='ltr' id='par_1_92' title="bbox 1973 3005 3556 3077">
     <span class='ocr_line' id='line_1_92' title="bbox 1973 3005 3556 3077; baseline 0.005 -21"><span class='ocrx_word' id='word_1_656' title='bbox 1973 3012 2148 3074; x_wconf 78' lang='lat' dir='ltr'><strong>quiter</strong></span> <span class='ocrx_word' id='word_1_657' title='bbox 2177 3005 2379 3070; x_wconf 84' lang='lat' dir='ltr'><strong>fecerit,</strong></span> <span class='ocrx_word' id='word_1_658' title='bbox 2406 3021 2560 3075; x_wconf 89' lang='lat' dir='ltr'><strong>quam</strong></span> <span class='ocrx_word' id='word_1_659' title='bbox 2592 3014 2815 3061; x_wconf 89' lang='lat' dir='ltr'><strong>testatur</strong></span> <span class='ocrx_word' id='word_1_660' title='bbox 2842 3008 2938 3060; x_wconf 85' lang='lat' dir='ltr'><strong>ista</strong></span> <span class='ocrx_word' id='word_1_661' title='bbox 2969 3007 3224 3073; x_wconf 88' lang='lat' dir='ltr'><strong>laudatio,</strong></span> <span class='ocrx_word' id='word_1_662' title='bbox 3255 3010 3367 3077; x_wconf 90' lang='lat' dir='ltr'><strong>ipse</strong></span> <span class='ocrx_word' id='word_1_663' title='bbox 3402 3009 3556 3064; x_wconf 88' lang='lat' dir='ltr'><strong>vide-</strong></span> 
     </span>
    </p>
   </div>
   <div class='ocr_carea' id='block_1_93' title="bbox 1975 3096 3553 3168">
    <p class='ocr_par' dir='ltr' id='par_1_93' title="bbox 1975 3096 3553 3168">
     <span class='ocr_line' id='line_1_93' title="bbox 1975 3096 3553 3168; baseline 0.004 -19"><span class='ocrx_word' id='word_1_664' title='bbox 1975 3097 2062 3149; x_wconf 89' lang='lat' dir='ltr'><strong>rit.</strong></span> <span class='ocrx_word' id='word_1_665' title='bbox 2084 3096 2191 3151; x_wconf 88' lang='lat' dir='ltr'><strong>Nos</strong></span> <span class='ocrx_word' id='word_1_666' title='bbox 2222 3106 2398 3152; x_wconf 91' lang='lat' dir='ltr'><strong>tamen</strong></span> <span class='ocrx_word' id='word_1_667' title='bbox 2423 3100 2442 3129; x_wconf 88' lang='grc'><strong>⁷</strong></span> <span class='ocrx_word' id='word_1_668' title='bbox 2472 3100 2522 3152; x_wconf 93' lang='lat' dir='ltr'><strong>in</strong></span> <span class='ocrx_word' id='word_1_669' title='bbox 2548 3109 2804 3168; x_wconf 82' lang='lat' dir='ltr'><strong>quantum</strong></span> <span class='ocrx_word' id='word_1_670' title='bbox 2833 3098 2899 3153; x_wconf 91' lang='lat' dir='ltr'><strong>de</strong></span> <span class='ocrx_word' id='word_1_671' title='bbox 2925 3114 2991 3153; x_wconf 92' lang='lat' dir='ltr'><strong>eo</strong></span> <span class='ocrx_word' id='word_1_672' title='bbox 3031 3101 3219 3154; x_wconf 86' lang='lat' dir='ltr'><strong>melius</strong></span> <span class='ocrx_word' id='word_1_673' title='bbox 3254 3101 3553 3156; x_wconf 72' lang='lat' dir='ltr'><strong>mstimave-</strong></span> 
     </span>
    </p>
   </div>
   <div class='ocr_carea' id='block_1_94' title="bbox 1975 3186 3554 3260">
    <p class='ocr_par' dir='ltr' id='par_1_94' title="bbox 1975 3186 3554 3260">
     <span class='ocr_line' id='line_1_94' title="bbox 1975 3186 3554 3260; baseline 0.005 -22"><span class='ocrx_word' id='word_1_674' title='bbox 1975 3186 2162 3252; x_wconf 90' lang='lat' dir='ltr'><strong>rimus,</strong></span> <span class='ocrx_word' id='word_1_675' title='bbox 2195 3188 2423 3241; x_wconf 90' lang='lat' dir='ltr'><strong>nominis</strong></span> <span class='ocrx_word' id='word_1_676' title='bbox 2463 3188 2604 3242; x_wconf 91' lang='lat' dir='ltr'><strong>illius</strong></span> <span class='ocrx_word' id='word_1_677' title='bbox 2641 3190 3079 3244; x_wconf 89' lang='lat' dir='ltr'><strong>commemoratio</strong></span> <span class='ocrx_word' id='word_1_678' title='bbox 3123 3192 3380 3260; x_wconf 89' lang='lat' dir='ltr'><strong>opuscqu</strong></span> <span class='ocrx_word' id='word_1_679' title='bbox 3432 3208 3554 3246; x_wconf 81' lang='lat' dir='ltr'><strong>tneo</strong></span> 
     </span>
    </p>
   </div>
   <div class='ocr_carea' id='block_1_95' title="bbox 1975 3275 3553 3350">
    <p class='ocr_par' dir='ltr' id='par_1_95' title="bbox 1975 3275 3553 3350">
     <span class='ocr_line' id='line_1_95' title="bbox 1975 3275 3553 3350; baseline 0.004 -21"><span class='ocrx_word' id='word_1_680' title='bbox 1975 3275 2265 3331; x_wconf 89' lang='lat' dir='ltr'><strong>honoriﬁce</strong></span> <span class='ocrx_word' id='word_1_681' title='bbox 2308 3277 2500 3332; x_wconf 89' lang='lat' dir='ltr'><strong>inserta</strong></span> <span class='ocrx_word' id='word_1_682' title='bbox 2547 3279 2812 3347; x_wconf 81' lang='lat' dir='ltr'><strong>patefecit.</strong></span> <span class='ocrx_word' id='word_1_683' title='bbox 2839 3278 3034 3333; x_wconf 86' lang='lat' dir='ltr'><strong>Verum</strong></span> <span class='ocrx_word' id='word_1_684' title='bbox 3064 3281 3200 3334; x_wconf 90' lang='lat' dir='ltr'><strong>liber</strong></span> <span class='ocrx_word' id='word_1_685' title='bbox 3232 3281 3318 3336; x_wconf 92' lang='lat' dir='ltr'><strong>ille</strong></span> <span class='ocrx_word' id='word_1_686' title='bbox 3352 3282 3434 3335; x_wconf 88' lang='lat' dir='ltr'><strong>de&#39;</strong></span> <span class='ocrx_word' id='word_1_687' title='bbox 3458 3298 3553 3350; x_wconf 89' lang='lat' dir='ltr'><strong>pa-</strong></span> 
     </span>
    </p>
   </div>
   <div class='ocr_carea' id='block_1_96' title="bbox 1976 3367 3555 3443">
    <p class='ocr_par' dir='ltr' id='par_1_96' title="bbox 1976 3367 3555 3443">
     <span class='ocr_line' id='line_1_96' title="bbox 1976 3367 3555 3443; baseline 0.004 -23"><span class='ocrx_word' id='word_1_688' title='bbox 1976 3375 2130 3421; x_wconf 90' lang='lat' dir='ltr'><strong>trono</strong></span> <span class='ocrx_word' id='word_1_689' title='bbox 2177 3382 2274 3421; x_wconf 89' lang='lat' dir='ltr'><strong>suo</strong></span> <span class='ocrx_word' id='word_1_690' title='bbox 2318 3367 2446 3422; x_wconf 85' lang='lat' dir='ltr'><strong>falsa</strong></span> <span class='ocrx_word' id='word_1_691' title='bbox 2491 3367 2719 3443; x_wconf 74' lang='lat' dir='ltr'><strong>fortasse</strong></span> <span class='ocrx_word' id='word_1_692' title='bbox 2769 3370 3056 3424; x_wconf 87' lang='lat' dir='ltr'><strong>contineat.</strong></span> <span class='ocrx_word' id='word_1_693' title='bbox 3107 3371 3275 3425; x_wconf 87' lang='lat' dir='ltr'><strong>Porro</strong></span> <span class='ocrx_word' id='word_1_694' title='bbox 3330 3371 3555 3427; x_wconf 89' lang='lat' dir='ltr'><strong>ﬁdeliter</strong></span> 
     </span>
    </p>
   </div>
   <div class='ocr_carea' id='block_1_97' title="bbox 1973 3460 3550 3531">
    <p class='ocr_par' dir='ltr' id='par_1_97' title="bbox 1973 3460 3550 3531">
     <span class='ocr_line' id='line_1_97' title="bbox 1973 3460 3550 3531; baseline 0.004 -19"><span class='ocrx_word' id='word_1_695' title='bbox 1973 3460 2099 3529; x_wconf 90' lang='lat' dir='ltr'><strong>quid</strong></span> <span class='ocrx_word' id='word_1_696' title='bbox 2127 3461 2357 3531; x_wconf 89' lang='lat' dir='ltr'><strong>scriptor</strong></span> <span class='ocrx_word' id='word_1_697' title='bbox 2380 3461 2494 3530; x_wconf 87' lang='lat' dir='ltr'><strong>ejus</strong></span> <span class='ocrx_word' id='word_1_698' title='bbox 2517 3461 2694 3530; x_wconf 91' lang='lat' dir='ltr'><strong>cupiat</strong></span> <span class='ocrx_word' id='word_1_699' title='bbox 2714 3460 2944 3515; x_wconf 85' lang='lat' dir='ltr'><strong>ostendit</strong></span> <span class='ocrx_word' id='word_1_700' title='bbox 2968 3479 2982 3515; x_wconf 90' lang='lat'><strong>:</strong></span> <span class='ocrx_word' id='word_1_701' title='bbox 3004 3461 3269 3531; x_wconf 86' lang='lat' dir='ltr'><strong>videlicet,</strong></span> <span class='ocrx_word' id='word_1_702' title='bbox 3294 3471 3550 3518; x_wconf 90' lang='lat' dir='ltr'><strong>utcontra</strong></span> 
     </span>
    </p>
   </div>
   <div class='ocr_carea' id='block_1_98' title="bbox 1972 3549 3554 3618">
    <p class='ocr_par' dir='ltr' id='par_1_98' title="bbox 1972 3549 3554 3618">
     <span class='ocr_line' id='line_1_98' title="bbox 1972 3549 3554 3618; baseline 0.003 -14"><span class='ocrx_word' id='word_1_703' title='bbox 1972 3551 2234 3604; x_wconf 88' lang='lat' dir='ltr'><strong>rationem</strong></span> <span class='ocrx_word' id='word_1_704' title='bbox 2265 3553 2308 3615; x_wconf 80' lang='grc'><strong>³⁸,</strong></span> <span class='ocrx_word' id='word_1_705' title='bbox 2359 3559 2544 3605; x_wconf 87' lang='lat' dir='ltr'><strong>contra</strong></span> <span class='ocrx_word' id='word_1_706' title='bbox 2575 3549 2754 3618; x_wconf 89' lang='lat' dir='ltr'><strong>ﬁdem,</strong></span> <span class='ocrx_word' id='word_1_707' title='bbox 2783 3561 2966 3606; x_wconf 87' lang='lat' dir='ltr'><strong>contra</strong></span> <span class='ocrx_word' id='word_1_708' title='bbox 3008 3567 3221 3606; x_wconf 88' lang='lat' dir='ltr'><strong>onmem</strong></span> <span class='ocrx_word' id='word_1_709' title='bbox 3254 3569 3460 3607; x_wconf 90' lang='lat' dir='ltr'><strong>morum</strong></span> <span class='ocrx_word' id='word_1_710' title='bbox 3500 3563 3554 3608; x_wconf 80' lang='lat' dir='ltr'><strong>et</strong></span> 
     </span>
    </p>
   </div>
   <div class='ocr_carea' id='block_1_99' title="bbox 1971 3641 3553 3714">
    <p class='ocr_par' dir='ltr' id='par_1_99' title="bbox 1971 3641 3553 3714">
     <span class='ocr_line' id='line_1_99' title="bbox 1971 3641 3553 3714; baseline 0.003 -19"><span class='ocrx_word' id='word_1_711' title='bbox 1971 3641 2274 3711; x_wconf 84' lang='lat' dir='ltr'><strong>dogmatum</strong></span> <span class='ocrx_word' id='word_1_712' title='bbox 2321 3643 2680 3710; x_wconf 87' lang='lat' dir='ltr'><strong>sanctitatem,</strong></span> <span class='ocrx_word' id='word_1_713' title='bbox 2717 3643 2766 3696; x_wconf 91' lang='lat' dir='ltr'><strong>vi</strong></span> <span class='ocrx_word' id='word_1_714' title='bbox 2816 3642 2928 3699; x_wconf 88' lang='lat' dir='ltr'><strong>fera</strong></span> <span class='ocrx_word' id='word_1_715' title='bbox 2967 3652 3022 3699; x_wconf 91' lang='lat' dir='ltr'><strong>et</strong></span> <span class='ocrx_word' id='word_1_716' title='bbox 3064 3658 3205 3699; x_wconf 73' lang='lat' dir='ltr'><strong>caeca</strong></span> <span class='ocrx_word' id='word_1_717' title='bbox 3247 3644 3553 3714; x_wconf 89' lang='lat' dir='ltr'><strong>impotentia</strong></span> 
     </span>
    </p>
   </div>
   <div class='ocr_carea' id='block_1_100' title="bbox 1970 3733 2271 3787">
    <p class='ocr_par' dir='ltr' id='par_1_100' title="bbox 1970 3733 2271 3787">
     <span class='ocr_line' id='line_1_100' title="bbox 1970 3733 2271 3787; baseline 0 0"><span class='ocrx_word' id='word_1_718' title='bbox 1970 3733 2271 3787; x_wconf 81' lang='lat' dir='ltr'><strong>dimicetur.</strong></span> 
     </span>
    </p>
   </div>
   <div class='ocr_carea' id='block_1_101' title="bbox 2042 3824 3556 3896">
    <p class='ocr_par' dir='ltr' id='par_1_101' title="bbox 2042 3824 3556 3896">
     <span class='ocr_line' id='line_1_101' title="bbox 2042 3824 3556 3896; baseline 0.003 -19"><span class='ocrx_word' id='word_1_719' title='bbox 2042 3826 2177 3879; x_wconf 84' lang='lat' dir='ltr'><strong>Auc.</strong></span> <span class='ocrx_word' id='word_1_720' title='bbox 2219 3824 2371 3878; x_wconf 84' lang='lat' dir='ltr'><strong>Absit</strong></span> <span class='ocrx_word' id='word_1_721' title='bbox 2399 3841 2426 3877; x_wconf 92' lang='lat' dir='ltr'><strong>a</strong></span> <span class='ocrx_word' id='word_1_722' title='bbox 2458 3825 2762 3881; x_wconf 89' lang='lat' dir='ltr'><strong>ehrlstianis</strong></span> <span class='ocrx_word' id='word_1_723' title='bbox 2794 3828 3144 3896; x_wconf 89' lang='lat' dir='ltr'><strong>potestatibus</strong></span> <span class='ocrx_word' id='word_1_724' title='bbox 3184 3837 3408 3882; x_wconf 75' lang='lat' dir='ltr'><strong>terrena:</strong></span> <span class='ocrx_word' id='word_1_725' title='bbox 3448 3828 3556 3881; x_wconf 87' lang='lat' dir='ltr'><strong>rci-</strong></span> 
     </span>
    </p>
   </div>
   <div class='ocr_carea' id='block_1_102' title="bbox 1971 3915 3550 3985">
    <p class='ocr_par' dir='ltr' id='par_1_102' title="bbox 1971 3915 3550 3985">
     <span class='ocr_line' id='line_1_102' title="bbox 1971 3915 3550 3985; baseline 0.004 -18"><span class='ocrx_word' id='word_1_726' title='bbox 1971 3915 2216 3984; x_wconf 71' lang='lat' dir='ltr'><strong>pnblicm,</strong></span> <span class='ocrx_word' id='word_1_727' title='bbox 2240 3925 2296 3969; x_wconf 92' lang='lat' dir='ltr'><strong>ut</strong></span> <span class='ocrx_word' id='word_1_728' title='bbox 2320 3915 2387 3970; x_wconf 92' lang='lat' dir='ltr'><strong>de</strong></span> <span class='ocrx_word' id='word_1_729' title='bbox 2415 3918 2627 3985; x_wconf 88' lang='lat' dir='ltr'><strong>antiqua</strong></span> <span class='ocrx_word' id='word_1_730' title='bbox 2667 3919 2922 3971; x_wconf 89' lang='lat' dir='ltr'><strong>catholica</strong></span> <span class='ocrx_word' id='word_1_731' title='bbox 2964 3917 3069 3972; x_wconf 81' lang='lat' dir='ltr'><strong>fide</strong></span> <span class='ocrx_word' id='word_1_732' title='bbox 3104 3918 3368 3983; x_wconf 87' lang='lat' dir='ltr'><strong>dubitent,</strong></span> <span class='ocrx_word' id='word_1_733' title='bbox 3393 3925 3447 3972; x_wconf 87' lang='lat' dir='ltr'><strong>et</strong></span> <span class='ocrx_word' id='word_1_734' title='bbox 3480 3918 3550 3973; x_wconf 91' lang='lat' dir='ltr'><strong>ob</strong></span> 
     </span>
    </p>
   </div>
   <div class='ocr_carea' id='block_1_103' title="bbox 1972 4008 3554 4077">
    <p class='ocr_par' dir='ltr' id='par_1_103' title="bbox 1972 4008 3554 4077">
     <span class='ocr_line' id='line_1_103' title="bbox 1972 4008 3554 4077; baseline 0.003 -15"><span class='ocrx_word' id='word_1_735' title='bbox 1972 4008 2076 4062; x_wconf 88' lang='lat' dir='ltr'><strong>hoc</strong></span> <span class='ocrx_word' id='word_1_736' title='bbox 2114 4008 2564 4077; x_wconf 83' lang='lat' dir='ltr'><strong>oppugnatoribus</strong></span> <span class='ocrx_word' id='word_1_737' title='bbox 2602 4011 2716 4076; x_wconf 88' lang='lat' dir='ltr'><strong>ejus</strong></span> <span class='ocrx_word' id='word_1_738' title='bbox 2747 4010 2918 4062; x_wconf 87' lang='lat' dir='ltr'><strong>locum</strong></span> <span class='ocrx_word' id='word_1_739' title='bbox 2958 4018 3012 4062; x_wconf 90' lang='lat' dir='ltr'><strong>et</strong></span> <span class='ocrx_word' id='word_1_740' title='bbox 3054 4020 3259 4077; x_wconf 90' lang='lat' dir='ltr'><strong>tempus</strong></span> <span class='ocrx_word' id='word_1_741' title='bbox 3295 4010 3554 4066; x_wconf 82' lang='lat' dir='ltr'><strong>examinis</strong></span> 
     </span>
    </p>
   </div>
   <div class='ocr_carea' id='block_1_104' title="bbox 1971 4099 3550 4169">
    <p class='ocr_par' dir='ltr' id='par_1_104' title="bbox 1971 4099 3550 4169">
     <span class='ocr_line' id='line_1_104' title="bbox 1971 4099 3550 4169; baseline 0.001 -17"><span class='ocrx_word' id='word_1_742' title='bbox 1971 4099 2275 4168; x_wconf 73' lang='lat' dir='ltr'><strong>prmbeant;</strong></span> <span class='ocrx_word' id='word_1_743' title='bbox 2305 4113 2366 4153; x_wconf 90' lang='lat' dir='ltr'><strong>ac</strong></span> <span class='ocrx_word' id='word_1_744' title='bbox 2403 4114 2510 4152; x_wconf 91' lang='lat' dir='ltr'><strong>non</strong></span> <span class='ocrx_word' id='word_1_745' title='bbox 2557 4099 2730 4168; x_wconf 90' lang='lat' dir='ltr'><strong>potius</strong></span> <span class='ocrx_word' id='word_1_746' title='bbox 2769 4100 2820 4152; x_wconf 92' lang='lat' dir='ltr'><strong>in</strong></span> <span class='ocrx_word' id='word_1_747' title='bbox 2864 4114 2926 4153; x_wconf 90' lang='lat' dir='ltr'><strong>ea</strong></span> <span class='ocrx_word' id='word_1_748' title='bbox 2964 4100 3092 4153; x_wconf 91' lang='lat' dir='ltr'><strong>certi</strong></span> <span class='ocrx_word' id='word_1_749' title='bbox 3133 4109 3290 4169; x_wconf 90' lang='lat' dir='ltr'><strong>atque</strong></span> <span class='ocrx_word' id='word_1_750' title='bbox 3329 4099 3550 4166; x_wconf 83' lang='lat' dir='ltr'><strong>fundali,</strong></span> 
     </span>
    </p>
   </div>
   <div class='ocr_carea' id='block_1_105' title="bbox 1973 4188 3551 4259">
    <p class='ocr_par' dir='ltr' id='par_1_105' title="bbox 1973 4188 3551 4259">
     <span class='ocr_line' id='line_1_105' title="bbox 1973 4188 3551 4259; baseline 0.001 -17"><span class='ocrx_word' id='word_1_751' title='bbox 1973 4190 2183 4256; x_wconf 91' lang='lat' dir='ltr'><strong>talibus,</strong></span> <span class='ocrx_word' id='word_1_752' title='bbox 2233 4188 2416 4259; x_wconf 89' lang='lat' dir='ltr'><strong>quales</strong></span> <span class='ocrx_word' id='word_1_753' title='bbox 2458 4205 2552 4243; x_wconf 89' lang='lat' dir='ltr'><strong>vos</strong></span> <span class='ocrx_word' id='word_1_754' title='bbox 2597 4189 2745 4254; x_wconf 84' lang='lat' dir='ltr'><strong>estis,</strong></span> <span class='ocrx_word' id='word_1_755' title='bbox 2793 4190 3019 4245; x_wconf 80' lang='lat' dir='ltr'><strong>inimicis</strong></span> <span class='ocrx_word' id='word_1_756' title='bbox 3063 4191 3178 4258; x_wconf 89' lang='lat' dir='ltr'><strong>ejus</strong></span> <span class='ocrx_word' id='word_1_757' title='bbox 3220 4190 3551 4259; x_wconf 88' lang='lat' dir='ltr'><strong>disciplinam</strong></span> 
     </span>
    </p>
   </div>
   <div class='ocr_carea' id='block_1_106' title="bbox 1971 4279 3554 4350">
    <p class='ocr_par' dir='ltr' id='par_1_106' title="bbox 1971 4279 3554 4350">
     <span class='ocr_line' id='line_1_106' title="bbox 1971 4279 3554 4350; baseline 0.002 -16"><span class='ocrx_word' id='word_1_758' title='bbox 1971 4279 2308 4334; x_wconf 87' lang='lat' dir='ltr'><strong>coercitionis</strong></span> <span class='ocrx_word' id='word_1_759' title='bbox 2339 4279 2630 4350; x_wconf 88' lang='lat' dir='ltr'><strong>imponant.</strong></span> <span class='ocrx_word' id='word_1_760' title='bbox 2655 4281 2806 4346; x_wconf 84' lang='lat' dir='ltr'><strong>Quod</strong></span> <span class='ocrx_word' id='word_1_761' title='bbox 2837 4281 2978 4335; x_wconf 90' lang='lat' dir='ltr'><strong>enim</strong></span> <span class='ocrx_word' id='word_1_762' title='bbox 3007 4290 3222 4350; x_wconf 78' lang='lat' dir='ltr'><strong>propter</strong></span> <span class='ocrx_word' id='word_1_763' title='bbox 3250 4280 3554 4337; x_wconf 87' lang='lat' dir='ltr'><strong>Donatistas</strong></span> 
     </span>
    </p>
   </div>
   <div class='ocr_carea' id='block_1_107' title="bbox 1972 4371 3554 4442">
    <p class='ocr_par' dir='ltr' id='par_1_107' title="bbox 1972 4371 3554 4442">
     <span class='ocr_line' id='line_1_107' title="bbox 1972 4371 3554 4442; baseline 0 -17"><span class='ocrx_word' id='word_1_764' title='bbox 1972 4371 2168 4426; x_wconf 81' lang='lat' dir='ltr'><strong>factum</strong></span> <span class='ocrx_word' id='word_1_765' title='bbox 2209 4382 2309 4437; x_wconf 90' lang='lat' dir='ltr'><strong>est,</strong></span> <span class='ocrx_word' id='word_1_766' title='bbox 2354 4387 2538 4426; x_wconf 88' lang='lat' dir='ltr'><strong>eorum</strong></span> <span class='ocrx_word' id='word_1_767' title='bbox 2584 4372 2982 4426; x_wconf 77' lang='lat' dir='ltr'><strong>violentissima:</strong></span> <span class='ocrx_word' id='word_1_768' title='bbox 3013 4374 3180 4427; x_wconf 66' lang='lat' dir='ltr'><strong>turbae</strong></span> <span class='ocrx_word' id='word_1_769' title='bbox 3213 4373 3323 4425; x_wconf 91' lang='lat' dir='ltr'><strong>ﬁeri</strong></span> <span class='ocrx_word' id='word_1_770' title='bbox 3363 4387 3554 4442; x_wconf 81' lang='lat' dir='ltr'><strong>coege-</strong></span> 
     </span>
    </p>
   </div>
   <div class='ocr_carea' id='block_1_108' title="bbox 1971 4461 3552 4533">
    <p class='ocr_par' dir='ltr' id='par_1_108' title="bbox 1971 4461 3552 4533">
     <span class='ocr_line' id='line_1_108' title="bbox 1971 4461 3552 4533; baseline 0.002 -18"><span class='ocrx_word' id='word_1_771' title='bbox 1971 4471 2116 4526; x_wconf 91' lang='lat' dir='ltr'><strong>runt,</strong></span> <span class='ocrx_word' id='word_1_772' title='bbox 2139 4463 2442 4530; x_wconf 76' lang='lat' dir='ltr'><strong>ignorantes</strong></span> <span class='ocrx_word' id='word_1_773' title='bbox 2462 4462 2587 4532; x_wconf 89' lang='lat' dir='ltr'><strong>quid</strong></span> <span class='ocrx_word' id='word_1_774' title='bbox 2616 4471 2740 4516; x_wconf 90' lang='lat' dir='ltr'><strong>ante</strong></span> <span class='ocrx_word' id='word_1_775' title='bbox 2764 4463 2830 4516; x_wconf 89' lang='lat' dir='ltr'><strong>sit</strong></span> <span class='ocrx_word' id='word_1_776' title='bbox 2851 4474 3076 4532; x_wconf 85' lang='lat' dir='ltr'><strong>gestum,</strong></span> <span class='ocrx_word' id='word_1_777' title='bbox 3105 4463 3244 4533; x_wconf 87' lang='lat' dir='ltr'><strong>quod</strong></span> <span class='ocrx_word' id='word_1_778' title='bbox 3274 4465 3351 4518; x_wconf 87' lang='lat' dir='ltr'><strong>eis</strong></span> <span class='ocrx_word' id='word_1_779' title='bbox 3377 4461 3552 4518; x_wconf 84' lang='lat' dir='ltr'><strong>fuerat</strong></span> 
     </span>
    </p>
   </div>
   <div class='ocr_carea' id='block_1_109' title="bbox 1971 4553 3552 4622">
    <p class='ocr_par' dir='ltr' id='par_1_109' title="bbox 1971 4553 3552 4622">
     <span class='ocr_line' id='line_1_109' title="bbox 1971 4553 3552 4622; baseline 0.002 -16"><span class='ocrx_word' id='word_1_780' title='bbox 1971 4553 2353 4607; x_wconf 89' lang='lat' dir='ltr'><strong>ostendendum</strong></span> <span class='ocrx_word' id='word_1_781' title='bbox 2381 4553 2600 4622; x_wconf 87' lang='lat' dir='ltr'><strong>:quales</strong></span> <span class='ocrx_word' id='word_1_782' title='bbox 2627 4567 2720 4606; x_wconf 88' lang='lat' dir='ltr'><strong>vos</strong></span> <span class='ocrx_word' id='word_1_783' title='bbox 2749 4553 2931 4606; x_wconf 87' lang='lat' dir='ltr'><strong>turbas</strong></span> <span class='ocrx_word' id='word_1_784' title='bbox 2963 4553 3100 4608; x_wconf 91' lang='lat' dir='ltr'><strong>Deus</strong></span> <span class='ocrx_word' id='word_1_785' title='bbox 3135 4563 3339 4608; x_wconf 86' lang='lat' dir='ltr'><strong>avertat</strong></span> <span class='ocrx_word' id='word_1_786' title='bbox 3373 4565 3428 4608; x_wconf 89' lang='lat' dir='ltr'><strong>ut</strong></span> <span class='ocrx_word' id='word_1_787' title='bbox 3455 4553 3552 4609; x_wconf 84' lang='lat' dir='ltr'><strong>ha-</strong></span> 
     </span>
    </p>
   </div>
   <div class='ocr_carea' id='block_1_110' title="bbox 1971 4645 3156 4716">
    <p class='ocr_par' dir='ltr' id='par_1_110' title="bbox 1971 4645 3156 4716">
     <span class='ocr_line' id='line_1_110' title="bbox 1971 4645 3156 4716; baseline 0.001 -16"><span class='ocrx_word' id='word_1_788' title='bbox 1971 4646 2174 4711; x_wconf 90' lang='lat' dir='ltr'><strong>beatis;</strong></span> <span class='ocrx_word' id='word_1_789' title='bbox 2205 4647 2313 4701; x_wconf 92' lang='lat' dir='ltr'><strong>Deo</strong></span> <span class='ocrx_word' id='word_1_790' title='bbox 2340 4657 2513 4700; x_wconf 90' lang='lat' dir='ltr'><strong>tamen</strong></span> <span class='ocrx_word' id='word_1_791' title='bbox 2541 4646 2769 4716; x_wconf 86' lang='lat' dir='ltr'><strong>propitio</strong></span> <span class='ocrx_word' id='word_1_792' title='bbox 2795 4661 2898 4700; x_wconf 90' lang='lat' dir='ltr'><strong>non</strong></span> <span class='ocrx_word' id='word_1_793' title='bbox 2927 4645 3156 4702; x_wconf 89' lang='lat' dir='ltr'><strong>habetis.</strong></span> 
     </span>
    </p>
   </div>
   <div class='ocr_carea' id='block_1_111' title="bbox 1969 4775 3550 4847">
    <p class='ocr_par' dir='ltr' id='par_1_111' title="bbox 1969 4775 3550 4847">
     <span class='ocr_line' id='line_1_111' title="bbox 1969 4775 3550 4847; baseline 0.002 -20"><span class='ocrx_word' id='word_1_794' title='bbox 1969 4777 2156 4847; x_wconf 63' lang='lat' dir='ltr'><strong>Morel,</strong></span> <span class='ocrx_word' id='word_1_795' title='bbox 2179 4775 2329 4847; x_wconf 80' lang='lat' dir='ltr'><strong>Elem.</strong></span> <span class='ocrx_word' id='word_1_796' title='bbox 2359 4778 2494 4847; x_wconf 70' lang='lat' dir='ltr'><strong>Crit.,</strong></span> <span class='ocrx_word' id='word_1_797' title='bbox 2517 4791 2565 4839; x_wconf 91' lang='lat' dir='ltr'><strong>p.</strong></span> <span class='ocrx_word' id='word_1_798' title='bbox 2584 4776 2694 4834; x_wconf 73' lang='lat'><strong>367,</strong></span> <span class='ocrx_word' id='word_1_799' title='bbox 2724 4785 2860 4840; x_wconf 84' lang='lat' dir='ltr'><strong>putat</strong></span> <span class='ocrx_word' id='word_1_800' title='bbox 2882 4778 3092 4847; x_wconf 79' lang='lat' dir='ltr'><strong>tollenda</strong></span> <span class='ocrx_word' id='word_1_801' title='bbox 3116 4780 3284 4837; x_wconf 84' lang='lat' dir='ltr'><strong>verba,</strong></span> <span class='ocrx_word' id='word_1_802' title='bbox 3315 4780 3550 4847; x_wconf 71' lang='lat' dir='ltr'><strong>aliquanti</strong></span> 
     </span>
    </p>
   </div>
   <div class='ocr_carea' id='block_1_112' title="bbox 1970 4840 3555 4903">
    <p class='ocr_par' dir='ltr' id='par_1_112' title="bbox 1970 4840 3555 4903">
     <span class='ocr_line' id='line_1_112' title="bbox 1970 4840 3555 4903; baseline 0.002 -14"><span class='ocrx_word' id='word_1_803' title='bbox 1970 4840 2304 4902; x_wconf 78' lang='lat' dir='ltr'><strong>confodiantur</strong></span> <span class='ocrx_word' id='word_1_804' title='bbox 2326 4840 2589 4900; x_wconf 79' lang='lat' dir='ltr'><strong>acerrime,</strong></span> <span class='ocrx_word' id='word_1_805' title='bbox 2629 4852 2740 4902; x_wconf 68' lang='lat' dir='ltr'><strong>qua:</strong></span> <span class='ocrx_word' id='word_1_806' title='bbox 2772 4852 2836 4888; x_wconf 85' lang='lat' dir='ltr'><strong>ex</strong></span> <span class='ocrx_word' id='word_1_807' title='bbox 2861 4843 3080 4903; x_wconf 75' lang='lat' dir='ltr'><strong>margine</strong></span> <span class='ocrx_word' id='word_1_808' title='bbox 3118 4850 3306 4891; x_wconf 83' lang='lat' dir='ltr'><strong>textum</strong></span> <span class='ocrx_word' id='word_1_809' title='bbox 3330 4840 3454 4892; x_wconf 80' lang='lat' dir='ltr'><strong>forte</strong></span> <span class='ocrx_word' id='word_1_810' title='bbox 3482 4845 3555 4892; x_wconf 83' lang='lat' dir='ltr'><strong>in-</strong></span> 
     </span>
    </p>
   </div>
   <div class='ocr_carea' id='block_1_113' title="bbox 1969 4908 2340 4951">
    <p class='ocr_par' dir='ltr' id='par_1_113' title="bbox 1969 4908 2340 4951">
     <span class='ocr_line' id='line_1_113' title="bbox 1969 4908 2340 4951; baseline -0.011 0"><span class='ocrx_word' id='word_1_811' title='bbox 1969 4913 2217 4951; x_wconf 78' lang='lat' dir='ltr'><strong>vaseruut.</strong></span> <span class='ocrx_word' id='word_1_812' title='bbox 2285 4908 2340 4948; x_wconf 79' lang='grc' dir='ltr'><strong>Μ.</strong></span> 
     </span>
    </p>
   </div>
   <div class='ocr_carea' id='block_1_114' title="bbox 2035 4959 2491 5020">
    <p class='ocr_par' dir='ltr' id='par_1_114' title="bbox 2035 4959 2491 5020">
     <span class='ocr_line' id='line_1_114' title="bbox 2035 4959 2491 5020; baseline 0.002 -12"><span class='ocrx_word' id='word_1_813' title='bbox 2035 4966 2051 4993; x_wconf 74' lang='grc'>⁸</span> <span class='ocrx_word' id='word_1_814' title='bbox 2091 4971 2231 5020; x_wconf 67' lang='lat' dir='ltr'><strong>Mem,</strong></span> <span class='ocrx_word' id='word_1_815' title='bbox 2254 4959 2491 5010; x_wconf 83' lang='lat' dir='ltr'><strong>dealbata.</strong></span> 
     </span>
    </p>
   </div>
   <div class='ocr_carea' id='block_1_115' title="bbox 2033 5021 3554 5089">
    <p class='ocr_par' dir='ltr' id='par_1_115' title="bbox 2033 5021 3554 5089">
     <span class='ocr_line' id='line_1_115' title="bbox 2033 5021 3554 5089; baseline 0.002 -16"><span class='ocrx_word' id='word_1_816' title='bbox 2033 5025 2055 5055; x_wconf 83' lang='grc'>¹</span> <span class='ocrx_word' id='word_1_817' title='bbox 2086 5023 2247 5073; x_wconf 79' lang='lat' dir='ltr'><strong>codex</strong></span> <span class='ocrx_word' id='word_1_818' title='bbox 2264 5021 2414 5084; x_wconf 80' lang='lat' dir='ltr'><strong>Oolb.,</strong></span> <span class='ocrx_word' id='word_1_819' title='bbox 2441 5026 2628 5072; x_wconf 78' lang='lat' dir='ltr'><strong>eructat</strong></span> <span class='ocrx_word' id='word_1_820' title='bbox 2650 5021 3024 5073; x_wconf 73' lang='lat' dir='ltr'><strong>Manichteorum</strong></span> <span class='ocrx_word' id='word_1_821' title='bbox 3045 5025 3188 5073; x_wconf 81' lang='lat' dir='ltr'><strong>sorde</strong></span> <span class='ocrx_word' id='word_1_822' title='bbox 3202 5024 3422 5074; x_wconf 83' lang='lat' dir='ltr'><strong>naturale</strong></span> <span class='ocrx_word' id='word_1_823' title='bbox 3445 5038 3554 5089; x_wconf 83' lang='lat' dir='ltr'><strong>pec-</strong></span> 
     </span>
    </p>
   </div>
   <div class='ocr_carea' id='block_1_116' title="bbox 1969 5092 2145 5136">
    <p class='ocr_par' dir='ltr' id='par_1_116' title="bbox 1969 5092 2145 5136">
     <span class='ocr_line' id='line_1_116' title="bbox 1969 5092 2145 5136; baseline -0.023 0"><span class='ocrx_word' id='word_1_824' title='bbox 1969 5092 2145 5136; x_wconf 82' lang='lat' dir='ltr'><strong>catmn.</strong></span> 
     </span>
    </p>
   </div>
   <div class='ocr_carea' id='block_1_117' title="bbox 2035 5146 3554 5208">
    <p class='ocr_par' dir='ltr' id='par_1_117' title="bbox 2035 5146 3554 5208">
     <span class='ocr_line' id='line_1_117' title="bbox 2035 5146 3554 5208; baseline 0.002 -15"><span class='ocrx_word' id='word_1_825' title='bbox 2035 5149 2056 5208; x_wconf 54' lang='grc' dir='ltr'>ἔ</span> <span class='ocrx_word' id='word_1_826' title='bbox 2091 5146 2360 5208; x_wconf 79' lang='lat' dir='ltr'><strong>\‘ignierius</strong></span> <span class='ocrx_word' id='word_1_827' title='bbox 2377 5181 2390 5206; x_wconf 89' lang='lat'><strong>,</strong></span> <span class='ocrx_word' id='word_1_828' title='bbox 2432 5159 2556 5195; x_wconf 84' lang='lat' dir='ltr'><strong>mmc</strong></span> <span class='ocrx_word' id='word_1_829' title='bbox 2579 5151 2755 5194; x_wconf 85' lang='lat' dir='ltr'><strong>autem.</strong></span> <span class='ocrx_word' id='word_1_830' title='bbox 2787 5147 2957 5195; x_wconf 82' lang='lat' dir='ltr'><strong>ven’us</strong></span> <span class='ocrx_word' id='word_1_831' title='bbox 2980 5153 3102 5208; x_wconf 57' lang='grc' dir='ltr'><strong>Μῦς»,</strong></span> <span class='ocrx_word' id='word_1_832' title='bbox 3128 5160 3220 5197; x_wconf 87' lang='lat' dir='ltr'><strong>non</strong></span> <span class='ocrx_word' id='word_1_833' title='bbox 3242 5154 3418 5198; x_wconf 82' lang='lat' dir='ltr'><strong>autem.</strong></span> <span class='ocrx_word' id='word_1_834' title='bbox 3443 5155 3554 5196; x_wconf 59' lang='lat' dir='ltr'><strong>nam</strong></span> 
     </span>
    </p>
   </div>
   <div class='ocr_carea' id='block_1_118' title="bbox 1969 5207 2980 5270">
    <p class='ocr_par' dir='ltr' id='par_1_118' title="bbox 1969 5207 2980 5270">
     <span class='ocr_line' id='line_1_118' title="bbox 1969 5207 2980 5270; baseline 0.002 -14"><span class='ocrx_word' id='word_1_835' title='bbox 1969 5207 2377 5257; x_wconf 39' lang='lat' dir='ltr'><strong>Juliani’ronvicia</strong></span> <span class='ocrx_word' id='word_1_836' title='bbox 2404 5209 2608 5270; x_wconf 83' lang='lat' dir='ltr'><strong>spernit,</strong></span> <span class='ocrx_word' id='word_1_837' title='bbox 2634 5221 2732 5257; x_wconf 84' lang='lat' dir='ltr'><strong>non</strong></span> <span class='ocrx_word' id='word_1_838' title='bbox 2750 5208 2980 5258; x_wconf 78' lang='lat' dir='ltr'><strong>eoul‘utat.</strong></span> 
     </span>
    </p>
   </div>
   <div class='ocr_carea' id='block_1_119' title="bbox 2033 5268 2660 5328">
    <p class='ocr_par' dir='ltr' id='par_1_119' title="bbox 2033 5268 2660 5328">
     <span class='ocr_line' id='line_1_119' title="bbox 2033 5268 2660 5328; baseline -0.005 -10"><span class='ocrx_word' id='word_1_839' title='bbox 2033 5271 2056 5303; x_wconf 69' lang='grc' dir='ltr'>δ</span> <span class='ocrx_word' id='word_1_840' title='bbox 2089 5277 2190 5318; x_wconf 86' lang='lat' dir='ltr'><strong>Duo</strong></span> <span class='ocrx_word' id='word_1_841' title='bbox 2221 5276 2350 5328; x_wconf 77' lang='lat' dir='ltr'><strong>Mss.,</strong></span> <span class='ocrx_word' id='word_1_842' title='bbox 2370 5268 2660 5318; x_wconf 76' lang='lat' dir='ltr'><strong>constabmt.</strong></span> 
     </span>
    </p>
   </div>
   <div class='ocr_carea' id='block_1_120' title="bbox 2032 5330 2798 5394">
    <p class='ocr_par' dir='ltr' id='par_1_120' title="bbox 2032 5330 2798 5394">
     <span class='ocr_line' id='line_1_120' title="bbox 2032 5330 2798 5394; baseline 0.003 -16"><span class='ocrx_word' id='word_1_843' title='bbox 2032 5333 2055 5394; x_wconf 53' lang='grc' dir='ltr'><strong>φ</strong></span> <span class='ocrx_word' id='word_1_844' title='bbox 2091 5339 2230 5389; x_wconf 71' lang='lat' dir='ltr'><strong>Mem,</strong></span> <span class='ocrx_word' id='word_1_845' title='bbox 2258 5337 2544 5394; x_wconf 71' lang='lat' dir='ltr'><strong>ponerentur</strong></span> <span class='ocrx_word' id='word_1_846' title='bbox 2558 5330 2798 5394; x_wconf 68' lang='lat' dir='ltr'><strong>examini.</strong></span> 
     </span>
    </p>
   </div>
   <div class='ocr_carea' id='block_1_121' title="bbox 2035 5391 3554 5456">
    <p class='ocr_par' dir='ltr' id='par_1_121' title="bbox 2035 5391 3554 5456">
     <span class='ocr_line' id='line_1_121' title="bbox 2035 5391 3554 5456; baseline -0.001 -16"><span class='ocrx_word' id='word_1_847' title='bbox 2035 5393 2056 5425; x_wconf 82' lang='grc'>⁶</span> <span class='ocrx_word' id='word_1_848' title='bbox 2091 5399 2189 5456; x_wconf 89' lang='lat' dir='ltr'><strong>Duo</strong></span> <span class='ocrx_word' id='word_1_849' title='bbox 2207 5391 2603 5456; x_wconf 65' lang='lat' dir='ltr'><strong>M_s‘s.,_obs_t§terit,</strong></span> <span class='ocrx_word' id='word_1_850' title='bbox 2620 5404 2704 5456; x_wconf 75' lang='lat' dir='ltr'><strong>nec</strong></span> <span class='ocrx_word' id='word_1_851' title='bbox 2729 5392 3134 5455; x_wconf 77' lang='lat' dir='ltr'><strong>disceptationem,</strong></span> <span class='ocrx_word' id='word_1_852' title='bbox 3159 5393 3554 5456; x_wconf 70' lang='lat' dir='ltr'><strong>tanjms.\&#39;ignie-</strong></span> 
     </span>
    </p>
   </div>
   <div class='ocr_carea' id='block_1_122' title="bbox 1969 5451 3556 5519">
    <p class='ocr_par' dir='ltr' id='par_1_122' title="bbox 1969 5451 3556 5519">
     <span class='ocr_line' id='line_1_122' title="bbox 1969 5451 3556 5519; baseline -0.001 -16"><span class='ocrx_word' id='word_1_853' title='bbox 1969 5469 2102 5512; x_wconf 83' lang='lat' dir='ltr'><strong>rtus,</strong></span> <span class='ocrx_word' id='word_1_854' title='bbox 2137 5453 2384 5510; x_wconf 80' lang='lat' dir='ltr'><strong>obstiterit,</strong></span> <span class='ocrx_word' id='word_1_855' title='bbox 2413 5451 2819 5519; x_wconf 67' lang='lat' dir='ltr'><strong>disceptationem,</strong></span> <span class='ocrx_word' id='word_1_856' title='bbox 2856 5451 3083 5519; x_wconf 57' lang='lat' dir='ltr'><strong>tempus;</strong></span> <span class='ocrx_word' id='word_1_857' title='bbox 3108 5451 3311 5512; x_wconf 78' lang='lat' dir='ltr'><strong>omisso,</strong></span> <span class='ocrx_word' id='word_1_858' title='bbox 3329 5451 3436 5503; x_wconf 74' lang='lat' dir='ltr'><strong>nec</strong></span> <span class='ocrx_word' id='word_1_859' title='bbox 3466 5461 3556 5502; x_wconf 79' lang='lat' dir='ltr'><strong>\e-</strong></span> 
     </span>
    </p>
   </div>
   <div class='ocr_carea' id='block_1_123' title="bbox 1971 5515 3304 5580">
    <p class='ocr_par' dir='ltr' id='par_1_123' title="bbox 1971 5515 3304 5580">
     <span class='ocr_line' id='line_1_123' title="bbox 1971 5515 3304 5580; baseline -0.003 -14"><span class='ocrx_word' id='word_1_860' title='bbox 1971 5519 2074 5566; x_wconf 89' lang='lat' dir='ltr'><strong>rius</strong></span> <span class='ocrx_word' id='word_1_861' title='bbox 2097 5525 2216 5565; x_wconf 74' lang='lat' dir='ltr'><strong>men.</strong></span> <span class='ocrx_word' id='word_1_862' title='bbox 2239 5528 2346 5564; x_wconf 91' lang='lat' dir='ltr'><strong>cum</strong></span> <span class='ocrx_word' id='word_1_863' title='bbox 2373 5524 2451 5563; x_wconf 83' lang='lat' dir='ltr'><strong>Ms.</strong></span> <span class='ocrx_word' id='word_1_864' title='bbox 2472 5515 2623 5576; x_wconf 73' lang='lat'><strong>(1011).,</strong></span> <span class='ocrx_word' id='word_1_865' title='bbox 2648 5528 2735 5566; x_wconf 78' lang='lat' dir='ltr'><strong>nec</strong></span> <span class='ocrx_word' id='word_1_866' title='bbox 2753 5515 3085 5580; x_wconf 77' lang='lat' dir='ltr'><strong>disceptationi</strong></span> <span class='ocrx_word' id='word_1_867' title='bbox 3104 5524 3304 5578; x_wconf 62' lang='lat' dir='ltr'><strong>tempus.</strong></span> 
     </span>
    </p>
   </div>
   <div class='ocr_carea' id='block_1_124' title="bbox 2034 5580 2630 5634">
    <p class='ocr_par' dir='ltr' id='par_1_124' title="bbox 2034 5580 2630 5634">
     <span class='ocr_line' id='line_1_124' title="bbox 2034 5580 2630 5634; baseline -0.002 -10"><span class='ocrx_word' id='word_1_868' title='bbox 2034 5580 2053 5610; x_wconf 83' lang='grc'>⁷</span> <span class='ocrx_word' id='word_1_869' title='bbox 2091 5584 2170 5625; x_wconf 77' lang='lat' dir='ltr'><strong>tus.</strong></span> <span class='ocrx_word' id='word_1_870' title='bbox 2194 5583 2326 5634; x_wconf 86' lang='lat' dir='ltr'><strong>Mar.,</strong></span> <span class='ocrx_word' id='word_1_871' title='bbox 2350 5590 2434 5626; x_wconf 81' lang='lat' dir='ltr'><strong>nos</strong></span> <span class='ocrx_word' id='word_1_872' title='bbox 2457 5583 2630 5626; x_wconf 79' lang='lat' dir='ltr'><strong>autem.</strong></span> 
     </span>
    </p>
   </div>
   <div class='ocr_carea' id='block_1_125' title="bbox 2034 5637 3551 5696">
    <p class='ocr_par' dir='ltr' id='par_1_125' title="bbox 2034 5637 3551 5696">
     <span class='ocr_line' id='line_1_125' title="bbox 2034 5637 3551 5696; baseline -0.001 -11"><span class='ocrx_word' id='word_1_873' title='bbox 2034 5640 2055 5670; x_wconf 75' lang='grc'><strong>⁸</strong></span> <span class='ocrx_word' id='word_1_874' title='bbox 2091 5640 2224 5695; x_wconf 74' lang='grc' dir='ltr'><strong>Ιῖιιίιι,</strong></span> <span class='ocrx_word' id='word_1_875' title='bbox 2252 5645 2300 5687; x_wconf 80' lang='grc' dir='ltr'><strong>ιιι</strong></span> <span class='ocrx_word' id='word_1_876' title='bbox 2317 5645 2386 5688; x_wconf 84' lang='lat' dir='ltr'><strong>est</strong></span> <span class='ocrx_word' id='word_1_877' title='bbox 2404 5645 2568 5688; x_wconf 82' lang='lat' dir='ltr'><strong>contra</strong></span> <span class='ocrx_word' id='word_1_878' title='bbox 2593 5637 2838 5688; x_wconf 79' lang='lat' dir='ltr'><strong>rationem.</strong></span> <span class='ocrx_word' id='word_1_879' title='bbox 2868 5645 3199 5694; x_wconf 81' lang='lat' dir='ltr'><strong>nctnovcmus,</strong></span> <span class='ocrx_word' id='word_1_880' title='bbox 3224 5642 3310 5696; x_wconf 81' lang='lat' dir='ltr'><strong>cst,</strong></span> <span class='ocrx_word' id='word_1_881' title='bbox 3346 5645 3468 5687; x_wconf 68' lang='lat' dir='ltr'><strong>allClt</strong></span> <span class='ocrx_word' id='word_1_882' title='bbox 3489 5652 3551 5685; x_wconf 79' lang='grc' dir='ltr'><strong>ιι-</strong></span> 
     </span>
    </p>
   </div>
   <div class='ocr_carea' id='block_1_126' title="bbox 1973 5704 2554 5761">
    <p class='ocr_par' dir='ltr' id='par_1_126' title="bbox 1973 5704 2554 5761">
     <span class='ocr_line' id='line_1_126' title="bbox 1973 5704 2554 5761; baseline -0.005 -9"><span class='ocrx_word' id='word_1_883' title='bbox 1973 5710 2071 5752; x_wconf 81' lang='lat' dir='ltr'><strong>late</strong></span> <span class='ocrx_word' id='word_1_884' title='bbox 2107 5704 2554 5761; x_wconf 58' lang='lat' dir='ltr'><strong>manuscrit:torum.</strong></span> 
     </span>
    </p>
   </div>
   <div class='ocr_carea' id='block_1_127' title="bbox 2033 5761 3488 5824">
    <p class='ocr_par' dir='ltr' id='par_1_127' title="bbox 2033 5761 3488 5824">
     <span class='ocr_line' id='line_1_127' title="bbox 2033 5761 3488 5824; baseline 0.001 -16"><span class='ocrx_word' id='word_1_885' title='bbox 2033 5763 2104 5824; x_wconf 82' lang='lat' dir='ltr'><strong>(a)</strong></span> <span class='ocrx_word' id='word_1_886' title='bbox 2127 5763 2382 5816; x_wconf 78' lang='lat' dir='ltr'><strong>\alcriulu.</strong></span> <span class='ocrx_word' id='word_1_887' title='bbox 2411 5762 2489 5810; x_wconf 86' lang='lat' dir='ltr'><strong>lib.</strong></span> <span class='ocrx_word' id='word_1_888' title='bbox 2526 5765 2540 5811; x_wconf 91' lang='lat' dir='ltr'><strong>l</strong></span> <span class='ocrx_word' id='word_1_889' title='bbox 2567 5764 2628 5813; x_wconf 77' lang='grc' dir='ltr'><strong>ι1υ</strong></span> <span class='ocrx_word' id='word_1_890' title='bbox 2654 5764 2832 5824; x_wconf 64' lang='lat' dir='ltr'><strong>Nuptiis</strong></span> <span class='ocrx_word' id='word_1_891' title='bbox 2857 5771 2905 5812; x_wconf 88' lang='lat' dir='ltr'><strong>ct</strong></span> <span class='ocrx_word' id='word_1_892' title='bbox 2928 5762 3333 5822; x_wconf 51' lang='lat' dir='ltr'><strong>(renuntiaturus,</strong></span> <span class='ocrx_word' id='word_1_893' title='bbox 3367 5778 3392 5810; x_wconf 81' lang='grc' dir='ltr'><strong>ιι</strong></span> <span class='ocrx_word' id='word_1_894' title='bbox 3443 5761 3488 5810; x_wconf 66' lang='grc'><strong>2³..</strong></span> 
     </span>
    </p>
   </div>
  </div>
