4008 6178
398 350 537 406 I055

467 460 559 518 XI.
587 459 704 517 Ju.
731 460 947 529 Quibus
961 461 1127 531 gestis
1157 460 1297 514 inter
1318 456 1606 512 voluminis
1634 455 1833 524 primas
1858 468 1981 520 par-

395 565 496 621 tes,
528 563 843 628 progresSus
887 564 970 609 est
1012 553 1079 607 ad
1123 551 1518 606 distinctionem
1545 551 1560 580 ¹
1593 548 1893 618 nuptiarum
1923 555 1980 601 et

395 645 858 715 concupiscentiae,
878 645 1016 698 sicut
1039 642 1210 697 fuerat
1237 642 1372 696 tituli
1406 640 1750 708 inscriptione
1774 637 1979 708 pollici-

396 748 483 794 tus
513 757 528 794 :
557 739 806 809 deditque
833 747 945 792 toto
968 737 1222 806 deinceps
1246 749 1410 804 opere
1437 734 1818 788 documentum
1849 730 1979 785 artis

395 840 451 887 et
477 831 686 886 virtutis
715 845 844 884 suae.
867 827 1011 884 Inter
1037 829 1369 898 negationem
1399 826 1542 880 enim
1567 824 1934 880 confessomm
1955 823 1977 855 '

395 929 449 974 et
479 931 788 989 negatorum
829 919 1218 974 confessionem
1261 917 1443 971 ultima
1474 916 1792 971 necessitate
1819 929 1978 968 vexa-

398 1021 503 1073 tus,
531 1011 656 1079 quid
685 1025 1039 1065 aerumnarum
1072 1018 1340 1079 pateretur
1365 1009 1502 1064 foeda
1529 1006 1853 1063 conscientia
1886 1021 1982 1075 puo

396 1100 631 1156 blicavit.

469 1193 603 1247 Anc.
642 1189 956 1246 Conviciare
980 1201 1233 1260 quantum
1266 1197 1418 1261 potes
1449 1207 1464 1245 :
1494 1189 1616 1260 quis
1641 1188 1783 1243 enim
1806 1185 1983 1243 convi-

396 1281 573 1336 ciosus
603 1281 704 1336 hoc
735 1297 838 1335 non
863 1281 1076 1352 potest?

470 1390 586 1446 XII.
628 1392 748 1446 Jun.
791 1391 960 1446 Priori
1011 1407 1139 1462 ergo
1191 1393 1339 1463 operi
1386 1401 1617 1463 quatuor
1657 1390 1852 1446 libellis
1894 1405 1978 1456 ea,

398 1503 555 1556 quam
584 1486 938 1555 suppeditavit
961 1488 1178 1551 veritas,
1208 1483 1456 1542 facultale
1482 1484 1730 1555 respondi
1757 1503 1768 1536 :
1795 1483 1983 1553 praefa-

399 1586 485 1630 tus
511 1591 639 1631 Sane
670 1578 1060 1646 pnetet'itnrum
1088 1592 1193 1642 me,
1217 1593 1335 1647 qure
1365 1586 1417 1642 et
1446 1591 1542 1646 pro
1563 1576 1810 1646 dogmate
1841 1575 1982 1628 illius

323 1737 327 1741 ι
401 1669 533 1724 nihil
581 1669 776 1724 habere
812 1670 1063 1740 ponderis
1105 1671 1414 1741 apparebat,
1445 1679 1498 1726 et
1526 1685 1612 1724 me
1646 1676 1868 1740 possent
1897 1683 1985 1721 ar-

399 1777 561 1832 guere
603 1763 941 1832 multiloquii,
990 1761 1034 1817 si
1081 1761 1302 1817 fuissem
1347 1762 1610 1818 imbecilla
1658 1777 1883 1832 quaeque
1927 1769 1982 1815 et

401 1852 577 1905 inania
625 1863 952 1922 persecutus.
995 1851 1328 1922 Quanquam,
1367 1854 1411 1908 si
1458 1855 1595 1909 hanc
1636 1853 1895 1923 regulam,
1928 1861 1984 1905 ut

401 1943 601 2004 decuit.
625 1959 842 1998 servare
863 1943 1118 2010 licuisset,
1143 1944 1194 1999 id
1215 1953 1318 2012 est,
1342 1954 1515 2000 utnec
1534 1944 1980 2014 oppugnationem

397 2048 463 2088 ex
496 2033 824 2102 profeSsione
865 2034 1040 2103 inepta
1085 2043 1440 2101 mererentur,
1478 2051 1614 2105 pene
1652 2034 1829 2088 omnia
1867 2033 1984 2103 ejus

400 2122 611 2177 inventa
631 2123 651 2154 ⁸
674 2125 883 2194 publico
911 2126 1116 2178 fuerant
1142 2125 1439 2194 spernenda
1466 2125 1700 2180 silentio.
1722 2122 1828 2179 Sed
1853 2137 1986 2192 quo-

401 2213 564 2276 niam,
593 2214 750 2268 rebus
781 2215 831 2268 in
866 2215 1099 2285 pcjorem
1129 2230 1330 2284 portent
1361 2215 1767 2285 properantibus
1799 2212 1983 2286 (quod

399 2305 582 2360 mundi
616 2306 705 2359 lini
736 2321 834 2362 suo
876 2307 1230 2363 incumbentis
1270 2308 1524 2364 indicium
1551 2316 1632 2364 est
1655 2313 1695 2378 ),
1719 2309 1770 2362 in
1799 2307 1983 2364 Eccle-

398 2395 475 2449 sia
508 2410 718 2465 quoqne
747 2397 836 2450 Dei
859 2397 1046 2466 adepta
1070 2408 1150 2451 est
1179 2397 1403 2453 stultitia
1428 2407 1483 2451 et
1512 2397 1781 2466 turpitudo
1805 2397 1981 2450 domi-

400 2494 614 2549 natum;
643 2501 737 2556 pro
775 2486 992 2542 Christo
1023 2487 1288 2556 legatione
1318 2487 1602 2556 fungimur,
1635 2497 1690 2541 et
1717 2501 1815 2556 pro
1841 2486 1980 2540 virili

399 2578 643 2644 portione
668 2587 921 2648 quaiuum
949 2579 1188 2633 valemus
1216 2579 1333 2649 opis
1359 2577 1381 2610 ⁸
1404 2578 1471 2633 ad
1497 2578 1861 2633 defensionem
1892 2593 1983 2632 ca-

400 2669 611 2724 tholica:
666 2670 939 2738 religionis
993 2669 1262 2724 alferimus
1309 2687 1323 2723 :
1375 2684 1476 2725 nec
1533 2670 1674 2740 piget
1725 2669 1980 2724 mandare

397 2760 587 2814 litteris
616 2760 869 2830 remedia,
899 2775 1018 2834 qua:
1047 2768 1233 2816 contra
1257 2775 1500 2816 errorum
1530 2761 1550 2792 ⁸
1575 2776 1776 2815 venena
1811 2760 1982 2814 conli-

396 2849 586 2903 cinms.

467 2941 603 2995 Anc.
644 2938 878 2996 Stultitia
921 2950 975 2996 et
1010 2941 1278 3011 turpitudo
1315 2958 1411 2999 vos
1450 2944 1654 3014 peperit
1680 2963 1692 2998 :
1717 2945 1812 3000 sed
1839 2945 1882 3000 si
1928 2945 1978 3000 in

397 3031 634 3086 Ecclesia
676 3032 1004 3088 dominatum
1045 3034 1238 3104 adepta
1280 3043 1442 3102 esset,
1471 3036 1539 3092 ibi
1570 3052 1662 3091 vos
1691 3038 1870 3114 utique
1898 3046 1979 3092 te-

396 3125 617 3180 nuisset.

467 3237 605 3292 Xlll.
645 3237 763 3294 Jun.
805 3237 1055 3296 Testatus
1098 3240 1301 3310 utique,
1337 3248 1397 3295 ut
1433 3240 1566 3303 dixi,
1606 3239 1834 3306 fueram,
1882 3258 1980 3297 nec

395 3339 578 3384 contra
623 3344 812 3384 omnes
862 3345 948 3385 me
991 3331 1198 3400 species
1235 3329 1584 3388 defendendae
1641 3332 1872 3388 traducis
1925 3334 1978 3390 in

397 3421 568 3489 primo
594 3420 944 3476 disserturum
981 3436 1163 3491 opere,
1199 3437 1301 3478 nec
1325 3433 1537 3490 cuncta,
1568 3440 1686 3493 quae
1717 3425 1806 3480 ille
1845 3426 1981 3481 liber

397 3512 630 3572 tenebat,
660 3511 1037 3580 replicatnrum
1066 3530 1078 3567 :
1109 3513 1201 3568 sed
1230 3528 1352 3568 cum
1382 3513 1467 3570 bis
1492 3514 1894 3583 conflicturum,
1925 3516 1978 3573 in

396 3603 590 3671 quibus
614 3617 876 3656 sunuuam
903 3613 956 3657 et
984 3604 1091 3658 vim
1115 3605 1194 3659 sui
1225 3604 1489 3675 dogmatis
1513 3606 1848 3662 collocasset.
1869 3608 1982 3664 Iloe

395 3704 572 3748 autem
600 3709 684 3748 me
708 3695 1057 3762 spepondisse
1096 3696 1340 3761 fideliter,
1369 3697 1689 3766 quicumque
1718 3699 1801 3756 vel
1841 3699 1978 3754 obli-

395 3801 532 3856 quus
581 3787 670 3852 sit,
715 3795 919 3841 tantum
962 3786 1187 3858 diligens
1233 3788 1512 3859 utriusque
1557 3790 1736 3858 operis
1786 3790 1976 3855 lector,

396 3887 666 3948 agnoscet.
708 3877 821 3948 Ego
865 3887 1044 3934 autem
1095 3880 1438 3936 conscientiae
1493 3881 1774 3938 honestate
1827 3897 1982 3938 secu-

397 3983 488 4024 rus
518 3968 787 4023 inimicmn
825 3978 1064 4025 nostrum
1097 3980 1152 4025 et
1175 3971 1449 4036 adhortor,
1479 3982 1534 4028 et
1559 3974 1795 4038 stimulo.
1838 3985 1897 4031 ut
1936 3977 1981 4032 si

397 4059 612 4130 aliquod
650 4075 681 4115 a
721 4075 781 4117 se
821 4063 1104 4132 prolatum,
1135 4078 1164 4117 a
1197 4079 1285 4120 me
1316 4067 1728 4133 przetermissum
1756 4069 1984 4124 aestimat

398 4161 769 4221 argumentum
795 4196 809 4217 ,
842 4155 983 4222 qttod
1013 4155 1306 4226 cujuspiam
1337 4161 1592 4214 momenti
1617 4161 1700 4214 vel
1741 4162 1855 4230 ipse
1895 4165 1983 4230 jn-

397 4241 560 4308 dicct,
609 4243 664 4298 in
709 4243 944 4299 medium
993 4246 1247 4316 proferat,
1292 4258 1346 4304 et
1389 4263 1477 4305 me
1521 4251 1726 4306 timoris
1769 4253 1982 4324 dolique

397 4338 698 4390 convincat.

466 4424 606 4480 Anc.
634 4422 752 4480 Non
779 4423 940 4480 credo
967 4425 1106 4498 quod
1127 4441 1189 4482 ea
1211 4442 1329 4497 quae
1351 4431 1759 4500 prtetermisisti,
1785 4433 1982 4490 nullius

396 4513 652 4567 momenti
673 4529 792 4568 esse
822 4516 1089 4584 putaveris
1118 4533 1131 4569 :
1157 4517 1399 4586 quamvis
1417 4528 1470 4573 et
1491 4521 1535 4574 si
1560 4519 1660 4575 hoc
1687 4531 1738 4577 te
1769 4534 1981 4591 putasse

397 4601 716 4667 concedam;
746 4618 850 4658 non
881 4612 1061 4660 tamen
1083 4607 1155 4660 ita
1184 4622 1339 4673 esse,
1364 4610 1659 4667 catholicus
1685 4623 1740 4667 et
1779 4614 1984 4670 intelli-

397 4705 548 4760 gens,
581 4691 626 4746 si
651 4700 704 4746 et
729 4707 892 4747 unum
925 4695 1070 4748 illum
1102 4712 1277 4751 meum
1304 4708 1358 4754 et
1387 4709 1507 4756 tuos
1533 4712 1761 4772 quatuor
1781 4705 1984 4761 habue-

398 4782 487 4847 rit,
515 4781 950 4855 diligentiamque
976 4786 1299 4856 adhibuerit,
1331 4790 1499 4846 lector
1528 4793 1779 4851 inveniet.

474 4892 612 4946 XIV.
641 4893 760 4949 JnL.
791 4896 1181 4966 Scripturarum
1225 4915 1356 4957 sane
1399 4904 1698 4960 testimonia
1738 4907 1982 4978 qua‘dam

396 4986 558 5040 latins
585 4990 838 5056 exposui,
877 4992 1120 5062 quaedam
1149 4993 1362 5050 brevius
1394 5015 1409 5054 :
1437 4999 1558 5068 quia
1603 5016 1690 5057 me
1731 5003 1886 5071 plene
1932 5005 1982 5059 id

399 5089 648 5132 secuturo
671 5095 832 5149 opere
863 5084 1118 5140 facturum
1146 5089 1424 5158 spopondi.
1448 5091 1589 5146 Nihil
1619 5095 1795 5165 itaque
1826 5097 1893 5151 ibi
1917 5097 1983 5152 de

399 5171 647 5226 omnibus
671 5174 944 5244 Augustini
968 5182 1291 5248 argumentis
1313 5191 1370 5237 et
1396 5187 1850 5254 propositionibus
1873 5206 1978 5248 non

400 5265 674 5334 explosum
723 5268 1008 5332 remansit,
1057 5269 1186 5326 nihil
1228 5287 1258 5325 a
1303 5289 1389 5330 me
1415 5277 1688 5348 impletum
1719 5291 1799 5333 est
1829 5280 1984 5334 aliter

465 5461 486 5534 ξ
517 5463 595 5534 sic
606 5469 718 5534 διες.
745 5471 853 5534 δεδι.
872 5472 932 5534 et
945 5465 1074 5534 Colb.
1097 5468 1219 5518 ιι·Δὶιί
1239 5485 1374 5530 vero,
1394 5489 1425 5524 a
1451 5474 1765 5530 distinctione.

465 5523 488 5594 ξ
521 5524 810 5597 Fditi,enim
833 5533 880 5577 et
903 5530 1239 5597 confessornm.
1273 5523 1899 5597 Particula,"etrrednadat
1924 5559 1984 5594 oo

401 5579 490 5658 loci
507 5579 783 5658 ,__aIbcstque
805 5579 1209 5658 ainantiscriptis.

465 5645 487 5726 ξ
832 5648 1010 5726 inepto.
1052 5645 1350 5716 castigantur
1393 5671 1454 5709 ex
1489 5665 1838 5726 manus-:riptis.

465 5707 487 5735 δ
523 5707 825 5769 \‘ignicrius,
850 5707 1024 5772 operis.

517 5772 622 5816 Mss.
648 5775 757 5819 Mar.
785 5779 831 5822 et
849 5780 994 5830 Port.,
1021 5788 1200 5826 eorum.

1070 345 1316 404 OPERIS
1355 340 1764 400 IMPERFECTI
1803 335 2074 394 CONTRA
2115 333 2475 401 JULIANUM,
2517 335 2572 391 S.
2605 336 2968 393 AUGUSTINI

3539 341 3679 397 I036

2086 459 2244 514 quam
2271 445 2587 514 promissum
2616 465 2628 500 :
2659 447 2821 501 multa
2848 447 2899 500 in
2933 448 3160 504 inventis
3184 447 3302 518 ejus
3327 447 3482 518 falsa,
3508 451 3676 507 multa

2084 536 2298 601 stolida,
2326 537 2582 606 sacrilega
2619 539 2782 592 multa
2815 538 3042 592 convici.

2157 628 2290 684 Atto.
2323 627 2433 682 IIoc
2475 629 2688 697 quidem
2731 629 2900 697 dicis,
2944 629 3039 684 sed
3081 640 3132 684 tu
3171 631 3308 688 dicis
3334 651 3348 687 :
3376 633 3466 704 qui
3497 645 3673 689 autem

2085 718 2214 790 legit
2256 729 2312 776 et
2354 720 2629 792 intelligit,
2671 722 2715 778 si
2754 739 2857 778 non
2905 723 3220 794 Pelagianos
3259 734 3375 790 est,
3427 741 3530 781 non
3576 725 3678 782 hoc
3769 753 3786 772 α

2085 813 2232 870 dicit.

2157 905 2273 960 XV.
2300 906 2418 962 JoL.
2447 906 2560 976 Qua
2584 908 2909 977 professione
2933 924 3036 963 non
3061 919 3140 964 est
3171 911 3324 966 nobis
3351 913 3672 982 arrogantiae

2087 995 2222 1050 fama
2253 997 2533 1052 metuenda
2562 1016 2575 1051 :
2604 999 2725 1068 quia
2755 1014 2857 1053 non
2883 999 3097 1069 ingenio
3125 1017 3245 1055 meo
3274 1001 3552 1055 veritatem
3579 1002 3676 1056 de-

2086 1086 2319 1150 fensam.
2361 1088 2454 1144 sed
2503 1089 2918 1147 in'ibecillitatem
2970 1088 3136 1146 nostri
3183 1088 3385 1162 ingenii
3436 1093 3676 1150 veritatis

2093 1179 2300 1238 viribus
2323 1180 2642 1237 confitemur
2669 1183 2928 1252 adiutam.

2157 1271 2294 1328 Anc.
2326 1271 2524 1328 Elisam
2555 1273 2802 1340 dixisses,
2832 1274 2876 1328 si
2897 1291 3080 1330 verum
3109 1275 3288 1330 dicere
3311 1277 3590 1337 voluisses.

2157 1360 2297 1417 XVI.
2329 1361 2446 1420 Jun.
2482 1362 2614 1420 Cum
2644 1365 2757 1419 haec
2780 1366 2956 1434 itaque
2988 1368 3123 1420 hami
3155 1367 3313 1423 aliter
3336 1385 3494 1436 quam
3525 1370 3668 1433 dixi,

2086 1462 2294 1507 constet
2322 1453 2565 1523 impleta;
2595 1456 2774 1510 mirari
2801 1458 2929 1510 satis
2967 1473 3175 1527 nequeo
3216 1459 3446 1514 hominis
3489 1460 3664 1526 impu-

2087 1543 2318 1600 dentiam
2343 1587 2358 1610 ,
2388 1546 2480 1616 qui
2512 1546 2564 1602 in
2597 1548 2698 1603 hoc
2724 1548 2925 1602 recenti
2967 1562 3130 1617 opere
3172 1564 3271 1602 suo
3323 1550 3504 1604 libros-
3524 1565 3674 1606 meos

2088 1629 2332 1690 falsitatis
2360 1645 2596 1700 accusat,
2625 1652 2757 1705 quos
2789 1647 2964 1692 tamen
2995 1638 3221 1693 nccdum
3258 1639 3307 1692 in
3331 1655 3522 1693 manus
3545 1657 3669 1694 suas

2086 1725 2296 1780 venisse
2319 1734 2541 1781 testatur
2566 1727 2584 1798 (
2608 1727 2682 1782 De
2709 1726 2922 1797 Nuptiis
2947 1738 2990 1782 ct
3021 1729 3468 1799 Concupisccntia,
3495 1732 3581 1786 lib.
3606 1732 3666 1798 2,

2087 1831 2141 1872 n.
2164 1815 2244 1880 2).
2263 1816 2458 1870 Durum
2480 1817 2716 1886 quidem,
2733 1820 2874 1889 quod
2897 1821 3230 1878 consuetudo
3248 1824 3498 1891 peccandi
3520 1840 3669 1878 amo-

2086 1919 2200 1960 rem
2225 1905 2403 1962 delicti
2429 1905 2552 1962 facit
2579 1928 2594 1962 :
2617 1909 2712 1963 sed
2741 1909 2868 1964 nihil
2894 1911 3099 1974 durius,
3123 1928 3280 1985 quam
3305 1914 3443 1982 quod
3467 1916 3668 1968 exstin-

2085 1995 2201 2068 guit
2241 1997 2532 2066 pudorem;
2566 2000 2707 2069 quod
2757 2001 2880 2056 licet
2923 2017 2985 2056 ex
3039 2003 3394 2071 improbitatis
3424 2021 3520 2058 usu
3547 2022 3668 2063 esse

2086 2095 2389 2155 constaret,
2422 2098 2598 2145 mineo
2629 2092 2855 2168 amplius
2887 2095 3169 2162 przesentia
3199 2096 3428 2164 pericula
3460 2095 3664 2153 docue-

2087 2188 2432 2250 runt,quam
2478 2183 2757 2252 quisquam
2809 2195 3048 2239 nostrum
3103 2195 3312 2254 poterat
3363 2197 3662 2243 autumare.

2086 2270 2309 2338 Quando
2333 2273 2474 2328 enim
2501 2274 2774 2332 crederem
2803 2291 2868 2330 eo
2903 2292 3067 2348 usque
3095 2277 3336 2334 Numida:
3363 2280 3668 2338 induruisse

2085 2362 2354 2430 frontem,
2400 2373 2458 2422 ut
2508 2365 2558 2419 in
2605 2381 2708 2421 uno
2751 2383 2914 2434 opere
2959 2380 3012 2425 et
3059 2385 3163 2424 uno
3198 2387 3355 2426 versu
3389 2383 3670 2443 ntrtunque

2084 2451 2358 2520 fateretur,
2391 2463 2447 2509 et
2470 2471 2556 2511 tne
2579 2455 2706 2511 falsa
2735 2457 2969 2524 dixisse,
3009 2469 3064 2515 et
3101 2476 3161 2516 se
3191 2477 3300 2516 non
3329 2463 3517 2532 legisse
3541 2467 3668 2534 quid

2083 2543 2328 2600 dixerim.

2155 2636 2289 2693 Anc.
2317 2635 2374 2691 Si
2403 2635 2502 2692 hoc
2529 2654 2634 2693 non
2667 2638 2859 2705 fecisti,
2895 2640 2985 2696 ille
3014 2639 3139 2695 fecit
3163 2642 3252 2711 qui
3283 2642 3350 2696 de
3380 2643 3530 2698 libris
3563 2644 3669 2700 tuis

2083 2741 2167 2794 ea,
2200 2744 2318 2796 qua:
2342 2730 2525 2785 comiti
2557 2729 2771 2788 Valerio
2799 2733 3000 2800 putavit
3027 2733 3282 2788 mittenda
3311 2751 3448 2800 esse,
3481 2736 3672 2791 decer-

2083 2817 2208 2886 psit.
2236 2815 2388 2884 Quod
2414 2835 2533 2876 eum
2567 2837 2671 2875 non
2697 2822 2922 2877 credens
2949 2838 3048 2892 ego
3079 2824 3268 2878 fecisse
3309 2825 3660 2895 mendaciter,

2083 2909 2284 2966 auctori
2316 2909 2474 2964 tribui
2515 2911 2654 2978 quod
2679 2911 2976 2981 deccrptori
3005 2914 3183 2967 debui.
3207 2913 3351 2967 Tuos
3379 2915 3573 2985 quippe
3599 2916 3664 2970 li-

2085 2998 2210 3053 bros
2239 2998 2472 3053 nondum
2504 2999 2734 3069 legeram
2759 3042 2773 3064 ,
2803 3003 2895 3057 sed
2935 2990 3054 3072 qua:
3084 3005 3174 3058 ille
3200 3019 3262 3059 ex
3287 3005 3365 3059 eis
3387 3004 3670 3073 decerpse.

2084 3098 2198 3154 rat,
2242 3090 2495 3160 legeram.
2541 3090 2599 3148 Si
2645 3100 2696 3146 te
2745 3091 3016 3148 hominem
3055 3095 3353 3164 cogitares,
3410 3094 3510 3150 hoc
3556 3096 3667 3151 fieri

2084 3180 2322 3250 potuisse
2350 3196 2470 3236 cum
2500 3196 2752 3237 cerneres
2772 3223 2786 3248 ,
2821 3198 3152 3255 nequaquam
3199 3194 3304 3238 tam
3352 3183 3666 3240 invidiosam

2083 3288 2347 3342 quaereres
2371 3271 2570 3326 bomiui
2599 3272 2696 3329 bac
2724 3275 3002 3329 occasione
3029 3274 3376 3329 calumniam.

2155 3363 2316 3422 XVII.
2355 3364 2474 3420 ιῐυι..
2515 3364 2647 3420 Nam
2689 3367 2927 3422 scribens
2951 3366 3018 3421 ad
3048 3383 3169 3422 eum
3192 3407 3209 3433 ,
3237 3385 3396 3440 quem
3443 3369 3667 3424 miratur

2083 3454 2374 3510 studiosum
2403 3471 2522 3511 esse
2553 3457 2804 3510 librorum
2836 3473 3074 3521 suorum,
3100 3474 3220 3513 cum
3247 3460 3316 3514 sit
3347 3461 3547 3518 militia:
3573 3475 3660 3514 su-

2083 3547 2301 3605 doribus
2328 3560 2637 3619 occupatus,
2668 3550 2867 3606 indicat
2891 3552 2956 3605 ab
2985 3551 3178 3623 Alypio
3209 3553 3481 3608 chartulas
3509 3553 3573 3607 ad
3603 3569 3664 3610 se

2085 3639 2246 3695 fuisse
2273 3639 2513 3717 delatas,
2542 3658 2661 3711 qua;
2701 3643 2770 3698 ita
2811 3645 3186 3712 superscripta:
3213 3655 3392 3700 essent
3419 3664 3433 3700 :
3462 3665 3480 3698 ‹
3511 3644 3666 3717 Capi-

2088 3733 2192 3786 tula
2229 3732 2297 3786 de
2327 3732 2462 3789 libro
2492 3715 2766 3803 Augustini
2793 3751 2948 3804 quem
2975 3737 3217 3806 scripsit,
3249 3747 3431 3791 contra
3458 3715 3669 3808 qnzede

2084 3823 2233 3880 libris
2262 3839 2423 3893 pauca
2455 3815 2717 3894 decerpsi.
2751 3825 2847 3880 llic
2887 3826 3041 3880 video
3061 3868 3075 3893 ,
3111 3843 3232 3881 emn
3262 3829 3350 3895 qui
3382 3837 3486 3882 tute
3521 3829 3668 3884 Prac-

2085 3916 2295 3970 stantia:
2322 3915 2418 3968 ista
2445 3915 2639 3985 scripta
2661 3915 2874 3981 direxit,
2899 3917 2966 3971 de
2993 3919 3174 3972 nescio
3197 3918 3386 3984 quibus
3410 3919 3558 3972 libris
3578 3935 3665 3988 ea,

2085 4019 2263 4068 eausa,
2287 4014 2542 4074 quantmn
2568 4006 2834 4070 existimo,
2865 4008 3143 4062 celerioris
3175 4010 3537 4078 responsionis
3559 4051 3572 4073 ,
3603 4027 3669 4065 ne

2089 4104 2229 4148 tuam
2275 4094 2512 4152 differret
2558 4093 2910 4160 instantiam,
2946 4099 3176 4153 voluisse
3217 4099 3522 4170 decerpere.
3569 4101 3668 4169 Qui

2085 4195 2262 4238 autem
2292 4185 2397 4240 sint
2422 4186 2503 4240 isti
2531 4186 2651 4240 libri
2683 4204 2801 4242 cum
2832 4189 3145 4258 cogitarem,
3177 4207 3272 4246 eos
3298 4207 3418 4246 esse
3447 4193 3671 4246 arbitra-

2087 4283 2171 4328 tus
2191 4289 2330 4340 sum,
2352 4290 2586 4345 quorum
2606 4277 2928 4331 mentionem
2954 4278 3194 4334 Julianus
3222 4280 3346 4334 facit
3367 4283 3415 4334 in
3441 4282 3669 4351 cpistola

2085 4382 2243 4435 quam
2276 4366 2496 4422 Romam
2535 4367 2717 4435 misit,
2752 4370 2903 4441 cujus
2932 4372 3234 4441 exemplum
3263 4372 3456 4426 sitnnl‘
3488 4372 3552 4426 ad
3586 4388 3672 4428 me

2087 4471 2254 4525 usque
2296 4457 2549 4527 pervenit.
2583 4456 2656 4511 Ibi
2688 4439 2883 4528 quippe
2911 4461 2983 4513 ait
3013 4479 3026 4514 :
3059 4439 3250 4515 Dicunt
3291 4463 3452 4516 etiam
3501 4464 3629 4516 istas
3650 4503 3667 4524 ,

2085 4563 2203 4616 qua:
2252 4547 2412 4604 tnodo
2455 4559 2715 4618 aguntur,
2765 4552 2973 4620 nuptias
3018 4567 3048 4608 a
3096 4553 3205 4607 Deo
3253 4553 3522 4608 institutas
3566 4571 3669 4607 non

2088 4640 2268 4706 fuisse,
2295 4642 2436 4712 quod
2479 4643 2531 4696 in
2559 4643 2694 4697 libro
2733 4645 3014 4714 Augustini
3057 4646 3270 4716 legitur,
3298 4655 3480 4700 contra
3511 4663 3669 4716 quem

2085 4749 2186 4804 ego
2228 4735 2385 4789 modo
2423 4743 2649 4805 quatuor
2679 4736 2872 4792 libellis
2891 4740 2912 4768 ‘
2953 4738 3225 4808 respondi.
3261 4759 3278 4790 ι
3309 4738 3375 4792 Ει
3406 4749 3526 4808 post
3553 4738 3669 4792 Incc

2086 4827 2247 4882 verba
2274 4826 2432 4883 infert
2451 4827 2640 4882 iterum
2663 4829 2772 4884 suis
2797 4831 3137 4884 sermonibus
3170 4849 3183 4884 :
3217 4849 3235 4881 ι
3263 4829 3469 4893 Credo,
3493 4847 3562 4884 ex
3591 4830 3674 4883 Ins

2087 4917 2278 4976 libellis
2303 4918 2398 4972 ista
2425 4917 2672 4988 decerpta
2703 4929 2827 4976 sunt
2855 4937 2868 4974 :
2904 4922 3043 4975 unde
3073 4922 3264 4976 melius
3295 4921 3522 4976 fortasse
3561 4920 3674 4975 fue-

2087 5019 2187 5074 rat,
2219 5018 2279 5064 ut
2304 5010 2552 5064 universo
2578 5010 2676 5081 ipsi
2704 5011 2850 5080 operi
2877 5011 3015 5081 ejus,
3042 5013 3180 5082 quod
3205 5022 3430 5083 quatuor
3451 5013 3675 5068 volumi-

2089 5102 2242 5156 nibus
2282 5101 2594 5171 explicavit.
2640 5102 2933 5159 refellendo
2977 5113 3033 5159 et
3075 5105 3446 5174 redarguendo
3490 5114 3670 5158 nostra

2089 5190 2354 5244 laboraret
2379 5191 2399 5222 ³
2433 5191 2686 5255 intentio;
2712 5193 2811 5246 nisi
2830 5201 2884 5247 et
2909 5208 3006 5262 ego
3029 5195 3429 5261 responsionem
3461 5193 3676 5247 differre

2089 5283 2410 5348 noluissem;
2441 5285 2576 5338 sicut
2604 5299 2702 5339 nec
2734 5295 2787 5338 ιιι
2817 5287 3274 5340 transmissionem
3307 5288 3624 5353 scriptorum
3655 5326 3669 5345 ,

2089 5373 2278 5443 quibus
2304 5375 2729 5443 reSpondcndum
2751 5385 2852 5440 est,
2875 5375 3124 5430 distulisti
3151 5396 3168 5429 ι
3192 5378 3208 5447 (
3228 5377 3411 5448 lbid.).
3433 5377 3674 5433 Ostendit

2154 5545 2175 5577 ³
2193 5547 2288 5620 Διιίο
2311 5548 2617 5620 manuscripti
2637 5555 2957 5620 praetereunt,
2983 5549 3141 5620 simul.
3170 5558 3219 5620 tn
3244 5551 3366 5600 libro
3389 5563 3584 5620 quoque
3614 5551 3676 5598 tle

2089 5609 2270 5675 nuptiis
2287 5609 2745 5675 etponcnpiscentia
2770 5615 3001 5673 secundo,
3030 5628 3078 5662 ιι.
3103 5613 3148 5673 2,
3177 5616 3346 5664 aberat
3366 5609 3538 5663 eadem
3564 5626 3664 5675 paro

2093 5668 2235 5717 ticnla
2258 5682 2284 5716 a
2311 5668 2529 5730 pluribus
2551 5678 2653 5718 Mss.

2157 5732 2176 5758 ³
2209 5730 2364 5778 (Ἆιόυιι
2391 5737 2522 5788 δίεπ’..
2548 5730 2702 5782 libris.

2159 5793 2178 5824 ³
2209 5792 2337 5841 Idem
2360 5793 2535 5851 codex,
2559 5794 2842 5845 elaboraret.
