4010 6186
290 330 432 388 1057

288 458 420 515 ergo
466 442 554 498 hic
597 439 933 512 apertissime
974 446 1221 510 excerpta
1268 437 1354 493 illa
1401 436 1661 508 suspicari
1715 452 1773 493 se
1813 437 1884 494 de

289 548 453 602 opere
478 548 600 587 meo
622 530 961 586 tumultuarie
983 526 1145 583 fuisse
1164 528 1419 591 collecta;
1445 528 1676 598 integros
1700 537 1880 583 autem

287 624 538 693 ignorare
568 622 751 688 libros,
772 621 964 692 quibus
990 629 1168 674 tamen
1199 618 1359 673 audet
1376 633 1436 673 se
1456 617 1634 673 dicere
1656 631 1883 690 respon-

288 714 422 769 dere
453 714 707 783 potuisse.

363 806 498 859 Atto.
522 800 632 857 Cur
657 818 759 857 non
787 800 1038 857 auderem
1064 842 1079 867 ,
1109 799 1198 870 qui
1236 808 1289 855 te
1328 796 1384 853 in
1412 800 1491 855 eis
1515 810 1649 853 vana
1680 796 1880 857 dixisse

285 892 535 948 dubitare
559 894 741 963 utique
768 906 872 946 nou
897 891 1190 947 deberem?
1214 889 1328 945 Non
1356 890 1499 945 enim
1530 904 1715 947 contra
1749 907 1875 946 vera

286 999 475 1054 posses
500 984 645 1054 loqui
677 984 778 1037 nisi
805 996 960 1037 vana.
991 981 1175 1052 Neque
1202 997 1351 1035 meus
1374 981 1585 1036 animus
1616 995 1699 1034 me
1727 979 1880 1036 fefel-

288 1077 347 1129 lit
370 1094 383 1127 :
403 1091 500 1131 eos
521 1090 748 1145 namque
774 1063 937 1129 libros
954 1083 1074 1127 tuos
1097 1072 1230 1127 tales
1250 1070 1448 1138 iuveni,
1469 1084 1590 1128 cum
1619 1070 1876 1143 legerem,

286 1171 472 1239 quales
502 1181 940 1237 pra-sumpseram
971 1181 1112 1230 esse,
1141 1174 1426 1235 antequam
1455 1165 1708 1232 legerem.

357 1258 544 1312 XVIII.
562 1257 678 1311 Jun.
698 1256 845 1311 Facit
866 1270 1075 1325 quoque
1090 1255 1330 1324 epistolae
1347 1254 1694 1319 mentionem,
1715 1268 1874 1324 quam

283 1363 313 1401 a
337 1364 426 1403 me
445 1350 520 1402 ait
540 1348 761 1401 Romam
789 1346 950 1401 fuisse
969 1344 1263 1404 directam:
1290 1344 1384 1400 sed
1412 1360 1506 1415 per
1529 1345 1547 1376 ⁸
1575 1344 1734 1399 verba
1757 1359 1875 1414 qua:

284 1440 498 1508 posuit,
532 1437 866 1508 nequivimus
892 1452 997 1507 quo
1022 1437 1090 1492 de
1117 1437 1316 1505 scripto
1342 1435 1670 1505 loqueretur,
1703 1448 1873 1504 agno-

281 1545 459 1586 scere.
487 1529 618 1584 Nam
644 1529 710 1583 ad
739 1529 1007 1583 Zosimum
1039 1526 1307 1598 quondam
1336 1524 1476 1581 illius
1505 1525 1733 1581 civitatis
1763 1524 1875 1594 epl-

280 1638 506 1696 sCopttm
544 1637 707 1693 super
737 1622 819 1676 his
845 1621 1226 1691 quaestionibus
1262 1619 1395 1674 duas
1424 1608 1679 1688 epistolas
1709 1615 1875 1673 desti-

280 1713 440 1775 navi;
474 1729 656 1768 verum
688 1712 753 1769 eo
781 1721 1019 1781 tempore
1039 1751 1056 1777 ,
1094 1728 1200 1782 quo
1240 1710 1414 1765 adhuc
1453 1710 1620 1765 libros
1647 1724 1871 1765 exorsus

278 1819 389 1857 IIOII
422 1816 568 1857 erant
579 1843 590 1856 .

354 1899 491 1952 Anu.
524 1897 649 1950 IIa-c
691 1894 913 1965 epistola
956 1908 1065 1949 non
1112 1903 1194 1949 est
1233 1892 1297 1947 ad
1325 1888 1633 1957 Zosimum;
1680 1893 1773 1948 sed
1802 1892 1870 1947 ad

272 2000 373 2040 eos
397 1985 735 2041 seduceudos
759 1985 849 2056 qui
880 1983 1062 2038 Roma:
1093 1995 1310 2053 possent
1353 1982 1445 2037 tali
1483 1985 1732 2038 suasione
1778 1997 1869 2037 se-

276 2078 425 2131 duci.
457 2077 564 2132 Sed
609 2078 652 2132 si
693 2093 813 2131 eam
853 2088 962 2130 non
1008 2076 1282 2143 agnoscis;
1314 2088 1470 2141 ecce,
1518 2089 1623 2127 non
1653 2075 1723 2129 sit
1758 2083 1868 2127 tua.

279 2167 496 2223 Utinam
523 2178 577 2222 et
606 2167 681 2221 illi
709 2167 829 2220 libri
860 2182 962 2218 non
991 2172 1175 2219 essent
1204 2163 1300 2223 tui.
1328 2163 1423 2218 sed
1449 2163 1609 2218 alicui
1636 2180 1648 2216 :
1679 2179 1746 2218 ne
1774 2178 1869 2233 per

278 2273 369 2312 eos
400 2268 459 2312 tu
493 2258 653 2328 longe
681 2272 710 2309 a
740 2256 962 2311 veritate
991 2254 1150 2309 lieres
1178 2254 1403 2307 alienus.

346 2350 497 2407 XIX.
532 2350 650 2405 Jun.
692 2348 860 2404 Porro
892 2357 1070 2401 utatur
1110 2345 1305 2400 indicio
1341 2345 1581 2414 epistola:
1601 2385 1618 2411 ,
1646 2358 1748 2415 qua
1777 2352 1868 2399 aut

280 2441 523 2512 accepit,
572 2448 666 2494 aut
712 2439 861 2494 ﬂuxit
902 2448 990 2492 me
1034 2435 1433 2505 responsionem
1481 2442 1664 2488 contra
1704 2446 1871 2489 novos

282 2532 606 2585 blantchteos
648 2528 805 2602 (quia
844 2536 996 2582 vetus
1043 2526 1361 2596 dedignatur
1401 2522 1602 2583 videri)
1644 2532 1871 2593 quatuor

287 2624 649 2678 voluminibus
673 2622 967 2691 explicasse
990 2636 1005 2672 :
1028 2631 1127 2672 cur
1158 2631 1263 2671 non
1293 2615 1497 2670 curavit
1535 2630 1596 2669 ea
1622 2631 1739 2684 qure
1768 2615 1868 2669 ob-

277 2717 594 2787 jecissemus
620 2710 929 2767 addiscere?
955 2725 1051 2764 cur
1072 2724 1179 2762 non
1206 2706 1427 2771 studuit,
1447 2705 1533 2776 qui
1555 2720 1674 2760 cum
1690 2704 1710 2736 '
1727 2712 1871 2760 esset

278 2816 695 2874 emigressurus,
736 2813 1076 2871 agnoscere;
1124 2797 1220 2852 scd
1287 2796 1503 2850 levitate
1564 2793 1868 2861 turpissima

279 2897 578 2950 concitatus
599 2894 650 2946 in
677 2901 945 2947 certamen
969 2889 1258 2943 maximum
1285 2884 1572 2940 luminibus
1593 2883 1863 2948 involutis,

281 2988 677 3042 Atulabatarum
701 2996 868 3046 nmrc,
892 2977 1191 3053 processit?
1211 2976 1363 3045 Quod
1389 2975 1581 3030 facttnn
1605 2973 1869 3044 ejusmodi

280 3077 600 3148 allegatione
625 3072 879 3137 defendit,
902 3081 962 3125 ut
988 3071 1130 3125 dicat
1152 3084 1211 3124 se
1222 3070 1440 3138 patroni
1464 3067 1543 3120 sui
1571 3064 1868 3119 festinatio-

283 3185 425 3235 nem,
449 3182 610 3238 quum
638 3166 724 3219 ille
754 3165 804 3219 in
830 3159 1254 3217 transmittendis
1279 3156 1491 3213 schedis
1508 3155 1719 3222 habuit,
1746 3152 1870 3210 imi-

284 3262 378 3315 tari
411 3256 671 3327 prmcipiti
703 3256 1054 3325 respottsitmc
1082 3251 1311 3306 voluisse
1336 3267 1350 3303 :
1381 3249 1531 3321 quasi
1562 3263 1666 3302 non
1694 3247 1871 3303 hone-

283 3352 513 3405 stissime
544 3347 771 3419 potuerit
800 3347 1046 3400 intimare
1066 3353 1276 3412 tempus
1294 3342 1395 3396 sibi
1424 3338 1637 3410 aliquod
1667 3338 1868 3395 debere

282 3442 523 3506 concedi,
551 3455 663 3511 quo
687 3439 751 3493 ad
796 3436 1078 3493 lectionem
1122 3434 1263 3488 editi
1297 3433 1477 3502 operis
1526 3431 1863 3501 perveniret;

284 3532 534 3602 ﬂagitium
563 3545 683 3585 esse
703 3528 844 3583 inter
860 3525 1104 3581 eruditos
1129 3525 1185 3578 in
1206 3522 1472 3577 scribendi
1497 3522 1757 3590 gravitate
1777 3518 1872 3574 de-

282 3624 551 3690 linquere,
584 3630 639 3675 et
668 3617 999 3690 impatientia
1029 3613 1356 3673 deliberandi
1384 3616 1697 3684 impugnare
1723 3611 1866 3682 quod

283 3717 511 3772 nescias.
537 3715 654 3769 Iiuc
682 3712 919 3776 accedit,
949 3709 1093 3781 quod
1130 3708 1286 3763 nobis
1313 3708 1620 3763 calliditatis
1652 3705 1871 3760 molitu-

284 3826 372 3863 rus
396 3807 649 3862 invidiam
671 3848 685 3872 ,
717 3821 836 3876 qua:
859 3804 1122 3859 dictorum
1150 3800 1267 3869 ejus
1295 3797 1489 3854 seriem
1512 3796 1802 3851 curtaverit
1824 3793 1866 3862 ⁸,

283 3900 363 3953 his
387 3898 655 3967 excerptis
690 3896 845 3950 Iidem
872 3890 1331 3954 accommodavit,
1371 3902 1489 3959 quae
1526 3886 1869 3951 verisimilius

283 3991 512 4045 falsitate
528 3989 647 4059 ejus
673 3998 726 4043 ct
754 3986 1104 4056 malignitate,
1123 3994 1281 4053 quam
1295 3980 1603 4051 cujusquam
1626 3986 1868 4033 nostrum

282 4084 523 4152 imperita
555 4081 892 4149 simplicitate
918 4077 1165 4132 videntur
1184 4088 1304 4130 esse
1323 4072 1640 4142 composita.
1664 4068 1868 4126 Verum

282 4173 332 4226 id
356 4173 551 4242 quovis
579 4172 776 4233 animo,
809 4168 997 4238 quovis
1022 4174 1240 4220 auctore
1265 4162 1580 4231 contigerit;
1609 4158 1764 4216 nobis
1790 4168 1871 4215 ta-

283 4281 405 4318 men
430 4264 643 4317 duobus
671 4261 991 4332 suﬂ’ragatur
1015 4256 1227 4311 modis:
1254 4257 1379 4326 quia
1420 4254 1575 4309 simul
1621 4253 1789 4324 patuit
1813 4263 1868 4309 et

282 4367 477 4423 quanta
502 4356 573 4409 sit
596 4354 816 4415 levitas,
851 4360 904 4406 ct
928 4358 1128 4420 quanta
1170 4347 1506 4402 imbecillitas
1544 4346 1597 4400 in
1627 4346 1868 4401 veritatis

282 4446 520 4509 inimico,
541 4443 638 4514 qui
668 4457 727 4497 se
755 4440 1087 4511 approbavit,
1116 4448 1169 4493 el.
1194 4453 1313 4492 cum
1344 4437 1485 4508 loqui
1516 4450 1620 4491 non
1644 4436 1861 4503 debeat,

284 4548 461 4590 tacere
489 4550 595 4587 non
622 4544 800 4602 posse,
831 4541 886 4587 et
917 4530 1098 4599 paucis
1133 4526 1446 4597 semiplenis
1475 4524 1866 4597 discerptisque

282 4627 451 4696 magis
472 4640 635 4696 quam
647 4624 949 4696 aggregatis
973 4619 1273 4684 sententiis,
1296 4617 1364 4672 de
1384 4617 1557 4690 primo
1580 4625 1757 4672 tamen
1780 4632 1869 4672 so-

286 4720 392 4771 lum
424 4719 562 4772 libro
589 4730 710 4771 meo
740 4716 807 4768 ita
836 4714 1066 4768 cessisse
1100 4709 1327 4765 fractum
1348 4709 1391 4772 ⁸,
1422 4717 1481 4763 ut
1504 4707 1647 4779 vulgi
1688 4708 1741 4762 in
1770 4722 1868 4764 nos

281 4807 530 4862 (etuineis
579 4804 864 4859 admodum
921 4802 1140 4856 vocibus
1193 4806 1407 4868 pectora
1456 4806 1863 4853 commoveret:

282 4899 424 4971 quod
450 4897 827 4968 disputationis
858 4903 1057 4949 nostra:
1086 4890 1424 4962 processibus
1452 4888 1745 4958 apparebit.

346 5116 363 5145 ί
398 5112 539 5167 rem,
564 5109 652 5161 sed
687 5107 848 5166 verba,
885 5108 1091 5165 antisse,
1129 5116 1250 5169 per;
1285 5114 1430 5168 quam
1460 5100 1743 5166 particulam
1774 5102 1869 5153 hoc

283 5174 389 5225 loco
406 5176 591 5223 habent
613 5179 719 5220 Mss.
742 5169 862 5220 alar.
887 5176 998 5218 Mar.
1026 5176 1079 5216 et
1101 5174 1226 5216 Port.

343 5240 364 5267 ³
402 5236 693 5297 \‘igttierius,
722 5245 826 5294 pro,
848 5230 931 5297 qui
954 5228 1269 5297 cum,_invitis
1305 5225 1867 5297 mammonae.

283 5306 421 5363 aetat
430 5332 445 5354 ,
456 5288 560 5359 quo
573 5288 699 5363 cum,
710 5288 1001 5363 immergunt
1014 5291 1351 5363 Juliamtscutu
1364 5288 1671 5363 picei-tineae
1685 5294 1868 5363 teren-

284 5361 369 5413 tio.
394 5347 577 5420 qiu'Jus
596 5347 837 5420 familiaris
859 5361 935 5420 est
955 5351 1037 5401 ille
1058 5351 1246 5420 dicendi
1270 5348 1455 5420 modus.
1492 5347 1565 5396 sic
1585 5350 1865 5420 Terentius,

284 5409 495 5469 Eunu'ch.
520 5427 615 5467 act.
639 5418 684 5473 4,
710 5416 1073 5478 εεειιηϐυνθι-ε.
1109 5412 1162 5461 2|
1191 5426 1209 5478 :_
1237 5429 1261 5456 ι
1282 5411 1473 5478 quicum
1490 5409 1682 5478 resjtibi
1708 5416 1801 5476 est.

350 5482 369 5513 ³
405 5491 425 5525 \
441 5471 681 5541 ignicrius
693 5512 710 5533 ,
732 5476 858 5538 quod
877 5471 1147 5541 Δξιξςῑιογιιιιι
1159 5471 1267 5541 rjus
1287 5471 1461 5541 aeriam
1484 5471 1871 5541 numerumet

283 5547 413 5600 ηδε»,
448 5553 558 5604 (μσς
581 5533 788 5604 (scilicet
817 5536 1073 5604 calliditas)
1116 5533 1489 5604 dictqrum__ejta
1507 5533 1859 5604 s_ert'em__c_urtq-

284 5614 319 5651 tt.
340 5592 512 5669 (nihil:
540 5592 628 5650 hac
646 5601 855 5669 lectione
872 5592 1070 5669 potius
1091 5595 1332 5669 recedens
1352 5594 1603 5642 Meuardus
1630 5592 1867 5651 ediderat,

285 5664 367 5725 qui
389 5665 630 5714 dictorum
659 5661 762 5726 ejus
784 5661 958 5710 seriem
979 5671 1066 5708 cur
1078 5661 1310 5725 jacuerit.
1330 5717 1349 5726 _
1407 5723 1416 5726 _
1687 5716 1698 5725 ο
1765 5716 1773 5725 ,

348 5726 371 5757 ⁸
402 5727 476 5775 sic
498 5717 766 5772 blennrdus.
813 5731 869 5772 Αι
910 5728 1052 5780 835.,
1081 5717 1290 5769 ἐεδδὶδδε
1319 5717 1517 5778 factum.
1566 5717 1866 5778 \‘iguierius,

287 5788 540 5837 “restitas:
562 5784 785 5834 ﬂuctum.

1667 321 1868 381 LIBER
1909 321 2178 383 PRIMUS.

3436 333 3574 390 [058

2063 441 2194 496 Are.
2226 439 2361 508 Quid
2389 439 2515 496 mihi
2539 443 2802 509 irasceris,
2826 442 2965 513 quod
2990 442 3057 498 ad
3087 459 3172 499 me
3196 442 3318 501 libri
3344 446 3419 501 tui
3447 464 3567 516 per-

1987 531 2170 585 venire
2203 530 2401 586 tardius
2433 543 2751 602 potuerunt;
2784 535 2862 589 vel
2893 533 3034 605 quod
3061 550 3154 589 cos
3179 550 3426 605 quaerens
3456 552 3568 591 non

1986 620 2130 691 potui
2158 621 2405 679 celeriter
2431 622 2708 678 invenire?
2737 634 2912 679 tamen
2946 625 3087 693 potui
3125 635 3179 681 et
3215 626 3433 683 omnino
3467 626 3567 681 de-

1986 713 2093 779 bui,
2128 729 2187 769 eu
2215 731 2333 785 qua:
2360 714 2486 768 mihi
2531 715 2689 769 missa
2733 716 2970 770 chartula
3014 717 3353 780 continebat,
3382 718 3565 785 cujus-

1983 821 2209 876 cumque
2228 818 2277 861 et
2298 807 2705 877 qualiacumque
2721 819 2920 874 essent,
2941 823 3006 861 ne
3022 819 3331 876 putarentur
3347 809 3563 874 invicta,

1984 896 2138 966 plane
2173 896 2402 966 apertis,
2436 912 2542 951 non
2569 892 2821 951 involutis
2848 898 3016 955 oculis
3045 898 3341 967 inspicere,
3366 907 3422 952 et
3444 898 3562 954 sine

1952 986 2235 1075 ‘vdilatione
2263 986 2506 1044 refellere
2531 1008 2545 1044 :
2569 990 2690 1060 quia
2722 989 2820 1043 etsi
2850 1005 3117 1059 nunquam
3149 990 3311 1045 libros
3340 998 3457 1045 tuos
3475 1004 3565 1047 re-

1982 1078 2156 1148 perire
2192 1094 2423 1147 possem,
2451 1079 2688 1147 oportuit
2718 1089 2774 1132 ut
2798 1094 2860 1134 ea
2889 1095 3011 1149 qua:
3037 1080 3262 1148 alicujus
3299 1080 3562 1136 momenti

1981 1184 2100 1225 esse
2126 1169 2383 1236 credidit,
2414 1169 2502 1241 qui
2547 1181 2693 1224 tanto
2721 1170 2835 1224 viro
2860 1169 3152 1263 arbitrath
3178 1180 3404 1229 estesse
3439 1172 3561 1227 utit-

1982 1260 2156 1323 tenda,
2189 1270 2443 1332 quantum
2472 1262 2723 1326 va'crcm,
2752 1279 2818 1315 ne
2844 1260 3124 1332 quisquam
3160 1262 3341 1331 legens
3360 1263 3438 1317 eis
3468 1264 3564 1316 de-

1977 1352 2263 1422 ciperetur,
2295 1369 2593 1423 arguerem.
2630 1352 2746 1407 Non
2788 1370 2916 1423 ergo
2964 1354 3091 1407 tuihi
3133 1354 3275 1423 quod
3319 1351 3562 1423 objecisti

1977 1443 2257 1514 objiccres,
2282 1445 2379 1497 nisi
2411 1454 2462 1497 tu
2495 1445 2671 1512 potius
2698 1444 2820 1509 ista,
2850 1453 2906 1496 ut
2928 1459 3031 1496 non
3055 1443 3228 1498 dicam
3258 1444 3556 1506 exstinctis,

1976 1548 2120 1590 certe
2146 1535 2338 1589 clausis
2365 1537 2531 1588 oculis
2562 1535 2875 1606 loquereris.
2907 1534 3065 1594 Nullo
3085 1533 3245 1587 modo
3270 1544 3447 1588 autem
3468 1533 3555 1588 di-

1975 1640 2157 1691 ceres,
2184 1626 2321 1696 vulgi
2350 1642 2377 1680 a
2411 1626 2562 1679 nobis
2589 1626 2639 1679 iu
2671 1641 2766 1679 vos
2812 1634 3026 1694 pectora
3056 1623 3418 1690 commoveri,
3451 1624 3556 1678 nisi

1974 1719 2139 1773 scires
2159 1718 2546 1773 multitudinem
2564 1719 2905 1773 christianum
2926 1719 2976 1771 in
2996 1728 3222 1786 utroque
3243 1732 3375 1771 sexu
3396 1715 3556 1771 ﬁdem

1972 1809 2286 1866 catholicam
2318 1828 2419 1866 non
2452 1810 2639 1875 latere,
2671 1826 2828 1880 quam
2850 1810 3062 1864 conaris
3084 1818 3345 1864 evertere.

2043 1901 2163 1958 XX.
2193 1902 2313 1957 Jun.
2338 1902 2613 1956 Admoneo
2643 1910 2819 1958 tamen
2844 1900 2931 1959 hic
2955 1915 3189 1970 quoque,
3217 1899 3357 1954 sicut
3377 1897 3555 1968 priore

1973 2009 2002 2048 a
2030 1994 2181 2048 nobis
2205 2008 2365 2063 Opere
2396 1992 2592 2048 factum
2620 2002 2731 2058 est,
2766 2009 2870 2046 non
2899 2007 2984 2045 me
3009 1992 3187 2046 omnia
3227 1991 3555 2045 examussim

1974 2080 2087 2153 ejus
2114 2084 2271 2138 verba
2302 2083 2627 2151 pesiturum;
2659 2083 2751 2136 sed
2782 2097 2842 2136 ea
2882 2082 3084 2150 capita,
3127 2081 3319 2150 quibus
3341 2081 3556 2137 destru-

1975 2175 2094 2239 ctis,
2123 2174 2379 2228 naturalis
2409 2168 2532 2227 mali
2560 2172 2738 2241 opinio
2768 2181 3098 2227 conteratur.

2045 2265 2181 2321 Avo.
2226 2263 2334 2318 Ea‘
2364 2280 2480 2332 qua:
2527 2263 2922 2332 prmterntittis,
2964 2262 3280 2331 colligantur
3319 2260 3547 2316 fortasse

1973 2354 2058 2409 vel
2087 2370 2117 2409 a
2149 2353 2304 2410 nobis
2329 2355 2410 2409 vel
2436 2353 2504 2410 ab
2540 2353 2697 2420 aliis,
2744 2361 2803 2408 ut
2846 2362 3100 2423 appareat
3125 2368 3223 2407 cur
3252 2353 3553 2421 praetenui-

1972 2445 2128 2500 seris.

2042 2535 2186 2593 XXI.
2211 2534 2331 2593 Jun.
2370 2536 2521 2606 Quod
2565 2536 2689 2592 licet
2731 2535 2889 2606 plene
2930 2534 3103 2605 primo
3142 2548 3305 2604 opere
3344 2542 3555 2590 constet

1970 2627 2214 2686 edoctum
2244 2645 2258 2684 :
2290 2639 2463 2684 tamen
2516 2628 2766 2698 quoniam
2824 2642 2966 2683 nunc
3019 2626 3272 2680 nonnulla
3323 2625 3391 2680 de
3442 2641 3552 2682 uno

1971 2721 2226 2776 duntaxat
2254 2721 2392 2775 libro
2420 2735 2537 2774 meo
2564 2719 2663 2774 sibi
2696 2717 2984 2775 refellenda
3014 2717 3314 2787 proposuit,
3337 2731 3551 2788 meque,

1970 2822 2030 2867 ut
2054 2812 2371 2883 prailocutus
2391 2812 2412 2843 ⁸
2431 2826 2572 2876 sunt,
2594 2811 2786 2879 arguit,
2808 2808 2950 2879 quod
2965 2810 3137 2878 capita
3152 2808 3414 2863 dictorum
3439 2808 3557 2878 ejus

1972 2921 2089 2974 qua:
2116 2905 2332 2969 inserui,
2366 2918 2553 2973 magna
2582 2917 2650 2957 ex
2684 2911 2833 2971 parte
2860 2901 3245 2966 truncaverim;
3275 2900 3553 2956 ostendant

1973 2997 2166 3066 primo,
2185 2995 2235 3050 id
2257 2994 2396 3065 quod
2423 2993 2782 3064 reprehendit,
2802 3009 2902 3048 nec
2924 3009 2956 3047 a
2978 3008 3062 3048 me
3081 3008 3202 3048 esse
3220 2992 3437 3054 factum,
3460 3003 3516 3047 et
3533 2992 3555 3024 ⁸

1972 3086 2040 3141 ab
2066 3087 2154 3140 illo
2180 3084 2638 3154 impudentissime
2665 3084 2715 3137 in
2748 3082 2850 3138 hoc
2878 3085 3071 3137 eodem
3099 3097 3266 3152 opere
3302 3080 3553 3152 frequen-

1975 3185 2160 3232 tatum.
2185 3173 2333 3229 Tunc
2362 3174 2616 3243 probabo,
2649 3173 2908 3242 illisipsis
2936 3173 3167 3226 concisis
3193 3171 3554 3241 brevibusque

1973 3266 2273 3333 sententiis,
2302 3280 2435 3336 quas
2458 3265 2526 3319 de
2550 3264 2762 3334 scriptis
2793 3263 2945 3327 meis,
2968 3263 3161 3334 quibus
3189 3262 3359 3317 fuerat
3382 3263 3558 3332 impu-

1973 3368 2182 3429 gnatus,
2213 3357 2511 3424 interserit,
2540 3356 2611 3410 ita
2642 3355 2799 3410 nullis
2825 3371 2945 3411 eum
2974 3354 3156 3409 solidis
3192 3355 3557 3423 reaponsioni-

1974 3451 2074 3505 bus
2101 3448 2391 3513 obstitisse,
2424 3458 2481 3501 ιιι
2506 3457 2559 3502 et
2589 3447 2675 3500 illa
2702 3448 2945 3500 invexata
2978 3454 3324 3515 permaneant
3343 3485 3359 3509 ,
3388 3455 3446 3501 et
3466 3447 3553 3502 hic

1975 3543 2179 3613 planius
2206 3539 2516 3611 detestanda
2552 3539 2800 3607 fateatur,
2826 3554 2989 3609 quam
3014 3548 3199 3593 nostra
3227 3540 3403 3595 oratio
3424 3537 3447 3572 ⁸
3471 3540 3553 3593 la-

1971 3637 2251 3691 boraverat
2275 3631 2562 3719 explicare.

2042 3727 2177 3781 Auc.
2208 3724 2323 3779 Jam
2351 3723 2595 3792 superius
2612 3722 2678 3778 ad
2702 3723 2799 3777 ista
2824 3720 3099 3791 respondi.

2042 3814 2208 3869 XXII.
2238 3814 2358 3868 Jun.
2385 3812 2605 3868 Attoniti
2634 3826 2766 3881 ergo
2785 3851 2800 3875 ,
2829 3811 2956 3881 quid
2995 3820 3180 3873 contra
3207 3826 3295 3867 me
3317 3811 3553 3883 scripse-

1972 3906 2062 3972 rit,
2093 3905 2389 3960 audiamus.
2419 3920 2438 3955 ι
2471 3903 2666 3969 Verba,
2697 3923 2716 3955 ι
2743 3903 2932 3972 inquit,
2961 3920 2982 3954 ι
3010 3902 3081 3956 de
3097 3903 3234 3957 libro
3252 3905 3495 3959 utentibi
3518 3918 3550 3959 a

1972 4011 2060 4053 me
2089 3997 2251 4050 misso
2282 3994 2480 4064 tibique
2506 3992 2786 4047 notissimo
2815 3995 2913 4046 ista
2945 3992 3140 4060 posuit,
3168 4008 3288 4061 quae
3317 3993 3550 4048 refutare

1971 4095 2193 4144 conatus
2212 4095 2294 4142 est
2317 4102 2331 4138 :
2357 4085 2707 4139 Damnatnres
2735 4096 2832 4136 nos
2851 4095 2975 4135 esse
3001 4082 3323 4150 nuptiarum,
3346 4082 3556 4151 operia-

1971 4193 2074 4249 que
2099 4176 2295 4243 divini,
2329 4190 2434 4246 quo
2462 4190 2530 4241 es
2555 4174 2792 4228 maribus
2816 4180 2873 4228 et
2899 4172 3113 4228 feminis
3142 4174 3280 4228 Deus
3305 4173 3553 4231 homines

1971 4278 2139 4335 creat,
2159 4266 2567 4323 invidiosissime
2582 4265 2857 4321 clamitant
2878 4281 2892 4318 :
2915 4265 3167 4335 quoniam
3182 4264 3430 4330 dicimus,
3452 4280 3551 4321 eos

1971 4363 2063 4435 qui
2089 4361 2154 4416 de
2181 4360 2271 4415 tali
2290 4359 2665 4414 commixtione
2692 4367 3005 4423 nascuntur,
3035 4356 3246 4411 trahere
3281 4356 3544 4426 originale

1973 4462 2279 4524 peccatum;
2305 4466 2522 4522 eosque,
2546 4451 2613 4505 de
2638 4448 3115 4520 qualibuscumque
3132 4449 3441 4517 parentibus
3460 4463 3552 4503 na-

1966 4554 2208 4610 scantur,
2239 4560 2345 4598 non
2371 4556 2625 4611 negamus
2661 4539 2836 4594 adhuc
2870 4554 2991 4595 esse
3033 4537 3135 4593 sub
3173 4537 3421 4603 diabolo,
3450 4538 3553 4593 nisi

1972 4641 2317 4689 renascantur
2340 4631 2393 4685 in
2406 4630 2639 4684 Christo.
2662 4627 2719 4683 lu
2745 4628 2827 4682 his
2841 4626 3020 4683 verbis
3036 4626 3169 4681 meis
3189 4627 3549 4682 testimonium

1970 4725 2234 4797 Apostoli,
2257 4722 2399 4793 quod
2424 4721 2710 4790 interposui
2741 4719 3103 4789 prwtermisit,
3120 4719 3272 4788 cujus
3296 4733 3357 4774 se
3376 4719 3547 4789 premi

1971 4833 2161 4886 magna
2189 4815 2327 4871 mole
2354 4812 2635 4869 sentiebat.
2661 4811 2772 4883 Ego
2801 4811 2944 4865 cuitu
2978 4825 3099 4866 cum
3126 4811 3414 4876 dixissem,
3449 4810 3548 4864 bo-

1973 4909 2148 4964 mines
2171 4906 2385 4960 trahere
2410 4904 2667 4973 originale
2698 4910 2974 4972 peccatum
2992 4942 3008 4968 ,
3039 4916 3161 4956 mox
3188 4901 3405 4969 adjunxi
3431 4917 3445 4956 :
3473 4901 3552 4957 De

1972 5013 2078 5068 quo
2106 4995 2389 5065 Apostolus
2410 4995 2502 5057 ait,
2531 4991 2635 5047 Per
2658 5008 2816 5046 unum
2841 4990 3093 5044 hominem
3113 4991 3552 5062 peccoﬂum'tuno

1970 5090 2040 5144 ait
2069 5089 2121 5142 in
2150 5068 2414 5177 mundun?
2435 5094 2480 5138 et
2507 5100 2596 5154 per
2616 5092 2874 5154 peccatum
2900 5096 3067 5146 motas;
3100 5089 3145 5135 ει
3186 5082 3258 5135 ita
3296 5082 3350 5135 in
3381 5095 3552 5138 om

1972 5181 2198 5236 homines
2218 5174 2528 5249 pertransiit,
2554 5177 2609 5229 in
2633 5192 2731 5245 quo
2751 5190 2924 5228 omnes
2944 5185 3270 5244 peccaverunt
3290 5174 3468 5246 (Rom.
3496 5189 3551 5238 ν,

1976 5273 2060 5345 I9.)
2089 5287 2231 5343 :quo
2254 5266 2920 5331 Iestittmnio,‘ltldiximus,
2953 5266 3330 5336 przetermisso,
3356 5271 3550 5319 enatura

1975 5365 2060 5420 illa
2089 5361 2361 5419 contexuit
2395 5375 2514 5429 qua:
2556 5374 2717 5428 supra
2755 5366 3173 5413 commemorata
3213 5362 3354 5411 sunt.
3395 5352 3553 5407 Novit

1974 5457 2114 5512 enim
2144 5451 2591 5526 quemadmodum
2629 5452 2834 5507 soleant
2874 5451 2990 5505 hzec
3033 5450 3191 5505 verba
3229 5445 3550 5517 apostolica,

2041 5590 2054 5620 ¹
2094 5595 2193 5636 nuo
2216 5593 2341 5639 Mss,
2368 5590 2430 5633 et.

2038 5652 2058 5680 ²
2091 5650 2163 5697 sic
2182 5657 2283 5695 uss.
2306 5646 2419 5694 mliti
2441 5678 2457 5700 ,
2481 5644 2767 5706 prolxmttus.

2040 5711 2061 5743 ³
2097 5709 2385 5771 tignierins,
2408 5712 2476 5754 ut.
2503 5706 2671 5753 Melius
2703 5710 2911 5772 Mss.,et.

2039 5773 2061 5803 ⁸
2095 5779 2199 5819 Mss.
2242 5778 2366 5818 rort.
2394 5776 2443 5817 et
2464 5775 2593 5824 Man,
2615 5775 2844 5824 Operatio.
