4008 6178
455 295 475 349 l
487 292 591 349 059

451 417 569 471 qum
601 399 938 470 pratermisit
963 439 977 463 ,
1016 399 1257 467 accipere
1300 396 1679 450 catholicorum
1708 391 1866 447 corda
1902 391 2030 446 ﬁde-

453 492 582 546 lium
612 509 625 544 :
654 506 771 561 qum
802 491 960 545 verba
991 499 1097 542 tam
1127 497 1270 542 recta
1301 496 1356 542 et
1395 496 1535 541 tanta
1581 488 1698 540 luce
1739 484 1992 554 fulgentia
2014 523 2030 549 ,

453 583 749 636 tenebrosis
774 590 828 635 ct
866 579 1116 633 tortuosis
1147 577 1673 646 interpretationibus
1698 573 1820 629 novi
1851 574 2024 627 haere-

451 673 539 727 tici
577 673 865 727 obscurare
907 679 961 724 et
999 670 1295 739 depravare
1335 667 1643 722 moliuntur.
1690 665 1892 721 Deinde
1931 665 2035 718 alia

451 779 572 818 mea
601 762 759 819 verba
789 761 1076 827 subtexuit,
1105 761 1190 815 ubi
1219 759 1327 814 dixi
1357 777 1370 813 :
1399 775 1496 813 nec
1532 758 1850 822 advertunt,
1890 756 2037 827 quod

450 855 522 910 ita
551 855 847 925 nuptiarum
879 854 1072 909 bonum
1107 853 1246 908 malo
1269 852 1511 924 originali
1539 851 1681 921 quod
1713 851 1836 906 inde
1862 849 2036 904 trahi-

454 955 539 999 tur
566 960 671 999 nou
698 953 866 1014 potest
896 943 1164 1006 accusari,
1196 944 1330 996 sicut
1359 941 1738 996 adulteriorum
1769 949 1824 997 et
1854 939 2029 994 forni-

452 1037 722 1091 cationum
762 1037 960 1090 malum
999 1035 1142 1090 bono
1185 1034 1411 1088 naturali
1459 1032 1598 1103 qttod
1641 1031 1763 1086 inde
1802 1031 2037 1085 nascitur

453 1143 560 1182 non
593 1137 765 1198 potest
789 1127 1051 1182 excusari.
1081 1125 1213 1180 Nam
1241 1125 1376 1179 sicut
1403 1131 1677 1194 peccatum
1700 1164 1714 1187 ,
1757 1123 1869 1177 sive
1913 1122 2038 1177 hinc

452 1221 566 1275 sive
607 1220 728 1274 inde
756 1235 786 1274 a
813 1219 1044 1290 parvulis
1085 1218 1345 1284 trahatur,
1393 1231 1527 1288 opus
1565 1225 1647 1270 est
1690 1214 1926 1278 diaboli;
1959 1215 2038 1268 sic

455 1309 650 1374 homo,
697 1310 809 1363 sive
853 1308 978 1363 hinc
1022 1308 1134 1363 sive
1173 1307 1294 1361 inde
1341 1313 1609 1370 nascatur,
1641 1319 1774 1373 opus
1801 1310 1884 1357 est
1922 1303 2034 1357 Dei.

455 1399 627 1452 Etiam
655 1399 739 1452 hic
765 1413 825 1452 ea
854 1397 1223 1467 przetermisit,
1267 1395 1316 1449 iu
1345 1395 1534 1465 quibus
1568 1408 1724 1448 aures
1749 1391 2038 1447 catholicas

455 1491 649 1545 timuit.
674 1488 803 1543 Nam
836 1497 895 1542 ut
915 1489 982 1541 ad
1013 1487 1128 1542 lucc
1153 1487 1312 1542 verba
1337 1487 1626 1551 veniretur,
1650 1500 1808 1554 supra
1836 1484 2038 1538 dictum

452 1587 618 1632 erata
640 1577 794 1632 nobis
818 1595 831 1631 :
860 1577 973 1631 Hoc
997 1592 1126 1646 ergo
1147 1576 1270 1646 quia
1297 1575 1540 1641 dicimus,
1563 1575 1703 1644 quod
1729 1574 2039 1644 antiquissi-

454 1683 538 1719 ma
561 1675 718 1736 atque
743 1666 1047 1720 ﬁrmissima
1067 1665 1346 1720 catholica:
1365 1665 1485 1719 ﬁdei
1505 1664 1684 1735 regula
1712 1665 2035 1730 continetur,

457 1757 544 1811 isti
575 1758 769 1812 novelli
796 1765 850 1812 et
877 1757 1110 1826 perversi
1147 1756 1407 1826 dogmatis
1432 1764 1757 1820 assertores,
1791 1757 1880 1826 qui
1908 1755 2037 1810 nihil

456 1849 659 1916 peccati
690 1865 811 1904 esse
841 1849 894 1903 in
925 1847 1159 1918 parvulis
1185 1848 1368 1902 dicunt
1396 1847 1536 1918 quod
1564 1847 1775 1900 lavacro
1813 1862 2038 1916 regene-

455 1941 675 1994 rationis
718 1939 986 2006 abluatur,
1035 1948 1286 2008 tanquam
1330 1939 1646 1992 damnemus
1694 1937 1940 2006 nuptias,
1986 1945 2040 1991 et

454 2039 702 2098 tanquam
729 2047 863 2101 Opus
894 2033 1008 2097 Dei,
1039 2031 1138 2085 hoc
1167 2040 1270 2095 est,
1303 2030 1571 2084 hominem
1601 2031 1688 2100 qui
1717 2043 1782 2084 ex
1812 2029 1915 2082 illis
1945 2044 2042 2082 na-

453 2123 639 2185 scitur,
668 2138 803 2192 opus
830 2122 1025 2176 diaboli
1053 2136 1173 2176 esse
1201 2122 1471 2184 dicamus,
1509 2121 1794 2175 inﬁdeliter
1823 2119 1906 2174 vel
1935 2121 2038 2174 im-

455 2215 626 2281 perite
663 2213 1076 2268 calumniantur.
1119 2211 1215 2266 His
1258 2229 1384 2283 ergo
1427 2213 1624 2268 nostris
1668 2213 2040 2282 praetermissis

454 2315 750 2374 sequuntur
769 2305 856 2359 illa
881 2315 1060 2358 nostra
1089 2320 1206 2374 qua:
1229 2305 1424 2373 posuit,
1448 2305 1586 2358 sicut
1599 2319 1760 2374 supra
1782 2305 2037 2374 scriptum

454 2403 536 2445 est
566 2413 584 2445 ι
619 2392 638 2464 (
662 2391 737 2446 De
759 2393 965 2463 Nuptiis
999 2402 1043 2446 et
1075 2392 1521 2462 Concupiscentia,
1545 2393 1632 2446 lib.
1651 2393 1716 2456 2,
1743 2410 1830 2447 nn.
1855 2395 1910 2455 5,
1939 2397 1970 2448 4

453 2483 742 2550 Quousque
763 2482 1108 2550 simplicitati,
1135 2483 1224 2551 qui
1253 2482 1366 2536 haec
1385 2482 1644 2552 loqueris,
1663 2482 2036 2552 religiosorum

457 2581 729 2640 pectorum
778 2580 832 2626 et
883 2571 1141 2640 imperitis
1197 2571 1416 2625 auribus
1465 2571 1728 2640 perstabis
1777 2571 2040 2626 illudere?

455 2677 614 2731 quem
656 2661 722 2716 ad
771 2661 927 2715 ﬁnem
973 2676 1094 2716 sese
1136 2661 1462 2730 impudentia
1486 2661 1744 2717 effrenata
1782 2662 2041 2731 iactabit?

457 2751 595 2804 Nihil
628 2760 699 2817 te,
729 2765 850 2803 cum
877 2750 991 2804 haec
1019 2751 1304 2816 scriberes,
1332 2766 1554 2805 censura
1581 2751 1856 2806 doctorum
1889 2753 2035 2806 viro-

455 2855 595 2907 rum,
623 2841 755 2895 nihil
783 2841 1078 2896 reverentia
1109 2841 1266 2895 futuri
1289 2841 1495 2911 judicii,
1527 2840 1655 2895 nihil
1681 2843 1794 2912 ipsa
1827 2843 2036 2897 littera-

455 2945 574 2983 rum
628 2938 969 2984 monumenta
1017 2932 1336 2985 moverunt?
1381 2930 1572 2986 Patere
1610 2931 1721 3002 jam
1778 2931 2040 2987 fallaciam

459 3029 623 3085 tuam,
655 3031 710 3073 et
737 3019 1122 3088 deprehensam
1153 3021 1321 3075 teneri
1353 3037 1458 3074 non
1486 3021 1668 3076 vides?
1690 3022 1825 3088 Quid
1851 3023 1902 3076 in
1928 3025 2040 3094 pri-

458 3126 568 3174 mo,
597 3110 721 3181 quid
754 3112 805 3165 iu
832 3111 1070 3166 secundo
1095 3127 1258 3182 opere
1283 3113 1702 3182 conscripseris,
1740 3129 1896 3183 quem
1943 3129 2043 3168 no-

457 3210 628 3256 strum
673 3203 916 3271 ignorare
957 3202 1269 3258 arbitraris?
1293 3203 1469 3258 Libuit
1512 3205 1653 3258 enim
1701 3219 1918 3274 prorsus
1942 3247 1958 3271 ,
1988 3214 2046 3261 et

458 3293 658 3358 decuit,
681 3294 762 3348 his
779 3302 831 3348 te
856 3294 1180 3362 compellare
1205 3294 1399 3360 modis,
1423 3295 1614 3362 quibus
1642 3295 1692 3348 in
1722 3297 2040 3364 parricidam

463 3387 728 3454 publicum
758 3386 1016 3456 eloquens
1043 3384 1241 3441 Consul
1270 3386 1543 3440 infremuit
1567 3383 1798 3459 (Cicera,
1829 3385 1977 3440 Orat.
2012 3389 2038 3443 1

463 3476 517 3527 in
539 3474 864 3544 Catilinam).

531 3567 668 3620 Auc.
703 3565 844 3618 Bene
883 3563 1012 3618 facis
1060 3565 1100 3630 ⁸,
1157 3564 1392 3620 indicare
1441 3564 1613 3628 nobis,
1662 3582 1727 3621 ne
1765 3567 1898 3623 forte
1940 3584 2044 3623 non

462 3669 875 3724 agnosceremus
898 3695 913 3720 ,
945 3655 1012 3709 de
1044 3655 1320 3710 invectivis
1363 3656 1636 3710 Ciceronis
1676 3666 1728 3712 te
1771 3658 1869 3714 ista
1897 3674 2046 3713 sum-

467 3746 637 3813 psisse
681 3753 840 3814 atque
873 3745 1098 3802 vertisse
1132 3762 1146 3800 :
1186 3746 1279 3800 sed
1311 3760 1414 3800 non
1454 3747 1702 3802 timemus
1743 3747 2045 3816 Julianum,

463 3850 586 3889 cum
615 3835 857 3890 videmus
883 3835 1076 3890 factum
1106 3851 1226 3891 esse
1250 3835 1582 3901 Tullianum;
1614 3837 1720 3892 imo
1760 3841 1935 3909 potius
1956 3841 2051 3894 do-

469 3926 641 3981 lemus
683 3927 964 3992 insanum,
1022 3942 1142 3980 cum
1191 3927 1435 3982 videmus
1487 3943 1702 3983 sensum
1755 3930 2050 3998 perdidisse

467 4019 834 4074 christianum.
863 4019 999 4085 Quid
1028 4020 1169 4074 enim
1200 4019 1437 4073 insanius
1459 4060 1474 4083 ,
1516 4035 1674 4090 quam
1706 4021 1987 4092 prohibere
2019 4037 2048 4076 a

468 4110 702 4180 parvulis
730 4109 990 4165 medicum
1026 4109 1296 4166 Christum
1323 4152 1338 4175 ,
1361 4110 1590 4165 dicendo
1617 4127 1721 4166 non
1749 4127 1867 4168 esse
1895 4113 1945 4166 in
1973 4114 2052 4167 cis

466 4201 608 4269 quod
629 4203 649 4232 ²
671 4201 813 4255 venit
834 4201 919 4254 ille
937 4203 1160 4254 sanare?
1180 4199 1366 4254 Cicero
1384 4201 1623 4255 invectus
1651 4202 1702 4256 in
1727 4205 1911 4270 patria:
1935 4220 2053 4273 par-

469 4293 720 4357 ricidam,
769 4307 885 4346 eam
924 4290 1242 4346 defendebat
1282 4291 1547 4345 civitatem
1593 4307 1748 4361 quam
1789 4310 1880 4349 rex
1936 4295 2052 4362 ejus

474 4383 752 4444 Romulus,
781 4382 1116 4451 congregatis
1141 4381 1512 4451 undecumque
1539 4384 1907 4451 peccatoribus
1923 4399 2054 4438 con-

469 4475 630 4528 didit:
651 4483 704 4527 tu
729 4483 905 4528 autem
929 4483 1005 4526 tot
1023 4472 1287 4542 parvulos,
1307 4472 1394 4542 qui
1422 4474 1538 4527 sine
1556 4488 1710 4527 sacro
1731 4473 2054 4544 Baptismate

472 4565 790 4628 moriuntur,
816 4573 874 4619 et
900 4565 1098 4618 clamas
1120 4572 1394 4634 peccatmn
1419 4565 1620 4618 nullum
1657 4563 1877 4633 habere,
1906 4577 1957 4621 et
1986 4567 2051 4621 ad

469 4655 738 4708 civitatem
778 4655 968 4723 Regis,
999 4653 1064 4708 ad
1093 4654 1246 4724 cujus
1275 4654 1556 4723 imaginem
1589 4653 1712 4709 facti
1752 4665 1904 4720 sunt,
1948 4673 2053 4712 non

474 4743 1041 4822 permittisoaccedere.

544 4833 732 4890 XXIII.
753 4834 873 4890 JUL.
899 4834 1137 4905 Apostoli
1158 4849 1243 4888 me
1260 4836 1618 4890 testimonium
1651 4840 2056 4907 prmtermisisse

472 4930 753 5001 contingis,
772 4929 913 5000 quod
938 4945 1036 4984 nec
1060 4929 1150 4983 tibi
1177 4929 1422 4998 opitulari
1451 4939 1644 4999 potest,
1669 4940 1723 4986 et
1753 4948 1780 4984 a
1805 4949 1890 4988 mc
1918 4950 2058 5004 prm-

479 5020 781 5076 termissum
803 5036 909 5075 non
931 5030 1046 5086 est;
1075 5019 1168 5074 sed
1194 5035 1260 5073 eo
1289 5018 1544 5073 insertum
1575 5022 1781 5087 ordine,
1813 5037 1920 5092 quo
1949 5039 1976 5076 a
2006 5033 2057 5080 te

479 5111 651 5166 fuerat
664 5113 981 5167 collocatum
1008 5132 1020 5166 :
1046 5123 1209 5182 utque
1227 5112 1276 5165 in
1295 5113 1465 5181 primo
1492 5111 1718 5167 ﬁdeliter
1732 5128 2058 5169 commemo-

477 5214 681 5266 ratum,
725 5204 795 5257 ita
836 5206 992 5258 etiam
1034 5206 1086 5259 in
1125 5213 1316 5274 quarto
1363 5205 1541 5273 Operis
1585 5204 1688 5258 mei
1732 5205 1903 5270 libro,
1936 5207 2058 5261 licet

477 5295 675 5348 cursim
693 5302 746 5348 et
768 5293 1019 5357 breviter,
1047 5295 1386 5363 explanatum
1419 5303 1499 5348 est
1525 5293 1623 5366 (a).
1655 5295 2059 5350 Commemora-

478 5389 676 5444 tionem
703 5403 914 5458 quoque
947 5386 1220 5442 catholicae
1269 5387 1522 5442 Ecclesiae
1543 5427 1558 5453 ,
1591 5402 1747 5457 quam
1779 5397 1833 5442 tu
1861 5388 1928 5443 ad
1959 5389 2059 5446 hoc

544 5563 561 5592 ι
593 5563 667 5610 sic
687 5567 793 5610 ιω.
812 5560 948 5619 una,
977 5559 1092 5608 bene
1112 5557 1285 5622 fecisti.

541 5623 565 5656 ²
596 5630 676 5672 Its.
699 5629 841 5682 Ian,
873 5627 1097 5684 quotquot
1126 5632 1143 5670 :
1167 5621 1325 5668 minus
1346 5628 1501 5669 recte.

543 5703 614 5761 (α)
640 5705 752 5756 vide
775 5717 936 5768 supra,
961 5704 1046 5754 lib.
1069 5703 1102 5754 6
1119 5710 1286 5756 contra
1309 5691 1544 5751 Julianum
1567 5738 1580 5762 ,
1629 5717 1677 5752 n.
1703 5705 1782 5754 73.

1123 287 1368 344 OPERIS
1408 281 1811 342 IMPERFECTI
1851 279 2120 336 CONTRA
2162 277 2526 343 JULMNUM,
2569 277 2627 333 S.
2674 274 3038 334 AUGUSTINI

3580 271 3716 326 10(ῖο

2139 388 2369 456 feceras,
2397 399 2454 444 ut
2479 389 2794 444 catholicam
2829 389 2984 443 ﬁdem
3008 388 3318 443 desererent
3341 401 3367 438 a
3393 395 3442 440 te
3465 383 3673 454 decepti
3699 427 3714 450 ,

2137 490 2190 535 et
2220 480 2476 534 catholica
2507 480 2838 535 miserabiles
2864 477 3540 548 appellationegauderent
3563 517 3578 540 ,
3613 494 3716 530 non

2141 574 2474 648 praetermisi.
2508 574 2576 628 Et
2618 573 2858 644 quamvis
2897 573 3040 628 nulla
3073 580 3505 642 argumentorum
3544 571 3625 624 vis
3662 571 3713 623 in

2138 663 2396 735 ejusmodi
2416 665 2590 720 verbis
2609 673 2769 728 esset,
2791 673 2965 720 tamen
2986 679 3114 718 ame
3134 663 3274 718 haud
3287 663 3440 718 aliter
3451 662 3716 717 dictorum

2140 761 2348 808 tuo'rum
2376 764 2536 824 caput
2566 755 2892 824 propositum
2919 763 3021 819 est,
3052 770 3209 824 quam
3238 769 3269 808 a
3297 763 3348 808 te
3377 753 3548 808 fuerat
3574 754 3718 806 ordi-

2139 854 2342 898 natum.
2395 845 2535 915 Lege
2585 845 2759 900 editos
2787 844 2952 899 libros
3005 859 3188 909 meos;
3245 844 3719 914 responsionisque

2139 933 2320 1003 ﬁdem,
2346 951 2504 1006 quam
2527 943 2582 990 tu
2611 937 2788 1006 arguis
2818 935 3037 1002 fraudis,
3069 934 3354 1004 aspiciens,
3392 950 3478 989 me
3503 934 3717 989 interim

2140 1027 2422 1096 pronuntia
2463 1043 2588 1082 vera
2615 1027 2838 1082 dicere:
2879 1035 2934 1082 tu
2977 1042 3128 1090 vero,
3175 1028 3220 1082 si
3260 1025 3588 1082 consuetudo
3629 1035 3716 1079 tua

2140 1117 2476 1185 permiserit,
2508 1116 2785 1172 erubesce.
2809 1116 2914 1172 Sed
2955 1117 3068 1186 jam
3111 1125 3323 1171 Ostensa
3373 1117 3716 1170 inmcusabili

2140 1208 2388 1274 falsitate,
2411 1224 2528 1279 qum
2549 1223 2764 1278 semper
2782 1209 2993 1278 quidem
3022 1208 3208 1277 turpis,
3236 1207 3294 1262 ﬁt
3315 1217 3487 1262 tamen
3513 1210 3718 1277 turpior

2139 1316 2260 1357 cum
2291 1302 2464 1357 locum
2493 1302 2735 1357 censoris
2772 1300 3002 1364 invadit,
3051 1311 3104 1355 et
3142 1299 3534 1354 deformitatem
3568 1315 3719 1354 suam

2139 1393 2322 1450 decori
2348 1394 2634 1465 exprobrat
2668 1393 2878 1457 alieno;
2908 1391 3203 1462 responde,
3243 1390 3368 1460 quid
3416 1391 3722 1446 Manicharis

2139 1487 2384 1542 sensibus
2412 1496 2505 1541 aut
2539 1501 2732 1541 nomen
2762 1485 3014 1542 Ecclesiae
3037 1494 3128 1539 aut
3149 1484 3391 1552 Apostoli
3414 1485 3573 1539 verba
3593 1500 3716 1538 con-

2140 1577 2369 1644 ducant,
2403 1587 2460 1632 ut
2487 1593 2551 1633 ea
2587 1593 2708 1632 cum
2754 1585 2861 1632 tam
2900 1593 3086 1646 magna
3127 1575 3324 1631 invidia
3364 1577 3720 1645 praetermissa

2140 1667 2380 1723 causeris
2402 1666 2427 1720 ἲ

2213 1759 2348 1813 Anc.
2378 1757 2497 1812 Jam
2535 1758 2780 1828 superius
2819 1758 3070 1828 reSpondi
3111 1758 3233 1812 huic
3265 1757 3545 1812 calumniae
3581 1766 3716 1820 tute.

2141 1863 2244 1918 qua
2271 1848 2398 1903 mihi
2441 1849 2723 1903 verborum
2755 1859 2963 1902 tuorum
2993 1848 3168 1902 minus
3191 1849 3398 1919 integre
3429 1848 3719 1918 positorum

2141 1938 2327 2007 objicis
2352 1939 2650 1994 falsitatem.
2667 1938 2771 1994 Sed
2785 1939 2924 2008 quod
2947 1937 3068 1993 fecit
3087 1939 3172 1993 ille
3189 1939 3492 2007 decerptur,
3512 1949 3566 1992 tu
3593 1937 3720 1991 mihi

2145 2037 2250 2083 tam
2277 2029 2504 2084 libenter
2525 2045 2629 2084 non
2657 2029 2942 2097 tribueres,
2977 2031 3022 2083 si
3047 2043 3234 2084 eorum
3256 2029 3346 2098 qui
3373 2029 3487 2084 inec
3516 2029 3716 2098 legunt,

2144 2119 2314 2174 nolles
2341 2134 2462 2176 esse
2479 2119 2756 2189 deceptor.

2215 2211 2405 2267 XXIV.
2427 2212 2687 2284 Jur..-lloc
2714 2227 2925 2282 semper
2951 2211 3048 2267 fuit
3069 2213 3357 2267 maximum
3387 2213 3529 2267 inter
3556 2211 3719 2266 Mani-

2143 2303 2323 2358 chmos
2345 2303 2756 2374 Catholicosque
2785 2303 3072 2358 discrimen
3097 2347 3110 2370 ,
3139 2314 3195 2359 et
3221 2305 3374 2359 limes
3402 2304 3614 2374 quidam
3644 2305 3724 2356 la-

2143 2395 2398 2454 tissimus.
2414 2409 2520 2464 quo
2535 2410 2563 2448 a
2585 2391 2645 2450 se
2667 2404 2850 2449 mutuo
2869 2397 3079 2464 piorum
3097 2406 3150 2450 et
3173 2397 3454 2465 impiorum
3474 2397 3722 2466 dogmata

2143 2494 2485 2554 srparantur,
2529 2484 2637 2538 imo
2681 2499 2868 2552 magna
2918 2485 3088 2538 moles
3119 2486 3136 2516 ¹
3183 2487 3474 2539 sententias
3516 2497 3726 2539 nostras

2143 2575 2292 2644 quasi
2317 2575 2440 2630 εαξη
2464 2590 2493 2628 a
2523 2584 2666 2630 terra
2707 2573 3064 2644 profunditate
3091 2576 3422 2646 disjung'cns,
3444 2577 3585 2646 quod
3627 2595 3726 2631 nos

2143 2681 2304 2721 omne
2343 2676 2619 2736 peccatum
2649 2667 2906 2722 voluntati
2933 2668 3122 2734 malm,
3155 2669 3228 2722 illi
3256 2684 3384 2723 vero
3418 2668 3574 2722 mala:
3599 2683 3729 2722 con-

2145 2756 2386 2811 scribunt
2407 2766 2607 2811 natura:
2628 2774 2640 2810 :
2660 2758 2749 2826 qui
2771 2771 2893 2812 cum
2915 2757 3156 2812 diversos
3180 2768 3474 2827 sequuntur
3492 2773 3724 2820 errores,

2145 2846 2239 2902 sed
2267 2847 2412 2902 velut
2435 2846 2504 2900 de
2531 2847 2704 2918 capite
2721 2846 2883 2902 fontis
2909 2847 3061 2902 istius
3083 2847 3364 2903 effluentes
3390 2863 3723 2918 consequen-

2149 2948 2230 2994 ter
2255 2938 2322 2993 ad
2347 2938 2624 3008 sacrilegia
2651 2938 2953 3010 ﬂagitiaqne
2984 2940 3338 3009 perveniunt;
3369 2942 3506 2996 sicut
3532 2941 3728 2996 Catho-

2147 3029 2232 3083 lici
2255 3045 2284 3084 e
2314 3029 2550 3098 regione,
2581 3044 2610 3082 a
2639 3030 2781 3084 bono
2803 3029 3116 3086 inchoantes
3135 3032 3377 3099 exordio,
3409 3032 3564 3088 bonis
3588 3035 3728 3088 aucti

2148 3122 2518 3192 processibus,
2545 3123 2612 3175 ad
2640 3123 2914 3194 religionis
2942 3139 3231 3188 summam,
3261 3140 3419 3195 quam
3449 3127 3585 3180 ratio
3613 3143 3728 3180 ιηιι-

2151 3212 2226 3266 nit
2246 3221 2299 3266 et
2319 3213 2509 3282 pictas,
2535 3213 2897 3283 pervehuntur
2916 3215 2958 3264 '.
2981 3213 3060 3269 Tu
3089 3215 3245 3286 igitur
3266 3217 3464 3271 malum
3489 3219 3727 3272 naturale

2148 3314 2372 3359 conatus
2399 3320 2641 3360 asserere
2670 3306 2894 3376 profano
2917 3307 3135 3377 quidem
3163 3319 3318 3376 voto,
3344 3309 3439 3364 sed
3468 3309 3726 3365 inefﬁcaci

2150 3394 2446 3450 intentione
2497 3398 2764 3466 usurpasti
2821 3399 3064 3468 Apostoli
3117 3399 3514 3467 testimonium,
3569 3417 3726 3471 quem

2151 3486 2250 3539 hac
2278 3486 2464 3541 eadem
2494 3487 2880 3556 perscriptione
2909 3488 3138 3544 ostendo
3164 3490 3293 3543 nihil
3324 3491 3429 3546 tale
3458 3492 3726 3557 sensisse,

2149 3577 2306 3646 quale
2351 3585 2404 3632 tu
2458 3579 2784 3647 persuadere
2833 3581 3078 3647 conaris,
3116 3583 3258 3652 quod
3315 3587 3728 3655 repugnantibus

2150 3666 2324 3721 modis
2343 3677 2396 3721 et
2423 3667 2572 3722 illum
2592 3667 2915 3724 catholicum
2937 3671 3232 3733 conﬁteris.
3253 3681 3306 3728 et
3331 3673 3470 3728 dicta
3493 3675 3609 3744 ejus
3631 3675 3732 3728 Ma-

2152 3757 2357 3812 niclueo
2382 3757 2619 3813 aestimas
2644 3759 2918 3830 sull‘ragari
2945 3761 2988 3814 ³.

2223 3849 2357 3904 Aue.
2387 3848 2533 3916 Quos
2557 3849 2804 3906 doctores
2831 3850 3122 3906 catholicos
3151 3852 3442 3908 Manichmo
3469 3870 3680 3911 asseras
3711 3858 3731 3888 ⁸

2153 3939 2448 4010 suffragari,
2480 3940 2574 4010 qui
2604 3941 2654 3994 in
2682 3942 2862 3997 verbis
2886 3945 3191 4012 apostolicis
3218 3947 3596 4004 intellexerunt
3627 3960 3735 4004 tra-

2156 4031 2280 4083 here
2309 4029 2557 4098 parvulos
2585 4031 2843 4100 originale
2878 4043 3154 4103 peccatum
3177 4078 3192 4103 ,
3228 4053 3326 4093 nec
3369 4050 3547 4093 vestro
3582 4057 3733 4096 more

2156 4121 2342 4175 insano
2369 4121 2514 4176 velut
2541 4137 2723 4177 sanam
2747 4124 2962 4180 laudare
2990 4136 3257 4194 naturam,
3286 4130 3380 4184 sed
3409 4132 3457 4186 ei
3485 4134 3735 4186 sanaudzc

2155 4211 2507 4268 adhibuerunt
2546 4213 2865 4270 medicinam
2899 4217 3074 4286 potius
3098 4218 3440 4276 christianum
3461 4265 3476 4288 ,
3507 4223 3550 4277 si
3589 4225 3736 4278 chri-

2155 4303 2326 4356 stiano
2340 4303 2500 4357 corde
2524 4305 2787 4375 cogitares
2807 4347 2821 4374 ,
2845 4307 3190 4364 crubesceres
3205 4352 3221 4378 ,
3252 4315 3695 4370 contremisccres
3718 4358 3734 4379 ,

2156 4395 2574 4470 obmutesceres.

2228 4484 2396 4540 XXV.
2418 4485 2538 4540 Jun.
2565 4485 2827 4556 Numquid
2851 4503 2956 4543 non
2983 4488 3145 4555 idem,
3170 4491 3487 4549 Adimantus
3509 4505 3564 4550 et
3595 4496 3736 4552 Fau-

2157 4585 2271 4632 stus
2301 4577 2500 4650 (quem
2553 4577 2604 4631 in
2645 4577 2792 4631 libris
2817 4577 3181 4635 Confessionis
3223 4592 3326 4636 tua:
3356 4596 3737 4655 praeceptorem

2160 4675 2306 4721 tuum
2340 4666 2596 4739 loqueris)
2639 4666 2734 4740 [a].
2764 4669 3134 4725 hmresiarcha:
3174 4675 3255 4728 sui
3285 4675 3568 4733 traditione
3597 4678 3739 4734 fece-

2160 4769 2305 4825 runt,
2331 4761 2668 4817 obscuriores
2697 4751 2934 4834 quasque
2963 4767 3042 4819 vel
3074 4766 3140 4820 de
3173 4768 3457 4839 Evangnlio
3483 4771 3525 4836 ⁸,
3557 4773 3640 4826 vel
3668 4774 3738 4828 de

2160 4852 2538 4920 Apostolorum
2581 4853 2830 4922 Epistolis
2857 4859 3152 4912 sententias
3176 4861 3445 4928 rapientes
3470 4872 3524 4915 et
3549 4879 3736 4917 corra-

2160 4971 2244 5078 M;
2260 4973 2544 5078 ,Βιδῗῗαξεεη
2567 4967 2707 5018 mole.
2748 4975 2802 5017 Et
2825 4982 2888 5018 ex
2912 4969 2989 5019 his
3005 4971 3337 5034 Marianensis,
3361 4975 3615 5027 sementim
3636 4990 3740 5026 om-

2225 5092 2245 5153 !
2277 5091 2349 5139 sic
2371 5096 2477 5153 Mss,
2497 5096 2607 5138 Mar.
2626 5097 2686 5153 et
2707 5097 2830 5140 Port.
2853 5091 2970 5141 aditi
2995 5105 3130 5153 vero,
3153 5095 3493 5152 procehzmtur.

2226 5152 2247 5221 ξ
2281 5151 2424 5199 Morel
2457 5150 2720 5222 legendum
2741 5160 2928 5222 censet,
2953 5153 3093 5222 quate
3115 5150 3166 5203 tu
3189 5159 3482 5222 persuadere
3516 5171 3739 5222 fartoris,

2162 5212 2262 5284 qui
2278 5212 2650 5284 repugnantibus
2671 5212 2826 5262 modis
2845 5248 2863 5284 ,
2875 5221 2929 5284 ⁹(τι
2952 5212 3089 5263 illum
3092 5212 3394 5284 famelicum
3413 5217 3671 5284 conﬁteris,
3696 5212 3740 5273 ei

2330 5274 2456 5384 citas"
2473 5274 2737 5384 Μὲηὖὶεήιξο
2777 5274 2990 5326 (extimas
3021 5278 3300 5342 suffragari.
3350 5281 3463 5330 \ide
3501 5274 3739 5332 hiemem.

2185 5345 2340 5392 τηις..
2367 5347 2472 5397 pag.
2497 5345 2606 5397 τῇ.
2633 5394 2642 5397 _
2673 5345 2728 5397 M.

2228 5405 2251 5426 δ
2282 5394 2398 5459 ιωῆή
2425 5394 2448 5455 ,'
2463 5394 2743 5459 Manicltwis
2756 5396 2948 5459 (laseris.
2969 5405 3090 5449 nes
3105 5405 3234 5459 1%.,
3258 5400 3520 5454 mm'cha’o
3534 5417 3741 5455 asseras.

2229 5459 2250 5489 ³
2284 5458 2398 5527 aliti
2413 5492 2427 5515 ,
2452 5457 2801 5527 (retegantur
2824 5458 2925 5527 (vel
2945 5493 2960 5516 ,
2975 5519 2986 5527 Α
3000 5457 3370 5527 Ιιςενεδὶιιὲεὴςε)
3391 5464 3467 5516 sui
3489 5465 3746 5517 traditione

2165 5519 2380 5589 fecerunt
2422 5516 2748 5589 obscuriores,
2793 5516 2890 5589 qtri_
2915 5519 2986 5589 vel
3011 5522 3073 5571 de
3097 5516 3365 5589 Evangelia:
3413 5529 3583 5576 verius
3621 5516 3746 5584 tum,

2168 5579 2508 5652 ntercs‘iurchg
2542 5579 2618 5629 sui
2641 5580 2707 5652 (id
2740 5579 2852 5652 est,
2879 5583 3028 5652 ipsius
3065 5579 3300 5634 manicliaci
3325 5598 3474 5638 secta:
3499 5579 3751 5652 principis)

2171 5640 2682 5708 traditione/ecquid,
2708 5640 3004 5708 obscuriores
3027 5657 3256 5708 quasque,
3281 5655 3378 5697 etc.

2236 5702 2304 5764 [α]
2327 5702 2500 5751 confer
2525 5703 2700 5752 librum
2720 5705 2753 5755 5
2771 5702 3131 5756 molossiou'um
3147 5702 3170 5769 ,⁷
3186 5702 3323 5769 capp.
3349 5710 3379 5760 σ
3403 5715 3456 5760 ct
3476 5709 3524 5760 7.
