4008 6178
322 402 537 461 dentes.
564 405 625 452 ut
637 394 915 467 proianum
940 392 1131 462 dogma
1153 389 1429 446 nominum
1453 385 1770 441 auctoritate
1791 394 1906 439 tue«

325 490 556 557 rentur?
583 488 894 558 Quanquam
918 485 1043 556 quid
1079 484 1202 538 dico
1231 481 1300 537 de
1338 478 1682 534 Maniclueis?
1723 490 1910 531 omnes

328 594 553 652 prorsus
573 579 807 634 haereses
834 578 1046 632 inventa
1073 589 1167 630 sua
1187 616 1203 641 ,
1230 573 1422 640 quibus
1447 586 1478 625 a
1509 570 1704 640 pietate
1728 578 1783 624 et
1808 568 1912 623 ﬁde

326 671 785 733 exorbitaverunt,
808 666 1205 736 Scripturarum
1251 660 1645 718 elocutionibus
1691 668 1912 716 senten-

332 764 527 832 tiisque
542 760 935 817 communiunt.

403 860 543 908 Anc.
576 852 655 906 Illi
685 851 943 906 obscuras
980 846 1274 904 sententias
1297 845 1352 899 in
1391 858 1544 900 suum
1573 842 1764 913 dogma
1794 854 1917 895 eon-

331 953 544 999 vertere
572 958 588 997 :
616 956 713 996 vos
747 952 962 1011 apertas
995 941 1112 1010 ipso
1138 947 1320 993 vestro
1348 936 1595 1007 dogmate
1628 932 1919 988 obscurare

331 1035 623 1089 conamini.
652 1034 789 1102 Quid
814 1034 956 1088 enim
984 1033 1219 1102 apertius
1247 1044 1405 1100 quam
1431 1026 1571 1099 quod
1589 1026 1664 1080 ait
1690 1026 1920 1094 Aposto-

336 1125 443 1184 Ius.
460 1125 740 1180 Peccatum
779 1124 832 1179 in
877 1122 1020 1178 hunc
1047 1120 1303 1176 mundum
1328 1134 1424 1188 per
1447 1132 1609 1172 unum
1649 1114 1920 1169 hominem

337 1217 596 1279 intrasse,
634 1224 691 1270 et
726 1229 823 1284 per
866 1221 1143 1285 peccatum
1190 1220 1449 1271 mortem,
1476 1217 1533 1262 et
1556 1207 1625 1261 ita
1655 1205 1708 1261 in
1733 1218 1924 1259 omnes

344 1306 593 1360 homines
638 1304 989 1376 pertransisse
1039 1302 1213 1373 (Rom.
1250 1317 1303 1365 v,
1336 1299 1461 1371 i2)?
1501 1297 1655 1365 Quod
1700 1295 1744 1351 si
1792 1310 1921 1367 pro-

339 1398 474 1451 bare
513 1395 650 1449 idem
688 1403 971 1465 cogeretur
1007 1391 1317 1461 Apostolus,
1363 1389 1531 1458 ipsam
1572 1385 1782 1455 generis
1825 1384 1925 1438 hu-

339 1487 485 1540 mani
543 1485 809 1541 miseriam
848 1492 1036 1539 testem
1082 1482 1268 1546 daret,
1311 1495 1431 1550 tum
1472 1477 1655 1546 incipit
1682 1493 1711 1529 a
1739 1474 1926 1544 vagiti-

340 1577 444 1631 bus
466 1578 483 1609 ⁸
513 1577 871 1646 parvulorum,
909 1582 965 1629 et
991 1587 1160 1643 usque
1191 1571 1258 1626 ad
1279 1568 1675 1640 decrepitorum
1698 1565 1926 1636 gemitus

341 1668 605 1736 pervenit.
634 1666 788 1722 Nullo
815 1666 957 1720 etaim
992 1663 1152 1718 modo
1184 1661 1285 1716 sub
1311 1675 1438 1715 cura
1463 1656 1844 1727 omnipotentis
1870 1663 1928 1709 et

336 1759 467 1827 justi
495 1758 682 1813 eadem
733 1765 840 1811 tam
877 1770 1067 1825 magna
1108 1752 1325 1808 miseria
1364 1758 1568 1806 natum
1602 1749 1927 1817 irrogaretur

344 1849 727 1915 humanarmisi
744 1849 795 1902 in
815 1847 1021 1902 duobus
1046 1842 1352 1900 hominibus
1376 1850 1485 1897 tota
1504 1839 1571 1896 de
1593 1837 1822 1908 paradisi
1846 1837 1943 1891 fe-‘

345 1942 547 1996 Iicitate
565 1940 617 1995 in
636 1940 773 1994 hanc
793 1936 1155 1993 infelicitatem
1176 1932 1378 2004 peccati
1402 1930 1593 1986 merito
1618 1928 1924 1999 pelleretur.

413 2030 607 2086 XXVI.
632 2030 751 2085 ius.
782 2028 916 2084 Num
955 2027 1112 2097 igitur
1139 2024 1260 2079 ideo
1278 2031 1369 2077 aut
1392 2020 1536 2076 Libri
1574 2018 1711 2073 sacri
1740 2026 1927 2072 aucto-

343 2136 432 2175 res
476 2121 840 2189 probabuntur
877 2130 1152 2178 errorum,
1179 2121 1273 2167 aut
1306 2112 1529 2167 crimina
1559 2107 1891 2179 pereuntium
1911 2145 1928 2171 ,

343 2213 751 2281 Scripturarum
767 2209 998 2278 dignitas
1023 2204 1293 2275 capiabit?

407 2305 558 2358 Ave.
589 2301 703 2354 Hoc
734 2298 888 2354 vobis
912 2296 1096 2352 dicite.

413 2393 514 2447 XX
530 2391 631 2445 VII.
664 2389 786 2446 ius.
815 2388 1197 2458 Esstinguatur
1224 2385 1400 2455 itaque
1425 2381 1930 2452 indisciplinatarum

340 2481 739 2553 expositionum
783 2479 990 2533 libido:
1026 2476 1159 2530 nihil
1187 2490 1346 2546 agere
1373 2484 1557 2528 contra
1596 2470 1928 2527 manifestam

345 2576 439 2630 Dei
462 2571 720 2643 justitiam
750 2572 913 2626 verba
940 2567 1226 2624 credantur
1270 2581 1285 2618 :
1315 2579 1435 2634 qum
1459 2564 1503 2618 si
1545 2562 1663 2632 ejus
1689 2575 1933 2631 persona:

343 2674 495 2728 sinu,
527 2678 685 2733 quam
715 2659 959 2717 venerari
997 2671 1216 2713 necesse
1239 2664 1343 2722 est,
1365 2652 1723 2709 defendamur
1745 2651 1929 2720 expla-

346 2756 653 2811 nationibus
678 2752 874 2808 divina:
911 2747 1329 2820 congruentibus
1358 2744 1592 2816 aequitati
1611 2759 1628 2810 ;
1650 2744 1733 2797 sin
1754 2752 1930 2796 autem

346 2866 456 2902 non
484 2843 769 2902 metuendo
797 2852 922 2898 sunt
945 2850 1163 2896 auctore
1192 2838 1427 2911 prolata,
1453 2836 1612 2892 etiam
1642 2833 1932 2903 ineliquata

348 2940 631 3009 pellantur.
662 2935 824 3007 Igitur
853 2948 998 2990 nunc
1033 2931 1133 2987 Dei
1150 2930 1353 3001 judicio
1375 2928 1694 2997 disputatur,
1733 2924 1803 2984 de
1826 2938 1935 2995 quo

345 3033 546 3088 dicitur
573 3032 612 3096 ',
646 3028 786 3084 Deus
811 3027 977 3098 fidelis
995 3066 1013 3092 ,
1044 3026 1097 3078 in
1122 3040 1220 3093 quo
1247 3038 1351 3076 non
1380 3032 1452 3075 est
1481 3020 1750 3088 iniquitas;
1762 3021 1936 3088 justus

345 3131 394 3177 et
414 3131 618 3175 sanctas
637 3118 882 3173 Dominus
904 3114 1040 3168 Deus
1067 3111 1242 3183 (Deut.
1274 3125 1444 3174 nm,
1465 3107 1547 3179 ι).
1594 3107 1661 3161 Et
1701 3108 1890 3161 iterum
1918 3122 1934 3161 :

345 3211 533 3266 Justus
562 3210 836 3273 Dominus,
869 3216 918 3261 et
957 3204 1212 3277 justitiam
1256 3198 1468 3261 dilexit,
1506 3198 1790 3268 equitatem
1815 3196 1939 3250 uidit

346 3304 518 3359 vultus
543 3303 654 3373 ejus
680 3297 853 3374 (Psal.
880 3314 934 3363 κ,
961 3295 1127 3366 8).Ει
1150 3294 1343 3349 iterum
1376 3308 1390 3345 :
1422 3290 1608 3345 Omnia
1629 3288 1827 3360 judicia
1851 3296 1940 3341 tua

347 3396 563 3464 (equitat
584 3391 755 3465 (Psat.
776 3403 963 3451 cxvnt,
987 3387 1138 3458 I72).
1163 3385 1443 3441 Innumera
1467 3390 1591 3437 sunt
1614 3380 1936 3445 testimonia,

350 3485 547 3556 quibus
572 3483 793 3553 aequitas
820 3479 997 3535 divina
1027 3479 1080 3532 in
1110 3476 1279 3532 sacris
1305 3472 1662 3528 voluminibus
1683 3469 1941 3539 praedica-

354 3586 478 3629 tur:
506 3574 574 3629 de
597 3587 700 3642 qua
722 3585 883 3627 nemo
906 3580 1081 3625 tamen
1096 3566 1180 3623 vel
1209 3564 1522 3629 Gentilium,
1554 3562 1635 3616 vel
1663 3560 1942 3616 haeretico-

354 3682 475 3723 rum
492 3706 508 3732 ,
537 3674 729 3736 prater
752 3660 1072 3718 Mauicharos
1099 3658 1595 3724 Trsducianosque,
1628 3653 1903 3708 dubitavit.

433 3762 571 3814 Aac.
604 3757 683 3812 Ex
713 3756 813 3810 hac
836 3753 1090 3824 aequitate
1125 3764 1290 3821 grave
1312 3748 1496 3817 jugum
1518 3752 1602 3801 est
1625 3759 1786 3813 super
1808 3744 1944 3799 Iilios

357 3850 529 3906 Adam
577 3864 609 3903 a
645 3848 733 3903 die
767 3846 940 3901 exitus
973 3843 1043 3899 de
1080 3848 1265 3897 ventre
1314 3837 1499 3894 matris
1534 3850 1719 3890 eorum
1758 3831 1943 3905 (Eccli.

355 3958 451 4005 ιι,
479 3942 534 4010 I)
559 3956 573 3994 :
598 3937 740 4008 quod
770 3936 989 3991 omnino
1014 3947 1138 3989 esse
1173 3929 1367 3986 asserit
1391 3927 1650 3998 iniquum,
1672 3926 1762 3997 qui
1785 3933 1945 3996 negat

358 4030 621 4102 originale
642 4036 917 4099 peccatum
950 4025 994 4081 ⁸.

435 4119 670 4179 XXVIII.
714 4118 837 4175 ius.
861 4116 936 4172 Ita
967 4113 1111 4170 enim
1140 4110 1387 4167 omnibus
1420 4106 1773 4179 generaliter,
1818 4103 1947 4160 edo-

359 4224 521 4271 cente
544 4221 733 4269 natura
757 4209 802 4277 ⁸,
830 4208 1148 4264 inculcatum
1177 4212 1285 4268 est,
1315 4202 1479 4256 Deum
1498 4200 1698 4268 justum
1723 4210 1866 4261 esse,
1890 4204 1949 4250 ut

364 4302 705 4361 manifestum
743 4301 848 4364 sit,
903 4299 1066 4353 Deum
1126 4310 1232 4351 non
1275 4306 1395 4347 esse
1439 4304 1599 4359 quem
1650 4286 1951 4343 constiterit

356 4400 561 4467 justum
591 4408 696 4447 non
729 4405 870 4447 esse.
909 4388 1095 4444 Potest
1122 4386 1281 4456 igitur
1309 4392 1366 4438 et
1392 4381 1553 4435 homo
1568 4379 1748 4449 justus
1780 4391 1904 4433 esse
1932 4393 1945 4429 :

366 4489 511 4542 Deus
533 4499 660 4539 vero
683 4496 807 4538 esse
831 4479 933 4536 nisi
956 4478 1134 4550 justus
1160 4490 1268 4530 non
1295 4481 1503 4543 potest-

354 4622 365 4648 ς
440 4581 571 4634 Ars.
606 4576 720 4631 Tibi
747 4573 856 4630 dic.

438 4666 633 4723 XXIX.
665 4665 783 4721 Jun.
811 4663 912 4733 Qui
938 4675 1061 4717 eum
1092 4668 1175 4715 est
1200 4657 1290 4714 hic
1316 4670 1455 4711 unus
1483 4667 1647 4710 verus
1674 4654 1696 4686 ⁸
1721 4652 1809 4708 cui
1826 4667 1952 4707 cre-

365 4762 568 4826 dimus,
589 4766 645 4813 ct
659 4770 819 4827 quem
853 4755 908 4810 in
927 4752 1187 4809 Trinitate
1225 4762 1559 4809 veneramur,
1582 4744 1748 4800 dubio
1770 4742 1953 4814 procul

368 4853 425 4906 in
445 4864 635 4905 omnes
655 4846 839 4918 iudicii
860 4854 945 4902 est
966 4844 1177 4900 ratione
1196 4840 1527 4911 justissimus
1546 4838 1589 4890 ⁸.

441 4945 578 4998 Aus.
606 4940 725 4996 Tibi
748 4938 835 4994 dic
864 4955 879 4992 :
913 4944 971 4992 et
994 4934 1216 4991 ostende
1235 4931 1438 5003 justum
1462 4944 1583 4986 esse
1615 4938 1675 4984 ut
1697 4943 1819 4984 cum
1848 4937 1955 4983 tam

437 5160 618 5268 :a’
1297 5147 1566 5206 οωωοναο

436 5248 460 5314 ἱ
490 5248 1259 5348 ἒύῗίῇωέέεῗῖῷσίιὺᾴηωπι,
1296 5266 1382 5334 qui
1423 5279 1571 5332 negas
1590 5264 1823 5331 originis
1844 5278 1957 5330 pec-

368 5347 549 5392 manu.
575 5349 705 5400 uss,
727 5341 917 5395 asserit,
937 5341 1097 5400 negat.
1465 5396 1503 5400 __
1672 5387 1683 5400 _
1741 5362 1756 5375 .

436 5387 665 5462 "item?
687 5387 958 5451 ititoeai'te
993 5387 1183 5462 uiatore.
1205 5400 1287 5444 us.
1311 5403 1430 5462 vero
1464 5396 1598 5462 Man,
1622 5387 1848 5441 educaui:
1869 5401 1959 5439 na-

371 5453 653 5573 ¹⁶¹ξ¹³έοίέι¹ξέ
674 5462 830 5572 iii?-
843 5453 1553 5573 “asumma

439 5529 460 5560 ι
489 5529 652 5575 codex
674 5530 831 5572 [ιονιξ
857 5529 1633 5593 ραικηιιιιιεηεωίῑηεκηιεο.
1768 5572 1780 5584 .
1859 5571 1871 5584 .

439 5587 461 5618 ⁶
493 5588 630 5635 Idem
650 5585 803 5654 W9."
820 5616 836 5643 ν
867 5595 932 5654 In.
949 5577 1720 5654 “’"i‘bﬁ!)"§_‘€9_._.‘.“.."3’_’3'ff
1732 5572 1963 5654 -J'EE‘TE'

661 5634 715 5697 et
732 5634 876 5706 (136.,
913 5643 966 5695 in
999 5634 1216 5693 omnibus
1243 5634 1450 5701 judiciis
1482 5640 1529 5687 et
1567 5634 1760 5687 ratione
1785 5634 1960 5696 iustis-

1665 269 1869 327 LIBER
1907 267 2182 327 PRIMUS.

3456 264 3596 326 1062

2024 380 2301 437 manifesta
2332 382 2574 447 miseria,
2605 383 2685 439 vel
2720 383 2785 438 ad
2811 392 2916 438 tam
2956 383 3287 439 manifestam
3323 385 3594 440 miseriam

2022 484 2289 537 nascatur,
2312 488 2340 525 a
2361 488 2468 543 quo
2492 482 2767 542 peccatqu
2796 475 3051 543 originale
3080 492 3183 530 non
3211 476 3470 532 trahitur.

2092 563 2263 617 XXX.
2299 562 2416 618 JUL.
2444 564 2517 618 De
2546 563 2703 634 hujus
2731 565 2906 634 itaque
2929 566 3129 636 legibus
3153 571 3223 621 ita
3256 568 3272 598 ¹
3305 568 3517 637 probari
3546 578 3603 624 et

2020 652 2275 707 vindicari
2306 667 2411 707 non
2445 662 2650 722 potest,
2681 655 2821 724 quod
2852 670 2971 709 esse
2991 666 3201 711 constat
3230 658 3508 726 injustum,
3545 670 3598 714 ut

1966 792 1967 795 η
2021 744 2067 798 si
2088 742 2190 798 hoc
2207 743 2318 821 ﬁeri
2341 754 2538 813 posset,
2562 745 2704 799 illius
2722 746 2973 803 divinitas
2986 757 3093 803 tota
3115 750 3413 806 vilesceret.
3439 753 3604 807 Abeo

2023 837 2183 907 igitur
2222 836 2530 907 probabitur
2554 838 2621 894 de
2647 839 2934 908 Scripturis
2973 843 3172 898 sanctis
3203 844 3472 913 injustitia:
3502 845 3597 899 do-

2024 948 2143 1003 gma
2175 934 2395 1000 ﬁrmari,
2414 949 2459 988 -a
2490 950 2595 1005 quo
2619 936 2899 1005 approbari
2924 939 3153 1008 quiverit
3180 940 3493 996 Trinitatem
3519 943 3606 998 cui

2024 1025 2293 1081 credimus
2315 1025 2604 1083 divinitatis
2620 1027 2786 1097 gloria
2816 1043 2970 1097 posse
2997 1030 3212 1098 privari.

2098 1117 2233 1172 Ave.
2260 1116 2459 1172 Verum
2485 1118 2618 1173 dicis
2652 1135 2667 1173 :
2695 1119 2790 1174 sed
2821 1120 2972 1174 vobis
2998 1121 3158 1176 dicite
3185 1124 3229 1186 ',
3262 1122 3349 1192 qui
3380 1124 3604 1195 gloriam

2027 1206 2262 1273 Christo,
2290 1223 2392 1278 qua
2422 1210 2668 1278 parvulos
2695 1219 2866 1278 sanat,
2892 1212 3145 1266 molimini
3173 1212 3404 1270 auferre.

2100 1298 2293 1354 XXXI.
2315 1299 2433 1355 Jun.
2462 1300 2614 1369 Quod
2645 1303 2896 1371 quoniam
2929 1318 3028 1358 nec
3058 1304 3196 1358 ratio
3225 1306 3453 1361 sustinet
3480 1308 3606 1367 ulla,

2030 1405 2129 1445 nec
2179 1390 2387 1472 pietas;
2429 1399 2522 1445 aut
2566 1390 2735 1456 doce,
2769 1395 2850 1448 vel
2886 1408 3045 1463 posse
3077 1409 3232 1461 esse,
3284 1397 3366 1453 vel
3402 1397 3608 1467 justum

2029 1495 2182 1544 esse,
2219 1481 2465 1552 imputari
2505 1485 2750 1554 cuiquam
2792 1486 3034 1542 naturale
3086 1498 3396 1558 peccatum;
3443 1500 3536 1545 aut
3576 1507 3607 1545 a

2031 1568 2421 1641 Scriptorarum
2470 1582 2774 1627 sanctarum
2824 1576 3274 1631 contaminatione
3313 1578 3606 1644 discedito,

2030 1675 2253 1730 quarum
2295 1664 2574 1718 sententiis
2615 1662 2637 1695 ³
2674 1664 2868 1719 sanciri
2905 1666 3138 1722 aestimas
3185 1667 3327 1738 quod
3370 1668 3607 1740 iniquum

2031 1753 2238 1821 cogeris
2271 1753 2533 1808 conﬁteri.

2102 1843 2240 1897 Atto.
2285 1843 2486 1898 Erratis
2516 1863 2531 1900 :
2559 1859 2655 1899 vos
2692 1845 2868 1914 potius
2896 1845 3132 1916 iniquum
3165 1849 3413 1920 cogimini
3443 1850 3611 1905 conﬁ-

2032 1935 2132 1989 teri
2184 1949 2346 2006 grave
2397 1952 2557 2007 super
2607 1938 2861 2007 parvulos
2910 1940 3128 2011 jugum;
3173 1941 3217 1995 si
3261 1943 3611 2011 quemadmo-

2032 2025 2159 2080 dum
2192 2026 2398 2082 nullum
2429 2028 2627 2083 habent
2671 2030 2987 2100 prOprium,
3034 2031 3104 2084 ita
3151 2032 3355 2087 nullum
3401 2032 3618 2088 trahunt

2035 2116 2291 2186 originale
2318 2127 2618 2186 peccatum.

2107 2204 2324 2261 XXXII.
2363 2206 2483 2262 ius.
2515 2206 2667 2274 Quod
2705 2208 2751 2262 si
2788 2216 3033 2263 neutrum
3081 2209 3270 2264 horum
3318 2226 3436 2281 qua:
3483 2211 3619 2268 dixi-

2038 2312 2177 2366 mus,
2222 2296 2421 2361 facies;
2463 2307 2517 2353 et
2556 2298 2679 2353 huic
2725 2299 2835 2353 Deo
2881 2309 2932 2354 te
2973 2301 3171 2354 asseris
3196 2301 3438 2367 credere,
3469 2302 3621 2371 cujus

2039 2386 2297 2441 institutis
2320 2386 2631 2457 injustitiam
2668 2388 2988 2442 communiri
3028 2389 3261 2443 aestimas
3289 2406 3305 2442 :
3332 2405 3616 2460 cognosce,

2037 2476 2206 2530 multo
2230 2486 2283 2531 te
2308 2491 2501 2532 novum
2527 2478 2747 2549 antiquo
2775 2478 3069 2533 Manicbzro
3094 2493 3217 2533 esse
3248 2478 3503 2548 pejorem,
3529 2483 3620 2551 qui

2038 2569 2195 2623 talem
2226 2569 2394 2623 Deum
2424 2568 2645 2634 habeas,
2670 2569 2878 2638 qualem
2919 2567 3244 2624 Manicha-us
3277 2569 3371 2624 Dei
3408 2570 3492 2625 sui
3537 2582 3621 2627 est

2035 2668 2372 2715 commentus
2399 2660 2697 2715 inimicum.
2992 2716 3007 2722 ‘

2109 2753 2245 2808 Aac.
2288 2751 2397 2807 Vos
2438 2752 2592 2821 pejus
2636 2766 2794 2818 quam
2823 2750 3099 2806 Manichaei
3130 2753 3328 2808 saevitis
3355 2751 3407 2807 in
3437 2769 3622 2823 parvu-

2038 2844 2140 2899 los.
2172 2845 2248 2898 Illi
2272 2844 2469 2914 quippe
2493 2846 2723 2897 animam
2750 2844 2960 2907 saltem,
2984 2859 3143 2914 quam
3172 2854 3377 2914 partem
3401 2846 3491 2900 Dei
3521 2861 3622 2915 pn—

2041 2943 2176 3000 tant,
2203 2934 2381 2989 sanari
2412 2949 2505 3004 per
2532 2932 2801 2989 Christum
2833 2933 2884 2987 in
2912 2933 3135 3002 parvqu
3162 2936 3379 2990 volunt:
3407 2948 3505 2990 vos
3530 2950 3625 2990 au-

2042 3035 2172 3089 tem,
2199 3039 2357 3094 quem
2382 3040 2481 3079 nec
2510 3024 2561 3078 in
2589 3024 2787 3089 anima,
2821 3039 2921 3078 nec
2950 3024 3001 3078 in
3031 3038 3192 3079 carne
3233 3025 3397 3080 ullum
3427 3026 3624 3081 malum

2041 3117 2241 3173 habere
2264 3117 2462 3181 dicitis,
2502 3133 2598 3186 per
2634 3117 2904 3171 Christum
2951 3119 3129 3172 sanari
3180 3119 3324 3173 nulla
3368 3135 3435 3175 ex
3472 3130 3628 3192 parte

2044 3209 2370 3278 permittitis.
2400 3207 2464 3262 Et
2494 3207 2735 3277 praeclari
2782 3208 3160 3277 praedicatores
3203 3210 3281 3265 sic
3322 3212 3626 3280 praedicatis

2042 3300 2225 3356 Jesum
2252 3298 2297 3367 ’⁵,
2347 3314 2404 3353 ut
2454 3314 2577 3353 cum
2623 3299 2843 3370 negetis
2872 3301 3207 3369 parvulorum
3254 3316 3375 3358 esse
3415 3303 3623 3360 Jesum.

2045 3390 2200 3446 Unde
2226 3400 2456 3460 namque
2486 3388 2587 3444 hoc
2618 3404 2809 3444 nomen
2840 3391 3128 3460 acceperit,
3157 3391 3209 3447 in
3236 3391 3523 3465 Evangelio
3551 3395 3628 3450 Ie—

2044 3483 2151 3552 gite
2177 3481 2389 3550 (Matth.
2424 3496 2463 3547 I,
2501 3479 2567 3534 SI
2593 3477 2636 3551 ),
2678 3487 2734 3535 et
2773 3481 2937 3536 nolite
2964 3482 3294 3539 Salvatorem
3325 3499 3429 3539 non
3470 3486 3631 3542 saltis

2045 3574 2278 3645 parvulis
2300 3573 2566 3643 denegare
2586 3572 2628 3626 ⁸.

2119 3666 2359 3721 XXXIII.
2397 3665 2516 3721 ιω..
2548 3665 2690 3734 Quas
2714 3664 2843 3720 mihi
2873 3680 3001 3738 ergo
3026 3675 3080 3721 tu
3109 3666 3197 3724 hic
3218 3668 3490 3739 ambages,
3513 3684 3632 3739 qua:

2048 3757 2329 3813 cervicalia
2358 3755 2753 3811 mendaciorum
2783 3768 2838 3812 et
2865 3758 3182 3829 ineptiarum
3204 3799 3220 3823 ,
3261 3775 3378 3830 quae
3417 3761 3633 3816 Jerusa-

2051 3851 2155 3906 lem
2210 3849 2495 3904 fornicanti
2541 3849 2789 3904 Ezechiel
2821 3851 3081 3920 propheta
3124 3851 3349 3920 imputat
3390 3851 3630 3925 (Ezech.

2051 3958 2169 4007 xm,
2220 3940 2359 4012 18);
2389 3939 2733 4006 admovebis,
2781 3940 2833 3995 in
2879 3940 3073 4011 quibus
3116 3942 3404 3997 muliebres
3440 3945 3634 3999 anima:

2052 4035 2268 4096 cubent,
2292 4035 2508 4087 nomina
2538 4031 2914 4103 mysteriorum
2947 4040 3207 4098 tenentes,
3233 4049 3352 4088 cum
3382 4035 3432 4088 in
3465 4036 3634 4106 ipsam

2054 4126 2381 4181 divinitatem
2422 4132 2620 4178 retecta
2666 4119 2981 4192 profanitate
3009 4123 3394 4179 commiserint.
3444 4125 3637 4181 Remo-

2056 4219 2123 4274 tis
2147 4218 2171 4249 ⁸
2197 4217 2446 4272 omnibus
2476 4213 2759 4286 prmstigiis
2800 4222 2855 4269 et
2892 4213 3267 4269 advocatorum
3315 4231 3458 4286 saepe
3503 4230 3534 4270 a
3584 4226 3637 4272 te

2036 4309 2457 4381 ‘plebecularum
2500 4306 2748 4368 catervis,
2793 4305 2926 4360 doce
2966 4307 3165 4375 justum
3207 4321 3328 4362 esse
3364 4307 3503 4378 quod
3541 4322 3639 4378 per

2056 4399 2361 4471 Scripturas
2389 4404 2601 4452 sanctas
2628 4395 2898 4451 afﬁrmare
2926 4395 3137 4450 conaris
3165 4396 3207 4449 ".

2131 4491 2267 4547 Aue.
2307 4487 2730 4553 Plebecularum,
2772 4501 2906 4556 quas
2948 4486 3156 4548 irrides,
3184 4497 3435 4556 catervas,
3467 4504 3636 4546 nove-

2057 4593 2184 4640 runt
2224 4580 2541 4638 catholicam
2588 4579 2780 4645 ﬁdem,
2821 4594 2940 4649 qua.
2983 4594 3013 4633 a
3068 4578 3343 4636 Salvatore
3388 4582 3639 4639 salvari“

2059 4675 2379 4732 conﬁtentur
2403 4673 2659 4737 infantes;
2682 4679 2739 4726 et.
2775 4670 2898 4726 ideo
2936 4671 3372 4743 Pelagianorum,
3415 4674 3506 4745 qui
3539 4675 3641 4731 hoc

2062 4778 2275 4840 negant,
2304 4766 2635 4822 detestantur
2662 4779 2921 4818 errorem.

2130 4855 2373 4933 XXXIV.
2413 4855 2534 4911 Jun.
2573 4853 2652 4910 Ne
2679 4868 2809 4924 ergo
2838 4854 2890 4908 in
2921 4854 3124 4909 inﬁnita
3153 4854 3421 4909 volumina
3451 4866 3642 4912 exten-

2125 5016 2143 5048 ι
2176 5013 2250 5062 Sic
2271 5018 2378 5060 Mss.
2401 5016 2525 5059 Part.
2543 5015 2653 5057 Mar.
2680 5013 2733 5056 et
2767 5004 2969 5075 ut
2991 5004 3126 5066 editi,
3148 5005 3224 5056 id.

2123 5077 2145 5108 ί
2176 5082 2277 5125 Duo
2300 5081 2403 5121 Mss.
2430 5079 2541 5119 Mar.
2566 5077 2618 5119 et
2642 5075 2785 5128 μοι-ιη
2812 5066 2977 5117 dicito.

2126 5139 2149 5171 ³
2178 5134 2296 5185 καίιὶ
2315 5169 2330 5195 ,
2376 5129 2614 5195 discedis,
2654 5142 2687 5179 a
2708 5125 2914 5191 quorum
2950 5125 3208 5179 sententiis.
3254 5129 3576 5180 Emendantur
3614 5142 3643 5178 a

2062 5204 2177 5249 llss.
2213 5192 2333 5246 Fort.
2353 5201 2467 5243 Har.
2489 5192 2612 5242 clar.

2127 5263 2150 5293 ἰ
2182 5267 2263 5308 Ms.
2283 5256 2436 5309 colb..
2452 5252 2715 5303 rhristwn.

2128 5324 2150 5355 ⁸
2180 5320 2329 5376 editi,
2351 5315 2566 5368 invidere
2592 5325 2611 5364 :
2648 5310 2930 5376 nongmale.
2954 5310 3045 5376 sed
3075 5313 3386 5376 manuseripti
3424 5310 3645 5376 habent,

2064 5370 2326 5448 denegare:
2347 5381 2623 5448 Unus-Pori.
2654 5376 2726 5448 sic
2745 5372 3029 5448 ferebat,_iu
3061 5370 3481 5439 Evmgelio'legite
3495 5405 3510 5430 ,
3555 5384 3647 5422 non

2066 5435 2356 5498 Salvator-em
2375 5437 2520 5490 salvis
2539 5435 2750 5500 parvulis
2772 5436 3019 5498 denegate.
3188 5435 3205 5439 '

2130 5506 2155 5580 ξ
2193 5503 2347 5580 ξᾳὶιί,
2390 5503 2477 5552 sed
2516 5496 2726 5549 remotis.
2760 5495 3022 5557 Particula,
3063 5495 3181 5555 sed,
3226 5493 3368 5542 abest
3410 5505 3438 5541 a
3474 5503 3664 5545 mnu-'

2064 5568 2385 5696 ⁶⁶¹ἓ¹θέξὲ⁹μεει
2401 5625 2540 5696 ιωίείυ
2563 5622 2689 5696 αειομ
2715 5633 2802 5685 per
2823 5608 3551 5696 sctiasrt'iﬁﬂﬂfit’mﬁb

2130 5692 2153 5727 ³
2187 5692 2411 5747 Verbum,
2434 5685 2628 5747 saluuii,
2652 5685 2746 5740 huc
2768 5692 3051 5734 revocamus
3068 5690 3132 5728 ex
3150 5685 3507 5739 manner-lpus.
