4010 6186
446 265 586 323 1063

443 378 599 435 datur
622 377 810 445 oratio,
834 378 944 443 hic,
972 376 1059 432 hic
1087 377 1272 431 harum
1298 375 1366 431 de
1392 375 1587 445 quibus
1622 374 1829 444 agimus
1856 376 1898 440 ⁸,
1932 389 2027 429 re-'

442 485 559 525 rum
584 484 771 541 genus,
798 469 1023 538 species,
1054 464 1385 531 differentia,
1434 465 1660 529 modus,
1691 464 2027 535 qualitasque

441 571 691 617 cernatur
716 577 731 613 :
760 562 866 614 imo
894 556 1171 612 sollicitius
1213 566 1395 611 utrum
1435 557 1566 623 sint,
1614 556 1758 611 unde
1779 556 1903 619 sint,
1934 556 2024 610 ubi

441 654 548 707 sint
571 654 614 719 ⁸,
662 651 785 721 quid
814 653 974 704 etiam
1022 657 1348 715 mereantur,
1394 657 1449 703 et
1491 663 1675 718 aquo.
1726 648 1836 702 Iloc
1876 647 2023 702 enim

442 742 600 796 modo
627 756 723 795 nec
748 741 837 795 diu
865 756 959 809 per
982 739 1395 810 disputationum
1424 739 1694 794 anfractus
1728 738 2018 807 errabitur,

441 842 497 888 et
522 843 727 887 certum
756 832 897 901 quod
932 832 1098 886 teneri
1127 831 1318 886 debeat
1350 832 1646 901 apparebit.

510 928 644 983 Avo.
687 925 810 980 Ideo
837 935 1021 979 contra
1064 939 1224 979 unum
1270 924 1471 979 librum.
1510 939 1685 978 meum
1713 922 1876 978 libros
1898 932 2023 978 octo

437 1011 696 1084 scripsisti
725 1015 803 1087 (ιι)
827 1056 842 1080 ,
870 1016 991 1086 quia
1013 1015 1034 1046 ⁸
1060 1030 1154 1085 per
1178 1025 1264 1070 tua
1287 1014 1601 1084 compendia
1623 1014 1903 1070 dialectica
1922 1013 2021 1068 diu

439 1108 712 1176 diSpntare
743 1106 975 1182 noluisti.

515 1197 735 1253 XXXV.
775 1197 894 1254 Jun.
935 1197 1303 1253 Creatorishic
1340 1196 1500 1267 igitur
1518 1204 1573 1252 et
1599 1203 1858 1251 creatum
1886 1198 2022 1251 ratio

444 1290 687 1352 vertitur,
720 1289 771 1341 id
812 1299 893 1344 est
938 1289 1028 1342 Dei
1070 1296 1123 1342 et
1165 1286 1422 1351 hominis;
1450 1286 1651 1354 iudicat
1678 1286 1788 1346 ille,
1815 1285 2021 1355 judica-

445 1388 531 1433 tnr
557 1382 657 1434 iste
684 1397 699 1434 :
734 1379 908 1450 itaque
929 1378 1149 1447 justitize
1178 1389 1231 1432 et
1258 1378 1428 1446 culpa:
1466 1393 1581 1447 qua:
1617 1377 1687 1431 sit
1717 1386 1901 1429 natura
1943 1376 2021 1429 vi-

441 1472 654 1526 deatur.
681 1471 893 1527 Justitia
920 1481 1022 1537 CSI,
1051 1479 1104 1524 et
1129 1481 1183 1524 ut
1204 1469 1271 1523 ab
1298 1468 1521 1524 eruditis
1543 1467 1938 1529 definirisolet.
1967 1474 2022 1534 et

441 1572 499 1618 ut
539 1578 635 1617 nos
684 1563 976 1632 intelligere
1017 1575 1319 1631 possumus,
1360 1560 1530 1614 virtus
1574 1557 1658 1629 (si
1689 1572 1782 1627 per
1809 1556 2020 1613 Stoicos

437 1655 595 1709 liceat
621 1655 772 1709 alteri
799 1654 1018 1707 alteram
1054 1649 1321 1721 prmferrc)
1355 1651 1610 1713 virtutum
1640 1648 1877 1703 omnium
1906 1663 2018 1701 ma-

438 1746 600 1807 xima,
638 1746 859 1814 fungens
885 1744 1166 1812 diligenter
1197 1741 1373 1797 officio
1402 1741 1467 1796 ad
1498 1739 1882 1796 restituendum
1922 1754 2018 1794 sua

436 1836 724 1906 unicuique
745 1836 863 1889 sine
890 1833 1092 1897 fraude,
1125 1833 1240 1888 sine
1264 1832 1453 1901 gratia.

507 1928 641 1983 Anc.
686 1927 776 1980 Dic
801 1942 929 1997 ergo
958 1942 1059 1995 qua
1084 1924 1286 1993 jnstitia
1310 1923 1629 1978 retributum
1671 1922 1742 1977 sit
1784 1921 2020 1992 parvulis

433 2032 598 2088 grave
617 2016 803 2086 jugum
832 2025 938 2069 tam
970 2030 1172 2085 magna:
1202 2013 1597 2084 manifestaque
1624 2014 1856 2071 miserim
1888 2029 1904 2066 :
1931 2012 2019 2066 die

433 2122 535 2177 qua
551 2108 751 2175 justitia
776 2107 864 2160 ille
886 2107 1134 2175 parvulus
1159 2105 1441 2175 adoptetur
1461 2104 1483 2136 ‘
1527 2107 1579 2159 in
1610 2104 1901 2174 Baptismo,
1927 2104 2019 2160 ille

432 2199 548 2254 sine
565 2197 665 2252 hac
682 2195 971 2265 adoptione
991 2195 1277 2259 moriatur;
1307 2209 1402 2249 cur
1417 2209 1524 2250 non
1541 2195 1612 2248 sit
1628 2194 1887 2251 ambobus
1916 2192 2016 2248 ho-

434 2302 531 2342 nor
549 2288 647 2341 iste
673 2286 990 2350 communis,
1018 2294 1111 2339 aut
1135 2284 1201 2347 ab
1226 2282 1331 2339 isto
1361 2283 1561 2338 honore
1581 2284 1852 2349 alienatio,
1891 2299 2015 2339 cum

432 2377 501 2431 sit
523 2376 780 2431 ambobus
810 2389 901 2430 seu
924 2374 1061 2429 bona
1086 2389 1180 2429 seu
1204 2374 1342 2431 mala
1368 2389 1528 2429 causa
1552 2374 1871 2428 communis.
1899 2373 2013 2428 Non

433 2469 588 2533 dicis,
619 2470 740 2538 quia
773 2451 991 2523 neeDei
1021 2468 1269 2537 gratiam,
1299 2483 1396 2525 nec
1429 2466 1520 2521 Dei
1554 2466 1819 2536 justitiam
1855 2466 2017 2525 homo

432 2559 602 2628 magis
628 2557 938 2627 Pelagiauus
964 2573 1118 2627 quam
1149 2557 1479 2613 Christianus
1504 2559 1668 2628 sapis.

505 2648 749 2704 XXXVI.
789 2649 907 2705 Jun.
948 2650 1098 2718 Quod
1143 2651 1187 2704 si
1232 2666 1349 2705 eam
1391 2652 1680 2706 maximam
1722 2652 1827 2707 dici
1870 2650 2014 2707 Zeno

431 2755 537 2795 non
566 2740 773 2805 siverit,
803 2741 892 2810 qui
924 2751 1122 2796 tantam
1150 2741 1403 2796 virtutum
1444 2743 1687 2811 copulam
1730 2744 2012 2799 unitatem-

430 2846 533 2902 que
559 2829 858 2896 confirmat,
892 2839 948 2884 ut
979 2831 1063 2884 ubi
1093 2830 1252 2886 fuerit
1285 2847 1410 2897 una,
1441 2846 1626 2887 omnes
1653 2832 1796 2889 dicat
1823 2834 2014 2890 adesse

431 2920 679 2986 virtutes,
707 2929 762 2975 et
787 2919 872 2974 ubi
905 2936 1005 2975 una
1034 2935 1138 2975 non
1166 2918 1359 2986 fuerit,
1391 2937 1576 2976 omnes
1604 2922 1822 2987 deesse;
1853 2932 2013 2993 atque

430 3012 571 3066 illam
603 3027 778 3067 veram
811 3028 931 3067 esse
956 3013 1225 3078 virtutem,
1255 3029 1374 3083 qua:
1405 3013 1504 3069 hac
1544 3013 1778 3083 quadrua
1813 3015 2012 3085 jugali-

430 3114 535 3159 tate
568 3104 837 3173 perﬁcitur
864 3121 877 3157 :
908 3115 1031 3159 tunc
1056 3120 1267 3174 quoque
1293 3104 1448 3160 nobis
1478 3105 1759 3174 plurimum
1800 3107 2011 3178 przelie-

428 3196 506 3249 bit
528 3197 729 3261 auxilii,
757 3211 877 3252 cum
908 3195 1182 3264 docuerit,
1215 3212 1313 3251 nec
1338 3196 1668 3266 prudentiam
1688 3239 1703 3263 ,
1733 3213 1831 3252 nec
1861 3197 2013 3252 forti-

426 3287 788 3354 tudinem,ncc
803 3290 1203 3358 temperantiam
1220 3304 1374 3358 posse
1389 3289 1714 3358 sinejustitia
1727 3290 2006 3355 contineri;

424 3378 713 3434 secundum
740 3393 896 3448 quam
922 3378 1193 3433 veritatem
1217 3390 1270 3434 et
1297 3379 1644 3434 Ecclesiastes
1671 3381 2007 3449 pronuntiat,

429 3470 526 3536 Qui
543 3471 594 3523 in
611 3486 712 3523 uno
734 3470 1027 3538 peccaverit,
1050 3470 1208 3523 multa
1230 3471 1358 3524 bona
1381 3470 1552 3539 perdet
1575 3470 1771 3543 (Eccle.
1795 3487 1869 3532 ιιι.
1895 3470 2006 3533 18).

495 3564 631 3615 Anc.
674 3559 810 3613 Audi
841 3559 1084 3613 eumdem
1112 3558 1473 3614 Ecclesiasten
1500 3560 1765 3614 dicentem
1792 3577 1806 3614 :
1848 3558 2007 3614 Vani-

431 3661 508 3704 tas
535 3649 831 3710 vanitatnm,
862 3658 909 3702 et
950 3649 1118 3702 omnia
1147 3650 1340 3702 vanitas
1361 3666 1380 3703 :
1409 3665 1522 3719 qua
1564 3651 1874 3717 abundantia
1911 3651 2008 3704 Ito-

430 3740 581 3793 minis
606 3739 657 3791 in
686 3739 823 3791 omni
858 3737 1027 3791 labore
1051 3754 1163 3803 suo,
1204 3755 1349 3801 quem
1387 3741 1494 3809 ipse
1531 3740 1723 3792 laborat
1765 3741 1856 3795 sub
1902 3741 2009 3795 sole

425 3828 536 3902 (Id.
564 3846 600 3895 ι,
621 3828 657 3883 2
675 3839 721 3883 et
744 3829 840 3898 3)?
864 3838 965 3882 etc.
991 3827 1058 3882 Et
1084 3828 1169 3883 die
1196 3829 1324 3883 mihi
1349 3845 1511 3899 quare
1542 3831 1701 3886 homo
1728 3832 1886 3886 etiam
1912 3847 2007 3886 va-

428 3921 576 3975 nitati
603 3921 789 3974 similis
820 3918 987 3975 factus
1015 3928 1096 3974 est
1138 3918 1323 3992 (Psal.
1367 3936 1563 3987 CXLIII,
1598 3923 1691 3991 4),
1719 3923 1807 3993 qui
1835 3922 2005 3978 factus

428 4013 601 4068 fuerat
628 3994 817 4067 similis
842 4012 1070 4066 veritati.
1098 4012 1177 4067 An
1205 4011 1328 4066 hinc
1351 4013 1551 4083 excipis
1576 4014 1843 4083 parvulos,
1869 4029 2005 4085 quos

424 4104 668 4159 videmus
687 4103 1003 4169 crescendo,
1026 4103 1125 4157 etsi
1150 4103 1284 4157 bene
1306 4103 1635 4167 erudiuntur,
1656 4104 2001 4173 proﬁcientia,

426 4203 533 4250 tam
580 4209 824 4264 magnam
869 4193 1110 4247 minuere
1130 4233 1150 4258 ,
1196 4206 1317 4247 cum
1345 4208 1449 4263 qua
1486 4194 1594 4246 nati
1623 4201 1768 4257 sunt,
1794 4196 2002 4253 vanita-

425 4296 569 4352 tem;
602 4301 702 4341 ncc
730 4301 793 4341 ea
827 4293 934 4338 tota
962 4298 1182 4349 carere,
1225 4283 1328 4339 nisi
1371 4298 1559 4339 omnes
1596 4282 1712 4339 dies
1754 4285 2002 4342 vanitatis

424 4379 570 4433 velut
599 4378 782 4431 umbra
815 4373 1153 4429 transierint?
1743 4432 1747 4437 ,

494 4467 760 4523 XXXVII.
803 4467 921 4522 ,Ιιιιη
962 4465 1088 4520 lltee
1127 4465 1288 4536 igitur
1324 4473 1544 4536 augusta
1579 4467 1766 4532 virtus,
1798 4483 1999 4539 expun-

421 4561 555 4612 ctrix
610 4558 1022 4626 uniuscujusque
1078 4561 1425 4622 meritorum,
1490 4558 1543 4612 in
1592 4560 1841 4629 operibus
1879 4562 2000 4631 qui-

420 4648 541 4702 dem
573 4648 813 4717 imaginis
843 4648 955 4711 Dei,
986 4648 1037 4701 id
1066 4657 1148 4703 est
1179 4649 1424 4703 humana:
1450 4651 1675 4716 animae,
1717 4666 1812 4720 pro
1840 4668 1995 4708 crea-

424 4748 556 4791 turae
582 4736 748 4806 ipsius
774 4735 932 4789 modo
962 4746 1016 4790 et
1040 4736 1241 4791 viribus
1277 4736 1615 4801 intermicat:
1646 4740 1699 4794 in
1726 4741 1840 4810 ipso
1867 4757 1997 4797 vero

420 4828 549 4891 Deo,
578 4827 813 4882 omnium
841 4842 957 4896 quae
987 4835 1111 4881 sunt
1136 4843 1204 4883 ex
1228 4828 1393 4883 nihilo
1415 4831 1707 4896 conditore,
1736 4834 1996 4890 immenso

416 4927 469 4972 et
497 4917 644 4973 claro
674 4933 767 4987 per
792 4926 1047 4971 aeternum
1089 4917 1218 4971 orbe
1245 4917 1266 4949 ⁵
1305 4919 1631 4988 resplendet.
1677 4921 1837 4993 Origo
1877 4926 1994 4992 ejus

414 5008 663 5062 divinitas
691 5018 792 5073 est,
820 5016 950 5062 mtas
977 5008 1092 5077 ejus
1121 5009 1412 5074 mternitas,
1453 5018 1510 5063 et
1544 5014 1815 5069 aeternitas
1851 5017 1992 5069 ultro

413 5101 551 5155 citro
577 5100 754 5154 nescia
782 5100 866 5154 vel
893 5100 1138 5155 desinere
1168 5101 1250 5158 vel
1279 5103 1525 5173 coepisse.
1569 5103 1639 5161 Ut
1672 5122 1799 5178 ergo
1824 5123 1990 5179 genus

477 5250 495 5281 ι
515 5246 846 5315 ,ιτίςιιίιδιῄἰιιιεη
872 5244 1025 5315 oratio
1062 5245 1140 5315 hic
1161 5245 1332 5315 Icarum
1354 5246 1439 5315 de_
1459 5249 1628 5313 quibus
1648 5251 1851 5315 agimus.
1892 5260 1992 5305 ue-

409 5305 610 5368 nardusI
626 5305 794 5365 oratio,
807 5306 875 5356 sic
898 5307 1072 5373 latrant
1087 5306 1148 5357 de
1167 5308 1337 5373 quibus
1358 5305 1561 5373 agimus.
1626 5305 1685 5360 u.‘

476 5374 494 5402 ³
529 5372 611 5420 Hic
633 5383 694 5418 ex
718 5370 1049 5432 manuscriptis
1065 5370 1503 5432 restituimus,"ubi
1523 5373 1633 5423 sint.

473 5433 495 5465 ³
527 5428 809 5541 \ignqlzni.
835 5436 889 5498 At
910 5428 1038 5484 Μέθη

473 5493 495 5524 δ
525 5495 669 5541 Edtti.
728 5503 773 5541 ιο
803 5498 948 5540 etiam
982 5503 1077 5541 auo
1110 5505 1192 5541 mat

472 5493 495 5524 δ
525 5490 669 5558 Editi,
694 5490 773 5558 dic
803 5490 948 5540 etiam
982 5490 1084 5551 qua
1100 5492 1289 5558 jgtstitia
1325 5490 1418 5558 ille,
1443 5492 1669 5558 parvulus
1712 5496 1958 5558 adoptatus
1980 5534 1995 5552 .

410 5555 707 5619 ιιιιιιιιξιει-ἱιιιί
729 5560 1050 5619 praetereunt,
1074 5552 1249 5619 etiam;
1273 5562 1324 5603 et
1347 5552 1525 5605 habent
1543 5590 1557 5611 ,
1591 5552 1859 5619 qdoptetu'r.

470 5615 491 5646 ⁸
525 5614 935 5678 sicnianuseripti.
974 5621 1029 5662 Αι
1052 5614 1199 5678 editi,
1233 5628 1320 5678 pro
1341 5621 1518 5665 (sterno
1538 5615 1666 5667 orbe.

470 5675 543 5730 (ai
560 5682 727 5724 Contra
750 5674 924 5726 librum
935 5674 1204 5725 secundum
1225 5674 1289 5726 de
1308 5679 1490 5738 nuptiis
1505 5686 1557 5729 et
1575 5678 1980 5741 Concupiscentia.

754 5776 772 5805 ἱ

1116 260 1363 319 OPERIS
1401 259 1809 316 IMPERFECTI
1848 259 2009 317 ΟΟΝῚ

2121 304 2122 309 η
2160 259 2518 329 ιυιι.ιΝιιιι,
2562 264 2621 319 S.
2663 264 3029 323 AUGUSTINI

3570 273 3715 330 root

2133 374 2251 442 ejus
2275 374 2406 445 (quo
2431 376 2646 433 neruine
2671 379 2804 434 nihil
2831 381 2973 435 aliud
3003 395 3163 450 quam
3190 383 3451 451 originem
3484 379 3709 458 intefligi

2132 463 2295 534 volo)
2325 465 2465 519 Deus
2492 476 2573 520 est
2605 484 2618 520 :
2654 468 2723 521 ita
2747 471 2956 537 species
2978 472 3096 539 ejus
3125 472 3176 524 in
3208 471 3380 542 legum
3411 485 3705 548 promulga-

2133 554 2276 608 tione
2298 554 2725 627 jndieiormnque
2753 569 2975 630 apparet
2998 561 3300 616 effectibus.
3376 620 3381 629 ,

2197 645 2333 700 Avo.
2371 645 2427 701 Si
2458 647 2608 717 origo
2628 648 2848 718 justitiaz
2880 650 3017 705 Deus
3039 661 3139 713 est,
3170 665 3225 706 ttt
3251 654 3468 718 lateris;
3496 671 3593 710 cur
3612 657 3713 710 hoc

2128 737 2257 790 mini
2295 737 2363 791 ab
2409 740 2522 808 ipso
2576 740 2692 794 dari
2730 741 2986 810 justitiam
3024 756 3128 798 neu
3174 744 3395 810 fateris,
3439 758 3493 800 et
3533 749 3712 815 potius

2126 824 2373 880 humana:
2398 828 2685 884 voluntatis
2712 832 3009 898 arbitrium,
3046 849 3203 903 quam
3242 834 3335 888 Dei
3375 836 3595 900 donum,
3626 839 3713 893 vis

2127 929 2248 971 esse
2277 916 2576 985 justitiam;
2606 929 2665 973 ut
2689 920 2766 974 sis
2794 919 2846 974 in
2885 922 2965 976 eis
3005 922 3074 976 de
3112 923 3303 992 quibus
3342 925 3549 980 dictum
3587 939 3708 994 est,

2127 1006 2427 1075 Iguorautes
2455 1009 2553 1064 Dei
2568 1012 2840 1082 justitiam,
2872 1024 2919 1068 et
2957 1031 3102 1068 suam
3139 1015 3358 1071 uolentes
3381 1019 3708 1083 constituere,

2116 1099 2332 1170 justitia:
2362 1101 2453 1156 Dei
2476 1119 2577 1157 non
2603 1114 2718 1157 sunt
2745 1106 2954 1175 subjecti
2980 1106 3154 1178 (llam.
3187 1123 3238 1170 χ,
3275 1110 3364 1178 3')?
3393 1110 3709 1168 Bt'uhescite

2130 1189 2368 1255 tandem,
2396 1192 2644 1256 obsecro,
2666 1204 2722 1248 et
2745 1195 2814 1248 ab
2842 1196 2932 1249 illo
2948 1196 3208 1265 justitiam
3237 1201 3458 1267 poscite,
3485 1202 3574 1270 qui
3599 1213 3705 1266 est,

2126 1289 2185 1333 ut
2209 1279 2362 1336 fateri
2391 1284 2653 1351 compulsi
2683 1286 2831 1349 estis,
2863 1288 3012 1356 origo
3037 1288 3275 1350 justitias.

2196 1372 2483 1428 XXXVIII.
2521 1375 2639 1430 Jun.
2683 1376 3039 1432 Dill‘erentiam
3083 1394 3210 1433 vero
3248 1380 3366 1449 rjus
3393 1381 3409 1412 ⁸
3451 1396 3558 1436 non
3600 1381 3704 1435 ah-

2122 1465 2285 1519 surde
2325 1467 2617 1537 intelligere
2642 1483 2942 1537 possumus,
2975 1471 3175 1524 variam
3204 1473 3226 1503 ³
3265 1486 3361 1542 pro
3384 1476 3703 1542 opportuni-

2127 1562 2234 1608 tate
2263 1563 2561 1624 tempornm
2587 1557 3054 1627 dispensationem.
3090 1560 3245 1615 Verbi
3283 1563 3450 1630 gratia
3470 1603 3484 1627 ,
3515 1563 3704 1619 hostia:

2122 1644 2191 1700 dc
2215 1647 2497 1714 pecoribus
2522 1648 2574 1701 in
2603 1647 2795 1703 Vetere
2814 1649 3154 1704 Testamento
3177 1651 3386 1706 fuerant
3410 1654 3699 1722 imperatae.

2125 1734 2181 1790 Id
2211 1746 2336 1791 tunc
2360 1736 2587 1807 implere
2616 1739 2915 1807 pertinebat
2940 1740 3007 1792 ad
3032 1742 3386 1795 reverentiam
3408 1742 3699 1811 jussionis:

2122 1842 2269 1882 nunc
2291 1843 2418 1882 vero
2449 1828 2642 1882 indicta
2672 1844 2857 1884 eorum
2879 1829 3235 1885 dissimulatio
3264 1833 3335 1885 ita
3363 1834 3525 1887 servit
3545 1834 3704 1903 justi-

2126 1917 2212 1970 ιιω
2251 1918 2617 1987 prmeipienti,
2666 1928 2721 1973 ut
2768 1928 2895 1975 tunc
2938 1920 3138 1976 oblatio
3183 1923 3469 1978 serviebat.
3515 1924 3704 1980 Modus

2121 2022 2250 2062 vero
2278 2008 2396 2076 ejus
2420 2018 2505 2063 est
2532 2010 2611 2064 vel
2636 2018 2831 2077 statas,
2867 2011 3010 2081 quod
3049 2027 3147 2067 nec
3187 2015 3431 2082 cuiquam
3473 2017 3703 2086 amplius

2112 2111 2281 2166 quam
2303 2100 2444 2153 vires
2472 2101 2744 2168 patiuntur
2771 2100 2977 2167 indicit,
3002 2102 3081 2156 vel
3105 2102 3247 2171 quod
3272 2104 3697 2160 misericordiam

2120 2202 2227 2241 non
2269 2189 2522 2249 retundit.
2567 2190 2803 2257 Qualitas
2846 2202 3022 2246 autem
3067 2192 3182 2261 ejus
3225 2194 3552 2263 intelligitur,
3602 2209 3701 2265 per

2118 2293 2277 2348 quam
2306 2280 2406 2348 piis
2437 2283 2652 2334 mentun
2679 2296 2706 2335 s
2727 2284 2864 2351 sapit
2894 2283 3137 2339 dulciter.
3177 2285 3272 2338 Est
3318 2286 3476 2354 igitur
3515 2288 3699 2356 procul

2114 2368 2282 2424 dubio
2305 2368 2537 2439 justitia,
2562 2371 2680 2424 sine
2708 2385 2809 2439 qua
2845 2372 3017 2428 deitas
3045 2388 3151 2426 non
3196 2383 3311 2441 est;
3340 2391 3459 2444 qua:
3500 2378 3546 2431 si
3590 2393 3700 2432 non

2117 2467 2282 2522 esset,
2310 2459 2456 2512 Deus
2486 2474 2590 2513 non
2620 2471 2802 2515 esset:
2831 2471 2915 2515 est
2950 2470 3125 2516 autem
3172 2463 3311 2517 Deus
3331 2502 3348 2529 ,
3392 2473 3476 2519 est
3522 2468 3703 2536 itaque

2116 2549 2237 2604 sine
2260 2549 2606 2617 ambiguitate
2628 2549 2850 2618 justitia.
2876 2551 2995 2605 Non
3029 2562 3115 2607 est
3151 2562 3326 2608 autem
3354 2556 3495 2609 aliud
3533 2572 3698 2626 qttam

2120 2643 2297 2696 virtus,
2315 2643 2493 2696 omnia
2518 2643 2888 2707 continens,et
2909 2650 3191 2700 restituens
3208 2663 3364 2701 suum
3390 2651 3697 2720 unicuique,

2118 2733 2236 2787 sine
2268 2731 2475 2798 fraude,
2518 2735 2636 2789 siue
2663 2736 2852 2804 gratia.
2882 2736 3135 2791 Constitit
3160 2747 3337 2792 autem
3368 2741 3599 2796 maxime
3643 2742 3700 2798 in

2117 2829 2415 2885 divinitatis
2438 2831 2724 2902 profundo.

2189 2924 2326 2980 Atto.
2368 2922 2607 2978 habuisti
2636 2938 2756 2979 esse
2780 2914 3039 2992 justitiam
3066 2924 3320 2980 virtutem
3351 2926 3527 2980 omnia
3560 2940 3696 2981 eou-

2118 3011 2400 3078 tinentem,
2430 3022 2486 3067 et
2511 3014 2879 3067 restituentem
2905 3029 3060 3067 suum
3088 3015 3390 3085 unicuique,
3414 3018 3531 3071 sine
3554 3016 3697 3072 frau-

2115 3103 2204 3168 de,
2249 3104 2368 3159 sine
2408 3102 2599 3173 gratia.
2640 3104 2868 3159 Proinde
2904 3105 3148 3160 videmus
3186 3121 3311 3160 eam
3348 3109 3465 3163 sine
3509 3109 3697 3165 fraude

2116 3196 2417 3251 restituisse
2436 3196 2715 3250 denarium
2736 3196 2839 3259 eis,
2862 3197 2954 3266 qui
2980 3211 3076 3266 per
3098 3205 3261 3251 totum
3289 3198 3430 3253 diem
3454 3200 3505 3252 in
3531 3214 3696 3268 apere

2115 3290 2286 3343 vineae
2323 3288 2692 3342 laboraverant
2717 3306 2733 3342 :
2762 3288 2864 3343 hoc
2889 3288 3031 3343 enim
3064 3289 3354 3357 placuerat,
3372 3289 3476 3345 hoc
3498 3306 3695 3347 conve-

2114 3390 2288 3447 nerat,
2315 3379 2382 3434 ad
2413 3381 2550 3434 Itane
2574 3380 2875 3435 mercedem
2902 3394 2962 3434 se
2988 3379 3153 3436 fuisse
3177 3383 3471 3438 conductos
3498 3398 3692 3454 negare

2113 3485 2218 3525 non
2246 3478 2496 3541 poterant
2521 3469 2737 3537 (Matth.
2766 3485 2858 3536 xx,
2889 3470 3010 3524 I45
3031 3473 3071 3537 ).
3095 3470 3199 3527 Sed
3224 3472 3312 3526 die
3338 3473 3487 3539 mihi,
3508 3484 3693 3542 quasso

2114 3571 2187 3623 te.
2212 3561 2479 3631 quomodo
2515 3561 2597 3616 eis
2638 3562 2757 3615 sine
2796 3561 2965 3630 gratia
3014 3564 3343 3617 tantumdem
3382 3563 3564 3630 dedit,
3596 3566 3689 3634 qui

2114 3668 2215 3707 una
2244 3652 2373 3706 hora
2402 3652 2454 3706 in
2488 3651 2581 3706 illo
2608 3666 2772 3722 opere
2800 3651 3048 3706 fuerunt?
3079 3655 3157 3705 An
3186 3654 3443 3721 amiserat
3465 3654 3690 3709 fortasse

2106 3745 2403 3814 justitiam?
2429 3745 2631 3800 Cohibe
2659 3745 2837 3814 itaque
2864 3753 2916 3798 te
2946 3744 3137 3813 potius.
3173 3743 3448 3799 Neminem
3491 3748 3691 3816 quippe

2108 3836 2318 3891 fraudat
2342 3836 2517 3890 divina
2542 3835 2788 3905 iustitia:
2822 3835 2915 3889 sed
2945 3836 3107 3889 multa
3143 3836 3304 3891 donat
3328 3851 3436 3890 non
3471 3852 3688 3892 meren-

2109 3928 2248 3982 tibus
2264 3927 2429 3997 gratia
2450 3926 2492 3980 ³.
2518 3926 2812 3982 Carentem
2838 3925 2963 3979 huic
2984 3926 3080 3991 sic,
3102 3927 3174 3980 illi
3199 3938 3374 3983 autem
3395 3929 3493 3994 sic,
3508 3930 3689 4000 sapiet:

2107 4018 2247 4088 quod
2304 4030 2517 4073 secutus
2541 4017 2804 4087 adjungis.
2832 4017 3120 4072 Verissime
3147 4020 3342 4089 quippe
3369 4021 3520 4085 dicis,
3563 4037 3683 4076 eam

2106 4108 2640 4163 consisteremaxime
2662 4108 2715 4161 in
2740 4108 3027 4163 divinitatis
3046 4109 3328 4177 profundo.
3352 4109 3409 4165 In
3436 4112 3536 4166 hoc
3559 4127 3687 4182 pro-

2108 4199 2272 4256 fundo
2286 4210 2371 4255 est
2386 4198 2430 4264 ⁸,
2454 4198 2595 4270 quod
2608 4214 2780 4269 neque
2802 4199 3052 4265 volentis,
3082 4217 3256 4272 neque
3266 4205 3549 4270 currentis,
3586 4205 3683 4260 sed

2104 4290 2411 4346 miserantis
2423 4298 2506 4345 est
2534 4290 2624 4345 Dei
2652 4289 2827 4361 (Rom.
2855 4305 2930 4358 ιι,
2962 4290 3141 4362 ίϐμιι
3158 4293 3259 4347 hoc.
3287 4294 3549 4363 profundo
3571 4303 3675 4360 est,

2103 4383 2243 4453 quod
2264 4382 2355 4438 ille
2382 4383 2635 4453 parvulus
2647 4383 2698 4437 in
2710 4382 2966 4437 honorem
2996 4384 3278 4454 adoptatur
3292 4402 3390 4456 per
3403 4401 3683 4456 regenera-

2104 4472 2264 4528 tionis
2319 4473 2611 4540 lavacrum,
2637 4473 2729 4529 ille
2765 4475 2820 4529 in
2861 4477 3179 4530 contumelia
3207 4478 3539 4548 relinquitur,
3570 4490 3677 4535 non

2102 4562 2459 4618 admittendus
2484 4563 2552 4618 ad
2592 4579 2848 4635 regnum;
2881 4582 3001 4621 eum
3025 4567 3299 4623 amborum
3327 4570 3379 4623 in
3435 4581 3676 4626 neutram

2101 4670 2306 4729 partem
2336 4663 2406 4715 sit
2431 4662 2681 4716 meritum
2708 4676 2805 4732 per
2832 4663 3116 4717 voluntatis
3143 4662 3439 4719 arbitrium.

2171 4750 2413 4806 XXXIX.
2452 4751 2572 4806 ιυι.
2614 4752 3002 4808 Testimonium
3048 4767 3213 4820 vero,
3255 4763 3312 4809 ut
3352 4755 3420 4809 ab
3456 4763 3674 4811 auctore

2099 4858 2218 4908 suo,
2246 4843 2317 4896 ita
2342 4843 2502 4897 etiam
2531 4845 2611 4897 vel
2641 4859 2670 4895 ιι
2701 4843 2901 4913 probis,
2929 4845 3013 4898 vel
3036 4845 3106 4899 ab
3132 4844 3388 4914 improbis
3414 4856 3670 4913 meretur,

2097 4931 2241 5001 quod
2264 4940 2321 4984 et
2349 4932 2467 4986 illos
2485 4931 2608 5000 jure
2634 4934 2958 5002 provexerit,
2998 4941 3053 4987 et
3080 4936 3212 4988 Istos
3235 4933 3360 5003 jure
3386 4934 3667 4992 damnave-

2101 5020 2192 5075 rit.
2219 5021 2349 5073 Cum
2378 5034 2505 5074 vero
2533 5035 2630 5090 per
2658 5036 2717 5076 se
2743 5035 2840 5076 nec
2858 5020 2879 5053 ³
2916 5022 3041 5076 boni
3077 5022 3360 5093 quidquam
3405 5041 3505 5081 nec
3545 5028 3669 5082 mali

2160 5132 2348 5207 inditi,
2372 5130 2693 5207 diﬂ'ereatt’am
2712 5146 2827 5184 sero
2840 5133 3180 5194 muniuit-da,
3192 5136 3389 5197 omisso,
3415 5136 3558 5200 eius;
3579 5138 3670 5190 sed

2096 5201 2257 5245 exstat
2280 5201 2327 5242 in
2352 5201 2699 5256 manusa‘iptis.

2121 5260 2198 5330 .-ι’
2214 5256 2498 5330 γιειιὶθιιιιιε,
2528 5262 2576 5330 et
2822 5254 3071 5315 Partictda,
3094 5261 3160 5317 et,
3184 5260 3480 5319 expungitur
3500 5268 3672 5310 aucto-

2092 5323 2700 5388 ritate'manusa‘iptorum.

2157 5380 2282 5448 {sic
2300 5384 2407 5429 uss.
2432 5379 2550 5427 eum
2571 5391 2722 5436 vero,
2744 5375 2831 5427 sed
2850 5376 3050 5428 multati
3072 5377 3217 5430 donat
3250 5390 3344 5429 non
3381 5381 3670 5434 manibus

2417 5499 2723 5573 invenimus:
2754 5500 2932 5573 121]ωέ
2966 5501 3205 5565 urorum
3240 5508 3342 5562 ⁸³ίῖ
3378 5503 3465 5563 lim
3498 5516 3598 5566 quo
3619 5496 3671 5553 in

2256 5562 2511 5636 legebatur
2534 5570 2713 5612 tantum
2732 5595 2746 5620 ,
2769 5562 2932 5636 id'est.

2156 5625 2177 5655 ⁸
2209 5631 2304 5672 Hoc
2342 5624 2448 5675 loco
2485 5636 2708 5676 veterum
2750 5626 2965 5675 codicum
3006 5624 3290 5674 auctoritate
3334 5629 3668 5687 restduimus,

2091 5698 2179 5749 per
2201 5697 2251 5734 se
2273 5698 2375 5735 nec.
