2004 3089
177 140 247 168 10ϋὸ

175 195 342 224 merentibus
363 195 573 223 miscricordiam
592 195 728 224 liberalem
743 203 802 223 esse
818 196 964 230 permittit,

176 242 242 270 nihil
256 242 339 269 sentit
353 242 471 276 injurim;
487 243 548 277 quia
571 247 597 270 et
620 242 670 270 hoc
693 243 790 277 ipsum,
810 246 840 269 ut
859 242 893 269 sit
913 241 966 268 cle-

175 295 253 315 mens
265 288 340 323 operi
362 295 411 315 suo
429 287 507 319 Deus,
523 295 583 315 cum
599 288 624 314 in
639 288 807 315 severitatem
822 294 876 314 non
890 286 965 321 cogi-

175 337 230 367 tur,
246 340 307 368 pars
321 340 415 368 magna
427 332 536 367 justitim
549 336 599 360 est.

211 380 279 408 Anc.
298 378 397 407 Saltem
409 378 596 406 misericordiae
610 385 706 405 nomen
726 377 842 408 attende,
859 381 886 404 et
897 376 967 404 unde

173 425 245 453 dicta
255 425 299 457 sit,
308 424 420 459 respice.
433 424 499 457 Quid
512 424 590 458 igitur
597 431 663 458 opus
671 428 712 451 est
721 423 911 454 misericordia,
922 421 966 449 ubi

175 470 247 497 nulla
253 473 295 497 est
305 468 429 497 miseria?
437 469 568 496 Miseriam
578 476 657 503 porro
671 468 697 495 in
714 468 830 503 parvulis
837 468 860 494 si
867 467 965 494 nullam

173 523 236 543 esse
243 515 340 546 dicitis,
357 515 397 542 eis
413 514 622 542 misericordiam
633 514 800 549 praebendam
811 513 929 548 negatis;
944 513 966 540 si

174 562 257 589 ullam
271 569 330 589 esse
344 561 431 588 dicitis
441 561 460 593 ¹,
474 561 573 588 malum
589 561 712 587 meritum
725 559 967 594 osteuditis.Neqne

173 607 247 635 enim
269 607 319 634 sub
341 606 395 634 Deo
413 606 486 640 justo
506 606 588 633 miser
601 614 660 633 esse
675 606 824 641 quisquam,
841 605 893 632 ||I>i
908 613 964 632 me-

175 656 277 683 reatur,
292 656 388 686 potest.
405 651 473 678 Ecce
488 650 541 679 duo
557 651 658 686 parvuli
671 651 777 685 jacent;
791 659 860 678 unus
873 658 965 677 eorum

176 698 337 731 baptizatus,
353 696 421 723 alter
434 703 488 723 non
503 696 649 730 baptizatus
662 697 781 730 exspirat
795 705 801 722 ε
816 696 857 723 cui
873 703 964 723 eortnu

173 743 241 770 dicis
258 743 340 770 Deum
355 741 437 768 fuisse
450 742 627 769 clementem?
648 741 674 769 Si
697 741 741 768 uni
752 761 760 773 ,
775 741 886 768 ostende
899 741 966 767 alte-

175 789 232 815 rius
248 788 346 815 malum
362 788 498 819 meritum,
509 787 551 821 qui
567 794 647 821 negas
660 794 720 814 esse
734 786 860 821 originale
874 792 965 820 pecca-

175 837 250 860 tum:
270 833 293 859 si
307 832 448 865 ambobus,
471 831 583 859 ostende
603 832 750 866 baptizati'
764 832 844 859 ullum
866 832 964 859 bonum

174 879 313 911 meritum,
327 878 372 912 qui
388 885 469 913 negas
483 878 605 913 gratiam,
622 878 666 905 ubi
689 878 758 905 nulla
783 882 823 905 est
846 878 964 912 acceptio

174 932 369 959 personarum;
391 929 417 951 et
435 924 487 956 dic,
504 924 525 951 si
547 929 634 959 potes,
657 932 705 951 cur
724 923 818 951 ambos
838 923 964 958 adoptare

173 970 302 1003 noluerit,
316 970 360 1005 qui
374 974 448 998 certe
459 970 552 997 ambos
569 970 602 997 ad
621 970 760 1004 imaginem
780 977 854 996 suam
869 969 963 997 condi-

172 1016 223 1043 dit.
238 1017 278 1043 An
293 1016 328 1043 ita
345 1016 434 1051 justus
447 1020 498 1047 est,
517 1020 546 1042 ut
566 1023 617 1043 non
640 1016 674 1043 sit
687 1016 865 1050 omnipotens,
879 1016 901 1042 si
914 1023 963 1043 vo-

173 1061 223 1089 luit
235 1066 262 1089 ct
275 1070 327 1089 non
342 1062 446 1097 potuit?
461 1061 511 1089 Ubi
525 1067 597 1088 certe
610 1062 712 1088 illorum
727 1062 812 1088 nullus
825 1061 918 1093 noluit,
930 1068 964 1088 ne

173 1107 396 1142 impedimentum
410 1107 547 1141 potestatis
562 1106 657 1133 divinas
665 1106 785 1133 referatis
796 1106 828 1132 ad
841 1107 964 1133 meritum

173 1153 322 1180 voluntatis
345 1152 465 1179 humana:
485 1161 491 1178 :
516 1152 558 1179 hic
580 1157 653 1179 certe
677 1151 740 1179 nulli
760 1159 851 1179 eorum
875 1152 965 1179 dicere

175 1202 263 1232 potest
283 1198 364 1229 Deus,
378 1197 468 1229 Volui,
482 1201 510 1224 et
525 1197 641 1224 noluisti.
656 1198 708 1223 Ant
720 1198 741 1224 si
758 1201 895 1231 propterea
912 1205 962 1224 non

144 1253 149 1258 ·
172 1244 229 1270 vult
245 1243 342 1276 infans,
363 1244 424 1278 quia
442 1243 527 1278 plorat
539 1250 599 1270 cum
619 1243 780 1277 baptizatur;
801 1243 880 1270 ambo
899 1250 963 1278 ergo

173 1290 368 1325 relinquantur,
396 1289 476 1316 ambo
494 1290 566 1316 enim
590 1289 683 1316 nolunt
705 1298 711 1315 τ
736 1293 763 1315 et
784 1293 872 1316 tamen
893 1297 963 1316 unus

173 1335 320 1362 asstunitnr
332 1339 358 1362 ct
371 1334 439 1361 alter
452 1334 621 1368 relinquitur,
638 1334 697 1368 quia
716 1342 809 1369 magna
823 1338 864 1361 est
878 1335 962 1369 gratia

174 1379 233 1411 Dei,
248 1384 276 1407 et
290 1387 369 1406 verax
381 1379 481 1412 justitia
495 1379 551 1406 Dei.
566 1378 619 1406 Sed
633 1387 714 1412 quare
728 1380 771 1407 ille
784 1380 870 1414 potius
883 1388 961 1415 quam

172 1424 237 1452 ille:
254 1424 435 1452 inscrulabilia
452 1428 515 1451 sunt
527 1423 625 1458 judicia
640 1424 696 1452 Dei.

209 1469 267 1496 XL.
287 1469 347 1496 Jun.
368 1468 441 1502 Quos
458 1469 528 1496 enim
545 1469 607 1496 fecit
624 1469 684 1504 quia
704 1470 806 1504 voluit,
831 1478 880 1498 nec
898 1478 962 1498 con-

171 1514 284 1542 demnat
303 1514 352 1541 nisi
373 1518 498 1549 spretus:
519 1514 540 1541 si
560 1522 620 1542 cum
641 1522 694 1542 non
713 1516 857 1550 spernitur,
884 1516 963 1543 faciat

172 1559 376 1586 consecratione
399 1558 545 1592 meliores;
570 1566 620 1587 nec
642 1559 829 1588 detrimentum
852 1560 962 1595 iustitiae

173 1603 284 1637 patitur,
298 1608 325 1630 et
339 1603 519 1631 munificentia
533 1604 711 1632 miserationis
724 1610 845 1633 ornatur.

207 1650 277 1677 Anc.
299 1648 352 1683 Qui
374 1656 426 1676 non
447 1649 606 1677 condemnat
620 1650 670 1677 nisi
685 1655 801 1685 spretus,
816 1651 859 1678 dic
872 1656 960 1679 utrum

171 1700 282 1730 spernat
302 1703 376 1722 suam
398 1696 539 1730 imaginem
559 1696 608 1724 nisi
630 1701 744 1730 spretus.
767 1696 843 1731 Quod
864 1698 886 1724 si
907 1705 960 1725 non

171 1741 264 1774 audes,
279 1741 321 1768 dic
335 1741 404 1768 unde
425 1745 534 1776 spernat
549 1749 597 1769 eos
613 1749 680 1777 quos
704 1743 829 1777 parvulos
845 1751 898 1771 non
913 1744 962 1771 ad-

171 1791 256 1822 optat,
271 1794 286 1814 a
301 1787 396 1822 quibus
409 1787 420 1803 ³
434 1795 494 1815 eum
506 1792 623 1822 spretum
638 1796 690 1816 non
706 1789 833 1823 invenies,
850 1790 900 1818 nisi
914 1798 961 1818 cos

171 1831 292 1859 invenias
307 1833 332 1859 in
348 1833 433 1859 Adam
449 1841 456 1859 :
472 1833 516 1860 ubi
531 1833 610 1860 simul
633 1834 763 1868 invenies,
779 1839 808 1861 nt
830 1843 960 1870 spernan-

173 1880 217 1904 Inr
229 1877 320 1904 deberi
336 1877 460 1905 erunibus
475 1885 521 1912 per
532 1878 673 1912 justitiam,
690 1886 739 1906 nec
761 1884 847 1907 tamen
869 1881 959 1914 sperni

170 1930 267 1951 omnes
281 1927 390 1958 propter
408 1923 567 1951 ineffabilem
583 1928 610 1951 et
624 1924 822 1952 inscrulabilcm
837 1926 959 1960 gratiam.

207 1967 274 1996 XLI.
294 1968 353 1996 Jun.
376 1968 420 1996 llis
441 1969 520 2003 igitur
541 1969 660 2003 justitiaa,
681 1977 747 2004 quas
771 1971 956 2005 pmmisimus,

170 2013 344 2040 divisionibus
354 2014 507 2048 explicatis,
525 2014 697 2042 discutiamus
715 2023 774 2050 qua:
793 2016 827 2043 sit
843 2016 961 2044 definitio

170 2058 283 2094 peccati.
300 2058 430 2092 Equidem
444 2058 543 2085 affatim
564 2059 628 2086 mihi
651 2064 702 2086 tam
719 2060 959 2096 philosophantium

170 2110 250 2137 quam
263 2110 355 2130 eorutn
374 2103 417 2138 qui
439 2103 561 2130 catholici
585 2103 709 2138 fuerunt,
729 2105 800 2139 quod
818 2107 960 2140 qumritnus

170 2147 268 2181 scripta
280 2148 449 2183 suppeditant
460 2157 467 2175 :
478 2148 526 2175 sed
539 2155 633 2176 vereor
656 2157 690 2177 ne
706 2149 845 2185 refrageris
859 2150 881 2184 ‘,
896 2156 922 2179 et
938 2152 960 2179 si

171 2192 390 2228 philosopltorum
404 2201 453 2228 ego
469 2198 590 2221 senatum
604 2194 779 2228 advocavere,
793 2199 820 2222 tu
834 2197 960 2224 continuo

170 2238 320 2267 sellularios
335 2239 444 2273 opifices
459 2246 592 2274 omneque
607 2240 632 2267 in
652 2247 700 2268 nos
716 2241 808 2276 vulgus
820 2243 958 2270 accendas.

206 2284 275 2310 Anc.
296 2282 510 2311 Contumeliosus
535 2291 565 2311 es
590 2284 615 2311 in
645 2285 748 2312 infirma
773 2286 874 2319 mundi,
901 2296 960 2321 qua:

172 2328 244 2355 Deus
258 2328 336 2363 elegit
350 2333 375 2356 ut
389 2328 566 2356 confunderet
580 2329 655 2356 fortia
673 2329 694 2364 (I
709 2330 767 2358 Cor.
782 2339 801 2363 ι,
812 2331 869 2365 27).
882 2333 959 2360 Deni-

170 2374 281 2408 queipsi
297 2373 516 2402 confundunteos
526 2375 570 2409 qui
583 2375 721 2404 confidunt
741 2377 766 2403 in
783 2377 880 2405 virtute
900 2386 957 2406 sua.

171 2419 221 2447 Ubi
235 2420 298 2454 quid
310 2421 407 2453 dicam,
422 2421 475 2448 Vos
488 2422 573 2449 estis?
586 2422 699 2450 Prorsus
708 2430 752 2450 me
763 2427 866 2452 tacente
875 2432 958 2460 appa-

171 2465 245 2496 retis,
259 2474 318 2492 cum
333 2473 379 2493 vos
390 2474 442 2493 non
454 2467 573 2494 taceatis.

207 2509 286 2537 XLII.
307 2510 366 2538 ius.
388 2511 541 2539 Vociferans
550 2519 610 2539 cum
623 2512 737 2547 feminis,
751 2515 905 2550 cunctisque
915 2524 958 2542 ea-

202 2619 210 2633 ¹
229 2618 361 2649 ﬁnitiones.
384 2619 481 2647 antisse,
493 2619 613 2645 miserim
624 2639 630 2648 ,
650 2621 684 2645 sic
695 2621 816 2648 habebant
829 2629 835 2646 :
850 2627 922 2647 Porro
933 2623 958 2649 in

169 2648 309 2684 paruulis“
319 2648 472 2684 nullanene
482 2649 570 2684 dicitis
588 2650 706 2684 culpam,
716 2651 752 2684 eis
768 2652 957 2679 "dsericorllirtm

167 2679 325 2715 prmbendam
339 2679 431 2712 negatis
445 2685 454 2704 :
465 2679 487 2705 si
497 2679 587 2705 nullam
595 2679 645 2706 esse
656 2682 745 2708 dicitis.
758 2683 917 2709 Emendantttt‘
928 2685 957 2710 ad

169 2713 350 2740 manuscriptos.

201 2742 212 2777 ξ
229 2741 265 2777 sic
274 2744 329 2777 loss.
337 2740 415 2777 fanti.
423 2740 454 2777 .in
464 2741 589 2777 baptizata.

202 2771 213 2806 ξ
337 2771 405 2806 Fditi,
419 2772 444 2796 in
455 2771 547 2806 quibus.

169 2834 180 2861 !
193 2801 287 2861 £92111
295 2818 303 2830 ,
315 2808 344 2826 ne
355 2801 484 2834 l'rangaris.
493 2806 552 2828 Tres
562 2807 614 2828 Mss.
624 2804 683 2829 Clar.
697 2809 750 2829 nar.
763 2809 788 2829 ct
801 2808 871 2836 rore,
881 2812 909 2831 ηε
919 2813 955 2832 re-

179 2839 191 2856 7
276 2850 282 2855 .

179 2838 282 2863 regem.

313 2887 447 2918 Panos.
465 2889 559 2918 XLV.

856 137 958 166 LIBER
978 139 1113 168 PRIMUS.

1741 144 1807 170 Ill'i‘i

1023 196 1139 230 lonibus,
1155 200 1182 223 et
1207 195 1330 228 tribunis,
1357 195 1452 231 quibus
1478 196 1609 231 octoginta
1631 200 1677 224 aut
1697 197 1811 232 amplius

1021 249 1104 277 equos
1114 247 1168 269 tota
1181 242 1269 270 Africa
1280 243 1413 277 saginatos
1427 242 1526 277 collega
1549 246 1609 270 tuus
1626 250 1711 277 nuper
1725 243 1809 271 addu—

1022 288 1060 315 xit
1075 288 1196 323 Alypius.

1056 334 1123 361 Ave.
1143 334 1197 360 Aut
1209 333 1389 366 calumniaris,
1402 338 1448 361 aut
1458 334 1544 361 nescis
1558 335 1620 370 quid
1636 335 1753 370 loquaris
1765 345 1771 362 :
1783 341 1810 363 ct

1020 379 1091 412 ideo,
1105 384 1149 406 aut
1160 379 1283 411 mendax,
1297 384 1342 406 aut
1358 380 1523 412 temerarius,
1535 379 1584 406 ista
1599 380 1724 415 loqueris.
1741 380 1809 415 Quid

1021 431 1046 452 te
1059 429 1146 452 autem
1159 425 1270 459 nequius
1279 425 1327 457 ‘,si
1340 425 1396 452 hate
1408 425 1464 459 ipse
1477 425 1664 460 finxisti?quid
1674 426 1807 459 stolidius,

1020 471 1041 497 si
1053 471 1212 505 ﬁngentibus
1223 470 1360 500 credidisti
1367 471 1379 496 ?
1387 470 1445 498 Jam
1452 478 1515 498 vero
1522 471 1592 506 quod
1603 472 1682 500 etiam
1691 472 1809 499 scribere

1019 523 1100 543 ausus
1116 523 1162 546 es,
1183 523 1268 551 neque
1282 516 1382 543 veritus
1394 524 1427 543 ne
1440 516 1472 543 ad
1487 524 1518 543 ca
1534 516 1589 543 loca
1609 517 1666 544 libri
1687 518 1809 551 pervcni-

1019 565 1078 587 rent
1093 560 1140 591 tui,
1157 569 1214 594 qua:
1228 565 1296 587 terra
1315 560 1432 595 marique
1446 565 1624 588 transeuntem
1639 569 1685 588 seu
1698 562 1807 589 venien~

1020 609 1071 632 tem
1095 605 1223 640 collegam
1240 613 1326 632 meum
1346 605 1468 641 Alypium
1485 604 1673 640 susceperunt',
1694 607 1737 633 ubi
1757 607 1807 641 legi

1018 651 1184 685 apertissime
1200 655 1243 678 tua
1260 651 1407 686 falsiloquia
1423 652 1480 679 sine
1500 646 1681 730 ῑιιῗὲμξίοηα
1695 654 1735 679 vel
1759 662 1806 688 po-

1019 697 1071 723 tius
1081 696 1254 724 detestatione
1268 705 1320 723 nun
1331 697 1520 730 possunt;cui,
1535 693 1546 702 ”
1588 696 1653 726 dice
1666 698 1805 730 impuden-

1019 697 1071 723 tius
1081 696 1254 724 detestatione
1268 705 1320 723 nun
1331 702 1441 731 possunt
1451 706 1458 729 ;
1467 697 1520 730 cui,
1530 693 1653 734 ῌῦἰω
1666 698 1805 732 impuden-

1019 742 1072 772 tiae,
1086 741 1133 768 sed
1148 742 1291 769 dementize
1305 742 1494 776 comparatur?
1535 735 1538 738 ’

1053 787 1144 815 XLIII.
1164 787 1221 815 JUL.
1239 787 1408 823 Nequaquam
1419 792 1443 815 te
1454 789 1623 824 acquiescere
1638 789 1805 817 eruditorum

1017 833 1167 866 sententiis,
1184 838 1213 860 ut
1227 833 1325 872 addas,~
1334 833 1479 860 seettndum
1494 834 1503 848 ²
1514 834 1584 868 quod
1600 834 1742 861 intellectui
1762 838 1807 861 tuo

1017 878 1137 913 congruit
1151 878 1249 906 dixisse
1264 879 1430 913 Apostolum.
1447 879 1506 913 quia
1523 879 1630 905 stultam
1648 879 1713 906 fecit
1737 879 1807 906 Deus

1016 923 1170 958 sapientiam
1182 923 1271 951 mundi
1283 923 1303 958 (Ι
1314 923 1371 951 Cor.
1383 923 1471 958 1,20):
1488 923 1665 958 disputatores
1677 931 1740 950 vero
1758 931 1806 950 no-

1016 973 1085 996 stros
1100 969 1157 996 sine
1171 974 1242 996 metu
1254 978 1268 995 a
1283 975 1308 996 te
1316 977 1394 1004 posse
1406 969 1516 1004 despici,
1526 969 1596 1004 quod
1608 969 1678 997 nulla
1689 969 1806 997 auctori-

1017 1018 1069 1041 tate
1085 1014 1174 1040 talium
1187 1015 1324 1048 premaris.

1052 1058 1119 1086 Anc.
1139 1058 1179 1085 'I‘u
1194 1066 1241 1085 eos
1255 1058 1379 1093 despicis,
1393 1059 1437 1093 qui
1451 1058 1490 1085 cis
1503 1057 1659 1086 docentibus
1673 1059 1804 1093 originale

1017 1110 1153 1138 peccatum
1166 1104 1200 1130 ita
1214 1104 1326 1136 resistis,
1339 1109 1367 1131 ut
1381 1109 1505 1139 tanquam
1520 1105 1679 1132 Manichaeos
1698 1105 1807 1140 insuper

1017 1150 1175 1183 crimineris,
1191 1158 1233 1177 me
1244 1151 1394 1179 nominans.
1410 1151 1470 1178 illos
1491 1151 1652 1186 significans.

1052 1195 1142 1224 XLIV.
1162 1196 1222 1223 Jut.
1243 1196 1310 1229 Quid
1330 1197 1411 1231 ergo?
1426 1197 1599 1231 Acqniescam
1615 1204 1723 1230 prorsus
1738 1197 1804 1229 tibi,

1015 1241 1162 1275 faciamque
1173 1241 1197 1268 in
1212 1241 1262 1268 hoc
1273 1241 1332 1269 loco
1343 1241 1475 1276 jacturam
1494 1242 1613 1268 omnium
1630 1249 1741 1276 quorum
1758 1242 1805 1269 ad—

1015 1287 1142 1315 miniculo
1156 1287 1193 1314 uti
1220 1295 1336 1322 possem,
1360 1292 1552 1323 contentusque
1578 1295 1625 1315 ero
1650 1288 1806 1316 definitione

1014 1340 1073 1367 qua:
1087 1332 1120 1360 ad
1133 1332 1257 1360 indicium
1271 1333 1348 1360 bona:
1362 1337 1462 1360 natura:
1474 1338 1533 1367 post
1547 1333 1752 1361 Manicharorum
1762 1342 1806 1361 se-

1014 1383 1114 1405 cretum
1134 1377 1167 1405 de
1182 1385 1228 1405 ore
1242 1383 1293 1405 tua:
1313 1377 1460 1405 honestatis
1481 1378 1582 1414 effugit.
1612 1378 1640 1406 In
1670 1387 1703 1406 eo
1726 1379 1806 1414 igitur

1014 1422 1082 1450 libro
1095 1423 1138 1451 cui
1162 1423 1253 1450 titulus
1276 1427 1327 1456 est,
1353 1423 1394 1451 vel
1419 1433 1428 1449 ι
1442 1424 1480 1451 Do
1502 1423 1604 1452 duabus
1623 1424 1772 1457 animabus,
1792 1434 1801 1450 ι

1014 1469 1054 1495 vel
1067 1478 1077 1494 ι
1088 1469 1187 1496 Contra
1200 1468 1265 1496 duas
1275 1469 1387 1501 animas,
1404 1478 1414 1495 ι
1430 1469 1465 1496 ita
1482 1469 1599 1504 loqueris
1612 1478 1619 1496 :
1635 1479 1644 1495 ‹
1659 1470 1803 1504 Exspecta,

1014 1514 1071 1541 sine
1085 1514 1158 1549 prius
1173 1519 1307 1549 peccatum
1321 1515 1487 1542 definiamus.
1499 1515 1640 1543 Peccatum
1652 1520 1695 1543 est
1704 1516 1802 1543 volun-

1015 1563 1054 1586 tas
1067 1559 1223 1587 admittendi
1239 1560 1249 1575 ³
1262 1560 1304 1587 vel
1318 1560 1449 1588 retinendi
1463 1560 1533 1595 quod
1554 1560 1655 1595 justitia
1678 1565 1758 1593 vetat,
1776 1566 1804 1589 et

1013 1605 1084 1632 unde
1106 1605 1217 1632 liberum
1238 1609 1278 1632 est
1297 1605 1440 1633 abstinere.
1468 1605 1624 1640 Qttanquam
1647 1605 1669 1633 si
1689 1606 1803 1634 liberum

1013 1659 1066 1679 non
1079 1656 1130 1684 est,
1142 1659 1191 1678 nec
1200 1651 1322 1678 voluntas
1331 1651 1383 1678 dici
1398 1656 1501 1686 potest:
1517 1651 1563 1678 sed
1579 1651 1658 1678 malui
1670 1652 1802 1687 grossius,

1013 1705 1091 1732 qttam
1103 1696 1282 1731 scrupulosius
1296 1696 1406 1724 delinire
1421 1706 1430 1722 ι
1447 1697 1522 1732 (Cap.
1539 1697 1593 1731 ll).

1047 1745 1115 1772 Anc.
1135 1743 1183 1771 Ilic
1197 1748 1330 1778 peccatum
1350 1742 1487 1769 definitum
1503 1747 1544 1769 est
1557 1742 1627 1777 quod
1643 1746 1803 1770 tantummo-

1012 1789 1047 1816 do
1067 1793 1203 1824 pcccntum
1222 1794 1272 1820 est,
1289 1797 1340 1816 nou
1361 1788 1430 1822 quod
1445 1789 1524 1815 etiam
1538 1796 1615 1823 pinna
1630 1788 1741 1823 peccati.
1764 1789 1802 1816 Ite

1013 1835 1064 1863 hoc
1077 1835 1173 1869 quippe
1183 1834 1314 1869 agendum
1329 1834 1388 1866 fuit,
1402 1834 1508 1868 quando
1522 1835 1585 1861 mali
1599 1835 1674 1869 origo
1698 1842 1804 1869 qua're-

1013 1880 1100 1912 batur,
1114 1880 1191 1914 quale
1208 1879 1379 1906 commissum
1394 1883 1436 1906 est
1457 1887 1471 1905 a
1496 1880 1582 1914 primo
1605 1879 1713 1907 homine
1739 1884 1801 1907 ante

1013 1932 1093 1952 omne
1108 1924 1223 1951 hominis
1236 1925 1332 1950 malum
1350 1924 1370 1950 ⁸.
1387 1924 1439 1951 Sed
1455 1929 1482 1951 tu
1496 1929 1541 1951 aut
1561 1932 1613 1953 non
1631 1930 1706 1959 potes
1725 1925 1803 1954 intels

1013 1970 1104 2005 ligere,
1119 1974 1165 1996 aut
1179 1977 1230 1996 non
1245 1969 1294 1996 vis.

1049 2015 1128 2043 XLV.
1147 2015 1205 2042 Jun.
1226 2014 1247 2041 0
1262 2015 1354 2041 lucens
1363 2022 1456 2042 aurum
1473 2015 1500 2042 in
1519 2019 1636 2042 stercore
1649 2015 1656 2042 !
1669 2015 1738 2048 Quid
1753 2024 1801 2044 vev

1013 2061 1079 2094 rius,
1100 2060 1163 2096 quid
1186 2060 1290 2095 plenius
1305 2061 1315 2076 '
1328 2060 1379 2087 dici
1396 2068 1410 2087 a
1433 2054 1628 2096 quoquam’vel
1650 2062 1801 2091 orthodoxo

1013 2106 1158 2142 potuisset?
1187 2115 1196 2132 ε
1209 2107 1348 2134 Peccatum
1373 2111 1423 2140 est,
1440 2117 1450 2133 ι
1468 2108 1571 2142 inquis,
1589 2108 1730 2136 «voluntas
1754 2109 1802 2136 ad-

1013 2151 1134 2179 mittendi
1149 2152 1189 2179 vel
1209 2152 1342 2179 retinendi
1364 2152 1435 2187 quod
1452 2146 1553 2186 iustitia
1573 2157 1655 2186 vetat,
1680 2159 1708 2182 et
1730 2154 1802 2182 unde

1013 2197 1127 2225 liberum
1136 2201 1178 2224 est
1189 2197 1334 2225 abstinere.
1350 2206 1359 2222 ι
1373 2197 1494 2225 Ostendit
1506 2198 1556 2225 hoc
1574 2198 1775 2227 Ecclesiasticus
1790 2209 1799 2229 :

1012 2241 1092 2275 Deus,
1106 2242 1201 2276 inquit,
1215 2242 1273 2277 fecit
1287 2242 1422 2275 hominem,
1435 2247 1459 2268 et
1469 2242 1564 2269 dimieit
1576 2251 1633 2270 eum
1645 2244 1671 2271 in
1685 2245 1801 2273 manibus

1011 2288 1109 2315 consilii
1121 2288 1159 2314 sui
1173 2295 1182 2314 :
1194 2287 1277 2323 posuit
1290 2292 1348 2315 ante
1357 2296 1413 2314 eum
1423 2288 1498 2314 vitam
1508 2292 1532 2314 et
1542 2293 1656 2322 mortem,
1666 2298 1759 2326 aquam
1772 2295 1799 2318 et

1011 2335 1093 2368 ignem
1101 2341 1111 2365 ,'
1120 2334 1188 2369 quod
1197 2334 1317 2368 placuerit
1325 2333 1357 2365 ei,
1364 2333 1463 2360 dabitur
1471 2333 1510 2361 illi
1520 2333 1611 2369 (Eccli.
1620 2336 1713 2369 xm“,
1724 2336 1798 2372 616.).

1011 2379 1046 2409 Et
1067 2387 1116 2414 per
1137 2378 1229 2406 Isaiam
1254 2377 1344 2406 Deus:
1360 2378 1390 2405 Si
1411 2379 1556 2411 volueritis,
1581 2380 1682 2415 inquit,
1704 2385 1727 2408 et
1748 2389 1800 2408 ou-

1011 2425 1105 2451 dieritis
1118 2432 1167 2457 me,
1179 2432 1236 2458 qua
1246 2424 1311 2451 bona
1322 2429 1381 2452 sunt
1403 2429 1476 2451 terra
1491 2425 1579 2453 edelis.
1602 2425 1634 2453 Si
1647 2426 1797 2461 nolueritis,

1012 2479 1056 2497 nec
1068 2470 1208 2503 audieritis,
1220 2470 1320 2505 gladius
1331 2479 1372 2498 vos
1381 2470 1491 2498 comedet
1501 2470 1576 2507 (ιωε.
1585 2479 1606 2505 t,
1616 2472 1671 2508 19).
1685 2473 1718 2500 Et
1727 2474 1801 2509 Apo-

1043 2543 1051 2558 ί
1069 2542 1142 2576 ῖέιὶῑίε
1156 2542 1308 2576 Quid_autem
1317 2542 1433 2574 nequius;
1444 2543 1541 2573 omisso,
1551 2546 1582 2574 te,
1590 2544 1655 2576 quod
1663 2546 1800 2571 restituitur

1012 2580 1044 2598 ex
1056 2574 1132 2598 tribus
1142 2577 1192 2597 Mss.
1204 2573 1264 2598 clar.
1277 2577 1332 2597 Mar.
1343 2573 1369 2598 et
1378 2577 1439 2598 Port.
1576 2573 1579 2574 ⁷
1600 2573 1607 2576 ”
1772 2579 1779 2586 “

1069 2608 1169 2657 nolent,
1191 2604 1338 2634 secundm,
1355 2604 1380 2628 in
1396 2604 1475 2629 editis.
1493 2607 1630 2630 ttesUtuttur
1654 2613 1685 2631 ex
1711 2607 1796 2631 iisdem

1035 2641 1088 2657 nus
1115 2641 1147 2657 ss.

1011 2638 1185 2694 ωξηῖῗιὶὲῖιεῖιίε,
1205 2664 1337 2690 annuendi.
1351 2668 1374 2689 In
1385 2668 1449 2694 Mss,
1469 2664 1627 2694 admittendi;
1639 2665 1693 2695 vel,
1711 2665 1804 2691 muniit-

1010 2695 1084 2726 taudi.
1104 2697 1247 2726 Augustinus
1259 2702 1318 2720 vero
1330 2696 1354 2726 in
1365 2697 1436 2720 citata
1451 2696 1590 2722 deﬁnitione
1601 2697 1675 2725 dixit,
1692 2695 1798 2722 voluntas

1010 2725 1128 2760 retinendi
1139 2725 1175 2751 oet
1186 2725 1357 2760 consequendi,
1366 2730 1393 2751 ut
1401 2726 1439 2751 hic
1451 2731 1534 2757 postea
1544 2727 1573 2750 ad
1582 2730 1653 2760 caput
1664 2727 1703 2760 47..

1041 2757 1052 2771 ⁸
1068 2757 1104 2781 sic
1114 2760 1168 2781 Mar.
1183 2761 1221 2781 Ms.
1241 2756 1267 2781 At
1285 2757 1362 2781 codex
1383 2756 1457 2786 Port.,
1472 2761 1527 2782 ante
1537 2756 1613 2781 anulis
1633 2756 1733 2782 hominis
1745 2763 1796 2783 ma-

1010 2786 1067 2811 lum.
1092 2787 1163 2816 Edili,
1173 2790 1227 2812 ante
1238 2793 1318 2812 0mm
1332 2787 1436 2813 homines
1450 2787 1548 2812 malum.

1041 2819 1051 2833 ⁵
1069 2822 1129 2842 Part.
1140 2822 1189 2846 διε..
1203 2818 1260 2849 quid
1279 2818 1379 2849 plmtiits.
1393 2818 1463 2849 Idem,
1477 2823 1559 2849 poaea
1575 2817 1659 2849 _codex
1679 2824 1735 2843 eum
1753 2821 1798 2846 Ita-

1010 2849 1114 2874 rtaneusi
1124 2847 1213 2878 lnhet,‘
1221 2848 1270 2874 diti
1279 2847 1299 2873 Va
1306 2856 1423 2881 qucquam
1429 2847 1488 2874 velut
1496 2847 1634 2872 orthodoxe.

1375 2891 1666 2930 {Tanta—qualn.)
