4008 6178
390 332 531 388 1087

389 448 558 503 stolus
586 461 601 497 :
630 439 1074 510 Resipiscilejuste
1094 439 1134 503 ¹,
1164 446 1210 491 et
1228 435 1385 489 nolite
1422 449 1627 503 peccare
1646 431 1689 503 (I
1720 430 1835 486 Cor.
1869 444 1963 493 xv,

388 539 480 607 34)
510 554 523 589 :
557 544 714 606 atque
756 534 969 596 iterum,
1002 529 1177 584 Nolite
1199 526 1549 592 errare;Deus
1568 543 1666 580 non
1687 524 1969 579 irridetur:

387 646 502 700 qua:
526 630 656 683 enim
677 625 992 681 seminaverit
1013 623 1180 688 homo,
1214 621 1305 674 illa
1325 628 1369 674 et
1399 629 1544 675 metet
1575 616 1785 690 (Colat.
1810 633 1862 670 γι
1889 657 1904 682 ,
1937 616 1971 671 7

386 731 430 774 et
461 720 538 788 ε).
1594 780 1606 791 ,

458 814 590 866 Atio.
634 810 757 864 Ilmc
783 805 1081 862 testimonia
1107 811 1321 874 propter
1346 802 1489 858 illam
1528 801 1852 856 voluntatem
1885 798 1967 852 di-

387 913 470 958 cta
492 908 635 965 sunt,
671 900 725 953 in
752 913 852 968 qua
882 897 1104 966 quisque
1132 894 1183 949 id
1209 893 1349 965 quod
1379 892 1491 947 vult
1514 892 1621 960 agit
1652 909 1667 946 :
1697 900 1752 946 ut
1785 891 1829 944 si
1865 903 1970 942 non

389 992 633 1056 habetur,
656 989 723 1044 ab
742 1002 809 1042 eo
836 999 1082 1055 poscatur
1095 983 1186 1054 qui
1212 985 1263 1037 in
1290 981 1443 1036 nobis
1471 991 1720 1050 operatur
1749 988 1803 1034 et
1830 976 1971 1032 velle

389 1080 646 1151 (Philipp.
674 1093 733 1145 tl,
756 1078 845 1147 15)
875 1093 887 1129 :
916 1075 961 1130 si
990 1086 1165 1130 autem
1192 1073 1444 1137 habetur,
1475 1071 1601 1125 ﬁant
1625 1084 1786 1140 opera
1816 1068 1971 1139 justi-

390 1173 497 1235 tim,
525 1181 581 1226 et
609 1171 657 1225 ei
683 1170 770 1241 qui
800 1169 943 1222 illam
964 1177 1216 1237 operatus
1236 1173 1320 1220 est
1346 1173 1569 1234 agantur
1593 1164 1799 1234 gratim.

456 1261 644 1319 XLVI.
684 1260 803 1316 ιω..
848 1259 1101 1314 Voluntas
1153 1260 1331 1328 itaque
1384 1262 1560 1310 motus
1622 1263 1706 1310 est
1756 1253 1967 1316 animi,
2004 1281 2017 1286 -

389 1354 442 1408 in
466 1352 587 1422 jure
621 1366 720 1406 suo
753 1349 996 1404 habentis
1044 1355 1221 1404 utrum
1265 1345 1567 1402 sinisterior
1585 1345 1650 1398 ad
1681 1359 1837 1412 prava
1877 1343 1971 1398 dc-

388 1453 590 1510 currat,
619 1460 686 1497 an
717 1442 989 1498 dexterior
1010 1440 1075 1495 ad
1101 1440 1241 1495 celsa
1271 1439 1578 1493 contendat.

462 1538 593 1591 Acs.
632 1534 770 1603 Quid
796 1542 878 1587 est
907 1546 1053 1601 ergo,
1082 1530 1165 1584 Ne
1186 1530 1402 1583 declines
1430 1530 1479 1582 in
1508 1528 1786 1590 dexteram,
1815 1540 1973 1594 neque

390 1628 442 1680 in
462 1625 717 1680 sinistram
748 1609 1037 1695 (Prooaiv,
1061 1620 1199 1690 θυι

461 1712 669 1770 XLVII.
709 1713 828 1768 Jun.
870 1711 1043 1766 Motus
1070 1719 1246 1765 autem
1268 1708 1431 1764 animi
1453 1709 1588 1778 ejus,
1615 1706 1704 1777 qui
1737 1706 1847 1777 jam
1876 1720 1970 1774 per

390 1812 601 1859 aetatem
642 1801 845 1872 judicio
874 1801 1096 1856 rationis
1141 1800 1213 1854 uti
1243 1806 1454 1869 potest;
1506 1798 1590 1853 cui
1635 1812 1757 1852 cum
1812 1810 1969 1866 pugna

391 1903 716 1951 monstratur
734 1902 789 1950 et
838 1894 1027 1964 gloria,
1070 1902 1162 1947 aut
1205 1894 1391 1948 contra
1430 1890 1769 1946 commodum
1811 1891 1833 1922 ⁸
1884 1889 1969 1944 vel

386 1985 660 2055 voluptas,
692 1983 1012 2054 adjutorium
1053 1988 1110 2035 et
1136 1981 1279 2036 velut
1314 1981 1524 2035 occasio
1569 1978 1817 2045 oll‘ertur,
1862 1993 1968 2033 non

389 2074 678 2131 necessitas
705 2073 995 2141 imponitur
1016 2071 1179 2140 partis
1205 2071 1495 2125 alterutra}.
1524 2069 1650 2124 [hec
1682 2070 1841 2140 igitur
1871 2082 1967 2123 vo-

390 2162 587 2229 luntas,
608 2178 727 2232 qua:
755 2162 1067 2224 alternatur,
1099 2156 1356 2227 originem
1386 2158 1750 2227 possibilitatis
1766 2158 1818 2210 in
1844 2156 1974 2212 lihe-

389 2268 451 2308 ro
471 2252 674 2322 accepit
701 2250 920 2307 arbitrio
945 2267 961 2306 :
986 2249 1153 2321 ipsius
1167 2264 1295 2304 vero
1316 2249 1495 2319 operis
1511 2248 1845 2303 existentiam
1865 2263 1894 2301 a
1914 2262 1973 2303 se

389 2345 630 2413 suscipit,
653 2358 754 2399 nec
772 2351 854 2397 est
882 2356 1098 2411 prorsus
1116 2341 1360 2395 voluntas
1379 2348 1664 2408 antequam
1701 2341 1846 2404 velit,
1874 2354 1973 2394 nec

390 2440 565 2505 potest
586 2435 719 2488 velle
744 2442 1026 2502 antequam
1058 2430 1290 2501 potuerit
1329 2439 1384 2485 et
1417 2430 1594 2494 nolle;
1641 2442 1741 2483 nec
1766 2437 1970 2482 utrum-

390 2541 494 2598 que
519 2525 678 2581 habet
702 2526 752 2578 in
782 2531 931 2594 parte
955 2522 1179 2592 peccati,
1202 2521 1254 2576 id
1277 2529 1377 2585 est,
1397 2520 1535 2576 velle
1554 2528 1606 2576 et
1643 2519 1802 2584 nolle,
1824 2527 1974 2574 ante-

391 2632 548 2688 quam
595 2598 752 2672 neum
803 2614 1027 2669 rationis
1068 2613 1410 2685 adipiscatur.
1464 2611 1667 2681 Quibus
1711 2611 1972 2677 collectis,

391 2718 610 2777 apparet
636 2717 687 2763 te
718 2706 995 2761 verissime
1017 2698 1290 2768 deﬁnisse,
1324 2720 1345 2755 ι
1369 2703 1650 2758 Peccatum
1675 2710 1757 2757 est
1783 2702 1972 2757 volun-

394 2810 474 2853 tas
496 2796 760 2854 retinendi
803 2796 886 2850 vel
931 2794 1243 2849 adinittendi
1272 2792 1412 2863 quod
1452 2792 1655 2864 justitia
1702 2801 1865 2858 vetat,
1919 2799 1975 2848 et

394 2888 536 2944 unde
566 2887 790 2943 liberum
832 2894 916 2941 est
967 2884 1293 2940 abstinere.)
1344 2883 1457 2938 IIoc
1496 2897 1624 2952 ergo
1676 2893 1968 2952 peccatum,

392 2976 531 3047 quod
558 2976 747 3031 claruit
790 2974 920 3029 nihil
960 2986 1082 3028 esse
1120 2980 1316 3042 praeter
1363 2971 1708 3035 voluntatem,
1764 2978 1977 3025 constat

396 3082 586 3139 genus,
611 3065 662 3121 id
685 3073 770 3120 Cal
816 3065 985 3134 ipsam
1032 3061 1313 3131 originem,
1363 3061 1432 3116 ab
1472 3060 1709 3131 appetitu
1758 3060 1975 3130 preprio

393 3158 716 3228 suscepisse.
750 3156 915 3226 Ilujus
939 3154 1144 3224 species
1165 3152 1276 3221 jam
1305 3153 1358 3206 in
1395 3166 1716 3223 unoquoque
1734 3194 1749 3220 ,
1777 3151 1868 3221 qui
1895 3151 1977 3206 di-

395 3257 585 3306 cuntur
618 3246 804 3314 atomi,
847 3245 1129 3315 reperitur.
1164 3243 1470 3298 Ditierentia
1490 3257 1619 3297 vero
1642 3250 1697 3297 et
1728 3244 1779 3297 in
1798 3236 1974 3296 varie-

399 3350 508 3397 tate
527 3340 801 3410 eulparum
822 3381 838 3405 ,
861 3348 915 3392 et
941 3336 995 3392 in
1020 3335 1314 3391 rationibus
1343 3344 1661 3404 temporum.
1684 3334 1870 3391 Modus
1893 3341 1978 3389 est

398 3433 510 3502 ipsa
542 3429 909 3485 immoderatio
941 3444 954 3481 :
988 3442 1108 3485 nam
1138 3426 1184 3480 si
1215 3424 1405 3492 modus
1426 3433 1511 3479 est
1534 3426 1736 3480 servire
1767 3425 1856 3479 cui
1880 3424 1975 3479 de.

396 3523 547 3588 beas,
575 3520 663 3590 qui
693 3519 797 3573 hoc
828 3517 1209 3588 prmtermittit,
1240 3516 1349 3569 veri
1380 3514 1521 3570 modi
1552 3515 1976 3584 transgressione

398 3610 676 3679 delinquit.
713 3608 808 3665 IIic
846 3617 1023 3662 tamen
1060 3604 1162 3660 dici
1207 3594 1472 3661 subtiliter
1515 3614 1708 3675 potest,
1759 3605 1975 3660 modum

400 3717 521 3759 esse
545 3701 769 3772 peccati,
787 3700 907 3769 quia
946 3711 1107 3753 nemo
1130 3696 1247 3766 plus
1275 3711 1431 3765 quam
1468 3704 1643 3767 potest
1673 3697 1934 3769 delinquit
1961 3716 1975 3752 :

402 3807 526 3847 nam
552 3792 597 3846 si
621 3805 780 3859 supra
808 3790 969 3852 vires,
997 3786 1252 3845 inefﬁcaci
1280 3786 1552 3842 voluntate
1570 3796 1850 3857 peccatur;
1879 3788 1980 3845 hoc

403 3884 577 3953 ipsum
611 3881 724 3937 fieri
755 3880 839 3935 vel
863 3879 974 3934 sola
1016 3879 1186 3948 potuit
1209 3878 1497 3933 voluntate.
1534 3878 1772 3946 Qualitas
1801 3887 1978 3934 autem

405 3973 737 4028 adscribatur
763 3969 912 4036 vitio,
945 3984 1040 4039 per
1066 3984 1223 4039 quam
1250 3969 1546 4025 ostenditur
1571 3970 1697 4039 quid
1725 3971 1984 4026 amaritu-

404 4063 563 4128 diuis,
585 4061 670 4117 vel
714 4059 979 4116 dedecore
1026 4059 1287 4115 convehat
1331 4059 1413 4115 vel
1462 4059 1668 4114 dolore.
1715 4060 1809 4115 Est
1854 4075 1981 4131 ergo

410 4162 703 4222 peccatum,
731 4151 853 4222 quia
880 4150 924 4204 si
951 4163 1057 4204 non
1078 4160 1239 4213 esset,
1266 4164 1366 4204 nec
1401 4158 1454 4203 tu
1495 4148 1797 4217 sequereris
1828 4165 1983 4205 erro-

408 4259 526 4309 res;
558 4241 688 4297 nihil
711 4250 794 4296 est
821 4250 999 4295 autem
1041 4238 1213 4302 aliud,
1243 4248 1441 4308 praeter
1472 4239 1793 4295 voluntatem
1820 4254 1980 4295 esce-

394 4336 619 4391 dentem
644 4333 712 4388 ab
739 4346 805 4387 eo
829 4330 986 4396 calle,
1016 4330 1099 4385 cui
1125 4328 1285 4385 debet
1320 4329 1584 4395 insistere,
1608 4337 1662 4384 et
1682 4328 1823 4385 unde
1853 4330 1984 4386 libe-

410 4443 531 4483 rum
583 4434 668 4481 est
707 4439 813 4479 non
860 4420 1164 4478 deflectere.
1205 4419 1290 4476 Fit
1330 4421 1353 4452 ⁸
1403 4428 1580 4477 autem
1635 4421 1706 4478 de
1751 4424 1985 4493 appetitu

411 4519 872 4577 itteoneessorum;
900 4520 957 4567 et
981 4525 1239 4582 nusquam
1277 4521 1361 4567 est
1402 4511 1502 4565 nisi
1537 4511 1590 4566 in
1630 4525 1699 4567 eo
1746 4511 1982 4580 homine,

412 4606 503 4675 qui
531 4613 586 4660 et
606 4602 790 4658 habuit
809 4603 1134 4659 voluntatem
1163 4601 1378 4670 malum,
1421 4610 1477 4657 et
1524 4601 1695 4672 potuit
1738 4618 1845 4659 non
1898 4603 1992 4658 ba-

416 4695 569 4752 bere.

485 4785 618 4840 Anc.
662 4781 776 4851 Ipse
803 4788 888 4837 est
931 4781 1120 4847 Adam,
1164 4796 1324 4851 quem
1361 4792 1543 4839 nostra
1592 4786 1682 4841 illa
1728 4785 1986 4855 deﬁnitio,

416 4892 537 4945 qua:
567 4873 658 4926 tibi
683 4870 899 4942 placuit,
922 4870 1255 4934 intuebatur,
1282 4887 1403 4927 cum
1443 4873 1673 4930 dicerem
1692 4918 1707 4941 ,
1742 4894 1762 4927 ι
1792 4875 1991 4932 Pecca-

417 4977 529 5022 tum
560 4977 641 5023 est
672 4967 919 5022 voluntas
945 4966 1203 5021 retinendi
1244 4968 1325 5021 vel
1346 4970 1703 5037 consequendi
1745 4970 1884 5040 quod
1915 4971 1995 5040 ju-

422 5057 562 5110 stitia
590 5066 747 5119 vetat,
777 5065 829 5111 et
874 5055 1016 5111 unde
1060 5056 1282 5111 liberum
1326 5068 1406 5113 est
1460 5058 1788 5115 abstinere.»
1826 5061 1991 5119 Adam

418 5148 612 5217 quippe
641 5148 874 5211 omnino,
906 5146 1118 5217 quando
1159 5149 1566 5218 peceavit,,nihil
1601 5152 1651 5205 in
1678 5169 1738 5207 se
1770 5153 1996 5209 habebat

423 5239 569 5302 mali,
601 5252 708 5308 quo
732 5238 917 5292 nolens
946 5247 1226 5307 urgeretur
1250 5239 1667 5308 ad'tmerandum
1698 5243 1912 5306 malum,
1944 5252 1998 5298 et

426 5338 643 5400 propter
683 5326 823 5398 quod
852 5326 1072 5392 diceret,
1103 5325 1226 5382 Non
1260 5330 1396 5398 quod
1440 5330 1570 5395 volo,
1610 5333 1742 5401 facio
1774 5332 1958 5386 bonum
1977 5349 1998 5399 ;

424 5420 512 5475 sed
532 5417 665 5489 quod
685 5416 801 5472 nolo
829 5417 1038 5483 malum,
1071 5416 1163 5470 hoc
1185 5433 1281 5488 ago
1301 5417 1477 5488 (Rom.
1504 5434 1594 5489 vn,
1624 5421 1717 5493 29)
1747 5440 1761 5476 :
1812 5436 1874 5477 ac
1902 5436 1997 5494 per

490 5616 506 5646 ί
542 5619 639 5677 Duo
660 5618 789 5670 Mss,
809 5610 951 5675 justi.
973 5617 1134 5662 Grmce
1152 5620 1311 5677 tamen
1335 5620 1428 5671 est,
1453 5612 1809 5677 dikriidsJuste.

466 5677 510 5709 νυ
541 5674 698 5723 (20(ch
726 5674 982 5732 mnarum,
1005 5680 1085 5721 aut
1108 5681 1271 5725 contra
1293 5674 1655 5727 incontnwdum.

494 5735 515 5773 ⁸
546 5737 616 5785 sic
638 5741 742 5784 Mss.
778 5743 832 5784 Αι
860 5735 1005 5795 editi,
1030 5734 1158 5798 fecit.

1062 302 1307 378 OI‘ERIS
1345 317 1753 376 IMPERFEC'I‘I
1794 302 2060 371 CONTRA
2102 314 2462 379 JULlANUM,
2502 315 2555 370 S.
2605 313 2972 372 AUGUSTINI

3511 314 3650 373 I068

2077 428 2178 483 hoc
2216 432 2267 482 id
2307 428 2411 500 egit
2438 428 2724 500 peccando,
2755 428 2893 499 quod
2934 427 3143 497 justitia
3168 425 3399 493 vetabat,
3434 438 3490 483 et
3512 432 3650 487 unde

2079 518 2300 573 liberum
2329 519 2404 574 illi
2432 519 2609 574 fuerat
2628 520 2915 574 abstinere.
2937 517 3071 573 Nam
3094 519 3111 550 ¹
3140 516 3189 572 ei
3211 517 3300 588 qui
3326 514 3475 585 dicit,
3506 518 3653 588 Quod

2079 610 2194 664 nolo
2220 609 2429 674 nmium,
2455 610 2550 664 hoc
2569 626 2684 681 ago,
2714 611 2981 666 abstinere
3006 608 3148 674 inde,
3171 609 3396 664 liberum
3423 624 3527 664 non
3552 620 3654 665 est.

2077 702 2153 753 Ac
2182 690 2275 769 per
2303 699 2426 766 hoc,
2454 700 2499 754 si
2520 701 2541 732 ³
2571 700 2668 753 tria
2691 700 2788 754 ista
2816 698 3109 765 discernas,
3131 708 3187 754 et
3206 698 3344 753 scias
3370 699 3513 753 aliud
3538 714 3655 757 esse

2078 797 2376 857 peccatum,
2407 788 2548 845 aliud
2579 804 2791 861 pinnam
2830 789 3052 858 peccati,
3094 789 3237 843 aliud
3264 798 3572 860 utrumque,
3603 791 3655 846 id

2077 887 2179 944 est,
2210 879 2279 931 ita
2313 888 2616 947 peccatum,
2654 888 2710 933 ut
2739 879 2911 949 ipsum
2942 880 3010 932 sit
3033 880 3191 933 etiam
3222 894 3383 951 pinna
3414 881 3615 949 peccati
3641 923 3655 949 ,

2079 968 2323 1039 intelligis
2352 969 2475 1038 quid
2518 968 2706 1023 horum
2748 971 2907 1024 trium
2960 970 3218 1038 pertineat
3264 970 3329 1023 ad
3370 970 3513 1024 illam
3558 969 3656 1026 de-

2040 1058 2409 1126 ‘ilnitionem,
2468 1060 2556 1113 ubi
2604 1060 2849 1115 voluntas
2897 1069 2980 1114 est
3027 1060 3216 1129 agendi
3265 1060 3406 1130 quod
3452 1060 3656 1130 justitia

2077 1159 2262 1215 vetat,
2312 1158 2368 1205 et
2421 1151 2560 1206 unde
2613 1150 2837 1206 liberum
2888 1158 2971 1205 est
3026 1151 3316 1206 abstinere.
3372 1152 3655 1207 Peccatum

2077 1255 2303 1310 namque
2346 1241 2446 1295 isto
2470 1240 2628 1295 modo
2654 1240 2930 1298 deﬁnitum
2961 1252 3062 1307 est,
3095 1257 3198 1294 non
3245 1243 3444 1312 peccati
3476 1256 3654 1312 pretia,

2077 1345 2180 1382 non
2213 1339 2515 1401 utrumque.
2560 1330 2766 1386 Habent
2803 1340 2979 1386 autem
3012 1331 3107 1384 tria
3137 1332 3234 1385 ista
3274 1346 3467 1402 genera
3496 1333 3660 1390 etiam

2076 1421 2283 1488 species
2311 1434 2454 1487 suas,
2485 1420 2552 1474 de
2588 1421 2781 1491 quibus
2819 1435 2958 1475 nunc
2992 1421 3203 1486 longum
3243 1429 3325 1475 est
3361 1421 3656 1491 disputare.

2077 1509 2277 1564 Horum
2312 1524 2442 1566 sane
2469 1512 2626 1565 trium
2654 1525 2913 1581 generum
2952 1510 2997 1564 si
3023 1511 3364 1578 requirantur
3390 1513 3655 1581 exempla,

2077 1600 2228 1669 primi
2255 1601 2472 1670 generis
2501 1601 2552 1654 in
2582 1601 2752 1655 Adam
2780 1602 2896 1655 sine
2926 1600 3036 1655 ullo
3062 1600 3203 1655 nodo
3227 1601 3537 1673 qumstionis
3561 1617 3653 1658 oc-

2073 1693 2258 1747 currit.
2280 1692 2438 1748 Multa
2462 1693 2659 1763 quippe
2682 1702 2806 1747 sunt
2834 1709 2952 1763 quae
2977 1702 3141 1763 agunt
3163 1692 3408 1751 homines
3432 1694 3593 1761 mala,
3625 1711 3658 1749 a

2073 1781 2265 1852 quibus
2288 1783 2366 1838 eis
2392 1778 2615 1838 liberum
2643 1792 2725 1838 est
2762 1784 3031 1838 abstinere
3063 1801 3077 1838 :
3105 1784 3199 1839 sed
3226 1784 3355 1839 nulli
3385 1794 3492 1840 tam
3519 1785 3653 1841 ιίιιεέ

2073 1888 2190 1929 rum
2211 1882 2312 1940 est,
2343 1888 2500 1944 quam
2533 1874 2605 1928 illi
2643 1873 2758 1939 fuit,
2790 1875 2876 1944 qui
2913 1874 3026 1929 Deo
3050 1889 3168 1940 suo,
3196 1888 3227 1930 ε
3249 1889 3356 1945 quo
3382 1884 3498 1931 erat
3522 1890 3654 1931 con-

2073 1963 2217 2020 ditus
2249 1974 2445 2030 rectus,
2476 1964 2622 2020 nullo
2647 1979 2864 2034 prorsus
2888 1965 3017 2019 vitio
3051 1966 3369 2038 depravatus
3394 1966 3655 2029 adstabat.

2074 2054 2305 2111 Secundi
2340 2064 2517 2122 autem
2556 2055 2794 2126 generis,
2839 2055 2930 2110 ubi
2984 2056 3346 2110 tantummodo
3378 2065 3460 2111 est
3500 2072 3656 2127 pinos

2076 2144 2295 2215 peccati,
2325 2145 2625 2215 exemplum
2670 2144 2721 2199 in
2763 2160 2829 2200 eo
2868 2146 3008 2199 malo
3036 2153 3139 2211 est,
3171 2145 3310 2216 quod
3336 2146 3560 2216 quisque
3586 2162 3654 2202 es

2077 2235 2219 2290 nulla
2246 2243 2394 2305 parte
2418 2237 2545 2305 agit,
2574 2235 2666 2290 sed
2699 2235 3066 2290 tantummodo
3096 2237 3291 2305 patitur
3322 2253 3336 2290 :
3363 2236 3508 2291 velut
3533 2251 3655 2292 cum

2078 2340 2174 2395 pro
2202 2341 2301 2379 suo
2329 2324 2552 2390 scelere,
2580 2325 2668 2395 qui
2699 2326 2951 2395 peccavit,
2979 2326 3258 2393 occiditur,
3279 2327 3391 2381 sive
3415 2327 3518 2383 alia
3542 2342 3661 2384 cor-

2076 2417 2224 2485 poris
2250 2429 2405 2485 poena
2431 2430 2764 2486 quacumque
2791 2417 3078 2471 cruciatur.
3129 2416 3367 2472 Tertium
3404 2433 3533 2473 vero
3565 2434 3660 2489 ge.

2077 2521 2199 2568 nus,
2226 2507 2315 2561 ubi
2358 2516 2630 2576 peccatum
2667 2508 2838 2575 ipsum
2863 2516 2943 2561 est
2968 2516 3021 2560 et
3048 2521 3202 2575 pinna
3233 2508 3454 2575 peccati,
3487 2502 3662 2577 potest'
3732 2513 3749 2528 '

2078 2598 2296 2667 intelligi
2342 2598 2394 2651 in
2438 2612 2504 2652 eo
2554 2597 2643 2667 qui
2690 2596 2856 2663 dicit,
2920 2596 3069 2662 Quod
3116 2598 3233 2651 noto
3282 2598 3510 2659 malum.
3563 2599 3658 2654 hoc

2074 2706 2193 2762 ago.
2233 2688 2316 2744 Ad
2343 2692 2445 2743 hoc
2484 2688 2752 2759 pertinent
2794 2691 2953 2743 etiam
2983 2689 3160 2742 omnia
3205 2704 3324 2758 quae
3372 2703 3466 2758 per
3512 2691 3661 2759 igno-

2075 2781 2302 2839 rantiam
2350 2795 2473 2836 cum
2517 2788 2744 2851 aguntur
2791 2780 2927 2835 mala
2955 2778 2998 2845 ³,
3045 2794 3154 2834 non
3204 2787 3455 2848 putantur
3498 2780 3651 2842 mala,

2076 2872 2159 2928 vel
2216 2873 2373 2927 etiam
2421 2871 2875 2941 putantur-bona.
2923 2870 3150 2926 Ctecitas
3194 2871 3335 2926 enim
3367 2871 3562 2936 cordis,
3615 2871 3661 2926 si

2077 2971 2350 3033 peccatum
2391 2976 2497 3016 non
2536 2969 2718 3025 esset,
2761 2960 2957 3029 lnjuste
2997 2969 3311 3030 argueretur
3356 2978 3370 3016 :
3426 2962 3662 3032 arguitur

2078 3060 2256 3107 autem
2300 3051 2478 3120 juste,
2533 3050 2624 3105 ubi
2673 3050 2906 3118 dicitur,
2953 3048 3218 3105 Plurim
3257 3068 3386 3106 eme
3428 3050 3659 3123 (lauit.

2079 3158 2219 3198 sstit
2247 3183 2264 3211 ,
2305 3140 2448 3216 26);
2502 3151 2557 3197 et
2597 3142 2721 3197 aliis
2769 3141 3012 3215 plurimis
3059 3143 3357 3199 divinorum
3417 3145 3661 3215 eloquio-

2079 3252 2196 3292 rum
2255 3237 2408 3291 locis.
2474 3235 2783 3306 Eademque
2840 3249 3027 3290 rursus
3094 3236 3306 3290 caecitas
3354 3236 3401 3290 si
3455 3238 3655 3306 peccati

2080 3340 2235 3397 pinna
2266 3341 2371 3381 non
2396 3333 2570 3390 esset,
2601 3339 2707 3380 non
2737 3324 3025 3390 diceretur,
3059 3324 3347 3380 Excarcavit
3373 3327 3507 3380 enim
3542 3327 3658 3382 illos

2079 3418 2273 3474 molitio
2311 3418 2520 3472 illorum
2546 3416 2698 3488 (Sep.
2735 3431 2794 3481 tt,
2827 3416 2960 3487 2|):
2987 3416 3139 3486 quod‘
3171 3418 3216 3471 si
3243 3416 3311 3472 de
3341 3417 3435 3473 Dei
3460 3418 3663 3488 judicio

2086 3522 2191 3562 non
2218 3507 2446 3572 veniret,
2476 3520 2584 3561 non
2618 3506 2937 3575 legeremus,
2973 3505 3313 3562 liberarentur
3335 3508 3470 3562 oculi
3493 3525 3666 3563 eorum

2081 3617 2145 3655 ne
2176 3600 2393 3664 videant,
2441 3608 2489 3653 et
2526 3599 2732 3653 dorsum
2782 3614 2956 3652 eorum
2998 3614 3195 3669 semper
3236 3599 3444 3653 incurva
3492 3598 3663 3671 (Ρωι.

2085 3705 2261 3755 uvm,
2289 3689 2406 3761 ῆι).
2455 3688 2587 3755 Quis
2620 3703 2780 3759 porro
2803 3690 2990 3744 volens
3012 3698 3188 3745 caicus
3220 3697 3302 3744 est
3327 3688 3511 3755 corde,
3544 3702 3665 3744 cum

2084 3781 2213 3838 velit
2241 3794 2399 3835 nemo
2421 3794 2597 3836 caecus
2618 3794 2740 3835 esse
2759 3780 2843 3836 vel
2871 3779 3134 3850 corpore?
3159 3780 3387 3836 Proinde
3410 3780 3669 3852 originale

2086 3879 2360 3941 peccatum
2392 3885 2491 3924 nec
2516 3869 2582 3923 ad
2613 3868 2739 3924 illud
2773 3870 2999 3939 pertinet
3035 3870 3178 3940 quod
3220 3870 3396 3941 primo
3432 3871 3550 3926 loco
3574 3885 3671 3941 po-

2085 3963 2309 4027 suimus,
2340 3961 2428 4015 ubi
2455 3968 2540 4015 est
2563 3961 2811 4015 voluntas
2837 3961 3030 4015 malum
3060 3959 3341 4030 operandi,
3373 3960 3514 4017 unde
3542 3961 3670 4017 libe-

2086 4069 2204 4108 rum
2248 4061 2331 4107 est
2375 4052 2679 4117 abstinere;
2717 4052 2954 4121 alioquin
3000 4067 3104 4107 non
3132 4060 3277 4107 esset
3324 4053 3375 4107 in
3417 4053 3669 4123 parvulis,

2087 4144 2177 4215 qui
2208 4143 2440 4198 nondum
2470 4142 2758 4197 voluntatis
2786 4151 3005 4197 utuntur
3032 4142 3291 4197 arbitrio:
3326 4158 3424 4199 nec
3446 4143 3511 4198 ad
3544 4143 3672 4199 illud

2088 4234 2230 4303 quod
2272 4232 2509 4289 secundo
2539 4235 3111 4297 commemoravimus;
3159 4232 3229 4288 de
3268 4246 3489 4303 peccato
3528 4234 3671 4289 enim

2089 4339 2231 4381 nunc
2253 4326 2489 4395 agimus,
2526 4339 2631 4378 non
2652 4324 2721 4379 de
2749 4338 2907 4395 pana
2930 4366 2945 4388 ,
2968 4339 3087 4394 quae
3116 4339 3220 4380 non
3250 4333 3333 4380 est
3371 4333 3671 4394 peccatum,

2091 4416 2332 4486 quamvis
2367 4414 2568 4485 peccati
2592 4415 2785 4470 merito
2808 4414 3162 4485 subsequitur
3185 4431 3199 4468 :
3225 4429 3384 4485 quam
3413 4413 3437 4446 ⁸
3460 4413 3673 4485 quidem

2094 4509 2362 4579 patiuntur
2399 4513 2455 4561 et
2480 4506 2710 4577 parvuli,
2748 4506 2871 4576 quia
2904 4506 3046 4561 inest
3077 4504 3156 4561 eis
3187 4520 3382 4574 corpus
3409 4513 3674 4560 mortuum
3712 4570 3722 4579 .

2095 4610 2313 4671 prepter
2358 4608 2636 4670 peccatum
2676 4597 2853 4670 (Rom.
2889 4613 3002 4664 vin,
3035 4598 3154 4670 10);
3185 4613 3291 4653 non
3328 4606 3504 4654 tamen
3531 4610 3678 4652 mors

2093 4691 2331 4761 corporis
2363 4690 2475 4760 ipsa
2500 4700 2776 4759 peccatum
2796 4698 2899 4757 est,
2919 4690 3003 4745 vel
3029 4688 3337 4759 corporales
3355 4688 3680 4759 quicumque

2095 4781 2408 4836 cruciatus:
2458 4779 2554 4834 sed
2598 4780 2828 4848 pertinet
2855 4779 3111 4849 originale
3153 4788 3429 4850 peccatum
3472 4777 3540 4833 ad
3573 4778 3676 4833 hoc

2095 4887 2263 4942 genus
2288 4871 2524 4937 tertium,
2551 4870 2640 4925 ubi
2681 4870 2761 4926 sic
2783 4879 3056 4941 peccatum
3083 4877 3190 4937 est,
3229 4880 3286 4924 ut
3323 4870 3497 4939 ipsum
3523 4870 3595 4925 sit
3624 4878 3678 4924 et

2096 4976 2252 5033 pinna
2302 4962 2536 5031 peccati;
2565 4961 2706 5030 quod
2750 4962 2887 5015 inest
2910 4961 3125 5031 quidem
3167 4960 3546 5026 nascentibus,
3587 4957 3679 5013 sed

2099 5051 2152 5105 in
2192 5053 2270 5107 eis
2309 5051 2672 5108 crescentibus
2714 5052 2737 5085 ⁸
2781 5052 2963 5120 incipit
3000 5065 3294 5119 apparere,
3344 5049 3561 5120 quando
3596 5059 3677 5103 est

2099 5142 2469 5213 insipientibus
2495 5142 2791 5198 necessaria
2851 5142 3138 5211 sapientia,
3162 5149 3218 5196 et
3257 5140 3393 5194 mala
3424 5136 3681 5208 concupi-

2164 5316 2181 5347 ι
2216 5315 2506 5377 \‘ignierius,
2543 5328 2573 5365 ιι
2613 5314 2819 5363 Memrdi
2858 5314 3071 5364 editione
3092 5312 3382 5375 discedens,
3427 5312 3672 5363 reluctan-

2102 5375 2232 5426 tibus
2254 5375 2430 5425 nostris
2451 5383 2577 5436 Mss,
2596 5377 2871 5435 substituit,
2892 5384 3029 5424 Num.

2165 5439 2186 5499 ξ
2218 5437 2364 5495 Editi,
2388 5436 2472 5485 sic.
2500 5436 2825 5499 Emendantur_
2850 5449 2914 5486 ex
2951 5435 3300 5499 manuscriptis.

2166 5498 2187 5561 ξ
2219 5504 2323 5561 Mss.
2338 5533 2353 5561 ,
2376 5510 2487 5546 cum
2506 5504 2710 5561 agantur
2728 5495 2872 5546 malm

2166 5558 2188 5623 ξ
2224 5559 2493 5623 vignienus
2510 5558 2560 5623 et
2574 5559 2670 5607 duo
2695 5567 2782 5607 Mss
2805 5593 2820 5615 ,
2843 5572 2975 5607 nam.
3383 5616 3394 5623 ,
3426 5615 3439 5623 _
3524 5612 3535 5623 ,

2166 5618 2187 5652 ³
2222 5615 2303 5683 tiié
2325 5621 2753 5682 manusu'iptorum
2774 5633 2869 5683 ope
2890 5626 3177 5683 restitutum,
3192 5627 3286 5679 est,
3309 5616 3394 5683 sed
3415 5615 3469 5668 in
3487 5615 3558 5683 eis
3576 5623 3681 5683 ﬁt":

2103 5679 2371 5741 scentibus;
2408 5694 2506 5745 quo
2548 5675 2871 5744 praetermisso
2908 5682 3025 5732 editi
3061 5675 3318 5743 feretani,
3357 5678 3474 5730 dum
3518 5675 3684 5741 imipit

2104 5753 2356 5806 apparere.
