4008 6178
360 298 495 352 ιοιῑο

357 411 623 466 seentibus
647 411 1006 477 continentia;
1034 412 1183 480 origo
1205 417 1381 463 tamen
1422 405 1578 461 etiam
1613 404 1768 473 hujus
1798 419 1921 472 pec-

357 504 459 556 cati
510 502 778 555 descendit
829 518 857 554 a
905 501 1173 555 voluntate
1216 497 1502 568 peccantis.
1552 517 1574 549 ι
1625 493 1745 550 Fuit
1781 494 1923 550 enim

359 591 551 655 Adam,
588 600 640 644 et
679 594 731 645 in
762 591 852 646 illo
887 591 1080 645 fuimus
1119 603 1338 652 omnes;
1371 586 1526 657 periit
1562 584 1751 649 Adam,
1782 591 1833 637 et
1872 583 1926 636 in

360 680 452 736 illo
480 695 664 736 omnes
694 681 960 750 perierunt
993 699 1010 731 ι
1037 678 1372 754 (Ambrosius,
1423 677 1510 731 lib.
1541 676 1571 728 Ἰ
1598 676 1648 729 in
1674 673 1799 729 Luc.
1833 688 1923 740 xv,

361 787 413 825 ιι.
438 770 588 841 εδδ).
1525 771 1528 774 ’
1787 760 1790 763 ’

437 859 662 914 XLVIII.
691 864 807 914 ιω..
836 859 1099 914 Meretur’
1131 867 1307 913 autem
1333 866 1386 912 et
1412 857 1478 911 ab
1509 856 1744 910 honestis
1769 869 1928 909 exse-

365 950 689 1014 crationem,
718 960 769 1001 et
808 948 876 1002 ab
899 949 987 1002 illa
1030 949 1270 1017 justitia,
1315 947 1465 1015 cujus
1504 945 1592 1001 hic
1640 954 1744 998 tota
1771 959 1929 999 causa

365 1041 622 1104 vertitur,
652 1037 938 1106 legitimam
987 1037 1503 1090 condemnationem.
1535 1033 1792 1088 Omnibus
1835 1033 1936 1086 ita-

363 1144 469 1201 que
513 1127 695 1182 aulzeis
734 1126 962 1180 reductis
1010 1125 1185 1194 profer
1230 1123 1514 1193 aliquando
1553 1123 1669 1175 luce
1724 1121 1932 1190 palam,

365 1234 462 1288 per
487 1217 608 1286 quid
636 1215 830 1268 doceas
859 1215 1095 1268 naturale
1120 1228 1238 1269 esse
1281 1221 1573 1280 peccatum.
1617 1210 1772 1264 Certe
1803 1209 1934 1262 nihil

363 1308 610 1376 superius
654 1306 787 1359 falso
816 1305 896 1358 vel
940 1304 1006 1358 de
1045 1303 1236 1357 divinze
1276 1302 1429 1355 laude
1469 1299 1718 1370 justitize,
1761 1299 1841 1351 vel
1869 1297 1937 1352 de

364 1398 537 1465 eulpae
564 1395 874 1450 definitione
915 1395 1193 1450 collectum
1220 1402 1322 1449 est.
1353 1391 1586 1446 Ostende
1614 1403 1742 1458 ergo
1763 1431 1776 1451 ,
1825 1389 1939 1443 haec

367 1487 476 1540 duo
507 1487 557 1539 in
595 1486 828 1554 parvulis
869 1498 1024 1552 posse
1057 1493 1304 1537 constare
1353 1499 1366 1532 :
1405 1483 1447 1534 si
1477 1481 1678 1534 nullum
1720 1491 1801 1532 eSt
1825 1479 1940 1532 sine

369 1578 636 1629 voluntate
666 1584 956 1644 peccatum,
989 1576 1032 1628 si
1065 1558 1208 1626 nulla
1227 1573 1467 1625 voluntas
1494 1570 1582 1624 ubi
1607 1585 1712 1623 non
1742 1577 1823 1623 est
1847 1584 1941 1621 cx-

369 1667 560 1734 plicata
591 1666 842 1726 libertas,
890 1665 935 1719 si
967 1679 1069 1718 non
1098 1676 1180 1717 est
1206 1663 1421 1717 libertas
1465 1662 1550 1716 ubi
1592 1675 1696 1714 non
1741 1669 1822 1714 est
1863 1659 1940 1710 fa-

369 1756 544 1808 cultas
572 1770 663 1823 pcr
690 1755 950 1809 rationem
996 1753 1272 1807 electionis
1299 1769 1312 1812 ;
1343 1766 1450 1821 quo
1488 1759 1724 1803 monstro
1751 1764 1940 1818 pecca-

369 1855 482 1902 tum
517 1849 566 1902 in
611 1847 898 1902 infantibus
938 1846 1235 1911 invenitur,
1277 1845 1364 1912 qui
1409 1843 1628 1896 rationis
1654 1857 1804 1895 usum
1834 1855 1938 1894 non

371 1920 790 2010 habent?lgitur
832 1954 930 1994 uec
972 1937 1201 2008 eligendi
1235 1937 1569 2001 facultatem,
1601 1949 1665 1988 ac
1708 1949 1803 2002 per
1842 1932 1944 1987 boc

371 2049 474 2089 nec
499 2034 822 2088 voluntatem
854 2049 867 2083 :
893 2039 1051 2099 atque
1091 2031 1174 2083 his
1213 2027 1611 2082 irrefutabiliter
1638 2025 1942 2090 concessis,

371 2141 473 2180 nec
512 2124 726 2194 aliquod
769 2124 985 2177 omnino
1032 2130 1327 2190 peccatum.
1375 2119 1467 2175 llis
1512 2118 1668 2186 igitur
1721 2116 1948 2170 molibus

371 2232 626 2287 pressus,
651 2215 924 2270 videamus
963 2227 1070 2282 quo
1111 2211 1373 2280 cruperis.
1401 2227 1421 2261 ι
1449 2209 1640 2274 Nullo,
1679 2227 1696 2260 ι
1738 2207 1910 2276 inquis
1930 2246 1946 2270 ,

376 2328 395 2364 ι
427 2318 654 2378 peccato
708 2305 905 2376 parvuli
960 2312 1272 2372 premuntur
1317 2315 1446 2366 suo,
1490 2299 1584 2354 sed
1641 2308 1951 2368 premuntur

371 2401 576 2464 alieno,
615 2416 634 2448 ι
663 2397 894 2451 Necdum
921 2395 1111 2448 claruit
1139 2392 1263 2461 quid
1290 2392 1412 2444 mali
1455 2390 1671 2445 sentias.
1702 2388 1952 2457 Suspica-

373 2506 497 2544 mur
522 2490 663 2544 enim
695 2496 748 2542 te
782 2487 847 2540 ad
879 2485 1128 2539 invidiam
1173 2482 1462 2552 cujuspiam
1491 2481 1752 2542 hominis,
1799 2479 1949 2548 cujus

374 2580 708 2650 iniquitatem
755 2585 811 2631 ut
869 2576 1066 2630 Pmnus
1107 2581 1288 2626 orator
1331 2571 1692 2641 exprimeres,
1737 2567 1852 2624 haec
1895 2569 1950 2625 in

373 2670 609 2724 medium
662 2666 963 2736 protulisse.
1011 2661 1164 2732 Apud
1210 2677 1368 2733 quem
1420 2660 1576 2731 igitur
1621 2660 1950 2728 impollutam

375 2762 734 2814 innocentiam
779 2756 953 2811 scelus
992 2736 1230 2823 gravavit
1267 2753 1289 2783 ¹
1338 2749 1654 2805 externum?
1691 2748 1820 2817 Quis
1864 2748 1952 2803 ille

376 2850 507 2914 fuit,
550 2849 638 2919 qui
693 2847 791 2900 bos
827 2844 1179 2913 'adjudicarct
1221 2857 1372 2902 reos,
1418 2849 1524 2894 tam
1568 2853 1792 2906 excors,
1841 2847 1950 2894 tam

375 2951 496 2995 trux
518 2982 534 3006 ,
565 2947 669 2992 tam
716 2936 910 2990 oblitus
940 2934 1031 2989 Dei
1075 2942 1128 2988 et
1170 2931 1431 3002 tequitatis
1453 2931 1493 2996 ³,
1540 2929 1794 2984 barbarus
1830 2943 1952 2998 per-

375 3028 602 3084 duellis?
628 3026 924 3080 Laudamus
970 3038 1186 3092 prorsus
1213 3018 1479 3090 ingenium
1506 3026 1657 3073 tuum
1687 3035 1703 3071 :
1732 3026 1956 3088 apparet

377 3118 605 3174 eruditio
625 3159 638 3182 ,
663 3131 768 3170 non
799 3113 1012 3183 potuisti
1037 3113 1226 3172 aliter.
1257 3110 1470 3180 dignam
1500 3109 1710 3177 generis
1738 3108 1952 3162 humani

377 3208 537 3272 odio,
563 3207 757 3275 judicis
786 3204 965 3258 nescio
986 3201 1136 3271 cujus
1159 3241 1174 3266 ,
1202 3201 1311 3254 imo
1339 3199 1548 3270 tyranni
1573 3199 1800 3268 allegare
1831 3213 1954 3267 per-
2014 3204 2020 3209 '

378 3313 602 3360 sonam,
630 3311 786 3365 quam
831 3292 1061 3362 jurando
1101 3307 1205 3345 non
1254 3291 1426 3344 solum
1472 3304 1597 3344 eum
1634 3305 1737 3343 non
1765 3304 1957 3358 peper-

378 3391 518 3446 cisse
549 3389 630 3442 his
657 3386 746 3457 qui
775 3385 906 3439 nihil
935 3383 1328 3454 peccavissent,
1359 3396 1541 3440 verum
1568 3379 1728 3434 etiam
1758 3379 1840 3436 his
1864 3380 1954 3451 qui

380 3496 481 3535 nec
524 3494 747 3549 peccare
775 3477 1088 3545 potuissent.
1117 3473 1266 3528 Solet
1293 3472 1487 3549 quippe
1530 3470 1669 3540 apud
1697 3470 1958 3536 suSpicio-

377 3586 496 3625 sum
519 3548 752 3623 animum
780 3569 916 3621 bona
942 3564 1265 3620 conscientia
1297 3548 1539 3618 laborare
1569 3577 1666 3631 pro
1691 3560 1957 3615 defensio-

382 3675 452 3715 ne
475 3659 590 3722 sui,
618 3673 687 3711 ne
717 3657 850 3710 forte
872 3654 1154 3723 deliquerit
1177 3693 1192 3714 ,
1221 3654 1341 3721 quia
1371 3651 1680 3718 delinquere
1705 3650 1786 3702 vel
1817 3649 1839 3680 ⁸
1864 3665 1958 3718 po-

383 3749 482 3802 tuit
514 3764 528 3800 :
559 3747 798 3801 absolute
845 3754 1022 3800 autem
1053 3742 1351 3797 vindicatur
1379 3757 1408 3793 a
1436 3740 1692 3801 crimine,
1726 3739 1812 3807 qui
1843 3739 1956 3808 ipsa

381 3840 461 3894 rei
509 3837 931 3907 impossibilitate
960 3834 1280 3891 defenditur.
1313 3831 1493 3888 Pande
1537 3831 1695 3900 igitur
1719 3831 1838 3899 quis
1877 3841 1960 3885 est

381 3931 483 3984 iste
512 3927 868 3983 innocentium
898 3924 1160 3979 addictor.
1188 3921 1595 3991 Respondeas“,
1628 3920 1800 3984 Deus;
1833 3935 1959 3988 per-

379 4020 592 4074 cussisti
616 4018 827 4087 quidem
858 4019 1092 4072 animum
1117 4058 1132 4082 ,
1161 4015 1255 4069 sed
1285 4015 1404 4084 quia
1433 4013 1520 4067 vix
1560 4020 1761 4066 tantum
1793 4013 1960 4066 sacri-

381 4113 576 4182 legium
625 4111 780 4165 fidem
829 4120 1096 4173 meretur,
1145 4107 1268 4178 quid
1314 4106 1514 4166 dixeris
1558 4105 1885 4174 ambigamus
1914 4105 1956 4157 ⁸.

381 4204 590 4259 Scimus
613 4203 752 4258 enim
783 4202 1102 4272 homonyme
1129 4198 1367 4266 usurpari
1389 4211 1580 4250 nomen
1627 4195 1729 4250 hoc
1754 4210 1909 4264 posse
1940 4212 1955 4248 :

384 4294 520 4350 Sunt
548 4294 734 4363 quippe
770 4293 842 4345 dii
881 4291 1028 4346 multi
1069 4300 1114 4344 et
1149 4288 1340 4359 domini
1386 4287 1564 4350 multi;
1609 4285 1749 4338 nobis
1793 4295 1960 4340 tamen

384 4400 516 4437 unus
540 4392 610 4438 est
643 4382 778 4434 Deus
823 4379 977 4434 Pater
1005 4395 1068 4434 ea:
1091 4394 1190 4446 quo
1215 4377 1409 4440 omnia,
1435 4385 1480 4428 et
1510 4392 1640 4428 unus
1667 4384 1740 4428 est
1776 4374 1959 4427 Domi-

383 4489 480 4525 nus
502 4471 655 4544 λειω
679 4470 906 4526 Christus
935 4486 1022 4541 per
1045 4485 1192 4540 quem
1210 4468 1380 4520 omnia
1413 4466 1455 4536 (1
1476 4465 1593 4520 Cor.
1608 4481 1718 4529 vut,
1749 4466 1784 4522 5
1807 4477 1853 4519 et
1879 4463 1956 4537 6).

381 4563 555 4630 Quem
588 4563 746 4632 igitur
778 4563 940 4617 Deum
967 4561 1019 4614 in
1075 4561 1277 4615 crimen
1330 4573 1490 4614 vocas
1517 4559 1572 4610 "?
1603 4557 1698 4611 IIic
1735 4567 1818 4618 tu,
1869 4573 1959 4612 sa-

385 4654 581 4710 cerdos
623 4653 1020 4722 religiosissime
1041 4694 1055 4716 ,
1096 4652 1384 4720 rhetorque
1419 4649 1725 4704 doctissime
1746 4689 1759 4713 ,
1791 4649 1958 4703 exha-

383 4748 464 4798 tas
489 4744 694 4798 tristius
734 4752 788 4798 et
816 4743 1084 4798 horridius
1105 4741 1338 4811 aliquid,
1369 4755 1526 4810 quam
1565 4739 1648 4794 vel
1687 4740 1957 4794 Amsancti

387 4835 542 4890 vallis
567 4835 607 4897 ⁸,
639 4834 722 4889 vel
751 4843 938 4904 puteus
961 4833 1154 4887 Averni
1178 4872 1193 4898 ,
1227 4834 1334 4887 imo
1361 4831 1637 4887 scelestius
1661 4846 1818 4901 quam
1845 4833 1958 4902 ipsa

445 4971 461 5000 ¹
502 4969 576 5016 sic
595 4974 703 5016 Mss.
729 4973 776 5015 to
805 4967 958 5030 vign.,
982 4971 1264 5030 mereretur.

447 5032 464 5059 ’
501 5036 609 5077 Mss.
637 5036 747 5077 \tar.
773 5036 825 5078 et
853 5026 1245 5088 ﬁort.,gravabit.

447 5092 466 5120 ³
503 5093 577 5138 sic
599 5096 703 5137 Mss.
725 5096 778 5150 Art
801 5089 914 5138 editi
937 5123 952 5147 ,
975 5087 1269 5150 etM/uituli.

445 5152 467 5181 δ
503 5145 946 5222 Editi,_delinquere'
971 5145 1147 5212 potuit,
1189 5151 1382 5209 omisso,
1419 5145 1520 5207 vel,
1545 5147 1672 5209 quod
1710 5155 1870 5200 exstat
1911 5153 1960 5201 in

380 5217 776 5334 Ηώέηιξιεὲξιᾘᾶῗε,
796 5270 1071 5333 respondes.
1097 5271 1382 5334 vignierius,
1407 5270 1712 5330 respondeas.
1754 5278 1809 5320 Αι
1833 5279 1959 5332 Mss,

382 5331 692 5389 respondens.
878 5331 883 5333 ’

447 5393 468 5456 ξ
503 5393 639 5456 solus
661 5395 815 5456 viso...
843 5390 1143 5456 φηοίςίηηιεο

449 5455 468 5483 τ
506 5453 654 5502 Editi:
681 5448 810 5511 eiad
842 5448 1019 5516 igituf,
1064 5463 1212 5502 neum
1246 5448 1585 5504 inexorabilem
1612 5465 1748 5503 vocas
1767 5451 1793 5504 .9
1821 5457 1965 5506 Casti-

452 5522 560 5562 utur
587 5515 646 5562 ad
668 5521 773 5563 Mss.
797 5521 906 5562 Mar.
934 5522 986 5563 et
1007 5523 1127 5564 Port.
1342 5549 1346 5552 ~

383 5522 560 5584 gantut‘
587 5522 646 5562 ad
668 5522 773 5563 Mss.
797 5522 906 5562 Mar.
934 5522 986 5563 et
1007 5523 1127 5564 Port.
1342 5549 1346 5552 .

449 5575 470 5605 ⁸
507 5576 1056 5644 nguieriusmonsensis
1101 5575 1252 5644 vallis.
1280 5584 1351 5644 _At
1395 5585 1498 5644 Mss.
1541 5580 1652 5644 Mar.
1705 5582 1756 5626 et
1804 5585 1928 5644 P_0t'_'t.
1947 5612 1962 5637 ,

391 5636 630 5702 Amsancti
651 5635 800 5685 vallis.
844 5643 987 5685 lacus
1017 5646 1092 5686 est
1109 5699 1117 5702 Α
1123 5639 1175 5702 in
1213 5637 1340 5688 Italia
1366 5641 1490 5702 apud
1521 5640 1740 5700 Hirpinos
1769 5635 1964 5702 sulphu-

395 5705 511 5752 reas
547 5695 736 5754 habens
775 5709 951 5759 aquas,
997 5698 1306 5760 pestilentem
1349 5695 1545 5750 odorem
1575 5695 1630 5749 ac
1665 5695 1962 5749 mortiferum

1714 291 1913 346 LIBER
1952 268 2224 349 PRIMUS.

3469 288 3605 342 1070

2035 403 2089 456 in
2118 401 2202 457 his
2227 399 2359 456 locis
2387 400 2645 456 idolorum
2675 402 2879 456 cultura
2911 400 3270 456 commiserat.
3299 395 3473 463 Deus,
3505 400 3605 463 ais,

2035 494 2148 562 ipse
2173 491 2262 562 qui
2286 491 2621 546 commendat
2662 505 2810 546 suam
2832 490 3142 546 charitatcm
3171 490 3223 543 in
3247 488 3402 544 nobis
3428 486 3604 559 (Rom.

2033 601 2069 640 v
2088 626 2103 650 ,
2129 583 2215 656 8),
2244 585 2330 653 qui
2353 584 2535 638 dilexit
2562 597 2690 646 nos,
2722 591 2775 636 et
2797 581 2932 637 Filio
2956 596 3054 636 suo
3081 595 3186 636 non
3217 579 3482 650 pepercit,
3510 580 3606 642 sed

2037 690 2133 743 pro
2161 673 2313 727 nobis
2356 674 2500 727 illum
2531 672 2742 728 tradidit
2769 672 2879 745 (Id.
2908 689 2994 728 vtu
3016 713 3032 738 ,
3059 672 3150 741 32)
3170 712 3186 739 ,
3216 671 3328 741 ipse
3365 671 3442 724 sic
3462 669 3604 740 judi-

2037 775 2120 819 cat
2140 805 2154 829 ,
2184 763 2296 833 ipse
2317 774 2400 819 est
2444 765 2771 818 nascentium
2813 775 3155 832 persecutor,
3188 763 3302 830 ipse
3346 775 3444 831 pro
3471 761 3604 814 mala

2036 853 2309 906 voluntate
2353 852 2570 906 aeternis
2597 852 2802 921 ignibus
2844 852 3091 920 parvulos
3119 849 3316 914 tradit,
3348 864 3480 920 quos
3509 863 3603 903 nec

2040 945 2229 996 bonam
2250 984 2265 1009 ,
2299 957 2396 996 nec
2424 944 2612 996 malam
2645 943 2968 996 voluntatem
2995 943 3096 996 scit
3125 941 3321 996 habere
3351 941 3604 1009 potuisse.

2044 1034 2166 1089 Post
2195 1034 2330 1088 hanc
2356 1048 2482 1103 ergo
2527 1034 2870 1099 sententiam,
2911 1041 3015 1086 tam
3043 1033 3323 1087 immanem
3346 1074 3359 1098 ,
3391 1042 3497 1087 tam
3526 1048 3611 1088 sa-

2040 1125 2326 1194 erilcgam,
2371 1133 2478 1178 tam
2510 1123 2805 1189 funestam,
2855 1125 2900 1177 si
2947 1123 3088 1177 sanis
3125 1123 3390 1192 judicibus
3431 1118 3612 1178 utere-

2043 1230 2196 1276 mur,
2243 1214 2372 1267 nihil
2420 1222 2613 1282 praeter
2651 1213 3066 1268 exsecrationem
3109 1214 3181 1266 tui
3217 1211 3417 1267 referre
3453 1213 3613 1267 debo—

2043 1321 2176 1364 rem.
2204 1305 2349 1359 Justa
2381 1306 2397 1337 ¹
2425 1305 2566 1359 enim
2589 1346 2601 1369 ,
2647 1315 2699 1358 ct
2732 1304 2984 1372 probabili
3010 1304 3296 1374 gravitate,
3339 1304 3608 1372 indignum

2045 1405 2096 1450 te
2122 1395 2473 1464 disputatione
2499 1410 2770 1450 censerem
2793 1437 2806 1460 ,
2835 1395 2924 1465 qui
2951 1409 3015 1448 eo
3042 1409 3207 1464 usque
3228 1394 3296 1448 ab
3318 1394 3571 1463 religione
3595 1435 3610 1460 ,
3647 1417 3650 1420 ’

2044 1487 2112 1541 ab
2134 1487 2429 1542 eruditione
2449 1527 2462 1550 ,
2492 1501 2518 1537 a
2558 1487 2925 1542 communibus
2953 1494 3222 1554 postremo
3247 1485 3491 1540 sensibus
3515 1499 3612 1535 au.

2048 1577 2298 1645 fugisscs,
2330 1586 2386 1629 ut
2416 1577 2552 1643 quod
2581 1577 2662 1629 vix
2687 1575 2790 1628 ulla
2830 1574 3130 1641 barbaries,
3162 1573 3440 1628 Dominum
3469 1579 3614 1636 luunt

2045 1669 2386 1722 criminosum
2406 1676 2636 1736 putares.

2116 1759 2250 1814 Avo.
2285 1757 2400 1811 Non
2444 1767 2525 1812 est
2567 1771 2848 1827 magnum,
2893 1755 3034 1826 quod
3077 1755 3226 1810 vides
3270 1770 3375 1811 non
3423 1755 3619 1810 habere

2049 1848 2292 1918 parvulos
2315 1849 2576 1917 prepriam
2603 1848 2923 1902 voluntatem
2952 1847 3016 1900 ad
3045 1847 3344 1916 eligendum
3384 1847 3579 1901 bonum
3605 1890 3615 1910 ,

2047 1939 2131 1992 vel
2161 1938 2376 1992 malum.
2414 1937 2544 1992 Illud
2578 1938 2762 1992 vellem
2803 1937 3010 1992 videres
3033 1979 3046 2000 ,
3070 1936 3209 2006 quod
3231 1935 3357 1990 vidit
3377 1935 3467 2005 qui
3483 1938 3618 1990 scri-

2048 2029 2184 2082 bcns
2223 2028 2289 2082 ad
2314 2028 2565 2082 Hebrmos
2602 2027 2772 2094 dixit,
2819 2028 2980 2080 tilium
3024 2027 3187 2084 Israel
3215 2027 3341 2081 Levi
3383 2026 3438 2082 iu
3478 2027 3617 2087 lum-,-

2051 2118 2173 2171 bis’
2201 2117 2466 2171 Abraham
2506 2117 2671 2186 patris
2709 2118 2789 2171 sui
2814 2116 3008 2180 fuisse,
3051 2116 3260 2185 quando
3297 2126 3380 2172 est
3402 2116 3490 2170 ille
3526 2117 3623 2170 de.

2053 2207 2277 2264 ciniatus
2294 2215 2391 2272 ,-et
2418 2206 2537 2261 ideo
2558 2207 2714 2261 etiam
2743 2206 2900 2261 istum
2923 2207 2975 2260 in
2999 2206 3088 2260 illo
3117 2205 3276 2260 fuisse
3301 2205 3619 2261 decimatum

2053 2295 2236 2366 (Hebr.
2269 2312 2370 2363 vu,
2396 2296 2463 2362 9,
2494 2295 2602 2367 ιο).
2648 2295 2729 2356 Ad
2757 2296 2858 2350 hoc
2895 2296 2939 2350 si
2972 2296 3192 2350 haberes
3232 2295 3444 2350 oculum
3481 2295 3626 2349 ebri-

2051 2389 2278 2442 stianum
2300 2429 2315 2453 ,
2347 2386 2452 2448 ﬁde
2475 2402 2723 2443 cerneres
2743 2428 2758 2453 ,
2791 2387 2836 2440 si
2879 2387 3220 2457 intelligentia
3245 2403 3350 2442 non
3384 2388 3589 2442 valeres
3607 2429 3622 2454 ,

2053 2477 2106 2532 in
2134 2478 2327 2533 lumbis
2364 2477 2535 2533 Adam
2573 2477 2738 2532 fuisse
2766 2493 2954 2534 omnes
2979 2478 3070 2548 qui
3093 2494 3156 2532 ex
3189 2478 3281 2533 illo
3306 2477 3511 2534 fuerant
3531 2494 3628 2549 per

2052 2569 2537 2639 concupiscentiam
2581 2569 2759 2623 carnis
2793 2568 3014 2635 orituri;
3066 2583 3256 2639 quam,
3298 2580 3418 2640 post
3442 2584 3630 2639 peccav

2055 2669 2162 2716 tum
2182 2701 2198 2727 ,
2230 2675 2336 2730 quo
2360 2660 2437 2715 illi
2457 2674 2553 2716 sua
2590 2659 2804 2715 auditas
2831 2661 3064 2716 nuntiata
3095 2668 3206 2726 est,
3246 2659 3446 2726 sensit,
3476 2675 3630 2730 aspc-

2053 2753 2130 2806 xit
2148 2793 2162 2814 ,
2191 2753 2430 2815 erubuit,
2463 2751 2692 2822 operuit.
2719 2750 2872 2808 Unde
2897 2753 3210 2807 Ambrosius
3237 2752 3422 2809 doctor
3442 2767 3592 2808 meus
3613 2796 3628 2821 ,

2055 2843 2131 2897 tui
2156 2858 2366 2913 quoque
2394 2843 2627 2898 doctoris
2659 2843 2979 2898 excellenter
2997 2858 3092 2898 ore
3118 2844 3398 2899 laudatus:
3427 2863 3445 2897 ι
3477 2843 3630 2912 Quod

2055 2933 2212 3004 igitur
2250 2937 2461 3005 gravius
2486 2943 2598 3001 est,
2629 2955 2649 2988 ι
2680 2935 2878 3006 inquit,
2905 2953 2926 2989 ι
2961 2935 3060 2991 hac
3084 2951 3144 2992 se
3172 2937 3340 2991 Adam
3371 2937 3631 3008 interpre-

2059 3025 2257 3079 tatione
2293 3025 2581 3090 succinxit,
2627 3040 2693 3080 eo
2722 3026 2856 3090 loci,
2887 3027 2976 3085 ubi
3005 3026 3176 3082 fructu
3206 3028 3375 3098 magis
3410 3028 3629 3084 castita-

2059 3116 2126 3170 tis
2166 3129 2226 3170 se
2265 3116 2574 3186 succingere
2618 3115 2908 3170 debuisset.
2950 3117 3009 3171 In
3048 3117 3242 3172 lumbis
3265 3119 3406 3173 enim
3443 3120 3645 3188 quibus

2060 3206 2433 3276 praecingimur
2452 3248 2467 3269 ,
2495 3207 2734 3275 qumdam
2775 3207 2977 3263 semina
3003 3209 3362 3278 generationis
3385 3224 3505 3266 esse
3546 3209 3631 3274 di?

2058 3309 2265 3353 cuntur.
2301 3300 2369 3352 Et
2393 3299 2512 3353 ideo
2537 3299 2674 3354 male
2715 3299 2785 3354 ibi
2817 3300 3115 3354 succinctus
3159 3301 3326 3354 Adam
3374 3300 3511 3356 foliis
3547 3301 3633 3355 ἰιιτ

2060 3388 2305 3451 utilibus,
2333 3388 2420 3442 ubi
2451 3387 2638 3443 futura:
2678 3390 3034 3458 generationis
3071 3405 3174 3445 non
3218 3389 3444 3446 fructum
3491 3391 3634 3446 futuo

2061 3492 2178 3532 rum
2201 3518 2214 3540 ,
2244 3477 2338 3532 sed
2383 3478 2624 3547 quatdam
2659 3488 2872 3547 peccata
2903 3480 3135 3550 signaret
3168 3500 3186 3533 ι
3216 3479 3316 3553 (De
3338 3479 3591 3538 Paradiso
3617 3527 3632 3550 ,

2059 3585 2172 3638 cap.
2200 3569 2310 3638 I5).
2357 3568 2544 3623 Merito
2593 3570 2754 3624 etiam
2781 3570 2937 3636 dicit,
2978 3570 3117 3640 quod
3159 3572 3317 3640 paulo
3357 3582 3479 3628 ante
3519 3589 3634 3628 me-

2059 3661 2264 3714 moravi
2297 3675 2311 3712 :
2339 3678 2359 3711 ι
2395 3660 2514 3714 Fuit
2539 3661 2728 3728 Adam,
2751 3670 2804 3717 et
2845 3662 2897 3716 in
2925 3663 3012 3717 illo
3039 3662 3231 3717 fuimus
3258 3679 3481 3730 omnes;
3511 3682 3635 3736 perv

2062 3749 2120 3802 iit
2141 3749 2329 3812 Adam,
2359 3759 2413 3802 et
2437 3751 2488 3803 in
2518 3750 2610 3805 illo
2634 3754 2818 3805 omnes
2850 3753 3136 3820 perierunt.
3166 3772 3184 3805 ι
3207 3753 3317 3808 [Ioc
3339 3765 3394 3809 tu
3416 3769 3520 3811 non
3551 3759 3634 3811 vi-

2062 3839 2214 3904 dens,
2241 3839 2366 3893 tuibi
2393 3854 2564 3894 czccus
2588 3841 2818 3895 oblatras
2843 3858 2854 3892 :
2879 3841 2971 3895 sed
2999 3842 3048 3895 iu
3071 3858 3175 3905 me,
3202 3845 3450 3913 quidquid
3482 3847 3635 3912 dicis,

2059 3928 2300 4005 profecto
2335 3939 2388 3982 et
2418 3931 2468 3982 in
2509 3929 2678 3999 ipsum
2709 3929 2859 3983 dicis.
2883 3929 3092 3984 Utinam
3111 3946 3238 4000 ergo
3262 3933 3330 3986 ita
3363 3934 3489 3987 mihi
3516 3951 3636 3989 eum

2064 4021 2156 4074 illo
2176 4033 2455 4074 commune
2471 4020 2539 4074 sit
2563 4019 2856 4088 praemium,
2879 4020 3120 4074 sicutabs
3141 4029 3192 4074 te
3217 4023 3372 4076 audio
3399 4037 3517 4077 cum
3546 4025 3639 4079 illo

2063 4123 2342 4165 commune
2357 4109 2674 4163 convicium.
2705 4108 2840 4177 Quid
2866 4116 2950 4164 est
2985 4111 3125 4179 quod
3146 4113 3372 4174 clamas,
3396 4121 3448 4167 et
3481 4113 3638 4187 dicis,

2069 4219 2088 4252 ι
2117 4200 2172 4256 Si
2196 4200 2338 4254 sanis
2355 4198 2622 4267 judicibus
2643 4207 2932 4262 uteremur,
2956 4200 3086 4255 nihil
3105 4211 3294 4269 praeter
3319 4205 3640 4270 exsecratio-

2062 4305 2183 4346 nem
2211 4289 2286 4344 tui
2314 4288 2512 4344 referre
2549 4289 3183 4344 deberemhpossumne
3218 4299 3389 4345 tecum
3423 4293 3638 4364 largius,

2063 4382 2464 4448 beneﬁcentius,
2485 4381 2752 4436 liberalius
2767 4397 2944 4450 agere.
2959 4395 3115 4451 quam
3129 4391 3185 4436 ut
3205 4382 3374 4452 ipsum
3393 4385 3530 4441 inter
3543 4403 3642 4441 nos

2063 4473 2377 4529 constituam
2400 4473 2664 4542 judicem,
2690 4471 2756 4526 de
2775 4487 2882 4541 quo
2914 4472 2985 4526 tui
3011 4473 3246 4529 doctoris
3266 4474 3462 4546 Pelagii
3498 4477 3642 4546 judi-

2064 4566 2203 4619 cium
2238 4563 2349 4634 jam
2398 4563 2788 4618 tenemus‘i'En
2814 4563 2962 4619 adeSt
3001 4564 3122 4629 ille,
3169 4565 3256 4636 qui
3287 4567 3426 4623 inter
3460 4568 3640 4625 latina;

2066 4655 2258 4724 lingua:
2284 4655 2572 4725 scriptores
2591 4696 2605 4718 ,
2633 4653 2732 4710 llos
2757 4655 2969 4724 quidam
2997 4657 3272 4726 speciosus
3297 4660 3516 4727 enituit,
3544 4677 3640 4717 cu-

2061 4745 2148 4814 jus
2179 4745 2366 4811 tidem,
2407 4755 2461 4800 et
2507 4747 2846 4814 purissimum
2887 4746 2937 4800 in
2977 4745 3265 4818 Scripturis
3303 4765 3518 4806 sensum
3568 4768 3636 4807 ne

2066 4835 2310 4889 inimicus
2348 4834 2562 4903 quidem
2601 4849 2760 4890 ausus
2801 4845 2882 4891 est
2911 4837 3321 4906 reprehendere.
3355 4839 3466 4895 Hoc
3490 4841 3641 4897 Pela-

2064 4925 2181 4994 gius
2219 4924 2284 4978 de
2310 4925 2595 4980 Ambrosio
2621 4925 2872 4994 judicavit
2899 4925 3193 4996 (Pelagius,
3237 4928 3300 4982 de
3327 4929 3508 4986 Libero
3541 4934 3638 4986 Ar-

2068 5016 2213 5070 bitrio
2232 5056 2248 5083 ,
2277 5017 2363 5069 lib.
2393 5017 2469 5085 5).
2509 5016 2644 5086 Quid
2680 5033 2807 5087 ergo
2839 5017 2906 5072 de
2931 5016 3034 5073 hoc
3057 5019 3196 5087 quod
3236 5021 3376 5077 inter
3404 5039 3502 5079 nos
3532 5027 3634 5094 agi-

2069 5116 2182 5172 tur,
2205 5107 2457 5175 judicavit
2485 5108 2834 5161 Ambrosius?
2866 5109 2981 5164 Dixi
3010 5111 3252 5179 superius
3278 5113 3393 5182 ejus
3430 5116 3497 5169 de
3520 5131 3652 5184 ρειγν

2067 5208 2188 5250 cato
2217 5197 2462 5267 originali
2502 5198 2617 5251 sine
2662 5197 2764 5250 ulla
2805 5198 3121 5254 obscuritate
3173 5202 3254 5257 vel
3295 5205 3635 5272 ambiguitate

2068 5288 2356 5343 sententias
2401 5304 2415 5339 :
2458 5286 2550 5340 sed
2593 5287 2637 5340 si
2666 5302 2850 5355 parum
2897 5295 3010 5354 est,
3060 5289 3235 5346 adhuc
3275 5293 3418 5346 audi.
3451 5310 3470 5343 ε
3507 5292 3631 5345 Om-

2067 5461 2338 5528 spit-autes,
2376 5460 2440 5509 de
2481 5472 2577 5528 quo
2618 5461 2867 5528 Virgilius,
2901 5460 2987 5528 lib.
3032 5464 3069 5528 7_
3097 5462 3313 5523 .Eneid.,
3351 5475 3479 5514 vers.
3521 5465 3633 5528 563,

2068 5521 2184 5580 570,
2213 5529 2264 5569 et
2283 5523 2445 5570 Cicero
2461 5558 2474 5576 ,
2495 5521 2559 5570 de
2584 5521 2878 5572 Divinatione
2897 5558 2913 5582 ,
2936 5523 3022 5572 lib.
3054 5525 3094 5572 l.

2135 5583 2148 5646 ι
2185 5583 2261 5646 sic
2280 5590 2389 5646 uss1
2400 5583 2516 5646 βώιί
2540 5597 2656 5632 vero
2671 5618 2686 5646 ,
2698 5584 2903 5646 justitia.

2133 5645 2152 5672 ι
2185 5618 2516 5752 uigilias;
2533 5618 3046 5696 [JaZIe’rJ’ii‘ibnoe
3086 5643 3403 5698 Emendantur
3440 5661 3500 5698 ex
3535 5659 3630 5704 mar

2133 5717 2260 5752 lSCI‘Iti
2286 5717 2344 5752 IS.

2072 5716 2344 5767 nuscnpus.
