4008 6178
363 322 489 381 1071

365 469 496 522 nes,
536 471 556 506 ι
588 451 787 523 inquit,
808 468 837 503 -ι
867 447 967 504 sub
992 452 1212 517 peccato
1240 439 1541 504 nascimur,
1583 449 1810 507 quorum
1834 432 1946 502 ipse

361 556 510 602 ortus
537 545 590 599 in
606 543 736 599 vitio
765 550 845 597 est
871 559 889 593 ι
918 535 1233 610 (Ambrosius
1252 573 1268 598 ,
1294 533 1357 586 de
1388 528 1720 592 Ρωιιὶιειιιὶα,
1760 525 1848 579 lib.
1880 524 1900 578 i
1930 562 1947 588 ,

362 656 476 710 cap.
498 636 535 691 2
557 635 634 691 uel
656 633 738 706 5).
791 629 930 701 Quid
966 628 1032 684 ad
1076 627 1177 681 ista
1216 619 1546 693 respondes?
1581 612 1674 674 illa
1721 616 1788 671 de
1818 617 1945 669 Am-

362 728 543 783 brosio
566 724 702 782 dixit
738 720 995 794 praeclara
1025 716 1302 786 Pelagius;
1325 712 1553 780 istapro
1578 722 1665 762 me
1688 714 1871 760 contra
1900 711 1951 759 te

365 817 645 874 manifesta
669 809 1029 885 pronuntiavit
1070 804 1385 874 Ambrosius
1416 820 1430 856 :
1459 802 1618 855 istum
1663 796 1953 867 reprelien-

363 908 433 963 de
459 907 528 962 de
547 920 652 975 quo
679 902 805 958 dicit
844 899 1098 971 magister
1120 906 1241 950 tuus
1258 937 1275 962 ,
1303 892 1443 964 quod
1465 905 1588 946 eum
1617 902 1685 943 ne
1710 886 1955 942 inimicus

365 997 580 1068 quidem
608 1007 770 1048 ausus
800 998 884 1046 est
912 984 1342 1059 reprehendere;
1370 992 1425 1038 et
1444 980 1534 1052 qui
1561 992 1722 1034 sanos
1744 976 1956 1047 judices

367 1065 600 1158 timeris,
645 1083 806 1138 istum
846 1095 982 1154 nega
1025 1091 1249 1142 sanum,
1291 1084 1351 1129 ut
1392 1084 1445 1128 te
1474 1072 1629 1143 plane
1660 1065 1957 1158 profitearis

371 1157 639 1231 insanum.
671 1172 778 1228 Sed
820 1168 1111 1241 indignaris
1139 1166 1303 1222 homo
1328 1162 1629 1234 piissimus,
1669 1157 1811 1230 quod
1830 1171 1959 1227 par-

369 1269 479 1324 vuli
510 1282 616 1320 non
646 1264 815 1320 renati
838 1304 854 1330 ,
894 1262 939 1317 si
968 1260 1265 1315 moriantur
1298 1263 1424 1310 ante
1452 1251 1682 1323 propriae
1711 1248 1957 1317 volunta-y

373 1361 443 1413 tis
499 1356 815 1422 arbitrium,
859 1360 1077 1423 propter
1121 1350 1293 1403 aliena
1331 1346 1577 1401 dicantur
1600 1347 1816 1411 peccata
1859 1337 1959 1391 da-

369 1449 574 1513 mnari,
615 1447 682 1500 ah
737 1459 803 1499 eo
845 1443 937 1513 qui
975 1436 1316 1497 connuendat
1352 1434 1668 1490 cbaritatem
1702 1441 1852 1484 suam
1907 1427 1961 1481 in

372 1539 560 1605 nobis,
591 1537 683 1608 qui
727 1534 912 1608 dilexit
948 1545 1082 1599 nos,
1133 1538 1189 1585 et
1240 1527 1375 1582 Filio
1422 1538 1519 1579 suo
1536 1538 1652 1577 non
1681 1517 1959 1591 pepercit,

371 1628 466 1685 sed
498 1602 779 1698 pro-nobis
821 1602 970 1679 illum
1014 1620 1270 1677 tradidit:
1304 1617 1454 1688 quasi
1499 1628 1605 1670 non
1634 1614 1701 1668 de
1727 1612 1817 1667 illo
1840 1624 1966 1681 gra-

372 1721 489 1775 vius
528 1725 922 1788 conquerantur
964 1713 1112 1769 stulti
1141 1721 1195 1766 et
1233 1707 1433 1764 indocti
1469 1706 1677 1762 similes
1718 1704 1828 1765 tui,
1872 1701 1962 1772 qui

376 1809 593 1875 dicunt,
644 1806 834 1878 thuid
877 1816 1059 1870 creat,
1107 1816 1242 1872 quos
1279 1799 1476 1869 impios
1520 1796 1731 1851 futuros
1773 1802 1828 1849 et
1873 1792 1965 1848 da—

375 1899 638 1955 mnandos
665 1911 784 1952 esse
801 1892 1100 1966 prmscivit?
1130 1889 1326 1961 thuid
1364 1903 1459 1944 eos
1485 1896 1772 1958 postremo,
1796 1882 1969 1938 donec

376 1991 445 2047 ad
469 1991 794 2061 impietatem
821 1984 1177 2041 damnabilem
1204 1981 1518 2052 perveniant
1546 1980 1586 2045 ί,
1615 1976 1743 2032 facit
1766 1976 1965 2041 vivere,

380 2096 517 2152 quos
555 2089 840 2149 antequam
887 2075 1022 2130 tales
1065 2075 1086 2105 ⁸
1130 2071 1351 2135 fierent,
1398 2085 1464 2125 ex
1501 2068 1604 2122 hac
1640 2067 1749 2121 vita
1790 2074 1966 2135 posset

378 2171 621 2236 auferre;
668 2169 713 2224 si
745 2169 954 2222 animas
997 2171 1175 2230 amat,
1205 2162 1249 2216 si
1277 2158 1618 2216 commendat
1658 2157 1967 2213 ebaritatcm

378 2276 530 2318 suam
553 2261 604 2314 in
624 2257 801 2322 nobis,
820 2256 864 2311 si
883 2254 1020 2310 Filio
1038 2268 1136 2309 suo
1161 2267 1267 2306 non
1297 2250 1566 2321 pepercit;
1587 2247 1680 2303 sed
1701 2262 1795 2317 pro
1816 2247 1973 2302 nobis

379 2350 631 2406 omnibus
661 2346 879 2403 tradidit
916 2343 1080 2399 eum?
1105 2341 1310 2409 Quibus
1335 2341 1379 2393 si
1407 2339 1636 2404 dicatur,
1661 2336 1705 2390 0
1727 2337 1900 2399 homo,
1917 2344 1972 2387 tu

380 2441 491 2512 quis
514 2455 566 2493 es
583 2438 669 2510 qui
688 2436 990 2508 respondeas
1018 2432 1126 2487 Deo
1149 2431 1322 2500 (Rom.
1351 2445 1426 2494 ix,
1457 2429 1590 2500 20)?
1615 2427 1975 2481 lnscrutabilia

380 2510 498 2585 sunt
523 2528 726 2600 judicia
745 2528 854 2597 ejus
875 2523 983 2601 (λιι.
1020 2538 1095 2588 si,
1112 2521 1205 2593 53)
1236 2539 1250 2576 :
1274 2522 1575 2576 irascuntur
1596 2518 1791 2589 potius,
1813 2533 1973 2588 quam

383 2622 688 2685 mitescunt.
709 2617 815 2673 Sed
836 2616 983 2670 novit
1011 2614 1265 2668 Dominus
1281 2612 1369 2682 qui
1393 2619 1517 2666 sunt
1534 2610 1652 2681 ejus
1670 2610 1740 2682 (ll
1761 2608 1893 2663 Tim.
1912 2624 1970 2674 ιι,

386 2713 497 2784 i9).
522 2711 579 2765 Si
606 2725 734 2781 ergo
762 2706 1186 2779 sauisjudicibus
1210 2705 1284 2759 uti
1304 2704 1478 2774 cupis,
1494 2703 1619 2757 audi
1641 2702 1874 2773 judicem
1890 2715 1977 2756 sa-

386 2818 514 2858 num
544 2798 884 2871 singulariter
911 2812 941 2850 a
972 2804 1063 2851 tuo
1106 2794 1326 2850 doctore
1367 2792 1662 2847 laudatum.
1694 2810 1715 2844 ι
1742 2790 1901 2855 Fuit,
1949 2806 1971 2843 ι

386 2895 575 2966 inquit,
598 2911 618 2945 ι
646 2891 835 2956 Adam,
858 2890 986 2945 etin
1009 2888 1103 2943 illo
1124 2886 1323 2942 fuimus
1344 2899 1568 2950 omnes;
1600 2884 1757 2955 periit
1782 2883 1973 2947 Adam,

387 2998 444 3044 et
486 2987 542 3042 in
586 2984 679 3040 illo
706 2995 896 3038 omnes
942 2978 1236 3052 perierunt.
1274 2996 1294 3030 ι
1321 2975 1428 3032 Sed
1459 2974 1726 3047 peccatis,
1766 2973 1976 3044 inquis,

388 3077 577 3133 alienis
606 3090 712 3130 non
751 3073 930 3143 utique
981 3070 1158 3142 perire
1202 3068 1519 3125 debuerunt.
1582 3065 1769 3120 Aliena
1815 3073 1973 3129 sunt,

388 3172 483 3228 sed
537 3178 756 3241 paterna
801 3174 966 3221 sunt:
999 3178 1063 3218 ae
1083 3177 1185 3233 per
1211 3161 1315 3216 hoc
1354 3160 1477 3231 jure
1503 3156 1869 3215 seminationis
1898 3163 1980 3210 at-

388 3279 494 3336 que
542 3256 952 3334 germinationis
1001 3263 1056 3311 ct
1094 3263 1275 3309 nostra
1302 3260 1445 3308 sunt.
1474 3250 1606 3319 Quis
1626 3250 1695 3305 ab
1723 3248 1823 3304 hac
1852 3264 1978 3319 per-

388 3355 592 3410 ditione
632 3351 856 3414 liberat,
903 3347 1004 3402 nisi
1057 3345 1151 3416 qui
1204 3344 1349 3399 venit
1393 3357 1635 3413 quaerere
1674 3341 1817 3411 quod
1856 3355 1980 3411 per-

393 3448 529 3507 ierat
574 3441 726 3513 (Luc.
777 3455 906 3502 XIX,
953 3435 1081 3510 to)?
1119 3435 1178 3491 ia
1200 3437 1279 3491 eis
1307 3448 1435 3506 ergo
1459 3448 1592 3504 quos
1617 3432 1836 3499 liberat,
1861 3447 1981 3486 am-

394 3537 694 3608 plectamur
733 3527 1154 3585 misericordiam
1199 3525 1300 3579 :in
1348 3525 1426 3579 eis
1472 3532 1651 3579 autem
1695 3538 1830 3593 quos
1873 3538 1980 3579 non

394 3628 615 3689 liberat,
641 3634 994 3693 agnoscamus
1015 3617 1271 3688 judicium
1292 3613 1711 3671 occultissimum
1741 3613 1979 3685 quidem,

393 3715 488 3777 Sed
516 3714 633 3770 sine
657 3712 765 3768 ulla
792 3709 1122 3765 dubitatione
1144 3707 1516 3777 iustissimum.

465 3803 655 3862 XLIX;
681 3802 803 3859 Jun.
832 3801 1103 3871 Pugnasse
1121 3797 1337 3869 quidem
1365 3796 1387 3828 ³
1415 3812 1537 3852 cum
1566 3794 1808 3866 principe
1835 3804 1985 3851 tene-

395 3901 609 3955 brarum
649 3895 808 3950 deum
839 3892 1007 3957 lucis,
1047 3888 1372 3945 Maniehteus
1403 3887 1581 3955 finxit,
1624 3895 1678 3942 et
1717 3885 1983 3949 credidit;

395 3989 741 4059 addiditque,
769 3976 885 4055 ejus
920 3982 1183 4052 captivam
1215 3979 1385 4037 teneri
1425 3980 1479 4035 in
1528 3979 1631 4033 hoc
1675 3977 1809 4032 orbe
1852 3975 1983 4032 sub-

395 4082 646 4139 stantiam
694 4097 707 4134 :
755 4076 851 4133 sed
904 4083 1105 4130 tantam
1154 4072 1523 4129 infelicitatem
1570 4071 1752 4127 colore
1777 4070 1986 4140 pietatis

400 4172 586 4227 nititur
611 4182 877 4225 excusare
897 4206 911 4232 ,
955 4164 1230 4219 afﬁrmans
1260 4163 1283 4194 ‘
1310 4178 1432 4219 eum
1461 4164 1610 4231 quasi
1657 4161 1850 4217 bonum
1888 4175 1986 4230 pro

398 4261 571 4333 patria
605 4259 887 4314 dimicasse
928 4256 1098 4312 civem
1119 4297 1135 4321 ,
1179 4264 1339 4323 atque
1379 4253 1498 4308 ideo
1524 4252 1787 4321 obiecisse
1816 4267 1985 4307 mem-

402 4357 497 4412 bra
516 4394 533 4423 ,
561 4368 628 4409 ne
650 4349 901 4423 perderet
929 4362 1111 4418 regna.
1139 4346 1222 4401 Tu
1247 4345 1336 4415 qui
1362 4345 1480 4399 haec
1497 4344 1791 4411 didiceras,
1818 4359 1987 4414 quan-

401 4431 605 4505 tum’ea
634 4429 720 4502 vel
744 4443 811 4499 ad
840 4453 1050 4512 tempus
1078 4437 1378 4495 deserendo
1400 4436 1691 4508 profeceris
1729 4437 1936 4493 intuere
1966 4453 1983 4492 :

402 4539 568 4597 dicis.
619 4537 786 4593 Deum
817 4531 1189 4589 necessitatem
1238 4545 1347 4585 non
1395 4527 1676 4599 pertulisse
1705 4527 1829 4584 belli
1850 4570 1866 4593 ,
1890 4527 1986 4582 sed

401 4628 730 4700 iniquitatem
748 4624 1030 4683 admisisse
1046 4622 1230 4694 judieii
1247 4637 1263 4688 ;
1282 4635 1382 4677 nec
1403 4619 1699 4677 tenebrosis
1720 4618 1983 4684 hostibus,

404 4719 499 4779 sed
530 4715 826 4788 perSpicuis
860 4714 1138 4783 subjacere
1162 4710 1510 4777 criminibus;
1541 4725 1648 4766 non
1688 4709 1989 4782 impertisse

404 4819 679 4884 postremo
719 4806 1074 4863 substantiam
1111 4818 1297 4868 suam,
1329 4802 1425 4858 sed
1465 4810 1718 4859 aeternam
1760 4803 1988 4858 violasse

398 4903 683 4976 justitiam.
726 4898 845 4968 Quo
890 4898 1009 4969 quis
1053 4904 1289 4953 vestrum
1336 4893 1486 4965 pejor
1526 4894 1600 4949 sit
1627 4894 1669 4959 ⁸,
1698 4893 1818 4949 aliis
1840 4892 1988 4948 :esti-

406 4993 659 5051 mandum
690 4992 954 5062 relinquo.
984 4988 1116 5045 Illud
1148 4996 1324 5042 tamen
1365 4986 1565 5057 liquet,
1600 4984 1667 5040 ad
1696 5000 1861 5040 unum
1892 4999 1986 5040 vos

403 5085 675 5158 opinionis
701 5083 851 5139 nefas
877 5082 1073 5139 redire.
1105 5079 1237 5135 Nam
1268 5089 1323 5135 et
1344 5078 1666 5134 Manichacus
1700 5077 1989 5134 subscribit

405 5177 741 5249 iniquitatem
770 5174 883 5230 Deo
906 5187 1037 5240 suo,
1064 5187 1187 5228 cum
1215 5185 1338 5226 eum
1367 5170 1563 5240 allegat
1585 5168 1980 5235 damnatorum,

444 5328 447 5333 ί
470 5313 488 5344 ⁸
521 5313 597 5361 sic
616 5316 723 5359 Mss.
748 5314 799 5357 In
818 5308 957 5361 vlim.

470 5319 488 5344 ι
521 5319 597 5361 Sic
616 5319 723 5381 Mss.
748 5319 799 5357 ιιι
819 5319 957 5370 vtgn.
973 5340 988 5365 ,
1011 5319 1306 5370 prouentum.
1588 5363 1601 5377 .

469 5375 491 5406 ⁸
522 5378 574 5422 ιιι
591 5370 737 5437 editis
751 5370 980 5437 qmisum
995 5401 1010 5426 ,
1027 5365 1146 5437 tales
1165 5373 1261 5436 {et
1276 5365 1398 5437 Infra
1431 5379 1537 5429 pro,
1557 5379 1601 5415 ss
1621 5364 1808 5436 animus
1828 5371 1986 5437 armi,

406 5441 636 5507 got-rapte
654 5431 930 5496 legebatur,
965 5426 1146 5479 ωιὲιιιαι
1174 5426 1245 5488 is,
1269 5428 1394 5489 apud
1429 5426 1575 5487 item;
1598 5426 1847 5489 animaris,
1864 5429 1989 5491 apud

410 5503 666 5617 "quicum,
692 5563 927 5619 pugnasse
947 5549 990 5603 si
1010 5548 1393 5619 qiiiilennabcst
1409 5584 1424 5609 ,
1461 5549 1506 5601 si
1519 5587 1533 5611 ,
1571 5560 1600 5598 a
1625 5551 1983 5613 manuscriptis.

466 5618 489 5647 ⁸
520 5624 624 5667 Mss.
651 5610 840 5677 alarfet
869 5610 1260 5677 Port.,'a[ﬁr_mal.

465 5679 487 5713 ⁸
521 5679 670 5727 Editi:
698 5674 810 5740 ()us's
833 5671 1039 5740 vestrm):
1067 5671 1207 5740 pejor
1230 5671 1326 5734 sit;
1369 5672 1562 5734 omisso,
1587 5684 1698 5736 quo,
1723 5671 1812 5723 sed
1835 5672 1987 5724 habe-

405 5748 481 5792 tur
505 5740 552 5788 in
575 5738 927 5799 manuscriptis.

1011 5302 1306 5370 prmia"!-

1020 309 1271 369 OPERIS
1310 301 1719 363 [MPERFECTI
1758 298 2031 357 CONTRA
2071 292 2430 362 ιυιλΑΝυιι,
2472 296 2527 351 S.
2572 295 2932 353 AUGUSTINI

3494 288 3632 349 {072

2062 436 2113 485 in
2142 431 2329 486 ultimo
2349 430 2434 486 die
2461 430 2697 484 membra
2732 444 2848 499 qua:
2877 427 3092 483 tradidit
3136 443 3150 479 :
3192 434 3246 481 et
3297 434 3351 480 tu
3395 440 3489 496 per
3536 426 3636 480 hoc

2056 523 2201 578 illum
2245 523 2441 578 asseris
2486 522 2747 578 infelicem
2768 562 2785 587 ,
2817 532 2910 589 pc‘r
2939 517 3079 591 quod
3115 517 3351 588 corrupit
3374 518 3387 547 '
3411 517 3637 588 gloriam

2058 632 2159 687 qua
2189 617 2428 679 cluebat,
2452 623 2506 670 et
2535 613 2901 685 persequendo
2927 610 3282 667 innocentiam
3309 625 3466 680 quam
3488 624 3638 664 crea-

2061 708 2172 772 vit,
2211 705 2442 776 perdidit
2490 705 2750 775 justitiam
2793 721 2895 773 qua
2943 706 3264 759 sacerrimus
3326 703 3441 756 fuit.
3494 702 3640 757 Tan-

2062 806 2173 851 tum
2201 796 2358 867 igitur
2408 795 2565 863 huic,
2617 811 2774 866 quem
2808 804 2862 849 tu
2905 794 3141 859 inducis,
3186 794 3296 848 Deo
3317 834 3331 855 ,
3361 793 3448 846 ille
3479 809 3640 863 quem

2062 887 2314 958 magister
2344 894 2462 940 tuus
2500 894 2837 941 commentus
2870 884 3069 949 fuerat,
3116 883 3429 949 antecellit,
3473 898 3643 954 quan-

2063 987 2171 1034 tum
2194 978 2580 1042 excusabilius,
2611 976 2794 1047 prmlio
2821 984 3124 1045 superatum
3160 989 3281 1030 esse
3311 989 3467 1045 quam
3492 974 3642 1029 vitio.

2133 1069 2267 1124 Ave.
2295 1067 2351 1123 Si
2381 1067 2470 1122 tibi
2500 1068 2670 1136 placet
2692 1067 2993 1121 innocentia
3020 1065 3356 1135 parvulorum
3378 1105 3394 1131 ,
3426 1079 3649 1120 remove

2063 1160 2131 1215 ab
2157 1160 2268 1226 eis,
2318 1159 2363 1214 si
2394 1167 2573 1228 potes,
2615 1173 2777 1227 grave
2811 1157 2994 1228 jugum
3024 1156 3166 1227 quod
3209 1167 3479 1227 est‘supcr
3507 1157 3649 1212 ﬁlios

2065 1252 2234 1307 Adam
2274 1266 2304 1305 ιι
2339 1251 2429 1306 die
2469 1251 2643 1306 exitus
2683 1249 2751 1304 de
2792 1259 2978 1303 ventre
3006 1249 3192 1302 matris
3242 1262 3427 1302 eorum
3454 1246 3644 1319 (Ercli.

2066 1359 2167 1413 ιιι,
2197 1341 2269 1416 i).
2302 1341 2408 1398 Sed
2452 1352 2577 1410 puto
2621 1339 2763 1411 quod
2812 1340 3119 1409 Scriptura,
3167 1355 3289 1409 qua:
3334 1340 3434 1393 hoc
3467 1338 3647 1405 dixit,

2066 1428 2256 1483 melius
2282 1436 2332 1482 te
2360 1436 2584 1481 noverat
2613 1425 2740 1496 quid
2766 1433 2911 1480 esset
2940 1425 3241 1479 innocentia
3263 1432 3522 1480 creatura:
3540 1465 3557 1489 ,
3596 1434 3654 1479 et

2066 1518 2190 1589 quid
2217 1518 2418 1588 justitia
2458 1516 2749 1573 Creatoris.
2797 1516 2928 1584 Quis
2970 1525 3147 1571 autem
3196 1531 3302 1571 non
3347 1515 3558 1582 videat,
3605 1515 3652 1570 si

2068 1610 2269 1666 habent
2309 1608 2544 1680 parvuli,
2598 1607 3136 1679 qualem'pmdicas,
3178 1607 3652 1672 innocentiam,.in

2066 1702 2212 1773 gravi
2254 1702 2384 1772 jugo
2430 1716 2616 1756 eorum
2668 1700 2759 1755 Dei
2804 1714 2909 1754 non
2953 1714 3075 1754 esse
3106 1698 3408 1770 justitiam?
3448 1698 3651 1764 Porro,

2069 1794 2191 1864 quia
2220 1792 2273 1847 in
2295 1794 2424 1863 jugo
2446 1792 2598 1863 gravi
2638 1806 2822 1846 eorum
2866 1790 3042 1845 divina
3071 1789 3270 1859 justitia
3295 1800 3410 1854 est;
3443 1805 3547 1843 non
3573 1797 3656 1845 est

2072 1885 2124 1940 in
2149 1885 2228 1940 eis
2271 1883 2389 1938 talis
2407 1925 2422 1949 ,
2452 1882 2661 1952 qualem
2690 1881 2948 1952 praedicas
2966 1923 2983 1948 ,
3013 1880 3336 1935 innocentia.
3380 1879 3491 1934 Nisi
3514 1879 3658 1934 forte

2072 1977 2165 2032 tibi
2197 1976 2248 2031 in
2274 1978 2375 2031 hac
2400 1976 2693 2046 quaestione
2716 1974 2976 2029 laboranti
2999 2015 3013 2038 ,
3045 1974 3184 2029 Deus
3204 1973 3382 2044 justus
3401 1971 3615 2043 quidem
3636 2013 3655 2041 ,

2073 2068 2165 2123 sed
2212 2067 2453 2122 infirmus
2483 2067 2712 2137 quodam
2742 2066 2902 2122 modo
2927 2066 3212 2127 subvenire
3254 2065 3486 2136 poterit,
3528 2066 3656 2135 quia

2074 2159 2185 2214 suis
2228 2158 2568 2229 imaginibus,
2601 2174 2669 2215 ne
2698 2159 3007 2214 innocentes
3049 2159 3227 2227 gravis
3263 2155 3376 2229 jngi
3402 2156 3658 2211 miseria'

2077 2259 2451 2321 premerentur
2474 2293 2490 2317 ,
2538 2249 2824 2306 subvenire
2861 2264 2968 2304 non
3015 2247 3184 2318 potuit
3215 2265 3229 2302 :
3261 2256 3319 2302 ut
3357 2260 3484 2302 eum
3510 2244 3661 2301 dicas

2077 2342 2310 2396 voluisse
2347 2341 2562 2411 quidem
2584 2382 2598 2405 ,
2626 2341 2748 2411 quia
2783 2339 2963 2409 justus
3000 2346 3113 2404 est,
3141 2338 3235 2392 sed
3278 2354 3383 2391 non
3424 2336 3661 2407 potuisse

2077 2430 2197 2499 quia
2238 2431 2578 2499 omnipotens
2606 2444 2712 2483 non
2761 2438 2875 2493 est;
2904 2439 3063 2498 atque
3106 2430 3176 2482 ita
3206 2427 3275 2483 de
3304 2427 3386 2480 bis
3405 2426 3663 2497 angustiis

2077 2536 2268 2587 exeas,
2314 2530 2372 2576 ut
2399 2520 2520 2576 fidei
2563 2528 2723 2591 caput
2759 2520 2980 2589 perdas,
3017 2534 3119 2588 qua
3152 2518 3266 2591 fide
3310 2518 3558 2586 primitus
3606 2518 3660 2571 in

2076 2611 2331 2683 Symbolo
2358 2610 2697 2665 «confitemur
2734 2609 2955 2664 credere
2992 2624 3094 2664 nos
3133 2609 3184 2663 in
3233 2609 3398 2663 Deum
3447 2607 3660 2662 Patrem

2079 2701 2519 2770 Omnipotentem.
2550 2700 2692 2756 Deus
2720 2701 2879 2770 igitur
2903 2709 3054 2763 tuus,
3086 2699 3137 2753 in
3160 2708 3239 2754 tot
3275 2707 3331 2753 et
3354 2698 3519 2753 tantis
3544 2713 3663 2752 ma-

2079 2792 2147 2847 lis
2176 2807 2295 2862 qua:
2326 2791 2527 2862 parvuli
2558 2792 2855 2879 patiuntur,
2903 2778 3012 2846 an?
3019 2790 3280 2861 justitiam
3301 2830 3316 2854 ,
3365 2798 3458 2844 aut
3484 2791 3664 2845 omni-

2083 2887 2374 2956 potentiam
2400 2926 2416 2952 ,
2444 2894 2537 2940 aut
2568 2885 2738 2954 ipsam
2767 2901 2950 2940 curam
2997 2899 3181 2943 rerum,
3205 2883 3556 2938 humanarum
3583 2892 3666 2939 est

2083 2976 2389 3046 perditurus
2435 2994 2449 3031 :
2492 2974 2767 3046 quodlibet
2803 2983 2981 3031 autem
3030 2975 3251 3030 istorum
3280 2974 3499 3039 dixeris,
3544 2974 3666 3031 vide

2082 3066 2208 3138 quid
2227 3068 2336 3122 eris
2350 3067 2393 3121 ⁸.

2155 3157 2215 3213 L.
2238 3156 2365 3214 ιιιςι..
2392 3156 2626 3213 Amolirc
2653 3167 2704 3213 te
2741 3157 2917 3228 itaque
2950 3171 3071 3212 cum
3099 3155 3186 3211 tali
3217 3155 3327 3211 Deo
3358 3164 3451 3211 tuo
3477 3154 3547 3212 de
3567 3154 3668 3212 Ec—

2082 3251 2365 3307 clesiarum
2386 3251 2604 3308 medio:
2631 3266 2743 3307 non
2771 3259 2855 3306 est
2901 3250 3035 3320 ipse,
3078 3250 3164 3305 cui
3211 3248 3553 3314 Patriarcbze,
3579 3247 3662 3303 cui

2084 3342 2489 3412 Proplteue,cui
2531 3342 2772 3412 Apostoli
2802 3341 3164 3405 crediderunt,
3202 3341 3385 3410 inquo
3433 3338 3667 3411 speravit

2084 3445 2138 3490 et
2162 3442 2343 3504 sperat
2387 3434 2625 3489 Ecclesia
2652 3433 3060 3504 primitivorum,
3089 3448 3211 3503 qum
3249 3432 3550 3502 conscripta
3578 3438 3672 3489 est

2086 3524 2137 3578 in
2165 3525 2315 3579 cra-lis
2341 3524 2360 3595 (
2384 3523 2543 3580 Hebr.
2594 3540 2689 3590 xn,
2712 3524 2857 3596 25):
2887 3539 2991 3578 non
3038 3535 3120 3579 est
3149 3524 3263 3593 ipse
3292 3538 3452 3593 quem
3482 3520 3671 3591 credit

2080 3614 2314 3685 judieem
2333 3615 2659 3671 rationabilis
2682 3624 2928 3670 creatura
2952 3631 2968 3680 ;
2999 3629 3157 3685 quem
3177 3611 3413 3684 Spiritus
3455 3620 3671 3669 sanctus

2081 3708 2223 3776 juste
2239 3706 2594 3775 judicaturum
2622 3719 2743 3761 esse
2792 3704 3089 3761 denuntiat.
3111 3703 3281 3760 Nemo
3306 3704 3667 3775 prudentium,

2088 3811 2185 3866 pro
2211 3795 2302 3850 tali
2324 3795 2550 3851 Domino
2575 3809 2727 3851 suum
2750 3810 2981 3866 unquam
3025 3795 3339 3867 sanguinem
3397 3794 3664 3851 fudisset:

2087 3903 2189 3943 nec
2213 3886 2357 3942 enim
2404 3887 2707 3942 merebatur
2753 3886 3055 3942 dilectionis
3092 3885 3360 3953 affectum,
3396 3894 3453 3940 ut
3500 3885 3672 3942 susei-

2088 3979 2295 4050 pienda:
2323 3992 2421 4049 pm
2464 3993 2526 4034 se
2562 3992 2698 4033 onus
2747 3978 3047 4050 imponeret
3081 3970 3364 4050 passionis.
3393 3977 3674 4034 Postremo

2089 4070 2189 4125 iste
2211 4083 2370 4139 quem
2388 4068 2614 4134 inducis,
2659 4069 2702 4124 si
2724 4077 2874 4125 esset
2898 4069 3126 4140 uspiam,
3173 4084 3300 4126 reus
3322 4068 3675 4126 convincere-

2091 4171 2174 4216 tur
2192 4177 2331 4228 esse,
2366 4178 2471 4217 non
2496 4161 2630 4218 deus
2654 4179 2668 4227 ;
2696 4161 3013 4231 judicaudus
3040 4177 3070 4216 a
3098 4176 3227 4218 vero
3267 4162 3376 4217 Deo
3396 4176 3538 4229 meo,
3568 4175 3674 4216 non

2084 4253 2417 4323 judicaturus
2442 4269 2538 4324 pro
2558 4253 2687 4309 Deo.
2719 4254 2789 4311 Ut
2815 4254 2973 4326 igitur
2997 4255 3171 4325 prima
3198 4254 3318 4310 fidei
3350 4253 3673 4310 fundamen-

2091 4357 2141 4401 ta
2166 4360 2457 4417 cognoscas
2485 4363 2500 4412 ;
2529 4354 2712 4401 noster
2734 4346 2874 4402 Deus
2895 4388 2908 4411 ,
2941 4345 3192 4401 Ecclesiae
3214 4346 3487 4402 catholica:
3514 4345 3676 4411 Deus,

2090 4438 2384 4494 substantia
2414 4437 2567 4493 nobis
2602 4438 2810 4508 ignotus
2838 4444 2942 4503 est,
2974 4447 3029 4492 et
3070 4436 3139 4492 ab
3164 4444 3380 4507 aspectu
3434 4435 3678 4491 similiter

2091 4539 2328 4586 remotus
2356 4545 2372 4595 ;
2402 4543 2561 4598 quem
2587 4528 2719 4583 vidit
2741 4542 2901 4583 nemo
2933 4527 3227 4594 hominum,
3253 4542 3351 4582 nec
3375 4526 3555 4589 vidce
3584 4542 3679 4597 po—

2091 4632 2194 4678 test
2218 4623 2238 4695 (
2268 4621 2290 4677 l
2320 4621 2454 4678 Tim.
2498 4637 2574 4690 VI,
2601 4621 2669 4678 16
2697 4621 2718 4696 )
2754 4640 2767 4676 :
2795 4628 2855 4677 ut
2883 4629 3115 4677 internus
3138 4620 3253 4676 sine
3296 4620 3579 4691 principio,
3608 4620 3678 4675 ita

2090 4722 2308 4769 sanctus
2351 4712 2632 4782 justusque
2684 4710 2804 4768 sine
2866 4710 3035 4777 vitio;
3088 4710 3636 4781 omnipotentissiums
3659 4750 3676 4773 ,

2097 4802 2467 4874 :equissimus,
2514 4801 3080 4870 misericordissimus,
3123 4801 3465 4857 innotescens
3511 4800 3630 4856 solo
3657 4798 3679 4831 ⁸

2089 4892 2372 4962 splendore
2396 4892 2648 4947 virtutum
2679 4909 2694 4958 ;
2724 4891 2892 4948 factor
2918 4893 3154 4947 omnium
3179 4907 3300 4963 quze
3343 4906 3447 4948 non
3487 4899 3641 4947 erant
3660 4933 3676 4958 ,

2090 4983 2425 5054 dispensator
2443 4999 2627 5039 eorum
2644 4983 2666 5016 ⁵
2691 4998 2810 5054 quae
2830 4991 2970 5048 sunt,
2999 4982 3331 5040 examinator
3367 4993 3679 5040 cunctorum

2091 5076 2179 5146 qui
2206 5084 2263 5130 et
2293 5085 2437 5143 sunt,
2459 5083 2514 5130 et
2540 5074 2701 5130 futuri
2730 5084 2875 5142 sunt,
2906 5085 2955 5128 et
2979 5073 3212 5141 fuerunt,
3246 5076 3297 5130 in
3326 5075 3516 5130 ultimo
3555 5075 3676 5130 die:

2094 5175 2313 5233 terram,
2345 5167 2561 5231 caelum,
2587 5174 2643 5222 et
2670 5174 2860 5222 cuncta
2912 5165 3068 5220 simul
3098 5166 3362 5221 elementa
3389 5175 3631 5222 moturus
3660 5183 3676 5219 :

2092 5261 2351 5316 excitator
2366 5257 2628 5322 cinerum,
2647 5266 2701 5312 et
2714 5271 2998 5326 corporum
3019 5257 3292 5312 restitutor
3316 5257 3439 5313 :setl
3463 5269 3683 5328 propter

2092 5351 2258 5406 solam
2284 5348 2543 5421 justitiam
2567 5389 2582 5412 ,
2612 5346 2727 5403 lucc
2750 5361 2869 5418 quae
2919 5346 3172 5412 diximus,
3200 5356 3392 5403 cuncta
3421 5347 3679 5403 facturus.

2156 5488 2171 5519 ί
2211 5494 2292 5536 Ms.
2318 5493 2448 5544 Mam,
2473 5481 2755 5546 corrumpit.

2154 5550 2175 5617 ξ
2209 5554 2396 5617 nantes.
2422 5542 2479 5617 At
2492 5544 2635 5617 editi,
2647 5542 2951 5617 gravi‘jugo

2156 5612 2178 5642 ³
2212 5609 2327 5658 Editi
2345 5645 2360 5668 ,
2385 5607 2503 5671 quid
2525 5606 2699 5671 egeris.
2718 5606 3018 5671 castigantur
3040 5606 3102 5657 ad
3125 5606 3494 5671 manserimus.

2158 5671 2182 5737 ξ
2214 5671 2355 5737 aditi,
2382 5667 2525 5719 solus.
2572 5668 2742 5737 Verius
2763 5667 2890 5725 Issi,
2914 5667 3030 5718 solo.

2163 5734 2185 5778 ρ
2218 5732 2377 5782 Codex
2419 5738 2562 5792 rort.,
2586 5732 2995 5783 οηιιιῐιιηιρονιιιιι.
