4008 6178
376 384 520 445 ὶῦ73
549 385 555 393 ’

446 500 584 557 Anc.
602 497 659 555 Si
676 497 841 553 Deum
867 497 1288 553 Patriarcharum
1306 497 1458 564 colis,
1478 511 1642 568 quare
1668 512 1771 551 non
1789 496 1963 551 credis

376 589 837 646 circumcisionem
878 589 1049 644 octavi
1075 588 1199 655 diei,
1248 604 1364 659 quae
1389 597 1652 659 praecepta
1683 596 1765 643 est
1792 588 1962 643 Abra-

377 682 482 743 hae,
499 678 980 750 prtefigurationem
998 676 1163 734 fuisse
1187 679 1607 750 regenerationis
1620 678 1687 738 .in
1714 677 1963 733 Christo?

375 771 491 828 Hoc
532 771 674 825 enim
724 770 769 825 si
824 770 1092 836 crederes,
1123 769 1329 825 videres
1380 785 1485 824 non
1538 770 1770 839 potuisse
1820 769 1963 839 juste

373 863 608 919 animam
651 861 853 931 parvuli
894 861 1234 915 exterminari
1277 860 1346 915 de
1397 860 1592 930 populo
1639 874 1766 926 suo,
1794 860 1838 914 si
1878 860 1964 915 die

375 970 483 1009 non
509 954 981 1009 circumciderctur
1009 962 1200 1008 octavo
1226 950 1247 1027 (
1269 952 1395 1007 Gen.
1435 969 1563 1019 xvn,
1588 953 1759 1008 12-14
1788 951 1829 1025 ),
1860 953 1962 1008 nisi

372 1045 530 1098 alicui
557 1044 740 1097 fuisset
766 1043 990 1114 obligata
1016 1056 1234 1114 peccato
1260 1043 1284 1097 ?
1313 1043 1368 1099 Si
1393 1041 1556 1099 Deum
1578 1043 1961 1116 Prophetarum

371 1136 525 1192 colis.
555 1149 652 1188 cur
677 1148 779 1188 non
807 1132 980 1189 credis
1017 1133 1158 1203 quod
1179 1150 1272 1205 per
1296 1149 1388 1190 eos
1406 1135 1559 1190 toties
1584 1136 1720 1190 Deus
1744 1134 1957 1199 dixerit,

373 1224 607 1279 Reddam
637 1235 840 1294 peccata
861 1235 1062 1296 patrum
1104 1226 1158 1279 in
1198 1220 1374 1297 ﬁlias(
1403 1224 1570 1279 Exod.
1618 1239 1802 1290 xthv,
1830 1226 1884 1292 7,
1916 1233 1963 1280 et

371 1316 563 1371 larem.
589 1333 754 1382 xxxii,
797 1317 904 1387 18)
933 1316 957 1369 ?
995 1316 1052 1372 Si
1079 1317 1244 1372 Deum
1290 1317 1666 1390 Apostolorum
1693 1317 1846 1382 culis,
1870 1332 1965 1372 cur

373 1424 480 1463 non
506 1408 703 1464 credis.
734 1423 926 1478 corpus
944 1418 1209 1464 mortuum
1234 1419 1449 1480 propter
1466 1419 1739 1480 peccatum
1769 1407 1958 1480 (Rom.

372 1498 582 1565 vttt,10
610 1498 675 1569 )?
702 1498 759 1553 Si
780 1498 945 1553 Deutn
980 1499 1110 1555 colis
1161 1499 1212 1553 in
1261 1513 1368 1571 quo
1429 1500 1661 1568 speravit
1688 1508 1741 1553 et
1785 1508 1965 1568 sperat

374 1589 613 1645 Ecclesia
658 1589 1065 1660 primitivorum,
1102 1604 1221 1660 qua:
1250 1590 1551 1660 conscripta
1597 1598 1682 1645 est
1705 1592 1756 1644 in
1787 1590 1959 1655 caelis,

374 1695 473 1735 cur
491 1695 599 1734 non
626 1680 800 1735 credis
827 1679 1171 1751 baptizandus
1196 1679 1445 1750 parvulos
1472 1679 1586 1735 erui
1628 1678 1694 1735 de
1723 1687 1959 1750 potesta-

288 1808 307 1831 .
377 1771 780 1827 tetcnebrarum
817 1769 1055 1842 (Colon.
1086 1785 1135 1834 ι,
1170 1772 1238 1825 15
1261 1770 1305 1841 ),
1337 1785 1459 1826 cum
1503 1785 1597 1826 eos
1622 1771 1962 1842 prOpterhoe

374 1860 620 1917 exsuﬂlet
647 1870 804 1931 atque
833 1861 1106 1932 exoreizet
1142 1860 1398 1927 Ecclesia,
1447 1870 1503 1916 ut
1529 1861 1596 1915 ab
1623 1863 1700 1916 eis
1725 1870 1962 1932 potestas

375 1929 733 2008 tenebrarum
768 1954 1009 2033 mittatur
1054 1929 1243 2008 iuras?
1274 1953 1368 2009 Ille
1407 1968 1536 2008 vero
1574 1969 1732 2024 quem
1777 1963 1959 2025 sperat

373 2044 603 2114 jndicem
632 2045 899 2106 rationalis
921 2055 1186 2112 creatura,
1215 2061 1335 2116 qua:
1364 2047 1415 2100 in
1438 2047 1635 2100 sanctis
1663 2046 1779 2116 ejus
1803 2055 1964 2103 estet

374 2136 665 2204 fidelibus,
718 2136 839 2208 lege
868 2138 884 2169 ι
931 2137 1125 2202 nobis,
1174 2148 1371 2209 praeter
1425 2154 1647 2209 regnum
1706 2139 1861 2195 bonis
1910 2150 1967 2195 et

372 2228 693 2297 supplicium
718 2227 890 2293 malis,
924 2244 1080 2297 quem
1113 2228 1322 2282 tertium
1369 2228 1542 2284 locum
1589 2232 1967 2301 prreparaverit

373 2330 425 2373 et
454 2319 763 2388 promiserit
788 2335 891 2373 non
921 2321 1243 2389 regeneratis
1287 2321 1653 2377 innocentibus
1683 2322 1803 2378 tuis.
1824 2324 1965 2390 Quo-

375 2408 540 2463 modo
562 2416 738 2477 autctn
768 2408 919 2475 dicis,
946 2409 1210 2464 neminem
1241 2411 1556 2480 prudentum
1587 2426 1683 2482 pro
1717 2414 1959 2481 Domino,

374 2512 536 2568 quem
574 2496 820 2562 colimus,
852 2498 1162 2567 sanguinem
1179 2498 1430 2564 fundere;
1472 2514 1592 2556 cum
1633 2516 1753 2556 eum
1783 2502 1963 2558 colue-

376 2588 450 2642 rit
468 2597 522 2643 et
540 2602 635 2657 pro
660 2602 723 2641 eo
749 2586 1061 2659 sanguinem
1090 2587 1279 2643 fuderit
1304 2589 1719 2660 gloriosissimus
1743 2591 1966 2663 Cypria-

376 2692 503 2743 nus,
534 2677 621 2748 qui
644 2692 739 2732 vos
766 2678 816 2730 in
866 2676 963 2732 ista
989 2679 1281 2747 quaestione
1308 2678 1532 2735 sull'ocat
1556 2721 1571 2748 ,
1597 2681 1802 2748 dicens,
1835 2697 1961 2753 par-

376 2769 557 2821 vulum
587 2784 651 2825 ex
677 2768 844 2823 Adam
881 2770 1163 2825 carnaliter
1202 2781 1403 2839 natum,
1432 2773 1731 2845 contagium
1777 2776 1965 2832 mortis

375 2860 610 2929 antiqnm
647 2861 816 2930 prima
860 2861 1131 2916 nativitate
1179 2863 1491 2919 contrahere
1521 2866 1538 2936 (
1565 2864 1733 2935 Epist.
1760 2866 1851 2933 64,
1895 2869 1963 2923 ad

380 2951 570 3006 Fidum
596 2962 617 3022 )
643 2955 668 3006 '!
707 2952 936 3009 Videsne
965 2963 1014 3008 te
1034 2954 1212 3024 potius
1252 2961 1401 3011 reum
1430 2958 1472 3022 ⁸,
1496 2959 1588 3027 qui
1616 2959 1956 3030 blasphemas

380 3045 541 3099 istum
586 3054 888 3100 sanctorum
920 3056 1210 3118 martyrum
1269 3046 1480 3103 Deum?
1509 3049 1648 3105 Dicis
1674 3050 1763 3106 'te
1788 3052 1966 3108 colere

377 3138 978 3207 onmipotentissimunt,
996 3139 1383 3209 aequissimum,
1405 3142 1963 3199 irrisoricordissimum

382 3229 549 3283 Deum
582 3246 596 3283 :
627 3229 720 3282 scd
770 3228 883 3299 ipse
909 3240 990 3283 est
1039 3230 1610 3300 omnipotentissimus,
1663 3233 1752 3303 qui
1778 3233 1962 3303 jugum

378 3333 561 3388 grave,
589 3334 696 3387 quo
737 3328 1046 3388 premuntur
1098 3319 1192 3375 filii
1247 3322 1418 3377 Adam
1457 3339 1518 3378 ex
1566 3323 1651 3380 die
1681 3325 1965 3381 nativitatis

379 3426 514 3471 sum,
541 3409 725 3479 procul
753 3408 915 3464 dubio
935 3409 1001 3465 ab
1029 3411 1109 3465 eis
1153 3422 1332 3480 posset
1360 3413 1589 3481 auferre,
1628 3415 1736 3471 imo
1763 3432 1828 3472 ne
1860 3417 1969 3472 ullo

383 3501 475 3554 tali
516 3500 644 3570 jngo
693 3515 907 3569 prorsus
934 3511 1281 3570 gravarentur
1306 3503 1519 3560 efficere
1548 3522 1560 3558 :
1586 3506 1679 3560 sed
1703 3508 1821 3577 ipse
1875 3518 1965 3562 est

382 3589 743 3659 tequissintus,
771 3590 859 3659 qui
914 3591 1060 3645 nullo
1088 3591 1248 3647 modo
1276 3591 1403 3648 illud
1442 3593 1740 3667 imponeret
1768 3593 1822 3663 ⁵,
1868 3597 1965 3650 int-

384 3680 581 3751 ponive
614 3680 966 3750 permitteret,
991 3681 1092 3736 nisi
1126 3692 1341 3752 peceata
1392 3683 1444 3738 in
1471 3685 1570 3752 eis,
1611 3700 1729 3739 cum
1776 3686 1968 3756 quibus

383 3772 493 3827 nati
524 3781 665 3835 sunt,
717 3772 994 3840 inveniret,
1050 3789 1274 3844 quorum
1326 3785 1531 3830 reatum
1587 3780 1785 3832 renatis
1827 3779 1965 3833 idem

384 3865 498 3934 ipse
520 3864 1049 3919 misericordissimus
1072 3865 1324 3921 solveret.
1352 3866 1407 3922 Si
1437 3883 1562 3939 ergo
1592 3879 1641 3923 te
1676 3868 1970 3926 delectaret

382 3956 558 4010 divina
586 3955 812 4026 justitia,
837 3956 1047 4012 videres
1082 3957 1322 4028 profecto
1348 3959 1489 4028 quod
1538 3976 1601 4015 ex
1630 3961 1743 4030 ipsa
1770 3963 1965 4031 veniat,

386 4061 492 4100 non
528 4045 707 4116 utique
736 4046 930 4117 injuste
956 4061 986 4102 a
1036 4048 1273 4119 parvulis
1301 4049 1578 4118 incipiens,
1630 4060 1754 4106 nuta
1792 4054 1968 4106 omni-

386 4137 484 4191 bus
509 4136 736 4192 bumana
753 4138 988 4203 miseria,
1004 4153 1106 4208 qua
1138 4140 1404 4210 peragitur
1433 4140 1546 4195 base
1583 4141 1707 4206 vita,
1731 4157 1762 4197 a
1785 4143 1979 4212 primis.

384 4228 599 4283 ﬂetibus
633 4228 982 4295 nascentium,
1030 4243 1196 4300 usque
1238 4231 1304 4285 ad
1330 4240 1598 4286 extremos
1635 4232 1833 4289 halitus
1856 4249 1972 4289 πηοεν

385 4319 670 4385 rientiutn;
702 4319 897 4374 sanctis
925 4328 1126 4374 tantum
1153 4330 1206 4374 et
1222 4320 1487 4389 fidelibus,
1514 4323 1608 4378 sed
1634 4323 1686 4378 itt
1716 4321 1815 4378 alia
1841 4324 1979 4390 vitm.

384 4412 635 4467 felicitate
666 4411 925 4481 promissa
956 4411 997 4465 '.

458 4504 543 4559 Li.
575 4503 695 4559 Jun.
721 4503 825 4558 Pro
858 4503 960 4559 hoc
983 4504 1139 4576 igitur
1165 4504 1277 4561 Deo
1312 4521 1457 4572 meo,
1485 4522 1641 4577 quem
1670 4507 1801 4563 mihi
1836 4524 1970 4579 qua-

388 4596 492 4652 lem
534 4595 697 4651 credo
730 4596 904 4650 omnis
949 4605 1190 4652 creatura
1222 4604 1277 4653 et
1317 4607 1500 4651 sancta
1557 4597 1827 4668 Scriptura
1876 4600 1972 4656 de-

388 4686 620 4752 nuntiat,
671 4686 868 4742 rectius
913 4685 1022 4745 dixi
1084 4686 1309 4741 dicerem
1341 4686 1384 4753 ⁸,
1415 4687 1460 4741 si
1498 4702 1598 4743 nec
1623 4687 1880 4744 librorum
1922 4699 1973 4747 te

386 4777 781 4833 concertatione
805 4776 1023 4847 dignum
1048 4786 1309 4846 putarem.
1343 4776 1539 4832 Verum
1567 4779 1821 4849 quoniam
1841 4780 1973 4837 mihi

389 4869 724 4939 potissimum
747 4868 846 4921 hoc
865 4883 896 4922 a
915 4869 1111 4922 sanctis
1131 4868 1277 4936 viris,
1302 4869 1468 4924 neStri
1487 4871 1740 4941 temporis
1762 4873 1973 4937 confes-

387 4960 620 5024 sorihus,
652 4974 847 5015 munus
888 4956 1191 5030 impositum
1216 4970 1300 5016 est
1320 5003 1334 5028 ,
1364 4971 1421 5016 ut
1442 4961 1580 5017 dicta
1612 4973 1697 5018 tua
1722 4965 1848 5035 quid
1875 4966 1971 5021 ha-

393 5052 555 5106 beant
606 5052 857 5121 ponderis
901 5052 1229 5123 rationisque
1270 5053 1568 5120 discutiam,
1618 5065 1973 5126 opportunum

389 5140 488 5197 fuit
506 5142 797 5199 ostendere
815 5144 980 5214 prius,
1021 5159 1127 5199 non
1179 5160 1209 5200 a
1249 5154 1302 5201 te
1340 5147 1484 5202 credi
1515 5148 1565 5203 ei
1599 5150 1726 5218 Deo,
1777 5155 1867 5222 qui
1914 5153 1969 5209 in

390 5231 785 5290 Catholicorum
811 5249 1022 5306 semper
1057 5234 1297 5292 Ecclesia
1324 5237 1640 5307 praedicatus
1667 5250 1766 5310 est,
1812 5250 1865 5298 et
1880 5258 1977 5299 us-

456 5392 472 5455 ?
510 5390 647 5455 Editi,
672 5388 754 5443 ubi
775 5386 894 5455 lege.
915 5390 1084 5455 Abest,
1110 5388 1208 5451 ubi,
1236 5404 1265 5441 a
1294 5395 1644 5455 mansa-ipes.

454 5454 476 5517 ξ
509 5452 582 5501 sic
603 5458 710 5500 Mss.
736 5451 957 5517 Al._§dili:
988 5451 1107 5503 Vide
1127 5465 1185 5503 ne
1208 5460 1260 5502 tu
1280 5453 1437 5517 potius
1458 5451 1569 5505 retis
1589 5456 1673 5506 ris.

454 5513 475 5544 ³
509 5517 622 5561 Mar.
647 5519 757 5571 ius,
774 5511 926 5563 dicas.

460 5574 662 5643 fitoeus
679 5582 922 5643 _vete_rum
959 5574 1177 5643 codicum
1215 5575 1430 5643 subsidio
1460 5586 1683 5643 sanatus,
1718 5582 1803 5643 qui
1824 5582 1894 5631 sie
1928 5583 1979 5631 in

398 5634 546 5703 editis
567 5634 779 5703 iacebat,
801 5634 897 5703 into
918 5647 1004 5703 pec
1028 5634 1126 5685 ulla
1146 5636 1288 5687 modo
1306 5635 1429 5688 illud
1458 5634 1754 5703 imponeret}
1790 5645 1980 5693 omissis

405 5693 584 5760 verbis,
608 5708 668 5760 ne
686 5693 785 5760 alio
805 5694 1042 5760 tali-jugo,
1069 5705 1164 5747 etc.

455 5757 479 5827 ξ
515 5758 813 5827 lignierius,
832 5755 1137 5827 repromissa.
1163 5759 1415 5811 Menartlus
1438 5769 1489 5813 et
1509 5770 1631 5824 κίεις,
1658 5763 1909 5827 promissa.

451 5816 475 5848 ‘
508 5816 653 5868 Inita
674 5820 807 5880 νίκη.
835 5816 1243 5881 υίδιριιηίαεεῖε.
1312 5829 1365 5871 Μ.

1792 384 1995 443 LIBER
2035 382 2307 443 PRIMUS.

3156 446 3161 453 .
3521 393 3658 456 1075

2068 511 2172 566 que
2192 495 2258 550 ad
2274 494 2430 552 linem
2456 496 2545 551 ubi
2567 499 2653 554 illa
2684 498 2841 556 fuerit
2862 499 3259 572 prtedicabitur.

2139 586 2270 641 Aac.
2295 585 2407 655 Ego
2425 587 2600 656 potius
2634 605 2739 645 non
2769 600 2820 647 te
2849 592 3167 662 ostendisse,
3213 594 3356 667 quod
3401 605 3452 652 te
3479 606 3661 654 osten-

2066 673 2211 730 disse
2258 675 2425 743 dicis,
2477 679 2721 748 ostendi;
2750 689 2805 737 et
2845 683 2895 737 ei
2933 700 3018 739 me
3062 684 3173 740 Deo
3216 686 3458 755 credere,
3510 688 3661 758 quia

2066 764 2461 821 Catholicorum
2507 783 2718 840 semper
2737 771 2974 829 Ecclesia
3006 776 3321 847 prmdicatus
3347 788 3448 846 est,
3491 783 3537 835 si
3578 780 3661 836 ni-

2066 858 2232 913 mium
2264 875 2437 914 οςῐεριιε
2465 876 2569 915 non
2599 864 2694 929 sis,
2726 863 2939 920 edocui.

2136 948 2242 1003 Lll.
2265 949 2384 1006 ιΙιιι..
2431 950 2581 1007 Nunc
2610 968 2736 1009 vero
2765 967 3159 1027 consequenter
3187 959 3464 1030 inspiciam
3485 1004 3500 1028 ,
3535 964 3657 1033 qui-

2065 1038 2166 1094 bus
2183 1039 2303 1106 hoc,
2325 1041 2465 1112 quod
2490 1054 2756 1114 expugnat
2776 1044 2908 1102 ﬁdes
2933 1047 3160 1116 piorum,
3182 1051 3495 1107 testimoniis
3511 1052 3659 1107 afﬁr-

2066 1147 2213 1187 mare
2256 1135 2485 1189 coneris.
2508 1129 2613 1190 Sed
2633 1137 2884 1206 quoniam
2905 1138 3106 1195 institui
3128 1140 3264 1195 libro
3287 1150 3376 1197 tuo
3401 1143 3659 1209 secundo.

2065 1237 2224 1291 quem
2238 1223 2456 1295 Alypius
2472 1224 2681 1293 detulit,
2695 1227 2930 1293 obviare,
2952 1228 3442 1288 neconfunderetur
3460 1234 3655 1307 rescri-

2068 1312 2145 1379 pti
2173 1312 2339 1366 series
2370 1315 2411 1380 ¹,
2436 1314 2621 1384 paucis
2642 1314 2834 1384 adhuc,
2867 1332 3034 1389 usque
3059 1318 3185 1374 dum
3217 1321 3281 1375 ad
3302 1323 3658 1379 testimonium

2067 1400 2332 1470 Apostoli,
2363 1418 2469 1473 quo
2514 1404 2797 1475 plurimum
2851 1407 2942 1461 tibi
2974 1408 3169 1465 videris
3220 1411 3434 1477 muniri,
3476 1427 3656 1468 sermo

2067 1492 2364 1571 perveniat,
2396 1495 2827 1564 respondendum
2855 1506 2957 1553 est.
3004 1497 3109 1553 illis
3152 1515 3296 1570 ergo,
3325 1516 3445 1570 quas
3482 1516 3645 1571 supra

2067 1566 2242 1651 posui,
2273 1580 2451 1640 verbis
2480 1585 2582 1641 tuis
2621 1585 2735 1642 htec
2766 1603 2884 1657 qua:
2909 1598 3200 1658 sequuntur
3215 1566 3518 1662 tadjungis:
3602 1594 3657 1648 in

2065 1670 2148 1727 his
2174 1673 2350 1748 itaque
2398 1690 2517 1746 quas
2548 1678 2915 1749 przetermisit,
2958 1677 3060 1734 hoc
3094 1680 3283 1747 timuit,
3314 1682 3436 1752 quia
3464 1692 3657 1740 cuncta

2065 1762 2320 1820 Ecclesia:
2335 1766 2608 1821 catholica:
2646 1779 2858 1838 pectora
2883 1771 3156 1838 convenit,
3182 1771 3454 1845 fidemque
3481 1774 3651 1846 ipsam

2062 1854 2351 1925 antiquitus
2397 1856 2642 1912 traditam
2689 1867 2848 1928 atque
2904 1860 3195 1930 fundatam,
3244 1858 3654 1936 clara'quodam

2065 1944 2225 2000 modo
2254 1962 2384 2002 voce
2408 1951 2721 2020 compellat,
2759 1962 2814 2006 et
2843 1951 3101 2008 adversus
3130 1969 3224 2010 eos
3241 1955 3652 2017 vehementissi-

2065 2052 2152 2090 me
2178 2049 2453 2105 permovet
2481 2040 2620 2111 quod
2675 2040 2928 2109 diximus,
2973 2045 3095 2115 quia
3126 2047 3256 2102 nihil
3303 2048 3654 2118 peecatiesse

2066 2126 2119 2181 in
2151 2128 2383 2198 parvulis
2407 2129 2608 2198 dicunt,
2630 2133 2772 2201 quod
2794 2134 3003 2189 lavacro
3023 2138 3443 2206 regenerationis
3459 2138 3616 2194 ablua
3638 2170 3655 2182 -

2069 2226 2173 2272 tur.
2203 2219 2400 2275 Omnes
2417 2221 2559 2276 enim
2579 2221 2645 2276 ad
2674 2223 2969 2280 Ecclesiam
2997 2240 3100 2282 nou
3126 2236 3341 2299 propter
3363 2229 3505 2284 aliud
3525 2246 3651 2288 cum

2069 2310 2301 2378 parvulis
2352 2319 2590 2377 currunt,
2648 2313 2751 2368 nisi
2780 2323 2837 2369 ut
2880 2316 2932 2373 in
2962 2317 3040 2375 eis
3083 2318 3337 2389 originale
3379 2331 3653 2393 peccatum

2064 2400 2405 2468 generatione
2453 2402 2639 2471 primae
2684 2404 2971 2463 nativitatis
3026 2416 3347 2476 autiactum,
3376 2426 3655 2487 regenera-

2067 2488 2209 2543 tionc
2247 2491 2496 2545 secundae
2522 2494 2815 2557 nativitatis
2840 2496 3102 2566 expietur.
3142 2499 3343 2557 Deinde
3364 2500 3433 2557 ad
3471 2512 3654 2559 nostra

2063 2579 2337 2648 superiora
2364 2581 2524 2637 verba
2570 2584 2872 2651 revertitur,
2924 2602 3041 2656 qua:
3063 2588 3248 2644 nescio
3273 2605 3368 2645 cur
3392 2601 3637 2661 repetat:

2063 2669 2172 2725 Eos
2196 2683 2371 2727 autem
2388 2673 2477 2745 qui
2515 2673 2582 2728 de
2614 2675 2704 2730 tali
2758 2678 3139 2734 commixtione
3186 2690 3495 2748 nascuntur,
3523 2682 3653 2738 diei-

2064 2778 2184 2816 mus
2209 2762 2420 2825 trahere
2441 2764 2698 2834 originale
2737 2777 3009 2837 peccatum
3037 2780 3055 2836 ;
3083 2784 3302 2842 eosque,
3324 2771 3391 2827 de
3416 2775 3657 2842 parenti:

2064 2851 2162 2907 bus
2190 2854 2661 2927 qualibuscumque
2700 2868 3006 2927 nascantur,
3044 2875 3148 2917 non
3189 2877 3446 2933 negamus
3473 2864 3657 2929 adhuc,

2064 2955 2185 2997 esse
2231 2942 2331 2998 sub
2366 2942 2596 3010 diabolo,
2646 2945 2748 3000 nisi
2790 2956 3136 3004 renascantur
3175 2951 3228 3006 in
3265 2951 3497 3007 Christo.
3527 2953 3656 3015 lla-e

2066 3035 2226 3088 verba
2256 3043 2435 3091 nostra
2457 3045 2512 3101 et
2552 3037 2708 3106 paulo
2726 3046 2851 3098 ante
2870 3039 3093 3095 dixerat.
3135 3041 3334 3098 Deinde
3377 3043 3665 3114 subjunxit

2066 3125 2208 3195 quod
2237 3126 2303 3180 de
2331 3125 2542 3187 Christo
2570 3128 2827 3198 diximus,
2845 3131 2947 3199 Qui
2967 3132 3034 3187 de
3058 3133 3243 3189 eadem
3264 3150 3423 3195 sexus
3441 3139 3645 3194 utrius-

2067 3231 2170 3286 que
2191 3218 2567 3273 commixtione
2593 3219 2737 3276 nasei
2766 3220 2953 3276 noluit.
2975 3222 3081 3279 Sed
3122 3224 3281 3278 etiam
3313 3225 3399 3280 hic
3429 3237 3651 3296 praeter.-

2068 3303 2213 3365 misit
2236 3305 2376 3376 quod
2420 3321 2518 3376 ego
2554 3307 2741 3376 posui:
2768 3308 2832 3364 Ut
2861 3325 2955 3379 per
2992 3310 3360 3381 ejusgratiam
3399 3315 3536 3369 eruti
3582 3316 3661 3377 de

2070 3405 2328 3468 potestate
2348 3400 2705 3464 tenebrarum,
2731 3400 2785 3455 in
2822 3416 3043 3471 regnum
3064 3403 3225 3468 illius,
3246 3405 3361 3475 qui,
3376 3405 3447 3463 de
3463 3405 3650 3464 cadent

2067 3503 2229 3544 sexus
2260 3488 2531 3560 utriusque
2556 3491 2933 3548 commixtione
2959 3494 3103 3548 nasci
3118 3494 3305 3562 noluit,
3336 3495 3659 3555 transferan-

2070 3586 2172 3632 tur.
2199 3577 2352 3646 Vide,
2381 3579 2606 3634 obsecro
2628 3589 2699 3649 te,
2740 3598 2858 3652 qua:
2890 3591 3067 3638 nostra
3110 3586 3270 3647 verba
3298 3586 3497 3652 vitavit,
3532 3597 3646 3641 tan-

2067 3685 2224 3740 quam
2250 3670 2492 3725 inimicus
2510 3672 2726 3728 omnino
2755 3675 2935 3743 gratia:
2965 3676 3078 3742 Dei,
3119 3692 3241 3747 qua:
3280 3679 3420 3735 venit
3442 3695 3537 3749 per
3562 3678 3652 3734 Je-

2069 3776 2186 3817 sum
2214 3761 2483 3815 Christum
2528 3762 2811 3821 Dominum
2853 3775 3112 3820 nostrum.
3162 3765 3274 3823 Scit
3298 3769 3439 3823 enim
3469 3769 3536 3823 ab
3563 3770 3651 3824 illa

2073 3851 2308 3920 Apostnli
2348 3855 2637 3918 sententia,
2684 3872 2784 3924 qua
2812 3855 2942 3910 dixit
2984 3857 3051 3912 de
3081 3859 3186 3913 Deo
3215 3859 3392 3927 Patre,
3436 3860 3534 3928 Qui
3564 3877 3655 3916 nos

2071 3944 2199 3997 eruit
2243 3943 2306 3999 de
2344 3954 2592 4013 potestate
2634 3946 2949 4001 tenebrarum
2970 3990 2985 4014 ,
3015 3960 3061 4003 et
3088 3952 3338 4004 transtulit
3366 3953 3419 4005 iu
3448 3969 3657 4022 regnum

2072 4032 2199 4093 Filii
2255 4035 2514 4091 charitatis
2559 4034 2918 4106 sua:(Coloss.
2960 4026 3008 4104 ι’,
3068 4040 3184 4109 15)
3215 4058 3229 4107 ;
3262 4040 3654 4110 improbissime

2071 4132 2126 4179 ct
2158 4124 2470 4194 impiissime
2501 4127 2522 4157 '
2544 4125 2791 4195 parvulos
2827 4127 3063 4195 separari
3091 4144 3107 4182 :
3131 4128 3249 4183 ideo
3274 4131 3454 4200 procul
3494 4131 3661 4195 dubia

2070 4215 2231 4271 verba
2244 4215 2341 4270 ista
2353 4216 2926 4293 praetermitterequam
2950 4232 3147 4288 ponere
3168 4220 3352 4275 maluit
3374 4239 3393 4274 ι
3416 4220 3516 4295 (De
3536 4221 3656 4278 Nu,-

2074 4308 2192 4376 ptiis
2234 4316 2282 4361 et
2334 4307 2771 4378 Concupiscentia,
2804 4308 2890 4363 lib.
2922 4308 2978 4375 2,
3007 4326 3094 4363 nn.
3124 4310 3180 4376 ι,
3208 4310 3286 4380 5).
3332 4311 3511 4382 Egone
3537 4328 3659 4375 sum

2074 4396 2319 4451 inimicus
2352 4398 2537 4467 gratia:
2566 4398 2677 4463 Dei,
2712 4397 2872 4452 homo
2902 4400 3140 4454 omnium
3169 4400 3651 4471 impudentissime,

2073 4486 2161 4555 qui
2210 4486 2263 4541 in
2296 4488 2463 4556 primo
2515 4486 2651 4542 libro
2680 4503 2822 4556 meo,
2847 4488 2987 4543 unde
3015 4498 3070 4544 tu
3094 4488 3192 4547 ista
3219 4505 3247 4543 a
3275 4500 3525 4546 contextu
3559 4509 3657 4548 suo

2073 4581 2253 4636 avulsa
2283 4583 2523 4653 rapuisti,
2552 4583 2821 4654 utaliquid
2864 4585 2980 4640 sine
3004 4586 3206 4649 ratione
3251 4587 3503 4657 garrires,
3528 4601 3656 4661 pro-

2076 4672 2304 4728 fessione
2328 4689 2456 4744 pura
2488 4683 2543 4729 et
2590 4675 2739 4745 plena
2775 4691 2836 4730 os
2867 4685 3013 4734 tuum
3042 4678 3310 4750 mysteriis
3339 4676 3657 4737 Manichaeo-

2075 4780 2195 4821 rum
2224 4765 2444 4821 madens
2471 4774 2784 4837 tuorutnque
2812 4768 3100 4827 damnavi?

2146 4860 2281 4913 Anc.
2306 4855 2571 4928 Numquid
2593 4865 2649 4913 ut
2678 4858 2873 4919 habeas
2893 4876 3106 4917 causam
3133 4863 3324 4918 bonam
3348 4863 3656 4919 convician-

2075 4946 2147 5001 do
2176 4945 2407 5001 facturus
2432 4962 2489 5002 es
2507 4948 2532 5000 ‘l
2558 4947 2649 5002 Dic
2674 4964 2902 5023 quorum
2928 4966 3167 5006 meorum
3196 4966 3278 5016 os,
3305 4951 3444 5006 sicut
3470 4968 3648 5008 meum

2077 5037 2357 5093 damnasse
2385 5046 2435 5092 te
2469 5038 2637 5108 jactas
2660 5040 2703 5093 ³.
2758 5039 3001 5096 Dicturus
3050 5057 3109 5097 es
3138 5084 3154 5109 ,
3204 5042 3611 5100 Manicbzeornm
3641 5062 3657 5111 ;

2079 5128 2170 5183 sed
2196 5128 2575 5193 utmaledicus,
2608 5145 2713 5185 non
2744 5140 2800 5185 ut
2824 5132 3111 5189 veridicus.
3153 5134 3270 5206 Ego
3295 5135 3437 5190 enim
3469 5144 3523 5190 et
3547 5136 3657 5190 Ma-

2079 5218 2314 5275 ilch05
2340 5218 2594 5285 detestor,
2629 5228 2685 5275 et
2728 5220 2998 5291 adjutores
3018 5239 3227 5292 eorum,
3255 5224 3308 5280 in
3334 5226 3526 5296 quibus
3553 5241 3647 5295 ap-

2082 5310 2219 5381 petis
2239 5307 2260 5340 ⁸
2292 5310 2667 5379 principatum,
2699 5320 2754 5366 et
2805 5320 3055 5383 utrosque
3078 5316 3362 5385 adjuvante
3382 5330 3445 5370 ac
3469 5313 3659 5367 subve-

2145 5403 2183 5475 ι.
2197 5401 2351 5475 Editi,_
2370 5414 2430 5452 ne
2470 5402 2790 5475 cortﬂmdatttr
2821 5403 3067 5475 rescriptis
3085 5404 3301 5475 peritura
3321 5412 3377 5456 At
3414 5409 3520 5454 uss.
3547 5411 3659 5456 nar.

2082 5468 2223 5531 PoetL
2233 5469 2289 5531 et
2303 5461 2532 5531 clar.,_ne
2552 5463 2921 5531 coit/imitaretur
2942 5461 3167 5531 rescripti
3202 5464 3368 5516 series.

2145 5525 2167 5555 ⁸
2185 5523 2316 5595 Editi
2330 5561 2343 5581 ,
2368 5523 2785 5595 εῌνῃριη-ἰέδίηιε.
2805 5534 2861 5577 Al.
2881 5535 3011 5590 Mss,
3034 5523 3108 5579 ιη’
3127 5530 3177 5577 in
3199 5528 3415 5577 secundo
3436 5524 3560 5576 libro
3579 5525 3657 5576 de.

2298 5585 2592 5678 fauere

2201 5646 2274 5694 sic
2311 5646 2417 5695 Mss.
2458 5653 2580 5696 Port.
2608 5654 2660 5697 et
2694 5653 2803 5714 alar.
2828 5663 2841 5710 ;
2866 5650 3136 5714 vignlerius
3153 5652 3332 5696 autem:
3362 5647 3663 5714 Diqquorum

2082 5718 2379 5771 meorumos,
2412 5721 2660 5771 meumque
2684 5708 2907 5768 dentices,
2922 5708 3055 5771 Sicut
3077 5710 3331 5771 danmasse
3346 5714 3391 5760 te
3410 5708 3599 5771 jactus.

2148 5769 2181 5834 ﬁ
2202 5773 2301 5834 Duo
2322 5769 2801 5834 Mss.it’ort.jet1uar.,
2825 5770 3063 5834 appetitis.
3092 5771 3257 5821 verius
3292 5770 3370 5822 alii
3408 5769 3516 5822 libri
3535 5802 3549 5831 ,
3565 5782 3657 5834 ειν-ς

2086 5828 2205 5890 petis
2231 5840 2247 5879 :
2270 5828 2335 5879 de
2357 5828 2539 5883 .tuliano
2560 5831 2757 5882 dictum.
2787 5828 2798 5832 ⁷
2857 5828 2866 5834 ’
2889 5828 2899 5834 ’
3536 5828 3546 5831 -
3598 5828 3623 5842 κ
