4008 6178
369 319 505 385 tces

361 441 540 494 tuente
558 436 780 493 Domino
819 436 929 491 Deo
982 446 1166 489 nostro
1214 433 1473 499 catholica
1506 433 1729 488 veritate
1755 432 1938 488 redar-

356 538 480 599 guo.
507 527 611 584 Sed
649 524 922 593 ostendam
952 537 1120 587 meos,
1161 536 1293 592 quos
1324 524 1374 576 in
1418 538 1503 577 me
1545 530 1691 577 tanto
1719 521 1939 592 nequius

352 616 557 686 quanto
576 616 802 672 astutius
838 613 1157 669 criminaris.
1193 611 1249 667 lu
1281 612 1382 668 hac
1434 612 1575 667 enim
1617 627 1797 678 causa,
1848 612 1936 666 ubi

352 708 632 780 originalis
662 707 860 777 peccati
898 704 1121 760 vertitur
1159 705 1401 775 qumstio,
1434 715 1647 774 propter
1672 721 1757 775 qut
1779 704 1811 758 d
1852 720 1938 760 me

363 798 576 853 nomine
596 796 1003 851 Maniehmorum
1025 794 1374 850 atrocissimis
1414 795 1628 865 dignum
1660 796 1936 849 arbitraris

362 887 675 957 opprobriis,
705 899 855 939 meus
886 895 969 940 est
1016 884 1329 957 Cyprianus,
1379 885 1468 955 qui
1516 901 1636 940 cum
1691 901 1938 956 peccasse

360 977 489 1031 nihil
515 977 708 1031 dixerit
738 975 1009 1044 parvulum
1029 1016 1045 1040 ,
1098 990 1204 1028 non
1239 987 1412 1029 tamen
1439 974 1622 1041 tacuit,
1661 991 1780 1029 cum
1808 990 1936 1030 con-

357 1067 585 1121 traxisse
611 1066 809 1134 peccati
838 1080 901 1120 ex
929 1064 1096 1119 Adam
1123 1065 1290 1133 prima
1322 1063 1592 1121 nativitate
1637 1066 1933 1135 contagium

356 1158 382 1229 (
419 1157 589 1226 Epist.
607 1156 695 1221 64,
727 1157 795 1209 ad
821 1155 1006 1210 Fidum
1033 1155 1073 1227 ).
1104 1155 1362 1210 Meusrest
1400 1156 1647 1220 Hilarius,
1677 1156 1765 1225 qui
1812 1170 1937 1210 cum

356 1256 648 1322 exponeret
689 1248 829 1320 quod
877 1250 929 1304 in
974 1249 1186 1304 Psztlmo
1209 1249 1419 1319 legitur,
1456 1248 1596 1303 Vivet
1620 1250 1789 1301 animo
1827 1266 1937 1303 mea

359 1354 408 1396 et
441 1339 670 1397 laudabit
696 1352 743 1394 te
772 1355 792 1394 :
826 1358 844 1392 ι
890 1339 1083 1395 Vivere
1133 1354 1211 1406 se,
1240 1358 1259 1393 ι
1312 1340 1500 1409 inquit,
1526 1357 1545 1390 ι
1584 1340 1637 1393 in
1694 1340 1791 1393 bac
1829 1341 1934 1392 vita

356 1450 464 1490 non
484 1442 725 1503 reputat;
754 1433 950 1503 quippe
988 1430 1075 1502 qui
1104 1430 1329 1498 dixerat,
1362 1431 1488 1484 Ecce
1519 1432 1570 1484 in
1594 1431 1936 1498 iniquitatibus

354 1534 622 1596 conceptus
636 1541 766 1587 sum,
782 1534 826 1578 et
847 1526 897 1577 in
910 1524 1101 1576 delictis
1117 1523 1305 1591 peperit
1323 1532 1565 1576 metuam
1593 1539 1700 1575 mea
1724 1540 1743 1573 ι
1763 1521 1930 1589 (Psal.

356 1622 408 1678 ι,
428 1613 461 1667 7
489 1612 528 1683 ).
559 1631 577 1665 t
606 1612 717 1668 Scit
737 1613 836 1667 sub
862 1612 1058 1681 peccati
1088 1611 1307 1680 origine,
1333 1618 1386 1664 et
1405 1611 1503 1664 sub
1522 1611 1718 1680 peccati
1738 1612 1854 1680 lege
1876 1626 1935 1665 se

352 1711 534 1757 natam
564 1721 584 1756 ι
614 1702 713 1773 (In
759 1702 902 1757 Psal.
931 1718 1106 1766 cxvnt,
1151 1704 1252 1758 175
1282 1701 1324 1771 ).
1355 1703 1500 1758 Meus
1537 1712 1619 1758 est
1646 1718 1673 1755 a
1704 1711 1793 1757 tuo
1839 1703 1937 1756 do-

355 1804 504 1849 ctore
526 1793 973 1849 excellentissime
990 1793 1233 1847 laudatus
1265 1794 1596 1857 Ambrosius,
1619 1796 1707 1864 qui
1743 1794 1876 1848 dixit
1907 1813 1920 1848 :

362 1902 381 1936 ι
414 1883 615 1939 Omnes
668 1883 912 1939 homines
964 1883 1064 1939 sub
1114 1893 1328 1953 peccato
1359 1884 1653 1951 nascimur,
1707 1898 1932 1954 quorum

353 1973 469 2042 ipse
498 1981 647 2028 ortus
676 1974 728 2028 in
758 1974 886 2028 vitio
929 1981 1014 2029 est
1041 1991 1054 2028 :
1083 1975 1219 2029 sicut
1248 1974 1410 2035 habes
1464 1974 1683 2039 lectum,
1714 1974 1927 2028 dicente

350 2062 537 2128 David,
564 2062 699 2118 Ecce
726 2066 858 2118 enim
898 2065 952 2118 in
979 2063 1326 2134 iniquitatibus
1355 2072 1621 2133 conceptus
1650 2079 1782 2129 sum,
1815 2064 1935 2117 etin

351 2153 547 2209 delictis
564 2156 755 2225 peperit
783 2170 861 2209 me
878 2146 1055 2209 mater)
1072 2170 1201 2207 mea.
1228 2153 1351 2208 Ideo
1394 2154 1539 2208 Pauli
1569 2169 1714 2220 caro,
1737 2169 1934 2223 corpus

350 2245 538 2305 mortis
554 2254 670 2300 erat
702 2263 722 2298 ι
750 2244 770 2319 (
799 2243 876 2300 De
915 2243 1240 2309 Pwnitentia,
1271 2245 1358 2298 lib.
1406 2244 1459 2310 l,
1480 2259 1594 2315 cap.
1639 2243 1674 2298 2
1696 2243 1737 2314 ).
1788 2244 1935 2300 Meus

351 2342 435 2388 est
450 2332 757 2404 Gregorius,
781 2334 868 2405 qui
886 2348 1004 2388 cum
1018 2333 1085 2387 de
1111 2332 1381 2402 Baptismo
1399 2332 1707 2402 loqueretur
1731 2350 1746 2386 :
1781 2350 1800 2384 ι
1827 2331 1933 2387 Ve-

351 2437 561 2487 nerarc,
592 2441 611 2476 ι
647 2424 836 2494 inquit,
874 2441 893 2475 ι
929 2423 1278 2487 nativitatem,
1334 2436 1429 2491 per
1479 2438 1637 2492 quam
1661 2422 1677 2453 ¹
1705 2429 1933 2476 terrente

349 2513 639 2569 nativitatis
663 2514 886 2568 vinculis
910 2513 1160 2568 liberatus
1184 2525 1243 2568 es
1281 2529 1303 2565 ι
1337 2509 1511 2585 (Orat.
1534 2511 1585 2565 in
1607 2507 1791 2564 Christi
1820 2509 1933 2563 Να-

350 2603 503 2659 talem
526 2601 570 2674 ).
630 2601 778 2657 Meus
801 2610 885 2658 est
914 2601 1156 2665 Basilius,
1213 2601 1303 2672 qui
1333 2617 1453 2655 cum
1483 2611 1665 2671 ageret
1697 2599 1763 2655 de
1783 2600 1926 2670 jeju-

350 2693 443 2749 nio
473 2711 485 2748 :
522 2711 542 2747 ς
566 2691 697 2761 Quia
743 2706 849 2749 non
873 2693 1252 2764 jejunavimus,
1288 2711 1309 2745 ι
1350 2691 1540 2761 inquit,
1563 2710 1582 2744 ι
1630 2690 1924 2745 decidimus

347 2785 418 2842 de
454 2784 728 2856 paradiso:
745 2783 1045 2855 jejunemtts
1072 2793 1130 2840 ut
1154 2783 1220 2839 ad
1247 2799 1368 2840 eum
1390 2783 1669 2839 redeamus
1701 2801 1724 2838 ι
1758 2782 1777 2853 (
1803 2782 1929 2839 Ser-

348 2876 547 2930 monel
596 2874 661 2930 de
701 2872 908 2945 Jejunlo
941 2875 979 2946 ).
1023 2873 1170 2930 Meus
1216 2880 1301 2931 est
1353 2873 1586 2930 Joannes
1626 2872 1929 2929 Constanti-

351 2969 709 3039 nopolitanus,
747 2967 975 3024 dicens:
1021 2986 1041 3022 ι
1086 2968 1253 3022 Adam
1294 2966 1529 3037 peccavit
1576 2965 1703 3022 illud
1728 2964 1929 3038 grande

350 3067 647 3130 peccatum,
676 3066 731 3114 et
757 3074 913 3115 omne
931 3058 1204 3113 hominum
1243 3073 1413 3129 genus
1438 3058 1489 3112 in
1519 3073 1803 3114 commune
1831 3059 1925 3114 da-

350 3150 553 3207 mnavit
589 3166 608 3204 ι
642 3151 661 3220 (
692 3149 921 3207 Hontilia
948 3149 1012 3209 de
1035 3149 1230 3205 Lazaro
1255 3151 1548 3205 resuscitato
1576 3149 1617 3222 ).
1644 3150 1925 3220 lliomnes,

350 3249 408 3299 et
437 3241 528 3296 alii
557 3241 688 3298 socii
715 3256 898 3297 eorum
944 3241 1131 3296 eadem
1173 3241 1483 3303 sentientes,
1531 3256 1665 3309 quos
1688 3255 1927 3296 comme-

350 3348 561 3391 morare
586 3334 798 3405 longum
825 3342 924 3399 est,
955 3333 1062 3388 mei
1102 3331 1316 3405 sunt(a)
1341 3351 1353 3386 :
1388 3332 1431 3386 si
1477 3332 1739 3401 agnoscis,
1768 3340 1823 3386 et
1853 3332 1928 3387 tui

349 3431 518 3490 sunt;
562 3423 656 3479 sed
684 3425 786 3479 mei
816 3423 1081 3489 doctores,
1136 3424 1524 3492 improbatores
1577 3423 1670 3476 tui.
1695 3423 1929 3491 Quomo-

350 3517 422 3572 do
441 3517 599 3589 igitur
626 3532 687 3571 os
713 3531 886 3570 meum
920 3529 1264 3584 meorumque
1303 3513 1565 3567 damnasti
1594 3530 1610 3579 ;
1639 3528 1757 3567 cum
1788 3514 1922 3570 isto-

352 3622 505 3674 rum,
547 3621 682 3677 quos
729 3620 851 3661 esse
900 3606 1166 3675 conSpieis
1209 3619 1361 3659 meos
1383 3645 1399 3672 ,
1431 3604 1851 3660 concordissimo
1876 3614 1930 3661 et

351 3697 694 3751 veracissimo
735 3695 912 3765 potius
969 3709 1066 3750 ore
1120 3684 1235 3764 ipse
1289 3692 1605 3749 damneris?
1640 3692 1831 3748 Istisne
1874 3703 1929 3748 tu

353 3786 640 3841 luminibus
658 3785 883 3840 civitatis
905 3785 1020 3851 Dei,
1041 3792 1221 3838 mente
1263 3784 1720 3849 tenebrosissima,
1749 3782 1923 3838 fronte

353 3874 834 3946 impudentissima,
883 3873 1062 3945 lingua
1104 3873 1479 3944 procacissima
1534 3873 1699 3928 audes
1725 3875 1929 3931 crimen

352 3967 585 4036 obiicere
619 3963 944 4020 Manichmi?
981 3962 1038 4019 Si
1082 3972 1259 4019 autem
1294 3978 1403 4018 non
1448 3962 1635 4032 audes,
1665 3978 1761 4019 cur
1800 3964 1931 4020 mihi

354 4075 459 4113 non
486 4057 555 4112 ob
592 4055 734 4112 aliud
758 4055 945 4123 audes,
992 4055 1092 4110 nisi
1126 4054 1246 4124 quia
1274 4053 1373 4109 hoc
1401 4053 1541 4120 dico,
1583 4054 1724 4124 quod
1750 4054 1931 4110 dicunt

353 4148 544 4218 quibus
573 4163 678 4202 non
703 4146 867 4201 audes
892 4146 917 4198 ?

424 4256 557 4313 Llll.
598 4258 717 4313 σιω..
746 4255 822 4311 lbi
863 4271 1091 4326 namque
1121 4255 1206 4312 hic
1231 4266 1313 4309 est
1358 4270 1386 4308 a
1420 4271 1504 4329 me
1532 4254 1755 4311 collatus
1796 4256 1929 4313 ordo

353 4349 660 4416 vet-borum,
715 4363 837 4404 cum
879 4347 1130 4402 dixissem
1179 4357 1451 4403 auctorem
1504 4347 1668 4402 Deum
1716 4349 1837 4404 caeli
1876 4357 1931 4403 et

354 4452 530 4506 terrai,
560 4441 904 4510 omniumque
927 4454 1047 4510 qua:
1078 4439 1129 4492 in
1151 4439 1229 4493 eis
1255 4446 1398 4505 sunt,
1425 4452 1488 4493 ac
1513 4453 1607 4508 per
1627 4438 1728 4494 hoc
1753 4449 1806 4494 et
1834 4439 1928 4494 lto-

353 4533 555 4586 tuinum
582 4540 799 4602 preptcr
820 4545 955 4600 quos
974 4538 1165 4585 cuncta
1194 4527 1330 4582 facta
1369 4537 1512 4583 sunt.
1545 4545 1566 4579 ‹
1604 4527 1715 4582 Non
1753 4538 1928 4584 autem

355 4615 630 4689 tne’fugit,
662 4637 685 4674 ι
728 4620 909 4689 inquio
926 4618 977 4687 ‘,
1018 4636 1036 4670 t
1076 4634 1194 4673 cum
1239 4617 1354 4673 ha'c
1394 4616 1637 4682 dicimus,
1685 4618 1811 4673 illud
1862 4619 1929 4674 de

355 4709 509 4764 nobis
534 4708 987 4763 disseminandutn
1017 4724 1157 4772 esse,
1187 4709 1307 4777 quia
1335 4709 1559 4779 gratiam
1606 4694 1803 4763 Christi
1831 4726 1928 4764 ne-

352 4800 636 4855 cessariam
678 4800 911 4869 parvulis
964 4814 1067 4853 non
1114 4810 1376 4868 putemus.
1421 4800 1571 4869 Quod
1610 4801 1930 4857 christianos

357 4891 579 4962 populos
603 4889 936 4945 laudabiliter
960 4898 1013 4945 et
1040 4890 1385 4945 vehementer
1404 4890 1654 4946 odendit:
1679 4891 1722 4945 si
1752 4902 1928 4949 tamen

354 4982 478 5036 dicti
508 4997 603 5051 per
626 4996 685 5037 se
715 4981 903 5037 nefarii
934 4996 1039 5036 non
1082 4996 1180 5035 nos
1216 4980 1601 5035 arbitrarentur
1645 4990 1888 5037 auctores
1914 5002 1927 5038 :

355 5090 420 5128 eo
443 5071 585 5129 enim
631 5071 787 5126 modo
832 5089 930 5128 nec
956 5072 1025 5128 de
1062 5070 1311 5126 fratribus
1356 5071 1468 5126 suis
1511 5070 1641 5126 falsa
1661 5072 1930 5127 credendo

360 5163 559 5219 crimen
604 5162 966 5229 incurrerent,
997 5170 1052 5216 et
1090 5161 1353 5217 studiosos
1399 5175 1459 5218 se
1506 5161 1644 5215 circa
1694 5177 1927 5218 amorem

360 5256 478 5311 lidei
510 5253 938 5326 comprobarent.
983 5253 1260 5310 Munienda
1303 5255 1460 5326 igitur
1487 5254 1642 5311 nobis
1681 5255 1779 5310 ista
1808 5272 1929 5326 pars

420 5433 438 5501 Ξ
472 5432 621 5501 πρίων
644 5443 734 5495 pro
749 5441 862 5501 (tum
885 5429 1289 5501 ιτ-ιριθωιιιιιξτει
1311 5431 1665 5501 mammis.

418 5494 440 5524 '
472 5494 544 5544 sic
558 5491 664 5544 uss.
678 5500 733 5543 At
752 5491 1020 5555 ttenardus,
1043 5491 1187 5555 quod.
1206 5491 1573 5555 ﬁguremus
1594 5504 1704 5553 quo.
1723 5498 1833 5545 Haec
1854 5501 1931 5543 ,ιιι-

357 5548 518 5626 hamis
538 5556 585 5603 in
622 5567 776 5626 opere
796 5566 888 5604 suo
1080 5548 1469 5626 ad_Turbantiuni
1484 5548 1639 5612 dixit,
1684 5557 1934 5626 regnavit-

359 5610 958 5679 que'angusdnuswpra,
984 5610 1107 5663 libro
1126 5614 1159 5663 5
1179 5620 1343 5663 contra
1364 5610 1632 5679 Iulianum,
1674 5627 1721 5679 u.
1749 5613 1797 5673 8,
1822 5628 1927 5679 sqq.

420 5674 494 5736 (a)
516 5670 608 5725 uiis
631 5685 683 5727 et
718 5670 1041 5738 alios'plures
1072 5674 1461 5738 memoravit
1488 5670 1652 5737 supra,
1686 5675 1734 5724 in
1768 5670 1933 5737 priore

360 5732 508 5795 rm}.
530 5748 692 5787 contra
716 5732 966 5798 lulianum,
989 5732 1073 5785 lib.
1104 5734 1147 5798 ι,
1172 5745 1277 5797 cap.
1301 5732 1408 5795 5J3,
1427 5743 1516 5787 cut.

1030 323 1274 382 OPERIS
1310 320 1717 378 IMPERFECTI
1758 320 2028 377 CONTRA
2066 323 2424 397 JllLlANUM,
2465 330 2524 386 S.
2566 332 2932 391 AUGUSTINI

3474 339 3613 396 i076

2045 446 2124 490 est
2150 447 2332 493 contra
2356 439 2613 513 impetum
2631 446 2904 514 vanitatis,
2935 455 2992 504 et
3017 448 3351 506 confessione
3380 452 3529 507 brevi
3549 468 3612 508 os

2044 526 2440 598 obloquentium
2483 535 2868 590 consuendum.
2935 537 3044 592 Nos
3093 538 3250 609 igitur
3296 539 3349 594 in
3408 550 3621 599 tantum

2044 620 2267 686 gratiam
2294 619 2634 690 Baptismatis
2660 626 2905 682 omnibus
2920 629 3102 684 utilem
3132 631 3375 687 aetatibus
3394 632 3617 688 conﬁte-

2042 723 2180 770 mur,
2232 718 2289 763 ut
2322 706 2544 768 etinctos
2586 715 2678 785 qui
2717 716 2859 771 illam
2908 732 3015 774 non
3057 721 3412 775 necessariam
3454 722 3615 776 etiam

2006 799 2271 867 'parvulis
2312 809 2517 870 putant,
2561 814 2762 859 aeterno
2812 808 3064 862 feriamus
3109 808 3468 864 anathemate.
3511 810 3618 866 Sed

1985 945 1994 953 _
2043 885 2180 944 Itane
2214 892 2435 960 gratiam
2488 892 2802 963 locupletem
2847 885 3205 971 spiritualibus
3248 900 3405 955 donis
3439 903 3614 956 credi.

2042 993 2178 1043 mus,
2205 997 2324 1052 quae
2350 983 2532 1038 multis
2561 985 2736 1055 opima
2767 988 3074 1044 muneribus
3103 1004 3167 1043 ae
3196 991 3489 1045 reverenda
3511 992 3616 1045 vir-

2043 1068 2259 1135 tutibus,
2301 1086 2401 1142 pro
2441 1074 2803 1129 infirmitatum
2846 1079 3127 1146 generibus
3173 1088 3226 1133 et
3262 1080 3614 1135 humanorum

2039 1164 2268 1213 statuam
2290 1161 2707 1230 diversitatibus,
2761 1181 2884 1232 una,
2912 1175 3016 1219 tam
3048 1168 3402 1222 remediorum
3445 1171 3615 1224 colla-

2041 1248 2173 1304 trice
2200 1250 2217 1282 ¹
2245 1266 2401 1320 quam
2435 1268 2734 1322 munerum,
2765 1255 2959 1311 virtute
2984 1257 3297 1313 medicatur.
3336 1258 3465 1325 Quae
3492 1275 3613 1315 cum

2038 1339 2347 1396 admovetur
2371 1343 2414 1410 ’,
2444 1359 2546 1400 non
2580 1354 2662 1400 est
2689 1348 2936 1401 mutanda
2964 1363 3060 1417 pro
3086 1350 3260 1404 causis
3284 1368 3298 1404 :
3321 1349 3430 1419 jam
3470 1352 3613 1406 enim

2040 1427 2152 1499 ipsa
2183 1430 2318 1485 dona
2351 1446 2445 1486 sua
2481 1448 2577 1502 pro
2600 1435 2965 1491 accedentium
2997 1437 3290 1507 capacitate
3318 1438 3610 1508 dispensat.

2039 1517 2188 1573 Sicut
2209 1523 2351 1574 enim
2382 1530 2526 1576 artes
2552 1538 2738 1579 omnes
2769 1540 2872 1578 non
2912 1541 3007 1594 pro
3033 1525 3341 1582 diversitate
3367 1530 3612 1583 materia.

2039 1622 2178 1676 rum,
2209 1624 2338 1678 quas
2359 1612 2617 1681 arripiunt
2645 1613 2980 1682 excolendas,
3023 1615 3152 1685 ipsa:
3178 1633 3387 1688 quoque
3410 1626 3501 1672 aut
3528 1617 3614 1673 deo

2040 1698 2287 1752 trimenta
2315 1708 2406 1754 aut
2434 1711 2715 1770 augmenta
2742 1704 3030 1773 patiuntur,
3061 1705 3154 1760 sed
3195 1706 3332 1760 idem
3355 1707 3376 1738 ³
3404 1722 3613 1776 semper

2037 1796 2194 1858 atque
2234 1804 2339 1843 uno
2379 1790 2537 1845 modo
2561 1807 2620 1847 se
2662 1791 2919 1849 habentes
2967 1795 3249 1864 multiplici
3293 1796 3614 1853 decorautur

2037 1877 2225 1934 effectu
2252 1877 2305 1944 l‘;
2352 1880 2424 1934 ita
2458 1890 2514 1936 et
2558 1883 2847 1937 secundum
2896 1885 3229 1955 Apostolum,
3281 1886 3395 1941 Una
3449 1889 3610 1957 fides,

2038 1986 2196 2023 unum
2237 1970 2502 2042 Baptisma
2543 1972 2761 2046 (Ephes.
2794 1991 2866 2042 tv,
2912 1976 2967 2049 5)
2995 1994 3007 2029 :
3038 1984 3091 2031 et
3123 1979 3536 2049 multiplicantur
3560 1988 3614 2037 et

2039 2056 2329 2115 dilatantur
2374 2062 2427 2116 in
2458 2062 2632 2127 donis,
2667 2080 2765 2120 nec
2792 2074 2966 2120 tamen
2999 2066 3051 2120 in
3090 2070 3462 2139 mysteriorum
3496 2085 3613 2124 ntu-

2037 2155 2219 2205 tantur
2239 2151 2534 2208 ordinibus.
2582 2153 2688 2210 Sed
2713 2153 2828 2210 ltzec
2850 2157 3016 2224 gratia
3048 2172 3154 2212 non
3183 2158 3492 2214 adversatur
3527 2159 3612 2230 juo

2038 2240 2217 2307 Stitiai,
2240 2257 2359 2313 quae
2383 2245 2616 2301 maculas
2654 2246 2784 2301 eluit
2824 2247 3154 2316 iniquitatis:
3185 2264 3284 2304 nec
3328 2248 3453 2306 facit
3492 2265 3614 2320 pecs

2037 2338 2175 2397 cata,
2212 2332 2305 2385 sed
2327 2339 2551 2403 purgat;
2583 2351 2702 2402 quae
2739 2337 2967 2391 absolvit
3004 2354 3144 2403 reos,
3187 2355 3293 2394 non
3323 2341 3613 2397 calumnia-

2038 2422 2124 2473 tur
2170 2422 2444 2478 innocuos.
2489 2423 2728 2479 Christus
2757 2426 2899 2481 enim
2929 2428 3019 2498 qui
3071 2440 3154 2484 est
3190 2433 3271 2485 sui
3302 2434 3479 2501 operis
3522 2451 3611 2489 re-

2037 2510 2300 2581 demptor,
2328 2522 2487 2585 auget
2512 2517 2651 2572 circa
2682 2517 2962 2588 imaginem
2990 2536 3140 2576 suam
3168 2524 3417 2578 continua
3446 2525 3610 2596 largi-

2037 2608 2147 2655 tate
2171 2601 2463 2671 beneficia;
2491 2612 2545 2659 et
2568 2620 2703 2676 quos
2730 2606 2931 2663 fecerat
2957 2608 3237 2666 condendo
3265 2614 3453 2679 bonos,
3484 2613 3611 2670 facit

2037 2692 2342 2749 innovando
2360 2694 2766 2768 adoptandoque
2788 2699 3053 2756 meliores.
3094 2720 3114 2755 ι
3145 2703 3292 2758 Hanc
3317 2704 3474 2774 igitur
3492 2720 3613 2776 gra-

2036 2784 2194 2851 tiam,
2240 2802 2334 2857 per
2362 2803 2519 2858 quam
2572 2792 2680 2845 reis
2714 2792 2890 2858 venia,
2938 2784 3258 2850 illuminatio
3296 2795 3608 2866 spiritualis,

2033 2875 2250 2946 adoptio
2274 2876 2500 2932 filiorum
2530 2878 3020 2952 Deikmunicipatus
3034 2881 3327 2939 Jerusalem
3353 2885 3609 2951 cmlestis,

2034 2967 2384 3024 sanctiﬁcatio
2402 3009 2417 3034 ,
2440 2978 2599 3039 atque
2627 2971 2680 3025 in
2707 2968 2905 3027 Christi
2947 2973 3186 3029 membra
3212 2975 3522 3044 translatio,
3556 2987 3610 3034 et

2032 3064 2307 3135 possessio
2328 3063 2478 3135 regni
2504 3064 2760 3120 etelorum
2806 3068 3122 3125 mortalibus
3164 3069 3338 3140 datur,
3383 3076 3473 3145 qui
3514 3074 3610 3129 alio

2032 3153 2225 3223 quibus
2251 3154 2544 3228 negandam
2571 3163 2748 3227 putat,
2793 3157 3029 3214 omnium
3072 3159 3334 3218 bonorum
3360 3177 3608 3220 exsecra-

2034 3244 2232 3299 tionem
2264 3254 2519 3302 meretur.

2105 3335 2239 3391 Ave.
2269 3334 2326 3390 ln
2368 3335 2451 3392 his
2497 3339 2746 3394 omnibus
2789 3355 2910 3412 quae
2948 3347 3378 3402 commemorasti
3426 3350 3607 3419 gratia:

2034 3422 2127 3477 Dei
2175 3425 2500 3490 muneribus,
2545 3426 2675 3483 illud
2698 3429 2836 3499 quod
2881 3433 3029 3501 prius
3058 3435 3304 3503 posuisti,
3349 3436 3464 3492 dari
3511 3456 3608 3510 per

2034 3513 2176 3569 illam
2226 3516 2332 3571 reis
2371 3517 2601 3585 veniam,
2646 3534 2754 3574 non
2790 3521 2873 3577 vis
2914 3521 2982 3577 ad
3030 3525 3277 3592 parvulos
3321 3528 3604 3596 pertinere,

2033 3616 2167 3672 quos
2186 3604 2349 3659 ullum
2379 3615 2582 3661 reatum
2614 3623 2777 3679 negas
2799 3625 2863 3664 ex
2894 3612 3062 3666 Adam
3092 3613 3320 3670 trahere.
3346 3616 3454 3672 Cur
3481 3635 3607 3690 ergo

2034 3699 2227 3747 cmtcra
2252 3694 2431 3749 multis
2452 3704 2609 3764 negat
2634 3697 2770 3752 Deus
2794 3701 3044 3769 parvulis,
3089 3704 3179 3773 qui
3218 3705 3335 3762 sine
3363 3706 3461 3761 hac
3488 3724 3609 3778 gra-

2036 3780 2105 3834 tia
2135 3781 2188 3836 in
2212 3783 2297 3837 illa
2324 3793 2480 3840 mtate
2509 3788 2852 3844 moriuntur?
2876 3805 2990 3858 cur,
3022 3793 3258 3863 inquam,
3290 3813 3392 3851 non
3421 3799 3500 3853 eis
3523 3799 3605 3854 da-

2035 3877 2122 3924 tur
2145 3871 2462 3929 illuminatio
2485 3875 2794 3944 Spiritualis,
2838 3879 3053 3948 adeptio
3081 3883 3305 3938 filiorum
3332 3886 3446 3953 Dei,
3492 3904 3608 3943 mu-

2035 3960 2292 4049 nicipatus
2328 3962 2619 4019 Jerusalem
2665 3968 2921 4036 caelestis,
2964 3974 3334 4043 sanctiﬁcatio,
3374 3981 3606 4049 atquein

2034 4048 2227 4102 Christi
2257 4051 2493 4107 membra
2522 4054 2828 4123 translatio,
2880 4066 2935 4112 et
2969 4063 3232 4134 possessio
3271 4069 3415 4134 regni
3441 4048 3606 4124 celo-

2032 4138 2195 4192 rum?
2224 4139 2469 4196 llaeccine
2496 4141 2519 4174 ⁸
2541 4150 2617 4197 tot
2646 4160 2866 4200 munera
2894 4156 2998 4202 tam
3026 4133 3351 4221 necessaria,
3378 4135 3608 4213 tot'itna-

2032 4230 2241 4301 ginibus
2265 4232 2374 4286 suis
2408 4233 2608 4288 nullum
2650 4238 2940 4293 secundum
2963 4256 3056 4296 vos
3097 4256 3370 4312 peccatum
3398 4248 3604 4304 haben-

2034 4321 2175 4375 tibus
2202 4330 2425 4391 negaret
2447 4324 2604 4390 Deus,
2631 4341 2797 4396 penes
2825 4345 2983 4399 quem
3005 4345 3211 4387 summa
3241 4345 3473 4405 potestas
3501 4351 3605 4405 est,

2032 4425 2153 4466 cum
2201 4410 2305 4467 hoc
2351 4413 2664 4469 beneficium
2714 4432 2819 4471 non
2871 4433 2902 4473 a
2945 4435 3004 4475 se
3049 4424 3324 4491 prohibeat
3365 4428 3606 4486 voluntas

2032 4504 2294 4558 contraria
2319 4505 2692 4575 parvulorum?
2719 4506 2799 4563 Tu
2826 4516 2970 4566 certe
2995 4521 3052 4566 ut
3076 4511 3213 4570 hanc
3241 4532 3268 4569 a
3292 4518 3441 4574 vobis
3460 4526 3608 4575 anto-

2032 4592 2207 4648 lireris
2236 4594 2505 4662 invidiam,
2546 4610 2649 4665 qua
2683 4596 2916 4653 dieimini
2945 4603 3175 4670 parvulis
3205 4604 3455 4675 Baptismi
3484 4627 3605 4679 gra-

2034 4684 2160 4737 tiam
2179 4684 2461 4754 denegare,
2482 4686 2659 4743 dixisti
2685 4688 2825 4758 quod
2844 4706 2958 4745 eam
2974 4694 3219 4761 gratiam,
3243 4698 3330 4765 qui
3344 4699 3606 4768 aliquibus

2033 4774 2324 4845 negandum
2373 4785 2542 4844 putat,
2586 4780 2822 4833 omnium
2878 4781 3138 4838 bonorum
3181 4792 3601 4847 exsecrationem

2061 4949 2131 5027 ,ᾗ
2150 4947 2671 5027 δῖῗξὶἓῖὡξῗνηὲῗῖῗξϐπὶ
2709 4950 3031 5027 τειπεειίρνατῑι
3071 4957 3391 5027 φίλατνίεειηο-
3415 4965 3603 5027 "ignita

2032 5010 2317 5119 ξῖτῖῗιίίέξὶω
2355 5010 2677 5063 "Wdim’"
2715 5012 2975 5066 ⁶⁰¹ί⁰²¹ί⁶εο
2998 5010 3297 5083 (Mittantur
3333 5010 3394 5073 ad
3438 5010 3607 5076 .3336.

2148 5086 2157 5117 ἶ
2241 5104 2253 5118 ο

2114 5084 2253 5118 "llos.

2032 5082 2397 5201 fcggltgstiardus
2411 5163 2427 5187 ,
2450 5136 2691 5201 notaretur
2712 5146 2731 5184 :
2746 5143 2988 5201 corrupte.
3014 5138 3059 5187 td
3081 5138 3173 5190 hoc
3192 5140 3297 5191 loco
3314 5142 3525 5195 Julianus
3544 5148 3608 5197 de

2033 5191 2251 5300 Baptismi
2276 5192 2371 5263 ritu
2393 5191 2668 5254 profitetur.
2693 5195 2821 5267 quod
2843 5191 2957 5247 mite
3000 5201 3033 5262 it
3048 5212 3155 5249 sum
3200 5191 3608 5267 Pelagius—iiii]:

2033 5252 2097 5300 be
2121 5250 2165 5300 Ιο
2206 5250 2318 5300 ﬁdat
2355 5265 2489 5300 suae.
2527 5267 2574 5300 u.
2620 5254 2681 5300 7.
2720 5255 2874 5300 Infra.
2913 5259 2959 5300 in
3007 5262 3275 5300 Atinpndinp
3346 5276 3481 5300 ιιι-ιιι..
3532 5285 3608 5300 ε..-

2032 5250 2178 5328 bello
2206 5250 2489 5328 ﬁdeinstim,
2527 5267 2574 5328 u.
2620 5250 2874 5328 7,.infra,
2913 5259 2960 5307 lu
3005 5250 3502 5328 Appendicefparte-
3531 5250 3610 5317 si}-

2032 5313 2254 5392 eligat-33.,“
2270 5314 2572 5392 quamnim},
2590 5316 2868 5392 LJiuquit,
2888 5336 2943 5392 ira
2978 5313 3127 5392 unum
3179 5313 3602 5392 tenetu'ttstquod

2042 5391 2064 5418 ι
2087 5373 2262 5447 iisdem
2278 5373 2565 5445 sacramenti
2589 5373 2821 5426 verbis-in
2855 5373 3142 5447 in’aatibus,
3175 5373 3604 5447 quibus—etiamm

2042 5451 2064 5478 ι
2087 5435 2344 5499 majoribus
2362 5437 2790 5499 asset-iniustae
2823 5435 3232 5499 celebrandum}
3273 5435 3395 5497 Vide
3411 5435 3527 5499 ita};
3558 5435 3608 5499 iu

2010 5495 2336 5603 ’ςειξξεεξεαν
2361 5496 2409 5544 in
2443 5495 2622 5545 ιίικειίο
2641 5497 2753 5547 ﬁdei
2778 5498 3163 5566 Pelagianorum.
3189 5520 3238 5555 υ.
3253 5495 3609 5578 egessisse;

2117 5567 2293 5603 Ianum.

2102 5618 2121 5648 ³
2154 5622 2311 5670 Forte.
2333 5616 2532 5667 cavdam.

2101 5678 2121 5739 ξ
2154 5676 2286 5739 mliti,
2310 5677 2413 5739 anet
2439 5684 2483 5726 ’ἰ
2512 5691 2527 5725 .'
2551 5677 2947 5733 dissentientibus
2968 5689 3073 5735 Mss.

2100 5737 2119 5769 ³
2155 5738 2288 5799 miti,
2313 5737 2491 5790 literae.
2531 5747 2659 5796 Mss,
2684 5740 2909 5795 haccine.
