4008 6178
382 480 653 530 altercator
680 472 719 525 ³.
748 466 864 525 Non
890 464 1045 539 igitur
1066 480 1183 522 eam
1212 459 1308 521 Dei
1332 461 1709 532 omnipotentis
1736 460 1960 530 aequitas

380 571 601 634 negaret
625 558 1102 617 innumerabilibus
1154 555 1411 627 parvulis,
1459 554 1548 625 qui
1596 553 1712 608 sine
1734 551 1834 606 hac
1860 549 1961 605 sub

336 644 498 733 :ejus
543 652 929 724 omnipotentia
975 648 1293 710 moriuntur.
1343 647 1387 701 si
1429 646 1553 700 mali
1598 646 1728 700 nihil
1757 643 1810 697 in
1845 640 1961 711 ejus

380 748 594 805 occulto
629 744 830 816 judicio
859 750 1213 798 mererentur.
1256 739 1301 794 A
1330 751 1437 809 quo
1458 736 1659 808 judicio
1687 735 1754 788 de
1797 734 1964 801 stirpe

380 838 550 896 Adam
576 835 911 892 venientibus
932 833 1178 890 omnibus
1198 830 1399 895 debito,
1424 829 1742 900 quicumque
1768 840 1963 881 secun-

378 930 509 987 dum
535 931 783 1002 gratiam.
814 942 920 983 non
946 925 1236 983 secundum
1259 924 1497 979 debitum
1517 922 1829 984 liberantur,
1858 933 1962 972 non

379 1022 436 1077 in
459 1021 574 1074 suis
604 1018 827 1085 meritis,
859 1015 953 1071 sed
984 1016 1035 1070 in
1068 1015 1296 1070 Domino
1332 1013 1644 1083 glorientur.
1704 1009 1809 1064 Vos
1837 1024 1965 1080 ergo

380 1111 428 1166 si
451 1124 639 1166 carere
686 1107 845 1163 vultis
884 1104 1197 1178 opprobrio,
1240 1120 1345 1175 quo
1386 1102 1639 1158 Ecclesiae
1684 1100 1963 1155 catholica:

382 1202 726 1263 detestabiles
750 1200 869 1255 facti
895 1201 1045 1263 estis.
1090 1194 1246 1253 sinite
1277 1196 1544 1252 Christum
1586 1194 1816 1266 parvulis
1844 1207 1964 1247 esse

376 1294 585 1349 Jesum.
626 1292 778 1361 Quod
810 1291 1028 1345 omnino
1060 1306 1164 1344 non
1195 1289 1317 1354 erit,
1362 1287 1408 1343 si
1451 1299 1559 1342 non
1606 1286 1684 1341 eis
1723 1282 1966 1339 conferet

378 1394 602 1457 propter
624 1384 763 1453 quod
798 1383 899 1438 hoc
944 1397 1136 1437 nomen
1166 1381 1389 1451 accepit,
1416 1379 1464 1433 id
1495 1386 1596 1445 est,
1637 1378 1680 1432 si
1718 1393 1824 1431 non
1868 1390 1965 1431 eos

378 1475 560 1530 salvos
603 1473 757 1529 faciet
802 1489 833 1528 a
887 1473 1116 1543 peccatis
1163 1487 1349 1528 eorum
1392 1470 1607 1543 (Matth.
1636 1485 1674 1533 ι,
1704 1468 1820 1541 2i).
1854 1468 1966 1524 lloc

379 1565 544 1638 igitur
569 1565 637 1621 de
666 1565 763 1620 ista
800 1566 966 1635 gratia
993 1564 1173 1628 dicite,
1207 1573 1264 1618 ut
1294 1562 1589 1617 offensione
1635 1559 1964 1617 Christiano-

379 1674 500 1714 rum
526 1657 593 1714 de
617 1674 717 1728 qua
744 1657 1129 1731 conquerimini
1154 1655 1407 1719 careatis,
1438 1653 1579 1723 quod
1618 1653 1751 1707 dixit
1779 1651 1965 1708 catho-

377 1752 515 1808 licus
548 1752 737 1807 doctus
761 1751 1051 1821 doetorque
1082 1747 1404 1819 Gregorius:
1431 1765 1448 1799 ι
1478 1745 1748 1801 Venerare
1777 1744 1967 1799 nativi-

382 1854 569 1909 tatem,
595 1860 688 1913 per
707 1857 865 1914 quam
887 1851 1111 1896 terrenae
1131 1838 1422 1894 nativitatis
1452 1837 1678 1892 vinculis
1706 1835 1965 1891 liberatus

378 1948 461 1988 es.
500 1951 519 1985 ι
562 1932 718 1988 Nullo
748 1932 925 2002 itaque
955 1930 1117 1986 modo
1142 1928 1208 1985 ad
1238 1929 1391 1983 istam
1424 1928 1649 1998 gratiam
1698 1926 1966 1996 pertinere

384 2024 633 2094 parvulos
664 2020 1014 2087 confitemini,
1061 2018 1314 2091 quamdiu
1341 2018 1545 2089 negatis
1567 2033 1662 2072 eos
1693 2016 1967 2072 nativitate

379 2114 588 2171 caelesti
608 2128 640 2167 a
669 2121 895 2167 terrena:
925 2111 1222 2166 nativitatis
1251 2108 1476 2163 vinculis
1507 2106 1747 2163 liberari.

452 2202 588 2259 LIV.
626 2200 745 2259 Jun.
769 2200 901 2270 Quae
929 2201 1203 2271 quoniam,
1256 2209 1313 2253 ut
1337 2199 1486 2253 locus
1512 2198 1724 2252 interim
1764 2197 1851 2252 hic
1879 2210 1972 2265 pa-

380 2294 636 2357 tiebatur,
677 2291 899 2357 munivi,
947 2298 1281 2346 revertamur
1309 2288 1401 2342 illo
1450 2286 1589 2342 unde
1630 2286 1856 2357 digressi
1875 2301 1970 2340 su-

380 2398 541 2449 mus;
588 2383 658 2439 de
701 2382 803 2437 hoc
824 2383 958 2453 ipso,
1017 2381 1336 2449 ubicumque
1387 2387 1746 2448 opportunum
1785 2376 1966 2443 fuerit,

382 2475 598 2547 plenius
626 2473 874 2528 locuturi.
924 2471 1059 2526 Ecce
1102 2479 1297 2540 quanta
1338 2467 1690 2522 confessionis
1733 2467 1872 2533 luce,
1916 2475 1972 2520 et

384 2582 484 2622 eos
509 2566 595 2637 qui
625 2564 889 2633 Baptisma
914 2561 1148 2632 parvulis
1170 2559 1515 2630 denegarem,
1537 2566 1591 2612 et
1605 2573 1702 2613 vos
1731 2557 1822 2628 qui
1852 2571 1968 2627 ejus

381 2656 692 2727 praejudicio
707 2655 968 2725 justitiam
993 2653 1085 2706 Dei
1108 2650 1315 2706 audetis
1340 2649 1627 2714 maculare,
1646 2649 1965 2719 reprobavi:

385 2759 689 2822 protestans
716 2747 859 2802 aliud
887 2762 972 2801 me
1012 2762 1116 2807 non
1149 2755 1351 2809 tenere,
1380 2759 1537 2813 quam
1568 2742 1805 2797 instituta
1849 2756 1969 2813 my-

382 2842 546 2897 steria
577 2839 788 2904 iisdem,
827 2838 1019 2909 quibus
1047 2835 1235 2890 tradita
1284 2843 1409 2889 sunt
1437 2836 1458 2866 ²
1489 2833 1687 2898 verbis,
1741 2832 1794 2886 in
1822 2831 1968 2886 omni

388 2950 610 3008 prorsus
634 2942 789 2988 mtate
812 2946 931 2987 esse
957 2927 1250 2993 tractanda,
1297 2942 1399 2982 nec
1429 2938 1524 2995 pro
1553 2940 1834 2982 causarum
1876 2940 1968 2974 va-

384 3028 576 3084 rietate
628 3024 825 3081 debere
874 3023 1316 3077 mutarizverum
1350 3018 1465 3072 fieri
1524 3026 1855 3087 peccatorum
1902 3030 1968 3070 ex

386 3119 533 3175 malo
554 3116 787 3187 perfecte
830 3114 1062 3178 bonum;
1110 3112 1452 3167 innocentem
1492 3117 1670 3162 autem
1714 3108 1803 3177 qui
1843 3107 1968 3160 nul-

388 3212 499 3265 lum
532 3207 689 3263 habet
718 3204 916 3262 malum
962 3203 1189 3275 pr0pria:
1217 3201 1529 3265 voluntatis,
1577 3214 1643 3253 ex
1686 3198 1827 3251 bono
1855 3196 1969 3250 fieri

354 3288 689 3364 inteliorem,
743 3295 796 3351 id
842 3302 944 3357 est,
1002 3294 1261 3363 optimum
1293 3308 1306 3344 :
1336 3299 1393 3345 ut
1441 3288 1600 3343 ambo
1648 3286 1863 3357 quidem
1914 3286 1969 3340 in

380 3392 581 3448 Christi
604 3389 839 3445 membra
864 3392 1134 3441 transeant
1157 3383 1484 3447 consecrati;
1516 3380 1611 3436 sed
1629 3394 1765 3435 unus
1780 3377 1973 3446 deprc-

382 3485 584 3537 heusus
614 3483 664 3535 in
696 3479 830 3533 mala
862 3478 989 3541 vita,
1022 3476 1160 3531 alter
1186 3475 1237 3529 in
1262 3474 1397 3529 bona
1442 3482 1652 3526 natura.
1702 3469 1794 3524 Ille
1823 3469 1968 3525 enim

383 3571 740 3628 innocentiam
763 3583 922 3639 quam
951 3568 1169 3623 exortus
1197 3569 1499 3633 acceperat,
1554 3576 1712 3631 prava
1759 3560 1970 3616 actione

386 3662 629 3733 corrupit
658 3679 673 3716 :
702 3661 787 3714 hic
815 3673 940 3713 vero
965 3658 1082 3712 sine
1115 3654 1293 3719 laude,
1340 3655 1455 3708 sine
1483 3651 1705 3707 crimine
1730 3651 1971 3705 volunta-

387 3756 479 3823 tis,
512 3754 614 3808 hoc
639 3752 808 3807 solum
838 3748 1019 3816 habet,
1048 3746 1188 3817 quod
1216 3762 1246 3799 a
1276 3746 1383 3799 Deo
1409 3743 1686 3798 conditore
1712 3745 1964 3812 suscepit,

393 3850 485 3919 qui
509 3847 735 3903 infucata
767 3846 787 3878 ³
813 3843 1165 3915 primmvitate
1180 3840 1404 3907 felicior,
1436 3839 1636 3894 bonum
1654 3837 1969 3907 simplicita-

391 3939 461 3993 tis
488 3953 599 3991 sua:
629 3937 815 3991 vitiare
837 3951 942 3990 non
992 3932 1182 4003 potuit,
1212 3931 1412 3985 nullum
1444 3928 1645 3984 habens
1662 3928 1729 3983 de
1765 3928 1973 3983 actibus

387 4028 662 4095 meritum,
687 4026 780 4083 sed
805 4026 909 4080 hoc
938 4025 1108 4080 solum
1137 4022 1395 4088 retinens,
1433 4020 1575 4093 quod
1605 4020 1734 4076 tanti
1765 4019 1973 4090 opificis

382 4118 695 4188 dignatione
721 4116 976 4186 possedit.

460 4208 601 4264 Auo.
631 4206 810 4273 Quare
828 4220 956 4277 ergo
983 4204 1345 4274 gravejugum
1374 4218 1537 4274 super
1554 4218 1677 4258 eum
1702 4218 1733 4257 a
1754 4201 1842 4258 die
1880 4218 1973 4258 ex-

386 4299 496 4354 itus
525 4297 590 4353 de
620 4306 804 4352 ventre
846 4296 1031 4351 matris
1059 4294 1175 4365 ejus
1215 4293 1401 4368 (Eccli.
1430 4309 1521 4360 XL,
1550 4293 1602 4365 l)
1630 4293 1654 4347 ?
1691 4291 1799 4348 Cur
1827 4301 1971 4348 tanta

389 4389 805 4460 corruptibilitas
826 4386 1084 4458 corporis,
1104 4386 1270 4441 uthac
1293 4384 1642 4457 aggravetur‘
1665 4385 1840 4440 anima
1857 4385 1973 4455 ejus

395 4483 549 4554 (Sap.
576 4496 653 4547 ix,
676 4481 767 4549 15)
780 4480 802 4532 ?
815 4479 921 4534 Cur
938 4487 1076 4532 tanta
1097 4477 1291 4533 mentis
1316 4476 1587 4543 obtunsio,
1607 4476 1844 4531 utetiam
1862 4477 1973 4546 pla-

385 4574 469 4643 gis
489 4570 762 4625 erudiatur
780 4569 1000 4623 tarditas
1028 4568 1184 4638 ejus?
1204 4567 1512 4638 Quousque,
1540 4567 1772 4632 Iuliane,
1796 4568 1973 4639 gravis

388 4680 450 4718 es
479 4660 682 4716 corde?
702 4674 982 4731 quousque
1005 4659 1180 4729 diligis
1211 4660 1516 4724 vanitatem,
1541 4667 1593 4713 et
1614 4660 1810 4729 quaeris
1832 4675 1975 4713 men-

386 4752 598 4807 dacium
630 4749 800 4820 (Psal.
828 4766 902 4817 tv,
936 4750 1013 4820 5),
1064 4765 1172 4820 quo
1196 4758 1369 4803 vestra
1418 4748 1638 4802 hazresis
1679 4747 1972 4802 fulciatur?

389 4842 659 4912 Numquid
685 4844 729 4898 si
756 4858 914 4898 nemo
940 4850 1250 4912 peccasset,
1287 4842 1330 4894 si
1359 4847 1542 4895 natura
1568 4840 1799 4895 humana
1826 4841 1877 4894 in
1911 4856 1971 4896 ea

389 4951 494 5006 qua
514 4933 731 4989 condita
756 4942 837 4988 est
865 4933 1099 4987 bonitate
1127 4932 1428 4997 mansisset,
1459 4929 1618 4985 etiam
1646 4930 1698 4985 in
1726 4931 1973 5000 paradiso

391 5026 457 5080 ad
491 5027 619 5080 istas
649 5024 810 5079 homo
832 5024 1095 5088 miserias,
1127 5031 1183 5076 ut
1220 5023 1321 5076 alia
1363 5030 1584 5087 taceam,
1620 5022 1975 5077 nasceretur?

463 5114 571 5170 LV.
607 5114 727 5169 Jun.
756 5114 911 5169 Etas
936 5114 1093 5183 igitur
1114 5113 1197 5166 illa
1214 5113 1353 5167 sicut
1372 5112 1790 5166 misericordiam
1820 5113 1975 5167 Chri-

390 5207 457 5261 sti
489 5207 739 5277 przedicat
769 5208 1035 5268 innovata,
1061 5204 1111 5257 id
1135 5212 1238 5269 est,
1272 5203 1573 5257 innovantis
1601 5204 1836 5274 mysterii
1864 5206 1973 5258 vir-

394 5307 505 5352 tute
532 5308 814 5367 provecta;
868 5296 937 5350 ita
969 5295 1297 5364 iniquitatem
1331 5293 1546 5364 judicis,
1581 5293 1849 5349 infamiam
1885 5296 1973 5365 ju-

394 5388 577 5451 stittw,
606 5395 697 5440 aut
716 5394 981 5449 accusata,
1009 5393 1103 5438 aut
1126 5386 1408 5453 aggravata
1434 5383 1722 5437 convincit.

465 5479 602 5532 Atto.
637 5475 714 5542 Ex
740 5491 841 5545 qua
871 5456 1131 5528 vetustate
1169 5482 1297 5526 astas
1330 5474 1416 5527 illa
1460 5471 1656 5526 dicitur
1700 5473 1971 5538 innovata,

406 5581 530 5622 cum
582 5566 651 5619 sit
688 5574 807 5619 ortu
852 5562 1026 5618 nova?
1062 5563 1224 5617 Labia
1262 5563 1443 5618 dolosa
1487 5573 1608 5617 sunt
1653 5565 1748 5617 ista
1780 5582 1793 5615 :
1825 5565 1867 5617 si
1897 5566 1992 5619 vis'

455 5657 473 5688 ¹
514 5663 640 5711 Mss,
673 5659 902 5705 uteretur.

358 5739 366 5747 -
455 5718 479 5749 ι
512 5725 623 5765 Mar.
647 5724 750 5771 ωε..
770 5728 878 5778 qua:
900 5713 1091 5778 tradita
1111 5720 1219 5765 sunt
1248 5726 1264 5764 :
1298 5729 1393 5766 nou
1432 5717 1589 5766 minus
1609 5722 1764 5766 recte.

458 5778 479 5808 ³
514 5779 642 5826 Idem
665 5775 819 5825 codex
858 5783 988 5834 Man,
1012 5775 1263 5838 infuscata.

455 5850 479 5869 ο
510 5840 584 5889 sic
606 5847 710 5889 Mss.
735 5838 875 5898 Editi,
907 5844 1269 5901 ugqravarctur.

1789 364 1992 425 LIBER
2030 361 2305 423 PRIMUS.
2398 406 2401 411 ς

2074 472 2360 529 agnoscere
2378 464 2713 519 vetustatem.
2739 469 2804 511 ex
2822 470 2923 527 qua
2945 454 3150 525 parvuli
3168 453 3454 510 christiana
3480 454 3500 486 ‘
3526 464 3649 522 grs-

2071 552 2140 605 tia
2165 559 2507 613 renovantur,
2541 549 2665 603 audi
2710 548 2934 603 fideliter
2960 546 3103 618 quod
3122 549 3195 601 ait
3229 548 3389 601 homo
3423 545 3514 600 Dei
3543 543 3651 601 Re-

2071 641 2222 695 ticius
2249 640 2318 695 ab
2346 639 2729 709 Augustoduno
2751 639 3053 709 episcopus,
3086 640 3173 709 qui
3201 653 3320 693 eum
3360 636 3652 694 Melchiade

2070 730 2311 786 Romano
2335 731 2586 800 episeopo
2605 730 2873 800 quondam
2895 730 3057 800 judex
3086 729 3245 794 sedit,
3276 729 3651 797 nouatumque

2069 822 2339 877 damnavit
2381 821 2710 877 bmreticum.
2765 822 2861 878 llic
2909 824 3051 878 enim
3082 839 3202 878 eum
3253 823 3319 877 de
3359 823 3655 879 christiano

2071 912 2745 984 Baptismateloqueretur:
2767 931 2784 965 α
2814 913 2962 969 Hanc
2978 914 3152 985 igitur,
3182 934 3201 967 ο
3236 913 3426 985 inquit,
3460 931 3481 964 r
3509 917 3654 984 prin-

2068 1003 2295 1072 cipalem
2353 1018 2473 1058 esse
2524 1001 2576 1057 in
2629 1002 2867 1059 Ecclesia
2930 1003 3331 1075 indulgentiam,
3381 1004 3650 1058 neminem

2070 1092 2327 1162 prmterit,
2357 1093 2410 1147 in
2440 1108 2542 1163 qua
2568 1093 2771 1164 antiqui
2799 1093 3040 1148 criminis
3068 1109 3228 1149 omne
3256 1094 3460 1164 pondus
3488 1106 3656 1163 expo-

2071 1184 2336 1249 nimus,et
2360 1183 2677 1253 ignorantia:
2692 1193 2892 1239 nostra:
2917 1183 3152 1239 facinora
3176 1185 3349 1255 prisca
3376 1184 3650 1247 delemus;

2070 1275 2156 1329 ubi
2197 1283 2253 1330 et
2291 1286 2524 1330 veterem
2574 1274 2844 1331 hominem
2887 1289 3008 1331 cum
3058 1276 3309 1348 ingenitis
3357 1276 3652 1331 sceleribus

2069 1365 2310 1419 exuimus
2342 1384 2362 1418 ι
2404 1362 2501 1437 (α).
2534 1366 2768 1422 Audisne
2814 1382 2923 1422 non
2966 1378 3150 1437 postea
3182 1375 3504 1438 perpetrata,
3557 1366 3651 1421 sed

2069 1455 2229 1510 etiam
2250 1455 2481 1527 ingenita
2506 1457 2706 1512 scelera
2732 1458 2929 1513 veteris
2955 1458 3231 1515 hominis?
3254 1459 3515 1530 Numquid
3545 1458 3653 1512 Ma»

2069 1545 2306 1601 nicbmus
2334 1546 2427 1602 fuit
2454 1547 2553 1602 iste
2581 1547 2818 1603 Reticius
2834 1549 2860 1603 Ἰ
2881 1548 3159 1615 Quomodo
3175 1565 3304 1620 ergo
3336 1566 3440 1603 non
3467 1549 3653 1604 doloso

2069 1635 2310 1692 innovari
2341 1638 2589 1707 parvulos
2617 1638 2791 1694 dicitis
2817 1640 2870 1693 in
2898 1638 3189 1694 christiana
3223 1639 3649 1710 regeneratione,

2071 1727 2163 1797 qui
2190 1728 2327 1782 mala
2351 1743 2471 1799 qua:
2492 1729 2821 1797 ingeneravit
2854 1730 3053 1801 antiqui
3085 1731 3325 1785 criminis
3364 1730 3572 1801 pondus
3600 1731 3653 1784 in

2069 1828 2250 1874 vetere
2278 1817 2493 1875 homine
2520 1834 2627 1874 non
2650 1820 2807 1875 vultis
2836 1822 3169 1892 agnoscere?
3220 1821 3439 1887 Deinde,
3481 1822 3526 1875 si
3566 1836 3660 1891 εει

2069 1918 2286 1982 gravata
2332 1921 2461 1967 tetas
2505 1913 2593 1968 illa
2638 1912 2968 1983 iniquitatem
3023 1913 3218 1985 judicis
3260 1914 3550 1978 convincit,
3604 1923 3661 1965 ut

2071 2002 2226 2070 dicis,
2259 2004 2399 2058 itane
2425 2018 2532 2058 non
2567 2013 2651 2059 est
2681 2014 2964 2076 aggravata
3009 2005 3156 2075 gravi
3183 2004 3313 2075 jugo
3333 2019 3496 2075 super
3523 2003 3660 2057 lilios

2074 2096 2279 2151 Adam?
2317 2096 2383 2151 Et
2408 2104 2713 2151 tamennon
2738 2105 2822 2151 est
2864 2096 2986 2151 hinc
3028 2096 3240 2168 iniquus
3269 2097 3439 2162 Deus;
3479 2112 3543 2151 ac
3568 2107 3661 2165 per

2077 2188 2179 2241 hoc
2218 2188 2412 2242 merito
2442 2196 2525 2242 est
2562 2197 2864 2258 aggravata.
2911 2187 3124 2243 Nullum
3154 2199 3236 2243 est
3284 2198 3464 2244 autem
3506 2189 3661 2260 hujus

2076 2278 2249 2333 relatis
2264 2277 2509 2332 meritum
2527 2278 2725 2331 malum
2741 2319 2756 2343 ,
2784 2278 2829 2332 si
2858 2289 3061 2333 nonest
3083 2279 3339 2349 originale
3361 2284 3657 2350 peccatum.

2146 2369 2280 2424 LVI.
2311 2369 2429 2425 JUL.
2471 2369 2589 2424 Non
2615 2384 2743 2440 ergo
2781 2372 2986 2427 unitate
3025 2371 3354 2426 Sacramenti
3388 2388 3475 2426 rea
3507 2387 3658 2425 mon-

2074 2470 2273 2516 stratur
2298 2459 2516 2516 infantia
2536 2504 2552 2528 ,
2584 2462 2678 2517 sed
2704 2463 2925 2519 veritate
2946 2463 3128 2534 judicii
3161 2463 3297 2519 nihil
3327 2464 3469 2519 aliud
3496 2481 3666 2536 quam

2078 2552 2334 2607 innocens
2363 2552 2706 2622 approbatur.

2144 2646 2283 2699 Anc.
2314 2643 2583 2701 lnvenisse
2609 2652 2660 2700 te
2682 2657 2835 2715 putas
2855 2661 3017 2716 quare
3041 2647 3339 2719 baptizetur
3359 2668 3372 2704 :
3391 2649 3476 2705 die
3494 2654 3661 2720 quare

2074 2732 2406 2790 cxsuflletur.
2449 2735 2608 2790 Certe
2646 2736 2844 2807 Pelagii
2897 2740 3131 2795 auctoris
3170 2740 3333 2795 vestri
3375 2755 3563 2811 magna
3605 2724 3661 2797 et

2075 2826 2267 2881 invicta
2297 2834 2380 2881 est
2427 2835 2605 2896 putata
2652 2836 2914 2884 sententia
2939 2869 2956 2897 ,
2989 2831 3076 2886 ubi
3104 2831 3215 2886 ait:
3241 2831 3302 2888 Si
3333 2832 3460 2887 Ada:
3484 2848 3661 2904 pecca-

2074 2925 2178 2970 tum
2205 2919 2357 2972 etiam
2386 2935 2486 2973 non
2518 2920 2837 2989 peccantibus
2860 2924 3049 2987 nocuit,
3080 2940 3199 2995 ergo
3224 2933 3272 2977 et
3298 2922 3490 2980 Christi
3501 2926 3659 2996 justi-

2076 3011 2145 3061 tia
2171 3010 2326 3064 etiam
2365 3027 2466 3064 non
2504 3012 2823 3067 credentibus
2863 3016 3065 3082 prodest
3101 3014 3196 3087 (b).
3246 3015 3385 3084 Quid
3424 3032 3551 3087 ergo
3595 3015 3661 3072 de

2073 3101 2306 3169 parvulis
2347 3101 2562 3156 dicitis'
2597 3104 2811 3173 quando
2858 3106 3232 3176 haptizantur?
3273 3107 3547 3175 Credunt,
3594 3125 3659 3163 an

2077 3205 2181 3244 non
2219 3192 2478 3247 credunt?
2522 3193 2577 3248 Si
2622 3194 2902 3259 dixeritis.
2947 3197 3065 3253 Non
3109 3198 3661 3271 creduntzquomodo

2076 3298 2182 3337 non
2204 3282 2226 3315 ³
2251 3285 2330 3338 eis
2354 3283 2553 3340 Christi
2578 3286 2781 3355 justitia
2808 3288 2969 3343 etiam
2999 3304 3103 3344 non
3132 3290 3480 3347 credentibus
3504 3293 3660 3362 prod-

2075 3379 2176 3438 est,
2205 3382 2261 3427 ut
2298 3389 2518 3444 regnum
2543 3376 2801 3432 caelorum
2843 3378 3187 3447 possideant?
3213 3380 3319 3436 Aut
3345 3382 3389 3437 si
3414 3383 3653 3452 prodest.

2075 3473 2134 3515 ut
2161 3462 2410 3532 cogimini
2435 3463 2676 3520 confiteri
2703 3483 2715 3518 :
2739 3466 2818 3522 sic
2848 3468 3007 3537 igitur
3029 3470 3108 3525 eis
3139 3471 3319 3527 nocuit
3360 3472 3489 3528 Adae
3528 3489 3655 3545 pec-

2075 3562 2251 3606 catum
2276 3553 2509 3609 nondum
2534 3557 2784 3626 peccandi
2812 3557 3130 3616 habentibus
3157 3562 3502 3627 voluntatem,
3533 3580 3649 3635 quo-

2076 3641 2236 3698 modo
2273 3644 2352 3698 eis
2394 3645 2613 3714 prodest
2640 3647 2847 3716 justitia
2891 3648 3091 3706 Christi
3132 3650 3367 3706 nondum
3407 3654 3659 3709 credendi

2078 3731 2395 3788 habentibus
2414 3735 2852 3794 voluntatem‘I'Si
2878 3751 3055 3795 autem
3083 3741 3327 3798 dixeritis
3348 3785 3362 3809 ,
3389 3743 3493 3799 Per
3520 3744 3655 3798 alios

2076 3823 2301 3878 credunt
2325 3843 2339 3880 :
2366 3827 2444 3881 sic
2480 3829 2639 3883 etiam
2681 3845 2777 3901 per
2811 3830 2972 3887 alium
3018 3843 3390 3904 peccaverunt.
3425 3838 3490 3892 Et
3522 3853 3657 3908 quo-

2079 3913 2220 3967 niam
2270 3930 2452 3969 verum
2504 3925 2587 3972 est
2639 3919 2781 3989 quod
2815 3936 2912 3990 per
2956 3922 3091 3977 alios
3142 3924 3368 3980 credunt
3419 3925 3664 3996 (propter

2080 4003 2182 4058 hoc
2228 4005 2370 4059 enim
2403 4014 2459 4061 et
2498 4006 2684 4063 fideles
2713 4023 2809 4077 per
2831 4016 2992 4064 totam
3028 4012 3320 4067 Ecclesium
3351 4029 3661 4085 nuncupan-

2081 4094 2188 4164 tur)
2214 4112 2228 4145 :
2251 4093 2491 4165 profecto
2531 4098 2805 4166 pertinent
2831 4098 2900 4154 ad
2931 4100 3062 4155 illud
3090 4101 3231 4173 quod
3258 4104 3333 4157 ait
3376 4104 3654 4165 Dominus.

2081 4183 2184 4251 Qui
2209 4193 2375 4239 autem
2418 4202 2522 4242 non
2549 4189 2841 4258 crediderit,
2877 4191 3291 4248 condemnabitur
3316 4193 3507 4264 (Marc.
3538 4211 3653 4261 xvi,

2080 4276 2193 4343 16).
2222 4274 2730 4336 Condemnabuntur
2759 4296 2887 4353 ergo
2911 4282 2957 4336 si
2985 4298 3079 4353 per
3105 4284 3239 4339 alios
3271 4298 3377 4339 non
3404 4287 3657 4347 credant.

2078 4378 2197 4418 cum
2238 4379 2334 4435 per
2370 4381 2431 4422 se
2473 4368 2618 4437 ipsos
2658 4385 2765 4425 non
2791 4371 2988 4427 valent
3031 4374 3661 4430 crederezeondemnari

2078 4466 2255 4512 autem
2282 4458 2423 4527 juste
2448 4461 2594 4514 nullo
2618 4461 2778 4517 modo
2809 4473 3058 4533 possent,
3090 4466 3135 4520 si
3162 4480 3266 4520 non
3298 4467 3398 4521 sub
3421 4476 3662 4535 peccato,

2079 4564 2143 4605 ac
2184 4565 2277 4619 per
2320 4551 2421 4607 hoc
2464 4563 2518 4608 et
2560 4555 2660 4607 sub
2700 4558 2903 4625 peccati
2964 4558 3201 4628 principe
3249 4562 3659 4616 nascerentur‘.

2080 4639 2305 4710 Propter
2334 4640 2434 4696 hoc
2473 4660 2601 4713 ergo
2626 4653 2678 4715 et
2703 4641 3072 4703 exsufflaritur.
3111 4649 3405 4707 Removete
3438 4653 3505 4706 ab
3541 4653 3617 4709 eis
3642 4656 3663 4686 '

2079 4729 2440 4800 deeeptoriam
2481 4733 2766 4790 vanitatem
2801 4748 3029 4792 vestram
3058 4741 3254 4796 :sinite
3294 4744 3542 4811 parvulos
3573 4759 3661 4799 vc-

2082 4819 2199 4875 nire
2227 4820 2291 4874 ad
2322 4821 2505 4877 Jesum
2533 4822 2656 4896 (Id.
2686 4842 2737 4892 ι,
2773 4828 2875 4897 14)
2905 4830 2993 4899 qui
3026 4830 3228 4885 salvum
3262 4832 3385 4887 facit
3413 4835 3662 4903 papnhnn

2081 4925 2234 4964 suum
2272 4912 2491 4983 (inquo
2514 4915 2694 4986 utique
2731 4927 2786 4973 et
2828 4920 2928 4989 ipsi
2960 4923 3120 4993 sunt)
3146 4939 3175 4976 a
3211 4927 3443 4993 peccatis
3477 4940 3660 4980 eorum

2087 5001 2296 5072 (Matth.
2331 5018 2377 5068 ι,
2405 5003 2518 5077 2t).
3422 5039 3445 5064 ο

2146 5094 2165 5168 Ξ
2196 5094 2738 5168 autem
2763 5099 3038 5168 σνιῖίεξξωιέε

2145 5155 2358 5228 {Hditiz
2371 5157 2512 5228 dicis.
2536 5167 2604 5228 Et__
2624 5155 2742 5228 infra
2764 5161 2845 5213 :Si
2879 5163 3094 5219 dixeris.
3134 5173 3237 5218 .t’on
3285 5169 3503 5219 credunt.
3549 5176 3665 5217 Item

2083 5221 2358 5293 PPﬁl‘fﬁfﬁi
2372 5221 2755 5293 σηιεῃιμρεεεξξε.
2780 5228 3165 5293 At_ma11useripti
3185 5238 3463 5280 constanter
3489 5232 3534 5277 in
3560 5229 3665 5290 llu-

2082 5276 2169 5343 ralj
2195 5290 2428 5343 numero,
2452 5282 2633 5343 dicitis,
2658 5282 2900 5336 dixeritis.

2148 5338 2168 5370 ³
2202 5338 2419 5412 ῌοίξιοοσ
2436 5338 2866 5412 (Ιοοςρίρπιὶθυια
2889 5361 3109 5412 negans:
3136 5359 3305 5412 [108103
3330 5364 3447 5398 vero
3479 5350 3667 5398 duobus

2084 5398 2329 5477 ﬁtfit-locis
2350 5412 2515 5477 contra
2538 5398 2767 5477 librorum
2783 5398 3215 5477 manuscriptoriun
3230 5398 3372 5477 fidem
3390 5414 3459 5459 sic
3491 5412 3669 5477 multis-

2085 5463 2454 5536 lalg‘i‘ignierius
2483 5481 2495 5516 :
2523 5472 2613 5517 Aut
2634 5467 2811 5536 si_non_
2835 5463 3048 5534 prddest';
3075 5480 3124 5522 ut
3147 5470 3370 5536 cogimini
3403 5469 3619 5532 cunmm
3649 5485 3666 5522 .'

2082 5528 2329 5612 afﬂigitur.
2353 5528 2423 5578 eis
2435 5528 2718 5612 generaetsi!
2752 5528 2858 5581 Idri!
2880 5528 3143 5595 peccatum.

2200 5591 2273 5633 sic
2293 5597 2397 5638 mss.
2431 5591 2570 5648 Editi,
2593 5600 2871 5642 nascmuur.

2146 5645 2167 5675 σ
2205 5651 2311 5698 Mar.
2338 5656 2438 5705 Ms..
2466 5666 2497 5700 (ι
2518 5645 2664 5703 tubis.

2149 5705 2220 5826 (αξ
2248 5711 2358 5761 vide
2381 5726 2542 5774 supra,
2567 5716 2647 5764 lib.
2679 5717 2697 5764 t
2727 5723 2890 5765 eontra
2913 5713 3165 5771 lulianum,
3192 5728 3239 5762 n.
3266 5715 3315 5763 7.

2149 5766 2198 5826 (υ
2247 5773 2531 5826 Tidesunra.
2546 5776 2609 5824 de
2630 5784 2933 5825 Peccatorum
2951 5776 3139 5826 Meritis.
3163 5776 3243 5824 lib.
3262 5777 3311 5826 5.

2149 5766 2220 5834 (0)
2247 5766 2609 5835 τίαρευρνθξάυ
2630 5784 2933 5825 Peccatorum
2951 5776 3139 5826 Meritis.
3154 5766 3243 5824 'Iih.
3262 5777 3311 5834 5.
3333 5791 3378 5825 n.
3398 5776 3446 5832 ‘2.
3467 5788 3510 5826 et
3531 5776 3666 5831 illia,

2090 5837 2360 5887 \tercateris
2397 5840 2815 5887 tgonnnonitorium
2836 5869 2850 5895 ,
2878 5839 2922 5883 in
2962 5837 3242 5896 Appendicis
3272 5848 3410 5899 jartae
3436 5843 3662 5890 sumain.
