4010 6186
413 395 546 457 1079

478 510 634 566 LVII.
667 511 784 569 JnL.
812 514 1124 583 Quanquam
1155 511 1306 575 mihi,
1339 522 1394 566 ut
1423 510 1488 566 de
1516 519 1652 564 statu
1677 507 1992 578 explicando

403 601 661 659 immorer
697 605 1069 674 parvulorum,
1108 604 1486 672 consetptcntia
1533 601 1754 656 ratiOuis
1789 601 1990 664 indicit,

401 713 521 764 qua:
550 711 638 750 res
654 711 745 750 sua
769 697 883 765 lege
908 707 1216 765 conjunctas
1243 695 1404 749 dividi
1434 714 1535 748 non
1564 697 1706 749 sinit.
1726 696 1989 749 (Steterunt

402 784 608 841 facilior
631 798 773 843 esset
808 786 1010 857 jactura
1040 788 1390 852 nascentium,
1421 788 1462 846 si
1496 803 1598 841 non
1623 789 1701 841 eis
1729 786 1992 856 comperi-

396 878 673 934 clitarelnr
703 879 869 946 ‘ipsa
923 879 1193 948 tnajestas.
1240 880 1444 933 Excusa
1493 879 1653 948 igitur
1703 880 1890 944 Demn,
1933 888 1988 932 et

399 983 592 1023 accusa
623 970 941 1038 parvulum:
986 971 1186 1038 justum
1232 969 1488 1024 doceatur
1537 971 1626 1023 ille
1667 969 1808 1040 quod
1841 969 1984 1035 facit,

398 1059 489 1128 qui
521 1061 857 1130 sinejustitia
880 1062 1020 1116 Deus
1047 1077 1166 1116 esse
1196 1077 1300 1116 non
1329 1070 1530 1130 potest;
1561 1072 1613 1117 et
1639 1064 1840 1132 qna-vis
1865 1078 1986 1116 sus-

396 1152 557 1221 cipiat
584 1167 808 1222 persona
837 1154 1179 1224 supplicium.
1217 1151 1484 1209 Cancrum
1528 1167 1669 1210 nunc
1711 1161 1860 1206 extra
1895 1168 1984 1206 sa-

395 1245 673 1316 crilegium
702 1261 788 1300 res
810 1261 942 1315 quas
986 1255 1138 1315 putas
1169 1261 1289 1300 esse
1317 1254 1613 1308 consertas,
1663 1253 1847 1298 mutuo
1884 1243 1984 1298 sibi

395 1335 738 1392 vehementer
783 1347 1096 1406 repugnant.
1144 1336 1286 1391 Dicis
1325 1337 1491 1399 enim,
1534 1335 1780 1406 quoniam
1824 1335 1983 1389 unis'

393 1427 682 1499 mysteriis,
732 1427 1025 1481 idololatrte
1074 1443 1136 1482 ac
1181 1426 1458 1496 parricida:
1505 1425 1546 1490 ³,
1595 1426 1902 1480 imbuuntur
1930 1433 1986 1479 et

393 1519 617 1587 parvuli,
643 1535 829 1573 omnes
851 1519 1107 1574 scelestos
1132 1533 1288 1588 posse
1312 1519 1553 1572 convinci
1584 1536 1596 1571 :
1619 1529 1668 1570 et
1691 1516 1842 1570 addis
1870 1533 1981 1570 rem

391 1611 560 1666 multo
585 1611 978 1677 absurdiorem,
1011 1628 1039 1664 a
1065 1611 1394 1667 Saeramenti
1421 1611 1596 1679 hujus,
1641 1624 1748 1680 quo
1774 1609 1839 1664 de
1867 1610 1979 1677 agi-

393 1718 532 1767 mus,
560 1713 774 1757 auctore
804 1704 972 1758 aliena
1007 1712 1219 1772 peccata
1259 1702 1629 1757 innocentibus
1671 1701 1914 1771 imputari
1937 1699 1976 1754 ⁸.

393 1791 504 1846 Iloc
529 1803 610 1846 est
633 1793 772 1863 quod
800 1809 1036 1864 pugnare
1059 1793 1189 1854 dixi,
1229 1794 1351 1863 quia
1375 1809 1479 1847 non
1509 1793 1650 1862 capit
1680 1808 1855 1845 rerum
1887 1807 1980 1845 na-

391 1894 506 1939 tura
538 1896 593 1939 ut
627 1902 730 1938 uno
757 1895 996 1955 tempore
1035 1894 1091 1942 et
1125 1886 1260 1941 adeo
1290 1886 1358 1940 sit
1397 1885 1699 1940 misericors
1731 1884 1893 1950 Dens,
1924 1892 1980 1937 ut

390 1977 597 2045 propria
618 1977 897 2048 unicuique
923 1976 1194 2032 conlitenti
1222 1987 1433 2047 peccata
1453 1977 1744 2041 condonet;
1768 1985 1821 2030 et
1843 1975 1979 2030 adeo

386 2067 640 2134 crudelis,
666 2079 721 2122 ut
747 2071 1012 2124 innocenti
1040 2069 1293 2139 impingat
1315 2069 1510 2123 aliena.
1535 2069 1730 2122 llorum
1757 2081 1977 2136 prorsus

384 2171 505 2210 cum
549 2157 774 2213 alterum
813 2159 1046 2225 dederis,
1079 2159 1306 2212 alterum
1337 2159 1502 2213 tulisti
1527 2158 1549 2190 ⁸
1578 2177 1591 2214 :
1619 2159 1662 2213 si
1691 2158 1852 2212 donat
1878 2175 1974 2214 ve-

385 2247 528 2303 niam
551 2249 675 2313 reis,
705 2264 810 2304 non
853 2251 1208 2305 calumniatur
1255 2251 1514 2316 innoxiis;
1544 2251 1588 2306 si
1621 2249 1976 2306 calumniatur

383 2338 646 2404 innocuis,
677 2356 946 2411 nunquam
976 2341 1144 2411 parcit
1171 2342 1434 2396 obnoxiis.

452 2434 590 2488 Anc.
621 2433 700 2486 Tu
728 2435 902 2502 potius
947 2433 1076 2489 facis
1115 2435 1364 2504 injustum
1413 2435 1600 2497 Deum,
1627 2449 1748 2490 cum
1777 2435 1867 2492 tibi
1895 2436 1971 2490 vi-

381 2522 546 2577 detur
565 2523 815 2592 injustum
845 2533 1061 2594 peccata
1092 2535 1297 2595 patrum
1326 2525 1550 2580 reddere
1573 2525 1626 2580 in
1654 2525 1809 2592 ﬁlios,
1827 2527 1969 2597 quod

381 2629 440 2670 se
464 2615 552 2669 ille
578 2614 754 2671 facere
773 2623 826 2670 et
853 2616 1029 2671 verbis
1055 2631 1198 2685 saepe
1223 2624 1447 2671 testatur
1465 2624 1520 2671 et
1534 2617 1692 2672 rebus
1712 2618 1964 2673 ostendit.

379 2705 482 2782 Tu,
511 2707 743 2778 inquam,
772 2706 903 2762 facis
943 2707 1194 2777 injustam
1239 2709 1429 2774 Deum,
1475 2709 1575 2763 sub
1613 2709 1764 2779 cujus
1791 2710 1967 2764 omni-

379 2799 612 2866 potentis
639 2815 766 2854 cura
791 2814 908 2854 cum
929 2799 1110 2854 videas
1135 2799 1283 2869 gravi
1306 2801 1434 2869 jugo
1461 2800 1693 2854 miseria:
1719 2800 1966 2868 parvulos

380 2889 572 2958 premi,
604 2889 806 2944 nullum
835 2905 928 2945 eos
956 2899 1228 2960 peccatum
1257 2889 1454 2944 habere
1483 2889 1780 2957 contendis,
1805 2890 1966 2946 simul

377 2994 636 3035 accusans
673 2989 729 3036 et
760 2981 948 3047 Deum,
985 2990 1040 3037 et
1077 2982 1366 3037 Ecclesiam
1409 3000 1423 3034 :
1457 2983 1623 3037 Deum
1656 2983 1892 3052 quidem,
1918 2983 1965 3038 si

377 3079 665 3140 gravantur
691 3081 743 3126 et
772 3071 1078 3142 afﬂiguntur
1103 3072 1380 3138 immeriti;
1415 3073 1707 3128 Eceiesiam
1734 3089 1881 3136 vero,
1918 3075 1962 3128 si

380 3161 730 3217 exsul‘llantur
766 3177 797 3217 a
837 3163 956 3232 jure
999 3163 1276 3218 diabolica:
1324 3165 1601 3234 potestatis
1648 3165 1806 3219 alieni
1861 3165 1961 3222 Ubi

377 3263 554 3309 autem
586 3255 884 3324 somniasti,
933 3255 1228 3311 idololatris
1271 3269 1326 3312 et
1368 3258 1646 3328 parricidis
1683 3259 1964 3328 originalia

377 3348 714 3415 parvulorum
741 3363 840 3402 nos
854 3364 1064 3418 mqttare
1087 3349 1339 3419 peccata?
1368 3349 1744 3405 Verumtamen
1769 3359 1963 3422 myste-

380 3437 473 3490 riis
505 3436 667 3491 indita
693 3438 940 3492 remissio
967 3448 1324 3508 peccatorum,
1358 3440 1410 3493 in
1440 3441 1690 3509 peccatis,
1713 3451 1766 3494 et
1796 3443 1963 3509 majo-

375 3529 542 3591 ribus,
580 3538 634 3583 et
678 3529 993 3592 minoribus.
1021 3539 1075 3584 et
1113 3530 1369 3597 piuribus,
1418 3540 1470 3585 et
1510 3531 1867 3600 paucioribus,
1907 3541 1961 3587 et

377 3619 620 3689 singulis,
650 3635 771 3674 vera
801 3629 918 3674 est:
951 3620 1002 3674 in
1031 3620 1188 3674 nullis
1213 3636 1338 3675 vero
1375 3621 1629 3691 peccatis,
1665 3621 1804 3676 sicut
1841 3637 1961 3677 esse

374 3712 717 3780 parvulorum
751 3710 949 3777 dicitis,
996 3710 1127 3766 falsa
1157 3721 1256 3766 est.
1291 3711 1378 3766 Sic
1419 3721 1594 3767 autem
1637 3712 1807 3766 aliena
1837 3722 1962 3767 sunt

376 3801 650 3869 originalia
682 3810 897 3868 peccata
941 3809 1159 3872 prOptcr
1196 3801 1397 3854 nullum
1441 3800 1493 3854 in
1542 3801 1618 3856 eis
1649 3813 1844 3856 nostra:
1871 3818 1952 3858 vo-

376 3891 590 3945 luntatis
629 3891 927 3955 arbitrium,
971 3903 1027 3946 ut
1071 3900 1246 3946 tamen
1293 3903 1507 3962 propter
1534 3892 1752 3963 originis
1780 3903 1962 3948 conta-

373 3983 518 4054 gium
547 3997 667 4039 esse
705 3985 1041 4039 inveniantur
1074 3993 1130 4039 et
1161 3994 1364 4039 nostra.
1390 3984 1526 4052 Quid
1559 3994 1642 4040 est
1666 4001 1794 4056 ergo
1819 3985 1961 4056 quod

372 4075 592 4141 clamas,
615 4085 670 4131 et
696 4075 830 4131 dicis
860 4091 964 4130 non
993 4091 1150 4148 posse
1181 4077 1347 4130 Deum
1367 4086 1422 4131 et
1448 4077 1716 4132 dimittere
1748 4086 1960 4147 peccata

371 4167 663 4236 majoribus
701 4171 933 4239 prapria,
961 4179 1016 4223 et
1056 4169 1317 4237 imputare
1348 4169 1580 4238 parvulis
1605 4171 1776 4225 aliena
1817 4187 1830 4224 :
1863 4186 1960 4226 nec

373 4261 457 4314 vis
491 4259 790 4326 attendere,
831 4259 972 4329 quod
1003 4260 1212 4313 nonnisi
1256 4259 1312 4314 in
1346 4259 1557 4314 Christo
1593 4261 1788 4316 renatis
1813 4272 1962 4317 utra-

372 4367 508 4420 que;
541 4367 645 4405 non
679 4350 878 4405 renatis
905 4359 1080 4404 autem
1108 4350 1162 4404 in
1190 4350 1424 4414 Christo,
1447 4359 1634 4406 neutra
1663 4353 1892 4409 dimittat
1911 4355 1958 4410 ‘2’

375 4443 491 4512 Ipsa
517 4453 643 4497 sunt
666 4443 808 4498 enim
832 4441 1140 4497 Christi-inm
1158 4443 1343 4512 gratiae
1373 4452 1705 4498 sacramenta
1730 4444 1958 4500 abscon-

372 4536 482 4588 dita
510 4535 835 4604 sapientibus
863 4544 918 4590 et
953 4536 1326 4606 prudentibus,
1369 4548 1424 4592 et
1469 4537 1696 4592 revelata
1726 4539 1960 4607 parvulis

375 4625 586 4696 (ΜιιιιΙι.
606 4641 682 4690 xi,
703 4626 820 4696 25).
847 4626 904 4680 In
921 4628 1112 4696 quibus
1132 4644 1165 4682 ο
1185 4629 1230 4682 si
1251 4643 1419 4694 esses,
1444 4643 1541 4683 nec
1566 4629 1718 4697 quasi
1739 4645 1962 4699 magnus

373 4717 426 4769 in
452 4726 538 4771 tua
569 4717 762 4772 virtute
787 4717 1103 4780 conlidcrcs,
1131 4719 1366 4787 profecto
1385 4720 1726 4789 intelligeres,
1751 4721 1827 4774 sic
1854 4721 1957 4774 im-

377 4810 551 4878 putari
591 4809 858 4879 generatis
906 4809 1139 4878 parvulis
1180 4809 1487 4876 injustitiam
1540 4810 1692 4878 primi
1729 4810 1959 4865 hominis

375 4902 440 4955 ad
464 4900 796 4956 subeundum
836 4900 1172 4970 supplicium,
1201 4901 1644 4970 quemadmodum
1675 4903 1961 4971 imputatur

375 4994 611 5065 parvulis
637 4995 964 5064 rcgeneratis
986 4993 1187 5062 justitia
1218 4993 1434 5047 secundi
1476 4993 1706 5048 hominis
1727 4993 1792 5048 ad
1817 4995 1959 5047 obti-

375 5083 608 5140 nendum
643 5100 863 5154 regnum
892 5085 1148 5141 caelorum
1177 5102 1190 5134 :
1220 5084 1461 5154 quamvis
1504 5085 1775 5138 voluntate
1801 5095 1962 5154 atque

373 5190 538 5248 opere
568 5181 782 5245 proprio
821 5191 917 5230 nec
942 5177 1087 5232 illum
1128 5177 1180 5232 in
1219 5175 1379 5242 male,
1409 5189 1506 5231 nec
1551 5176 1707 5230 istum
1737 5176 1788 5230 in
1821 5175 1960 5230 bono

374 5268 710 5342 reperiantur
738 5267 944 5323 imitati.

436 5453 454 5520 ξ
489 5451 564 5520 sic
584 5457 692 5500 Mss.
717 5450 835 5520 Editi
849 5484 865 5508 ,
878 5462 930 5520 is:
952 5461 1042 5500 non
1057 5462 1166 5500 cum
1187 5450 1257 5520 eis
1273 5448 1651 5520 periclitaretur.
1785 5509 1795 5518 .

436 5515 457 5545 ²
491 5517 575 5562 llic
598 5512 1336 5574 manuscriptorutn‘auctoritate
1360 5512 1689 5571 restituimus,
1709 5512 1832 5560 unis.

437 5575 458 5606 ⁸
493 5576 702 5642 t1diti,_ut
719 5571 986 5642 idololatrw
1007 5571 1065 5623 a'c
1087 5571 1368 5642 parricidio.
1385 5575 1568 5642 -Abest,
1594 5581 1669 5634 ut,
1694 5585 1723 5623 a
1761 5573 1958 5635 quibusc

371 5635 479 5705 (iatn
505 5645 607 5705 ~vtss.
637 5636 706 5696 [ut
730 5635 999 5705 idololatria
1018 5635 1422 5705 ac'pat'ficidw-i,
1658 5694 1670 5705 .

442 5701 458 5726 λ
492 5700 564 5761 sic
737 5700 854 5750 Editi
873 5733 888 5755 ,
905 5695 1200 5761 suci-animi
1222 5695 1364 5761 hujus
1389 5695 1449 5745 de
1472 5711 1567 5760 quo
1589 5695 1774 5761 agimus
1797 5700 1956 5746 aucto-

375 5769 479 5823 rem
500 5759 658 5808 aliena
681 5770 874 5823 precatu
897 5758 1220 5823 innocentibus
1240 5757 1493 5823 imputare.

437 5820 458 5880 Ψ
492 5824 563 5868 sic
587 5827 692 5870 Mss.
719 5821 853 5880 Hditi,
878 5820 1123 5874 suslut'isli.

439 5879 459 5914 ⁸
492 5882 563 5931 sic
581 5888 685 5932 itas.
707 5881 823 5933 Bditi
842 5879 856 5944 ,
877 5881 1194 5936 dimittuntur.

1102 396 1345 453 UPERIS
1385 392 1794 453 ISIPERFECTI
1835 395 2106 450 CONTRA
2145 391 2505 464 JULIANUH,
2546 397 2602 454 8.
2635 398 3005 456 AUCUSTIM

3549 401 3691 460 1080

2177 505 2354 560 LVlll.
2386 508 2503 564 Jun.
2536 509 2676 564 Nihil
2708 513 2882 582 itaque
2922 513 2974 567 in
3006 513 3183 568 verbis
3214 515 3334 576 tuis,
3367 524 3604 583 coactus,
3634 526 3691 572 ut

2101 596 2254 663 dicis,
2305 599 2495 655 timore
2535 603 2787 672 praztcrii.
2829 603 2966 671 Quid
3012 605 3153 658 enim
3197 605 3249 659 in
3296 613 3404 660 tam
3430 606 3689 677 elegantis

2102 687 2295 757 ingenii
2328 705 2535 757 possem
2563 708 2752 759 pavere
2781 695 3160 760 uionumentis,
3191 695 3291 749 nisi
3319 695 3454 752 forte
3472 695 3574 751 hoc
3594 711 3686 752 so-

2101 778 2229 844 lum,
2257 779 2396 848 quod
2416 781 2694 836 horrorem
2719 782 2785 838 de
2800 783 3146 840 obscenitatis
3165 795 3268 840 tua:
3291 786 3687 858 impugnatione

2099 871 2404 939 perpetior?

2168 964 2302 1018 Acc.
2346 963 2399 1018 Si
2429 979 2637 1020 emeres
2664 967 2761 1022 ista
2805 969 3043 1024 convicia
3071 1011 3086 1036 ,
3132 971 3411 1042 prodigum
3451 981 3505 1029 te
3535 973 3680 1030 dice-

2096 1065 2206 1105 rem
2239 1072 2250 1106 :
2278 1055 2444 1123 gratis
2471 1057 2862 1136 tibi‘adjacent;
2895 1075 2991 1116 cur
3015 1078 3123 1116 non
3148 1063 3225 1118 eis
3254 1063 3467 1132 fruaris,
3494 1065 3686 1136 quibus

2095 1143 2408 1198 maledicum
2434 1147 2666 1201 animum
2697 1151 2905 1218 pascis?

2161 1233 2298 1289 LIX.
2341 1236 2460 1292 Juc.
2493 1239 2628 1293 Audi
2675 1241 2853 1310 igitur,
2883 1252 3065 1298 contra
3101 1259 3162 1300 ea
3190 1260 3308 1316 quae
3337 1245 3536 1313 dixisti,
3561 1248 3684 1304 bre-

2090 1325 2228 1380 viter
2257 1346 2271 1382 :
2300 1344 2403 1382 non
2443 1340 2567 1386 sunt
2622 1333 2873 1389 Ecclesia)
2913 1335 3189 1392 catholica:
3238 1349 3474 1407 pectora,
3513 1355 3634 1410 qua:
3663 1343 3678 1372 ⁸

2089 1431 2268 1469 sermo
2295 1427 2416 1473 tuus
2445 1424 2713 1490 convenit,
2761 1424 2807 1478 si
2845 1439 2875 1478 a
2908 1426 3104 1495 pietate
3136 1436 3190 1481 et
3229 1428 3434 1484 ratione
3474 1429 3682 1486 discor-

2088 1506 2236 1561 dant.
2268 1509 2417 1577 Quod
2451 1521 2732 1584 utrumqne
2775 1518 3133 1584 committunt,
3175 1533 3296 1573 cum
3343 1535 3440 1574 nec
3478 1519 3545 1575 de
3585 1521 3677 1576 Dei

2086 1597 2333 1664 a2quitate
2361 1599 2498 1654 bene
2524 1603 2808 1669 mstimant,
2839 1621 2935 1660 nec
2975 1609 3347 1678 mysteriorum
3369 1652 3382 1672 ,
3417 1625 3534 1680 quae
3572 1612 3677 1664 cri-

2089 1687 2378 1757 minantur,
2407 1694 2723 1764 sapientiam
2768 1707 2820 1752 et
2846 1699 3055 1754 divitias
3101 1700 3418 1771 intelligunt.
3451 1701 3566 1756 Non
3594 1713 3675 1756 est

2089 1780 2202 1836 ha'c
2232 1781 2362 1837 fides
2412 1786 2705 1857 antiquitus
2756 1790 2943 1844 tradita
2994 1800 3152 1861 atque
3191 1791 3428 1858 fuitdata,
3479 1793 3578 1846 nisi
3621 1792 3670 1846 in

2085 1873 2328 1928 eonciliis
2357 1876 2777 1946 malignantiunt,
2810 1881 3060 1950 inSpirata
3090 1900 3118 1936 a
3149 1884 3381 1948 diabolo,
3407 1885 3607 1954 prolata
3641 1901 3671 1939 a

2083 1961 2391 2028 Manichazo,
2416 1968 2677 2023 celebrata
2710 1987 2738 2023 a
2774 1971 3061 2040 Marcione,
3104 1972 3320 2038 Fausto,
3362 1976 3667 2041 Adinianto,

2081 2055 2431 2125 omnibusque
2459 2073 2642 2113 eorum
2673 2062 3012 2128 satellitibus,
3063 2073 3118 2118 et
3155 2081 3298 2120 nunc
3332 2081 3361 2118 a
3393 2075 3444 2120 te
3484 2067 3538 2120 in
3569 2065 3656 2120 Ita-

2081 2141 2202 2196 liam
2228 2147 2270 2209 ³,
2299 2146 2440 2215 quod
2471 2149 2706 2218 graviter
2733 2154 3014 2222 gemimus,
3045 2165 3307 2211 eructata.

2149 2235 2282 2291 Anc.
2327 2235 2442 2306 Quo
2479 2255 2592 2308 ore,
2620 2256 2722 2312 qua
2752 2242 2926 2299 fronte
2955 2247 3236 2301 concilium
3266 2247 3663 2320 malignantium

2076 2325 2230 2392 dit-is,
2280 2332 2689 2388 consensionem
2728 2346 2806 2390 tot
2843 2338 3246 2406 catholicorum,
3291 2342 3380 2411 qui
3415 2341 3664 2397 doctores

2077 2417 2436 2475 Ecclesiarum
2467 2423 2678 2480 luerunt
2707 2436 2829 2482 ante
2857 2431 2992 2483 nos?
3019 2429 3179 2498 Quasi
3209 2449 3355 2499 vero,
3382 2433 3426 2486 si
3457 2434 3509 2487 in
3535 2450 3663 2489 con-

2074 2509 2196 2564 cilio
2226 2513 2619 2583 episc0porum,
2647 2519 2787 2588 quod
2811 2536 2912 2574 non
2936 2522 3237 2586 salubriter,
3264 2525 3656 2593 scdjactanter,

2073 2613 2290 2673 propter
2315 2618 2518 2662 vestras
2545 2612 2866 2680 qurestioues
2901 2613 3096 2669 debere
3121 2615 3296 2670 dicitis
3321 2618 3655 2690 congregari,

2071 2694 2320 2749 sederent
2345 2699 2575 2771 episcopi
2597 2716 2730 2771 quos
2749 2717 2905 2773 supra
2929 2707 3238 2771 memoravi,
3268 2717 3323 2762 ut
3347 2707 3479 2762 alios
3499 2710 3660 2764 omit-

2073 2796 2214 2851 tam,
2268 2787 2580 2857 Cyprianus,
2645 2793 2901 2862 llilarius,
2954 2797 3289 2865 Ambrosius,
3344 2798 3654 2870 Gregorius,

2070 2872 2312 2941 Basilius,
2346 2877 2578 2935 Joannes
2605 2881 3219 2956 Constantinopolitanus
3239 2931 3254 2956 ,
3299 2889 3504 2960 aliquos
3523 2891 3656 2947 'eo-

2069 2979 2186 3020 rum
2231 2969 2319 3038 qui
2347 2986 2487 3026 nunc
2517 2982 2736 3030 manent.
2773 2974 2926 3031 facile
2963 2979 3303 3050 inveniretis,
3334 2998 3468 3052 quos
3497 2984 3574 3038 eis
3603 2984 3654 3039 in

2067 3057 2310 3115 doctrina
2345 3065 2703 3122 ecclesiastica
2748 3071 3038 3140 antiquitus
3070 3073 3260 3128 tradita
3296 3090 3529 3145 mquare,
3563 3093 3658 3131 ne-

2067 3149 2193 3205 dum
2221 3154 2474 3222 prwferre
2503 3159 2749 3226 possetis.
2777 3161 2912 3215 Cum
2947 3177 3075 3232 ergo
3105 3163 3204 3234 ipsi
3241 3175 3426 3219 contra
3466 3181 3558 3220 vos
3587 3166 3656 3220 de

2066 3253 2288 3313 peccato
2316 3245 2558 3316 originali
2593 3248 2865 3318 proferant
2891 3261 3100 3320 apertas
3138 3253 3414 3324 clarasque
3439 3265 3655 3310 senten-

2069 3332 2186 3398 tias,
2211 3343 2266 3388 et
2295 3351 2427 3404 quas
2458 3337 2612 3405 paulo
2639 3349 2761 3393 ante
2789 3342 2960 3408 posui,
2994 3350 3048 3396 et
3075 3343 3208 3397 alias
3235 3343 3519 3414 plurimas;
3555 3347 3655 3400 ho-

2067 3438 2256 3479 rumne
2287 3426 2339 3480 in
2377 3426 2638 3483 catholica
2669 3431 2887 3486 veritate
2917 3447 3236 3490 consensum
3266 3437 3472 3492 audetis
3504 3439 3655 3492 mali-

2064 3517 2340 3585 gnantium
2368 3520 2636 3589 appellare
2658 3523 2976 3577 concilium?
3001 3534 3055 3580 et
3081 3528 3348 3597 cogitatis,
3390 3529 3512 3598 quid
3538 3530 3655 3586 istis

2065 3608 2440 3663 contradicatis
2469 3609 2510 3675 ⁸,
2539 3625 2602 3665 ac
2632 3628 2734 3666 non
2767 3615 2941 3682 potius
2971 3631 3076 3686 quo
3099 3617 3327 3689 fugiatis,
3353 3620 3394 3673 si
3419 3620 3499 3674 eis
3524 3635 3653 3674 con-

2065 3699 2265 3753 sentire
2288 3713 2392 3754 non
2427 3700 2623 3755 vnltis?
2646 3701 2748 3757 Sed
2779 3705 3027 3774 quoniam
3062 3722 3146 3761 me
3169 3708 3347 3763 dixisti
3380 3721 3654 3764 eructasse

2066 3791 2118 3845 in
2149 3789 2351 3846 Italiam
2392 3793 2532 3864 quod
2569 3797 2815 3865 gematis,
2859 3797 3102 3852 eumdem
3146 3800 3293 3854 illum
3343 3802 3652 3871 episcopum

2065 3881 2226 3936 Italia:
2247 3899 2277 3936 a
2304 3893 2391 3936 tuo
2417 3883 2634 3938 doctore
2662 3886 2930 3941 laudatum
2957 3889 3006 3943 in
3032 3898 3172 3943 tuam
3197 3889 3424 3945 frontem
3449 3894 3654 3962 replico

2065 3972 2428 4026 Ambrosium.
2463 3992 2481 4024 ι
2513 3973 2712 4030 Omnes
2753 3976 3014 4044 homines,
3049 3999 3066 4026 ι
3116 3982 3302 4050 inquit,
3353 4001 3370 4034 ι
3405 3983 3503 4036 sub
3533 3999 3656 4053 pec-

2065 4071 2185 4116 cato
2212 4064 2504 4130 nascimur,
2537 4081 2765 4134 quorum
2794 4068 2907 4137 ipse
2929 4080 3079 4126 ortus
3120 4071 3170 4124 in
3209 4073 3334 4126 vitio
3360 4083 3442 4127 est
3471 4092 3482 4126 :
3515 4075 3654 4128 sicut

2066 4151 2230 4208 habes
2274 4153 2492 4224 lectum,
2540 4155 2750 4212 dicente
2799 4159 2986 4228 David,
3038 4161 3170 4216 Ecce
3211 4164 3261 4216 in
3309 4164 3654 4234 iniquitatibus

2064 4254 2333 4316 conceptus
2349 4262 2482 4312 sum,
2505 4256 2551 4300 et
2572 4247 2624 4300 in
2644 4248 2837 4302 delictis
2859 4252 3048 4320 peperit
3069 4269 3146 4306 me
3165 4263 3322 4306 mater
3347 4270 3455 4306 mea
3477 4252 3648 4324 (Paul.

2068 4353 2118 4402 L,
2151 4337 2228 4407 7).
2263 4337 2388 4392 Ideo
2416 4339 2562 4393 Pauli
2599 4354 2725 4394 caro
2765 4357 2958 4410 corpus
2989 4345 3176 4398 mortis
3206 4356 3340 4409 erat,
3364 4347 3501 4402 sicut
3541 4348 3655 4416 ipse

2066 4427 2172 4480 ait:
2209 4427 2332 4494 Quis
2354 4445 2430 4481 me
2455 4430 2678 4482 liberabit
2709 4431 2771 4484 de
2793 4449 3002 4503 corpore
3029 4436 3201 4488 mortis
3231 4438 3386 4506 hujus
3473 4437 3650 4508 (Rom.

2067 4534 2159 4586 vn,
2181 4519 2302 4590 2i)?
2328 4520 2555 4575 «Christi
2571 4532 2746 4577 autem
2768 4537 2896 4578 Caro
2919 4524 3188 4579 danmavit
3205 4537 3498 4596 peccatum,
3513 4529 3652 4597 quod

2068 4613 2334 4667 nascendo
2367 4628 2471 4667 non
2498 4615 2686 4680 sensit,
2717 4615 2857 4684 quod
2886 4616 3164 4671 moriendo
3197 4619 3480 4683 crucifixit,
3515 4629 3570 4673 ut
3599 4621 3650 4673 in

2065 4720 2226 4758 carne
2262 4715 2440 4758 nostra
2470 4716 2612 4760 esset
2641 4706 2948 4775 justiticatio
2977 4723 3071 4776 per
3115 4710 3359 4778 gratiam,
3407 4712 3494 4765 ubi
3540 4722 3655 4766 erat

2065 4805 2189 4850 ante
2217 4795 2445 4850 colluvio
2464 4813 2558 4865 per
2581 4797 2786 4866 culpam
2815 4817 2833 4850 ι
2862 4797 2963 4871 (De
2982 4797 3306 4869 Pwnitentia,
3334 4802 3423 4859 lib.
3454 4805 3505 4870 l,
3535 4821 3650 4874 cap.

2065 4887 2101 4940 2
2151 4889 2227 4941 vel
2275 4890 2350 4958 5).
2404 4888 2550 4944 llanc
2575 4906 2702 4961 ergo
2745 4891 2900 4945 tidem
2931 4893 3220 4963 antiquitus
3260 4894 3502 4949 traditam
3535 4897 3654 4951 dico

2065 4987 2224 5048 atque
2269 4979 2538 5033 fundatam
2575 4998 2587 5032 :
2633 4991 2684 5035 tu
2727 4983 2926 5046 renuis,
2973 4993 3026 5037 et
3070 4987 3154 5038 cui
3203 4985 3500 5051 relncteris,
3547 5004 3653 5042 non

2067 5070 2308 5138 rcSpicis.
2351 5071 2614 5142 Numquid
2648 5073 2769 5128 huic
2799 5090 2918 5129 eam
2949 5090 2978 5126 a
3011 5073 3226 5130 diabolo
3252 5076 3431 5132 dicere
3455 5081 3652 5148 poteris

2067 5159 2414 5228 inspiratam?
2443 5162 2708 5232 Numquid
2753 5163 2852 5217 iste
2895 5163 3219 5219 Manicha‘us
3245 5169 3365 5221 est?
3395 5171 3650 5238 numquid

2067 5249 2318 5314 Marcion,
2355 5251 2598 5313 Faustus,
2629 5252 2976 5308 Adimantus?
3001 5253 3115 5308 Non
3147 5255 3346 5325 utique,
3377 5258 3469 5313 sed
3498 5259 3655 5329 longe

2069 5342 2151 5397 his
2195 5343 2488 5409 dissimilis,
2543 5346 2804 5416 longeque
2852 5349 3171 5416 contrarius.
3225 5350 3465 5420 l'elagius
3506 5363 3656 5408 certe

2067 5437 2211 5492 dicat
2237 5441 2354 5507 quis
2376 5440 2474 5494 istc
2501 5440 2589 5492 sit.
2619 5438 2732 5504 Ille,
2759 5441 2846 5494 ilic
2875 5450 2976 5505 est,
3007 5442 3159 5510 cujus
3195 5442 3373 5508 fidem,
3399 5454 3452 5499 et
3483 5447 3658 5513 puris—

2130 5575 2146 5606 ¹
2184 5573 2298 5623 Fditi
2317 5612 2352 5641 ,_
2379 5574 2564 5641 quibus.
2591 5583 2646 5625 At
2663 5585 2791 5637 Mss.,
2815 5589 2942 5641 mue.
2969 5579 3172 5640 neSpicit
3211 5579 3422 5629 lulianus
3440 5580 3498 5628 ad
3539 5580 3653 5631 illud

2067 5648 2130 5704 ex
2153 5637 2420 5704 [tinguistino
2441 5638 2637 5686 citatum
2662 5637 2840 5704 supra,
2875 5655 2980 5702 cap.
3006 5637 3071 5690 5:?
3084 5654 3096 5689 :
3136 5648 3309 5691 cuncta
3327 5641 3552 5693 Ecclesia
3568 5655 3652 5692 cu-

2066 5695 2255 5747 t/toliru:
2278 5704 2468 5757 pectora
2491 5701 2719 5752 commit.

2132 5761 2150 5789 ³
2175 5759 2245 5806 sic
2267 5765 2371 5808 uss.
2401 5765 2536 5817 εσυ,
2567 5761 2718 5813 Italia.

2133 5820 2150 5887 ξ
2183 5820 2296 5887 Editi
2318 5853 2332 5876 ,
2365 5821 2560 5887 ali-ique.
2599 5827 3108 5887 tlelittsmanuscripti,
3132 5827 3332 5887 aliquos.

2136 5882 2153 5912 δ
2178 5882 2248 5931 sic
2269 5889 2372 5932 Mss.
2421 5892 2466 5933 tt
2492 5883 2628 5949 editi,
2650 5885 2766 5950 qui!
2792 5889 2856 5938 ad
2895 5890 2984 5940 ista
3010 5882 3371 5940 contraditum.
