4008 6178
337 385 475 441 1031

334 482 528 556 simum
560 501 612 556 in
639 500 928 572 Scripturis
967 517 1179 557 sensum
1210 514 1275 554 nc
1304 497 1547 553 inimicus
1574 495 1786 567 quidem
1815 511 1914 550 au-

333 608 428 647 sus
455 605 535 647 cst
565 593 977 664 reprehendere.
998 592 1130 661 Quid
1162 602 1263 655 est,
1291 588 1535 646 Iuliane?
1557 588 1641 643 ubi
1669 598 1721 642 te
1746 587 1919 641 vides?

334 684 449 746 Ille.
496 686 647 755 cujus
694 701 761 741 ne
803 685 1045 740 inimicus
1087 684 1301 756 quidem
1341 680 1731 752 reprehendere
1760 694 1920 733 ausus

334 784 419 828 est
450 774 629 837 Iidem,
660 775 794 829 hanc
825 774 1052 829 habebat
1073 774 1251 840 Iidem,
1279 788 1436 843 quam
1457 781 1512 825 tu
1540 771 1611 825 ita
1636 769 1916 840 reprehen-

333 867 443 933 dis,
476 876 531 920 ut
557 883 672 922 eam
701 867 904 921 tribuas
928 868 1167 923 conciliis
1191 866 1614 937 malignantium.
1640 864 1778 920 Ecce
1808 880 1916 919 non

333 965 420 1012 est
444 973 650 1025 eorum,
678 959 771 1014 sed
796 969 879 1014 est
902 959 1165 1014 Ambrosii
1193 976 1206 1013 :
1229 960 1352 1031 quia
1375 973 1496 1013 vera
1519 968 1620 1022 est,
1644 958 1764 1028 quia
1789 972 1917 1012 sana

333 1059 438 1114 εει,
479 1051 624 1120 quia,
668 1062 725 1106 ut
767 1049 896 1119 dixi,
937 1052 1225 1123 antiquitus
1275 1051 1462 1105 tradita
1506 1058 1663 1120 atque
1707 1049 1918 1104 fundata

334 1149 438 1206 est,
475 1141 589 1196 hac
622 1150 675 1197 et
708 1157 825 1197 mea
854 1152 954 1198 est.
984 1142 1099 1197 Non
1127 1158 1224 1214 ego
1251 1141 1389 1197 hanc
1424 1140 1477 1196 in
1514 1140 1715 1197 Italiam
1745 1140 1917 1213 (quod

334 1247 433 1287 vos
461 1248 676 1303 gemere
700 1230 898 1305 dicitis)
925 1233 1159 1292 erttctavi
1183 1254 1197 1290 :
1227 1235 1319 1290 sed
1347 1236 1522 1305 potius
1560 1234 1628 1289 ab
1664 1230 1767 1289 isto
1800 1234 1916 1304 epi~

333 1339 502 1395 scopo
545 1325 708 1381 Italia:
748 1327 883 1383 hanc
921 1329 1241 1399 praedicante
1268 1337 1321 1385 et
1348 1328 1574 1384 docente
1600 1328 1616 1361 ⁸
1646 1328 1915 1385 lavacrum

332 1417 754 1486 regenerationis
803 1419 1001 1489 accepi.
1051 1419 1309 1487 Quoniam
1347 1417 1479 1474 ﬁdes
1524 1416 1623 1473 ista
1661 1418 1920 1474 catholica

333 1513 443 1571 est,
467 1514 521 1560 et
548 1514 722 1562 tamen
750 1514 837 1563 tua
862 1525 965 1563 non
991 1518 1072 1563 est
1102 1529 1116 1563 :
1149 1519 1203 1565 tu
1231 1525 1359 1580 ergo
1387 1507 1477 1564 ubi
1517 1509 1613 1564 es?
1641 1507 1796 1575 Vide,
1822 1507 1920 1563 ob-

333 1609 511 1662 secro,
540 1604 593 1650 et
622 1596 753 1651 redi.
782 1597 975 1653 Videre
1001 1598 1091 1653 tibi
1122 1598 1361 1671 expedit,
1393 1613 1497 1654 non
1524 1597 1760 1655 invidere
1787 1615 1802 1653 :
1830 1612 1919 1653 re-

332 1685 452 1741 dire
471 1689 733 1759 cupimus,
765 1705 872 1745 non
901 1691 1094 1761 perire.

407 1776 523 1831 LX.
550 1777 669 1833 εἰει..
701 1778 841 1834 Nihil
877 1787 960 1836 est
990 1779 1187 1851 peccati
1216 1781 1268 1835 in
1300 1779 1536 1848 homine,
1578 1780 1623 1836 si
1661 1778 1793 1834 nihil
1834 1787 1920 1835 est

336 1868 568 1936 propria:
605 1868 904 1923 voluntatis.
941 1871 1020 1921 vel
1050 1869 1375 1929 assensionis
1406 1888 1419 1925 :
1460 1867 1563 1926 hoc
1589 1869 1716 1924 mihi
1748 1868 1921 1923 homi-

333 1972 675 2027 numgenus,
703 1969 843 2029 quod
884 1973 964 2016 vet
1016 1971 1200 2016 tevtter
1228 1970 1384 2031 sapit,
1428 1960 1545 2016 sine
1591 1957 1920 2015 dubitatione

331 2049 621 2102 consentit.
652 2047 733 2103 Tu
757 2060 934 2106 autem
962 2051 1214 2107 concedis
1242 2051 1372 2106 nihil
1412 2050 1576 2106 fuisse
1610 2050 1662 2105 in
1687 2049 1920 2121 parvulis

331 2138 564 2206 proprim
590 2139 877 2196 voluntatis
925 2157 940 2195 :
989 2157 1095 2196 non
1140 2157 1260 2212 ego,
1306 2141 1403 2197 sed
1440 2141 1578 2196 ratio
1626 2140 1919 2207 concludit,

331 2227 467 2281 nihil
495 2229 654 2299 igitur
678 2231 729 2284 in
751 2230 831 2286 eis
863 2246 985 2287 esse
1011 2234 1234 2302 peccati.
1265 2233 1605 2305 Nequaquam
1631 2248 1758 2304 ergo
1794 2247 1921 2302 pro-

333 2328 452 2387 pter
469 2319 574 2375 hoc
598 2320 664 2374 ad
696 2321 988 2378 EccleSiam
1014 2322 1342 2389 dell-runtur,
1367 2332 1423 2378 ut
1443 2322 1784 2388 inl‘amentur,
1815 2323 1923 2377 imo

332 2417 391 2465 ut
417 2411 679 2465 infament
705 2413 903 2467 Deum:
930 2414 1022 2468 sed
1044 2414 1373 2477 deferuntur,
1407 2420 1464 2467 ut
1490 2413 1702 2467 laudent
1729 2413 1915 2475 Deum,

330 2519 495 2573 quem
522 2512 576 2557 et
596 2504 850 2558 bonorum
877 2504 1193 2559 naturalium
1214 2514 1268 2560 et
1286 2505 1545 2560 donorum
1568 2504 1919 2573 spiritualium

333 2603 695 2665 protestantur
722 2606 1033 2651 auctorem.-

413 2687 550 2740 Auc.
572 2683 684 2739 Non
703 2683 1046 2749 infamantur,
1064 2700 1186 2739 cum
1209 2683 1561 2740 exsumantur
1577 2701 1591 2750 ;
1609 2680 1705 2738 sed
1717 2695 1918 2737 eruun-

335 2783 429 2830 tur
466 2775 533 2830 de
571 2784 835 2846 potestate
873 2776 1212 2831 tenebrarum
1244 2793 1258 2828 :
1291 2790 1389 2830 nec
1431 2773 1688 2829 infamant
1723 2773 1917 2839 Deum,

333 2866 433 2922 sed
463 2882 567 2937 quo
596 2876 836 2923 creatore
878 2868 986 2922 nati
1028 2877 1172 2934 sunt,
1216 2868 1317 2922 hoc
1357 2867 1588 2938 indigent
1613 2867 1917 2922 salvatore:
1970 2890 1973 2893 ·

333 2968 391 3015 ει
417 2958 538 3014 Ideo
563 2960 910 3027 renascendo,
956 2975 1022 3015 ex
1050 2959 1216 3014 Adam
1249 2958 1637 3014 transferuntur
1667 2958 1733 3011 ad
1770 2957 1922 3012 Chri-

333 3059 500 3105 stum.
524 3046 623 3106 Ubi
644 3059 820 3105 autem
848 3049 1049 3118 dixisti,
1078 3068 1097 3102 ι
1122 3047 1265 3105 Nihil
1287 3058 1368 3105 est
1390 3047 1589 3120 peccatl
1613 3050 1665 3102 in
1683 3047 1918 3115 homine,

332 3141 381 3195 si
430 3141 556 3195 nihil
587 3151 669 3196 cst
719 3142 947 3212 preprla:
996 3141 1302 3209 voluntatis,
1348 3140 1431 3195 vel
1479 3138 1805 3194 assensionis
1845 3156 1858 3192 :
1895 3158 1916 3192 ι

334 3230 545 3301 plenius
570 3247 751 3287 verum
774 3232 1003 3295 diceres,
1025 3231 1071 3286 si
1099 3231 1345 3296 adderes,
1368 3230 1463 3284 Vel
1489 3229 1845 3299 contagionis.

410 3322 544 3377 LXI.
575 3321 692 3377 Jun.
720 3321 987 3393 Origiuale
1014 3330 1193 3377 autem
1219 3330 1489 3391 peceatum
1509 3320 1552 3374 si
1579 3319 1922 3391 generatione

332 3413 526 3487 prima:
570 3414 863 3469 nativitatis
890 3412 1191 3475 attrahitur,
1236 3412 1446 3481 nuptias
1474 3409 1688 3481 quidem
1730 3425 1759 3463 a
1813 3409 1921 3465 Deo

335 3504 607 3559 institutas
634 3503 888 3559 damnare
910 3511 1105 3573 potest,
1132 3511 1383 3557 caeterum
1410 3501 1603 3555 auferri
1635 3515 1665 3554 a
1687 3499 1921 3569 parvulis

333 3609 443 3649 non
473 3602 644 3663 potest
669 3611 683 3647 :
712 3593 960 3665 quoniam
982 3592 1123 3664 quod
1152 3591 1463 3658 innascitur,
1483 3604 1647 3661 usque
1672 3588 1738 3645 ad
1761 3588 1919 3644 linem

334 3689 474 3756 ejus,
527 3687 613 3742 cui
668 3701 699 3741 a
749 3685 1126 3758 principiorum
1172 3684 1348 3739 causis
1394 3683 1685 3746 iulneserit,
1735 3695 1919 3752 perse-

334 3789 506 3836 verat.

409 3871 543 3929 Anc.
572 3868 681 3925 Nec
698 3870 908 3941 nuptias
922 3868 1157 3933 damnat,
1177 3867 1298 3936 quia
1326 3881 1430 3920 non
1460 3865 1587 3934 ipsa:
1612 3873 1736 3931 sunt
1761 3876 1921 3917 causa

330 3963 484 4032 ejus;
511 3962 866 4017 et'aul’ertur
902 3962 968 4017 ab
1006 3958 1383 4031 Omnipotcnte
1414 3958 1526 4024 illo,
1568 3958 1658 4028 qui
1684 3965 1738 4013 et
1761 3956 1921 4011 homo

334 4052 483 4107 nasci
509 4052 679 4121 potuit
702 4054 819 4107 sine
836 4051 947 4105 illo.

410 4141 570 4196 LXII.
600 4139 717 4197 10L.
748 4140 955 4195 Nullam
991 4138 1167 4210 itaque
1196 4139 1287 4195 tibi
1319 4136 1637 4193 calumniam
1676 4151 1920 4192 eamme-

336 4246 549 4296 ventus,
579 4231 728 4301 quasi
761 4230 984 4285 damnes
1014 4229 1246 4299 nuptias,
1274 4237 1327 4284 et
1346 4227 1497 4298 quasi
1514 4227 1803 4293 hominem,
1832 4227 1921 4297 qui

334 4338 401 4377 ex
428 4321 533 4376 illis
561 4320 815 4385 nascitur,
838 4334 972 4390 epu‘s
1000 4318 1195 4375 diaboii
1220 4334 1340 4374 esse
1359 4319 1535 4384 dicas;
1564 4333 1663 4373 nec
1690 4316 1920 4372 inﬁdeli-

336 4420 423 4465 ter
445 4412 545 4465 hoc
571 4409 870 4480 objicimus,
900 4425 1001 4465 nec
1040 4409 1283 4479 imperite
1315 4409 1654 4478 colligimus:
1696 4407 1789 4463 sed
1831 4407 1922 4477 qui

335 4502 408 4555 sit
431 4501 867 4570 consequentium
898 4500 1280 4556 sententiarum
1310 4499 1552 4567 effectus,
1596 4500 1823 4555 sollicite
1867 4510 1922 4555 et

336 4591 659 4660 simpliciter
694 4591 982 4645 intuemur.
1011 4589 1287 4660 Nunquam
1316 4600 1440 4645 sunt
1469 4591 1609 4645 enim
1640 4591 1756 4646 sine
1784 4606 1923 4646 com-

338 4682 600 4737 mixtione
626 4682 822 4751 nuptize
849 4683 1172 4753 corporales.
1207 4681 1284 4736 Tu
1315 4682 1466 4745 dicis,
1498 4682 1819 4752 quicumque
1856 4698 1922 4737 ex

339 4773 842 4827 illa‘commixtione
866 4783 1173 4836 nascuntur,
1201 4770 1267 4826 ad
1295 4771 1564 4826 diabolum
1608 4772 1874 4841 pertinere
1907 4789 1920 4825 :

338 4861 504 4915 dubio
528 4861 708 4931 procul
739 4863 1049 4932 pronuntias
1068 4862 1280 4931 nuptias
1308 4861 1373 4916 ad
1408 4860 1496 4932 jus
1521 4861 1780 4917 dzemonis
1800 4877 1924 4932 per-

343 4954 534 5009 linere.

414 5046 551 5101 Anc.
581 5043 844 5115 Numquid
869 5059 965 5098 nos
988 5042 1229 5109 dicimus,
1263 5044 1378 5098 sine
1410 5043 1788 5099 commixtione
1807 5056 1929 5097 cor-

341 5134 492 5204 poris
522 5134 731 5201 nuptias
751 5135 805 5189 in
828 5133 1071 5203 paradiso
1098 5147 1219 5189 esse
1245 5134 1502 5203 potuisse,
1542 5134 1587 5188 si
1610 5149 1767 5190 nemo
1795 5149 1923 5206 pec-

340 5223 560 5279 casset?
583 5221 687 5278 Sed
711 5238 815 5277 non
837 5223 905 5277 ibi
931 5232 1073 5278 esset
1098 5224 1316 5288 malum,
1335 5237 1440 5293 quo
1453 5238 1590 5278 nunc
1606 5224 1744 5279 bene
1764 5224 1929 5279 utitur

342 5312 596 5385 pudicitia
617 5312 929 5384 conjttgalis.
960 5312 1089 5368 Illud
1116 5313 1512 5381 autem,malum
1533 5322 1615 5369 est
1640 5330 1668 5368 a
1686 5316 1924 5381 vulnere,

345 5403 489 5473 quod
514 5402 776 5458 diabolica
819 5402 1008 5458 inﬂixit
1037 5403 1251 5458 astutia.
1286 5403 1419 5458 IIinc
1448 5418 1538 5458 rea
1569 5411 1779 5458 tenetur
1808 5420 1929 5474 pro-

348 5512 484 5566 pago
514 5494 817 5549 mortalium
847 5511 860 5547 :
905 5493 1029 5549 hinc
1056 5502 1138 5549 est
1168 5495 1256 5564 qui
1288 5494 1521 5550 nascitur
1563 5495 1663 5549 sub
1690 5494 1928 5565 principe

346 5688 556 5798 do‘wtpuup
591 5689 928 5751 manuscriptl,
954 5694 1079 5751 post,
1105 5685 1229 5740 haut:
1248 5690 1567 5756 pra’dicantt',
1605 5696 1848 5756 omittunt,
1886 5704 1931 5747 rt

416 5811 436 5841 ι
465 5811 752 5873 tigmcrtus,
777 5818 840 5861 ut.
870 5809 1032 5861 nelias
1056 5817 1181 5875 3133.,
1209 5821 1269 5867 et.

1718 375 1916 433 LIBER
1955 376 2226 436 PRIMUS.

3481 383 3615 438 I082

2035 505 2395 562 peceatorum,
2427 491 2597 547 donec
2624 501 2929 547 renascatur
2954 492 3006 546 in
3033 491 3264 557 Christo,
3296 496 3385 565 qui
3415 496 3615 551 nullum

2031 582 2213 637 habuit
2235 582 2454 636 omnino
2484 567 2793 651 peccatum;
2824 599 2853 636 a
2883 600 2988 653 quo
3016 583 3132 637 solo
3159 583 3425 640 vinculum
3453 588 3616 643 solv'i-

2032 681 2118 725 tur
2144 672 2352 738 mortis,
2379 672 2500 740 quia
2530 672 2675 725 solus
2708 672 2803 727 fuit
2826 673 2958 727 liber
2988 674 3039 727 in
3068 676 3311 731 mortuis.

2101 760 2282 817 LXIII.
2300 763 2417 817 .IUL.
2441 762 2578 817 Dicis
2602 764 2737 817 trahi
2766 776 2966 819 natura:
2986 767 3289 821 conditione
3316 776 3612 839 peccatum,

2029 856 2119 925 qui
2147 855 2227 909 vis
2258 855 2358 909 hoc
2396 853 2592 909 malum
2625 872 2654 909 a
2686 856 2959 913 voluntate
3008 857 3163 928 primi
3213 859 3443 915 hominis
3480 864 3619 917 acci-

2029 946 2192 1002 disse.
2218 946 2413 1001 DiII'ero
2441 946 2525 1000 hic
2552 949 2980 1017 responsionem,
3011 965 3111 1018 qua
3142 949 3539 1005 convincendus
3559 969 3619 1008 es

2030 1035 2171 1106 quod
2198 1037 2315 1092 sine
2341 1036 2656 1093 verecundia
2684 1038 2977 1092 mentiaris.
3006 1038 3109 1094 Sed
3128 1040 3268 1110 quod
3290 1041 3355 1094 ad
3386 1058 3620 1110 pnesen-

2030 1135 2136 1182 tem
2167 1126 2341 1182 locum
2372 1135 2596 1197 spectat,
2640 1127 2851 1197 colligo,
2884 1134 2940 1182 et
2980 1129 3254 1198 sapientia:
3284 1131 3618 1186 ratiocinanti

2029 1218 2212 1284 credo,
2234 1218 2375 1290 quod
2399 1229 2643 1273 naturain
2669 1219 2917 1275 videlicet
2941 1218 3260 1275 diabolicam
3300 1222 3417 1277 sine
3443 1220 3584 1278 ambi
3600 1255 3617 1265 -

2028 1311 2226 1382 guitate
2247 1310 2491 1365 deﬁnias.
2518 1310 2649 1364 Nam
2671 1311 2714 1365 si
2743 1310 2795 1364 in
2822 1326 2883 1365 ea
2908 1311 2991 1365 vel
3016 1327 3110 1380 per
3131 1327 3247 1367 eatn
3268 1322 3370 1379 est,
3401 1322 3619 1383 prepter

2028 1399 2171 1470 quod
2207 1398 2368 1455 homo
2394 1414 2426 1453 a
2456 1399 2670 1455 diabolo
2718 1398 3054 1471 possidetur;
3084 1400 3481 1458 irrcfutabiliter
3508 1405 3621 1458 dia-

2028 1492 2135 1548 boli
2163 1500 2265 1558 est,
2300 1509 2393 1563 per
2411 1492 2551 1564 quod
2579 1492 2671 1548 Dei
2703 1492 2990 1565 imaginem
3012 1491 3113 1547 sibi
3138 1495 3310 1564 potuit
3327 1495 3616 1552 vindicare.

2029 1584 2143 1641 Imo
2174 1601 2272 1641 nec
2301 1581 2473 1656 imago
2495 1585 2586 1641 Dei
2608 1594 2711 1652 cst,
2735 1600 2854 1656 qua:
2879 1600 2975 1655 per
2994 1595 3242 1641 exortum
3271 1598 3425 1640 suum
3459 1587 3511 1640 in
3538 1601 3619 1644 re-

2026 1690 2133 1746 gno
2161 1674 2354 1730 diaboli
2380 1684 2481 1730 est.

2099 1770 2235 1824 Acc.
2276 1764 2492 1833 Credis,
2538 1765 2630 1822 sed
2670 1764 2907 1837 epinanti
2951 1764 3227 1834 stultitim,
3268 1782 3374 1821 non
3407 1764 3617 1823 ratioci.

2025 1858 2174 1914 nanti
2201 1857 2495 1927 sapientiae.
2521 1856 2648 1912 Siue
2678 1857 2927 1926 parvulos
2946 1857 3059 1912 erui
3088 1856 3155 1911 de
3178 1865 3439 1927 potestate
3461 1866 3613 1914 tene-

2026 1947 2265 2013 brarum,
2296 1955 2352 2000 ut
2374 1945 2570 2000 Christi
2594 1944 2980 1999 transferantur
3017 1945 3069 1999 in
3098 1959 3339 2016 regnum.
3371 1944 3502 2000 Nam
3532 1941 3618 2000 di-

2027 2038 2199 2093 cendo
2221 2053 2315 2092 eos
2337 2038 2530 2092 veteris
2557 2036 2735 2091 delicti
2764 2051 2872 2090 non
2899 2036 3095 2091 habere
3120 2037 3445 2105 contagium,
3473 2038 3618 2092 ctsic

2028 2126 2352 2182 removendo
2369 2142 2398 2180 a
2424 2125 2787 2181 misericordia
2807 2125 3126 2188 Salvatoris,
3156 2122 3245 2195 qui
3266 2123 3467 2199 salvum
3494 2125 3619 2182 facit

2032 2221 2282 2291 populum
2300 2235 2453 2274 suum
2467 2235 2496 2273 a
2514 2221 2745 2289 peccatis
2755 2232 2958 2284 eorum,
2977 2217 3116 2272 unde
3132 2224 3348 2273 vocatus
3365 2214 3616 2275 estJesus

2032 2309 2252 2384 (Matth.
2272 2328 2309 2378 I,
2333 2307 2458 2382 ειη
2492 2311 2623 2366 nihil
2650 2310 2784 2382 agis,
2804 2310 2904 2366 nisi
2937 2319 2992 2369 ut
3015 2310 3093 2364 ira
3123 2310 3215 2365 Dei
3231 2322 3439 2367 maneat
3457 2327 3618 2382 super

2028 2420 2142 2468 eos,
2162 2404 2229 2458 de
2252 2418 2353 2473 qua
2372 2404 2576 2457 locutus
2589 2414 2671 2457 est
2686 2400 2807 2466 Job,
2826 2400 3008 2456 dicens
3030 2419 3043 2455 :
3063 2400 3231 2455 Homo
3250 2410 3399 2469 natus
3419 2419 3481 2456 ca:
3500 2419 3614 2456 nm-
3642 2404 3649 2409 ’

2027 2495 2166 2559 (iere,
2196 2493 2356 2548 brevis
2381 2495 2513 2560 vitae,
2543 2503 2589 2547 et
2612 2493 2791 2562 plenus
2816 2492 2926 2557 ἔγω,
2941 2501 2987 2545 et
3013 2492 3142 2546 sicut
3156 2494 3254 2562 [los
3278 2493 3380 2563 [cui
3400 2493 3607 2561 decidit,

2027 2585 2158 2655 [agit
2186 2594 2351 2638 autem
2371 2583 2499 2639 sicut
2527 2581 2735 2648 umbra,
2755 2593 2801 2637 et
2830 2599 2930 2637 non
2953 2581 3103 2637 stabit
3135 2599 3153 2637 :
3176 2599 3343 2638 nonne
3366 2593 3413 2638 et
3455 2585 3611 2655 hujus

2025 2689 2200 2728 curam
2222 2674 2406 2744 fecisti,
2426 2683 2470 2727 et
2490 2674 2623 2728 hanc
2644 2670 2804 2745 fecisti
2832 2673 3024 2728 intrare
3055 2673 3108 2726 in
3134 2684 3406 2745 conspectu
3442 2672 3494 2730 iu
3522 2677 3614 2747 ju-

2026 2763 2256 2819 dicium?
2284 2765 2410 2831 Quis
2438 2767 2570 2819 enim
2604 2766 2697 2819 erit
2727 2764 2943 2818 mundus
2980 2780 3012 2817 a
3053 2764 3326 2819 satdibus?
3366 2759 3448 2820 Nc
3485 2783 3615 2821 unus

2027 2854 2249 2925 quidem,
2281 2855 2477 2908 etiamsi
2496 2856 2646 2909 unius
2672 2854 2824 2923 fuerit
2849 2855 2948 2908 diei
2975 2854 3071 2909 vita
3095 2855 3205 2925 ejus
3242 2872 3396 2925 super
3431 2867 3615 2911 terram

2032 2944 2187 3018 (Job.
2213 2961 2330 3013 XIV,
2354 2946 2468 3010 1-4,
2491 2964 2591 3001 sec.
2612 2942 2813 3018 LXX).
2840 2945 2947 3003 Sed
2972 2942 3237 3013 videlicet,
3267 2948 3426 3003 homo
3450 2949 3609 3004 misc-

2028 3036 2218 3103 ricors,
2252 3037 2521 3092 miseraris
2566 3038 2847 3108 imaginem
2889 3037 3003 3105 Dei,
3053 3053 3121 3092 ne
3162 3037 3309 3093 dicas
3347 3054 3465 3092 eam
3508 3039 3609 3093 sub

2028 3136 2249 3197 peccato
2275 3128 2556 3184 carnaliter
2567 3113 2732 3184 nasci.
2751 3127 2970 3199 Oquam
2987 3128 3219 3187 crudelis
3247 3141 3327 3185 est
3357 3131 3456 3186 ista
3476 3148 3608 3185 vana

2029 3215 2391 3271 misericordia
2426 3224 2534 3281 tua,
2562 3233 2681 3288 quae
2724 3219 2955 3288 parvulis
2993 3228 3152 3290 negat
3191 3220 3612 3276 misericordiam

2027 3307 2317 3363 Salvatoris
2331 3308 2412 3362 sui
2440 3327 2453 3361 :
2480 3308 2571 3379 qui
2599 3310 2745 3363 venit
2772 3324 3014 3379 querere
3044 3310 3181 3378 quod
3210 3311 3441 3380 perierat
3462 3310 3613 3380 (Luc.

2029 3413 2116 3452 χιιι
2142 3440 2158 3464 ,
2200 3398 2322 3470 IO)!
2353 3396 2457 3454 Per
2484 3398 2598 3453 illas
2625 3398 2784 3469 igitur
2809 3399 2999 3455 sordes
3021 3441 3037 3464 ,
3078 3400 3195 3455 sine
3232 3401 3424 3471 quibus
3453 3401 3615 3456 homo

2031 3490 2128 3544 Dei
2158 3490 2286 3546 dicit
2322 3506 2442 3547 esse
2481 3492 2775 3559 neminem,
2816 3493 2915 3548 etsi
2945 3494 3101 3550 unius
3136 3494 3241 3548 diei
3276 3494 3344 3549 sit
3369 3494 3472 3549 vita
3501 3494 3617 3565 ejus

2027 3594 2190 3651 super
2217 3591 2435 3648 terram,
2476 3581 2578 3637 sibi
2624 3582 2856 3638 vindicat
2890 3583 3135 3640 diabolus
3167 3585 3453 3657 imaginem
3497 3587 3614 3654 Dei,

2027 3686 2133 3724 non
2183 3685 2280 3740 per
2324 3670 2704 3738 substantiam,
2746 3688 2906 3744 quam
2959 3676 3160 3729 creavit
3202 3676 3363 3731 Deus.
3422 3675 3610 3730 Vitiata

2027 3768 2109 3813 est
2137 3760 2279 3814 enim
2302 3771 2510 3828 natura,
2539 3778 2648 3817 non
2678 3762 2864 3819 vitium
2892 3773 2992 3819 est.
3022 3765 3127 3820 Sed
3148 3767 3250 3834 tu‘,
3288 3786 3306 3819 t
3341 3766 3452 3823 Nec
3472 3768 3607 3822 ima-

2026 3864 2094 3918 go
2126 3850 2214 3904 Dei
2238 3862 2341 3911 εει,
2372 3869 2392 3903 ι
2424 3851 2618 3923 inquis,
2654 3872 2673 3921 ι
2710 3870 2828 3924 qua:
2856 3871 2951 3924 per
2976 3866 3219 3911 exortum
3247 3873 3401 3912 suum
3438 3859 3489 3913 in
3525 3874 3617 3914 re-

2026 3956 2133 4012 gno
2171 3941 2365 3996 diaboli
2388 3950 2490 3998 est.
2530 3963 2549 3997 »
2582 3944 2740 4012 Quid,
2784 3946 2830 4000 si
2869 3948 2965 4001 tibi
2996 3947 3131 4003 alius
3166 3940 3329 4016 dicat,
3376 3948 3495 4005 Non
3533 3958 3616 4008 est

2028 4032 2203 4103 imago
2226 4033 2340 4098 Dei,
2366 4050 2485 4103 quae
2528 4034 2677 4090 nullo
2720 4051 2812 4091 rea
2839 4046 3078 4106 peccato,
3115 4053 3222 4093 non
3252 4050 3427 4097 tamen
3455 4041 3617 4096 intrat

2027 4122 2081 4178 in
2106 4140 2322 4194 regnum
2357 4124 2489 4181 Dei?
2515 4140 2711 4192 nonne,
2742 4126 2867 4197 quid
2891 4127 3216 4198 respondeas
3237 4143 3342 4184 non
3373 4130 3613 4197 habebis,

2027 4216 2073 4270 si
2098 4231 2230 4270 vana
2258 4215 2581 4286 respondere
2610 4218 2881 4273 nolueris?
2929 4219 2998 4274 Et
3025 4229 3171 4274 certe
3215 4229 3495 4290 propterea
3533 4232 3618 4278 est

2028 4305 2189 4361 homo
2210 4307 2383 4378 imago
2402 4309 2516 4374 Dei,
2539 4308 2659 4379 quia
2686 4307 2855 4365 iactus
2878 4318 2960 4364 est
2983 4309 3049 4364 ad
3071 4310 3468 4366 similitudinem
3495 4311 3614 4367 Dei.

2029 4397 2136 4454 Cur
2160 4412 2287 4468 ergo
2315 4406 2372 4453 et
2408 4398 2625 4453 vanitati
2650 4400 2840 4454 similis
2870 4398 3044 4455 factus
3087 4411 3190 4466 est,
3219 4409 3438 4471 propter
3474 4401 3616 4469 quod

2028 4488 2142 4544 dies
2170 4493 2286 4559 ejus
2310 4489 2454 4545 velut
2496 4490 2679 4544 umbra
2708 4500 3035 4560 prmtet‘cunt
3062 4490 3081 4560 (
3105 4489 3249 4545 Psal.
3283 4506 3464 4558 chm,
3497 4493 3531 4547 4
3554 4493 3571 4563 )
3591 4494 3617 4548 ?

2028 4576 2146 4633 Non
2178 4578 2320 4633 enim
2349 4578 2417 4632 ab
2457 4579 2557 4632 hac
2587 4581 2817 4633 vanitate
2861 4590 3202 4648 separaturus
3246 4595 3305 4635 es
3345 4581 3616 4651 parvulos,

2029 4686 2147 4724 cum
2178 4669 2291 4724 dies
2318 4685 2501 4723 corttm
2549 4672 2689 4723 velut
2717 4671 2901 4725 umbra
2951 4676 3291 4740 praetereant.
3332 4673 3613 4729 Postremo

2030 4760 2287 4829 numquid
2318 4774 2413 4815 eos
2450 4768 2505 4815 et
2541 4775 2571 4814 a
2610 4762 2906 4815 viventibus
2952 4764 3260 4832 separabis?
3305 4764 3441 4820 Audi
3492 4782 3621 4834 ergo

2031 4865 2152 4905 eum
2184 4850 2275 4921 qui
2302 4850 2429 4905 dicit
2468 4851 2522 4905 in
2560 4851 2816 4906 Psalmo:
2858 4851 2992 4907 Ecce
3029 4864 3215 4908 veteres
3265 4856 3478 4925 posuisti
3515 4856 3618 4910 dies

2032 4959 2186 5007 meos,
2225 4951 2274 4996 et
2313 4942 2587 4997 substantia
2622 4960 2733 4998 utea
2776 4954 3014 5014 tauquam
3056 4946 3186 4998 nihil
3230 4956 3347 4999 ante
3394 4956 3481 5012 te;
3533 4964 3618 5001 re-

2031 5041 2313 5086 rumtamen
2353 5032 2584 5088 universa
2613 5034 2826 5098 vanitas,
2855 5036 3017 5088 omnis
3046 5036 3198 5090 homo
3226 5037 3392 5092 vivens
3424 5038 3442 5111 (
3469 5037 3617 5092 l’sul.

2034 5137 2255 5185 xxxviii,
2285 5121 2378 5195 6).
2400 5123 2533 5178 Cum
2564 5139 2691 5194 ergo
2710 5125 2779 5179 sit
2808 5124 2982 5195 imago
3010 5125 3103 5181 Dei
3143 5128 3318 5182 omnis
3349 5129 3510 5183 homo
3537 5129 3615 5182 vi-

2037 5227 2186 5278 vens,
2210 5210 2296 5266 die
2322 5211 2459 5268 unde
2480 5214 2548 5267 sit
2573 5215 2732 5269 etiam
2766 5215 2971 5271 vanitas
2995 5217 3170 5273 omnis
3209 5220 3371 5275 homo
3414 5221 3617 5273 vivens.

2037 5304 2143 5359 Sed
2166 5303 2291 5374 quid
2311 5304 2550 5360 dicturus
2571 5321 2652 5370 es,
2672 5307 2761 5377 qui
2789 5322 2895 5364 non
2918 5310 2997 5365 vis
3023 5322 3334 5381 agnoscere,
3359 5310 3498 5365 aliud
3526 5311 3619 5363 hoc

2037 5411 2152 5450 rum
2180 5410 2299 5450 esse
2328 5411 2393 5450 ex
2420 5396 2724 5452 conditione
2750 5397 2862 5465 Dei,
2891 5400 3034 5456 aliud
3060 5401 3317 5455 accidisse
3336 5415 3402 5455 ex
3431 5398 3615 5453 condiv

2039 5486 2181 5539 tione
2212 5487 2449 5555 peccati?
2473 5487 2785 5553 Permittite,
2812 5506 3136 5560 quaesumus,
3158 5500 3214 5545 ut
3240 5491 3398 5545 homo
3415 5491 3617 5557 vivens,

2036 5576 2126 5645 qui
2153 5577 2217 5630 ad
2250 5576 2339 5631 Dei
2365 5576 2763 5634 similitudinem
2792 5579 2958 5636 Iactus
3003 5590 3118 5647 est,
3164 5589 3382 5634 eruatur
3407 5598 3437 5634 a
3467 5591 3615 5651 pote-

2038 5677 2173 5723 state
2203 5668 2556 5736 tenebrarum,
2590 5670 2688 5726 sub
2712 5688 2811 5742 qua
2839 5673 3053 5726 vanitati
3078 5670 3265 5726 similis
3292 5671 3568 5731 factusest
3596 5692 3608 5729 :

2104 5819 2118 5850 ¹
2150 5819 2377 5882 \‘igulet'ii
2401 5824 2517 5877 editi
2538 5842 2565 5891 ι,
2591 5835 2699 5880 tum
2751 5832 2877 5887 Mss,
2898 5826 2967 5873 tu.
