4008 6178
316 302 465 359 4035

316 414 425 467 boli
448 427 511 468 es
539 427 569 467 ο
588 412 843 484 quidquid
871 415 1068 485 nuptiae
1096 416 1440 485 protulissent
1457 448 1473 479 ,
1508 415 1597 470 Dei
1649 430 1774 469 vero
1798 429 1887 469 so-

315 505 423 556 lum
456 503 597 572 quod
627 501 776 573 virgo
803 506 1097 574 peperisset
1119 505 1144 559 ἲ
1165 505 1299 571 Quid
1331 516 1415 560 est
1455 505 1597 559 aliud
1619 547 1632 570 ,
1675 505 1893 575 virginis

312 598 374 647 tet
395 594 717 648 undatorem
742 603 793 647 et
815 594 1215 663 egrotissinium
1241 596 1525 651 ostendere
1561 597 1735 665 inopia
1769 612 1893 665 por-

309 684 475 738 tionis
506 700 643 750 suae,
674 697 728 741 et
748 686 994 741 ettmdem
1024 702 1218 756 negare
1247 702 1437 742 eorum
1495 688 1584 757 qui
1630 686 1892 756 prodeunt

304 777 371 828 de
405 778 607 845 nuptiis
630 776 1259 833 hominumeonditorem
1281 779 1525 835 ?Teneat
1553 779 1713 850 igitur
1742 778 1888 834 verbi

305 867 381 920 tui
407 868 576 922 lector
602 867 826 937 diligens
852 867 1265 938 chirographum
1292 911 1309 934 ,
1341 869 1581 939 sciatque
1608 878 1662 924 te
1686 910 1700 931 ,
1729 868 1891 923 disci-

302 956 492 1025 pulum
514 956 723 1012 fidelem
754 956 1165 1013 Manichieorum
1197 970 1252 1015 et
1272 961 1313 1014 Τ
1316 961 1619 1016 raduciana:
1657 961 1889 1017 nationis

308 1050 623 1118 primatem,
655 1046 784 1102 nihil
812 1047 959 1104 aliud
984 1064 1142 1120 quam
1189 1051 1625 1107 commixtionem
1668 1051 1888 1122 legitimi

301 1136 588 1191 damnasse
608 1136 862 1208 conjugii.

368 1228 511 1285 Acs.
539 1229 654 1284 Non
684 1229 848 1284 habes
874 1230 1198 1287 exercitatos
1227 1247 1419 1288 sensus
1437 1232 1504 1288 ad
1531 1232 1886 1303 separandum

303 1318 504 1373 bonum
525 1335 558 1373 a
583 1319 743 1374 malo.
769 1320 835 1374 Et
864 1321 1136 1377 hominum
1166 1331 1220 1378 et
1244 1324 1569 1393 Angelorum
1597 1332 1789 1377 natura
1814 1330 1889 1379 ato

297 1424 400 1479 que
424 1410 729 1464 substantia
753 1410 837 1466 vel
865 1412 1127 1466 bonorum
1177 1414 1259 1469 vel
1308 1413 1568 1469 malorum
1598 1414 1707 1468 Deo
1731 1428 1884 1469 crea-

299 1510 408 1553 tore
431 1500 681 1554 subsistit
714 1517 728 1554 :
761 1500 855 1555 sed
886 1501 1010 1556 vitia
1042 1512 1348 1557 naturarum
1375 1508 1532 1573 atque
1558 1503 1883 1558 substantia-

296 1606 445 1653 rum,
465 1608 589 1661 qua:
612 1591 885 1647 Mauiehaei
918 1601 1134 1650 naturas
1155 1594 1337 1650 dicunt
1374 1610 1493 1652 esse
1536 1603 1694 1665 atque
1740 1595 1867 1650 sub-

292 1684 556 1749 stantius,
586 1684 782 1739 veritas
831 1694 1009 1741 autem
1066 1696 1256 1756 negat,
1314 1687 1453 1743 Deus
1492 1687 1668 1757 justus
1708 1696 1871 1757 atque

292 1773 639 1843 omnipotens
669 1774 1009 1832 ordinatione
1031 1776 1312 1845 judiciaria
1343 1791 1463 1832 esse
1509 1776 1795 1847 permittit;
1826 1785 1880 1832 et

292 1867 399 1934 ipsa
421 1875 555 1921 sunt
587 1865 724 1921 mala
743 1909 756 1931 ,
791 1883 908 1937 qua:
936 1868 1037 1922 nisi
1057 1884 1120 1923 es
1152 1868 1306 1924 bonis
1331 1877 1383 1924 et
1411 1870 1463 1924 in
1482 1869 1636 1924 bonis
1677 1869 1880 1923 naturis

292 1956 469 2012 inesse
508 1976 616 2013 non
647 1970 888 2029 possunt.
920 1960 1009 2016 Sic
1052 1970 1179 2016 sunt
1206 1969 1383 2017 autem
1424 1962 1476 2015 in
1503 1961 1697 2015 diaboli
1724 1969 1878 2031 pote-

289 2056 421 2102 state
444 2064 805 2119 quaecumque
834 2049 939 2117 illi,
970 2050 1080 2105 Deo
1112 2050 1384 2120 judicaute
1406 2089 1423 2116 ,
1466 2050 1761 2105 subduntur
1783 2090 1799 2114 ,
1822 2056 1879 2104 ut

288 2154 313 2191 a
338 2138 432 2193 Dei
462 2148 755 2210 potestate,
789 2141 886 2195 sub
914 2156 1017 2210 qua
1040 2149 1095 2196 et
1135 2141 1251 2210 ipse
1276 2140 1520 2195 diabolus
1559 2140 1879 2195 constitutus

290 2239 384 2295 est,
414 2231 603 2285 aliena
628 2244 748 2286 esse
776 2245 881 2284 non
912 2230 1137 2299 possint.
1166 2217 1299 2285 Cum
1345 2230 1504 2301 igitur
1543 2243 1729 2284 omnes
1777 2229 1878 2284 Anc

288 2320 377 2390 geli
413 2330 472 2375 et
495 2336 688 2375 omnes
718 2319 965 2376 homines
1001 2320 1100 2374 sub
1129 2320 1220 2375 Dei
1249 2320 1357 2375 sint
1385 2328 1678 2390 potestate,
1707 2319 1877 2374 inanis

289 2419 361 2465 est
392 2410 698 2481 loquacitas
722 2418 809 2464 tua
829 2453 844 2476 ,
875 2425 976 2480 qua
999 2410 1132 2465 dicis
1159 2411 1323 2465 Deum
1343 2418 1399 2466 et
1430 2410 1699 2464 diabolum
1735 2408 1872 2463 divi-

286 2501 413 2556 sisse
439 2504 589 2555 inter
603 2516 683 2569 se,
715 2500 836 2572 quis
876 2515 1062 2556 eorum
1089 2516 1225 2570 quos
1249 2501 1265 2532 ¹
1289 2500 1482 2555 habeat
1526 2498 1626 2553 sub
1655 2498 1866 2569 propria

286 2599 566 2660 potestate.
588 2589 643 2645 ln
664 2606 819 2661 quem
848 2605 974 2646 vero
998 2590 1164 2645 crudo
1207 2599 1421 2660 pectore
1465 2603 1681 2645 evomas
1709 2588 1867 2652 istas,

287 2682 474 2752 quibus
503 2681 763 2752 pasceris,
782 2680 1155 2749 contumelias,
1204 2681 1470 2750 paulisper
1512 2674 1748 2733 attende.
1788 2677 1867 2732 En

286 2773 427 2828 adest
443 2773 537 2829 ille
569 2772 906 2839 Ambrosius;
931 2770 1001 2828 de
1029 2771 1203 2828 hocin
1220 2770 1399 2842 quod!
1420 2768 1686 2826 inveheris
1704 2810 1719 2836 ,
1744 2767 1869 2839 quid

295 2866 429 2921 dicat
457 2866 590 2921 vide
619 2882 635 2919 :
669 2883 688 2917 ι
713 2864 991 2934 Quomodo
1026 2865 1206 2931 solus,
1239 2881 1258 2917 ι
1285 2862 1485 2933 inquit,
1521 2879 1540 2913 ι
1570 2861 1736 2931 potuit
1780 2860 1867 2931 ju-

292 2965 398 3013 stus
446 2973 608 3024 esse,
656 2973 777 3013 eum
823 2957 1097 3029 generatio
1143 2956 1316 3012 omnis
1360 2963 1589 3019 erraret,
1631 2955 1732 3010 nisi
1768 2968 1865 3007 na-

288 3058 364 3105 tus
390 3066 454 3106 ex
476 3050 687 3122 virgine
713 3048 1072 3121 generationis
1086 3047 1329 3104 obnoxiae
1347 3046 1620 3118 privilegio
1634 3044 1852 3099 minime

289 3151 561 3197 teneretur
586 3126 611 3195 ὶ
645 3140 781 3214 (Lib.
808 3141 870 3195 de
891 3139 1047 3212 Area)
1071 3139 1095 3193 i
1119 3139 1251 3193 Audi
1283 3138 1473 3199 adhuc,
1503 3136 1655 3202 audi,
1674 3144 1725 3191 et
1746 3149 1870 3203 pro-

287 3242 476 3289 tervam
537 3233 769 3304 linguam
818 3230 1011 3287 frontis
1062 3231 1286 3286 elisione
1346 3242 1664 3297 compesce:
1697 3243 1717 3279 ‹
1750 3224 1865 3280 Non

288 3326 413 3380 enim
440 3324 618 3380 virilis
638 3323 810 3378 coitus
838 3322 1008 3376 vulvrc
1030 3319 1303 3390 virginalis
1324 3326 1528 3373 secreta
1568 3316 1823 3371 rescravit
1848 3333 1862 3382 ;

289 3418 372 3472 sed
420 3414 825 3471 immaculatum
871 3428 1054 3468 semen
1107 3410 1398 3466 inviolabili
1456 3417 1606 3463 utero
1634 3406 1864 3478 Spiritus

289 3518 489 3564 sanctus
522 3506 720 3563 infudit
751 3505 936 3561 :solus
961 3505 1105 3560 enim
1136 3519 1229 3575 per
1271 3503 1449 3558 omnia
1495 3518 1560 3557 ex
1611 3499 1749 3555 natis
1795 3498 1863 3555 de

294 3599 472 3656 femina
501 3610 730 3656 sanctus
760 3598 1013 3654 Dominus
1034 3597 1213 3660 Jesus.
1235 3595 1326 3667 qui
1374 3603 1597 3649 terreare
1620 3593 1862 3662 contagia

292 3691 619 3762 corruptelas,
651 3689 975 3747 immaculati
1004 3697 1182 3758 partus
1213 3686 1446 3741 novitate
1475 3700 1581 3738 non
1601 3684 1858 3750 senserit,

292 3792 338 3837 et
358 3784 562 3840 ctelesti
584 3782 858 3852 majestate
883 3780 1179 3852 depulerit»
1212 3777 1347 3850 (Lib.
1368 3776 1405 3831 2
1432 3779 1483 3831 in
1508 3774 1633 3830 Luc.
1661 3791 1718 3839 η,
1739 3774 1858 3843 25).

292 3872 464 3930 Cernis
491 3890 712 3945 nempe,
740 3872 880 3944 quod
904 3871 1048 3937 dico,
1080 3871 1198 3941 quis
1224 3867 1459 3925 dixerit?
1479 3867 1672 3929 cernis,
1704 3864 1860 3935 quid—

294 3965 406 4035 quid
448 3976 637 4020 contra
691 3978 777 4019 me
824 3962 980 4029 dicis,
1008 3968 1194 4014 contra
1225 3974 1381 4030 quem
1412 3957 1558 4012 dicas
1583 3956 1603 4010 ’ἒ
1633 3955 1688 4011 Si
1717 3954 1859 4010 enim

294 4070 382 4124 ego
408 4055 533 4112 hinc
560 4070 678 4110 sum
707 4055 996 4124 discipulus
1018 4051 1288 4106 Manichrei
1313 4091 1329 4117 ,
1377 4048 1479 4105 hoc
1522 4056 1607 4103 est
1656 4057 1709 4102 et
1746 4047 1856 4102 ille.

296 4142 396 4215 Non
420 4158 500 4202 est
525 4157 704 4203 autem
732 4146 836 4203 hoc
866 4132 1092 4213 illefqui
1117 4143 1229 4195 hzec
1267 4148 1389 4196 ante
1436 4156 1532 4195 nos
1559 4138 1711 4193 dixit.
1742 4136 1862 4192 Non

298 4239 481 4295 esthoc
510 4240 690 4310 igitur,
722 4236 961 4308 quisquis
987 4236 1099 4289 lucc
1127 4233 1291 4288 dicit:
1323 4230 1415 4287 sed
1439 4230 1718 4284 haereticus
1744 4243 1859 4282 ma-

300 4330 502 4386 nifestus
529 4339 632 4395 est,
663 4328 905 4400 quisquis
931 4326 1053 4381 huic
1071 4326 1288 4394 antiquo
1330 4321 1591 4377 catholico
1627 4320 1857 4390 dogmati

299 4423 619 4476 contradicit.

360 4509 557 4565 LXVII.
596 4510 716 4565 Jun.
754 4508 857 4564 Sed
880 4507 989 4578 jam
1019 4519 1296 4575 pergamus
1322 4502 1388 4558 ad
1424 4513 1635 4557 cmtera.
1669 4501 1741 4557 De
1769 4516 1853 4555 me

301 4585 459 4669 itaque
482 4601 741 4663 scribens,
771 4607 888 4669 post
922 4598 1008 4651 illa
1035 4611 1151 4665 quze
1181 4609 1339 4664 supra
1379 4586 1518 4646 texui
1545 4591 1703 4646 verba
1748 4601 1854 4657 tua,

304 4688 404 4745 lucc
437 4707 552 4762 qua:
581 4698 873 4762 sequuntur
908 4687 1151 4757 adjungis
1181 4704 1195 4740 :
1242 4703 1261 4736 ι
1293 4683 1421 4739 Post
1445 4682 1559 4737 hzrc
1600 4680 1728 4735 illud
1759 4696 1856 4735 no-

303 4791 451 4837 strum
482 4784 676 4853 posuit,
706 4782 791 4836 ubi
818 4780 1047 4835 diximus
1072 4796 1086 4834 :
1126 4778 1250 4832 llaec
1273 4775 1415 4832 enim
1441 4792 1560 4847 qua:
1585 4775 1652 4829 ab
1690 4774 1861 4843 impu-

302 4870 527 4929 dentibus
556 4871 891 4943 impudenter
916 4868 1183 4933 laudatur,
1214 4865 1452 4937 pudenda
1480 4864 1860 4934 concupiscen-

306 4961 385 5026 tia,
425 4964 559 5018 nulla
600 4971 763 5033 esset,
803 4960 904 5016 nisi
948 4959 1109 5013 homo
1151 4966 1275 5011 ante
1306 4963 1574 5026 peccasset
1619 4954 1859 5023 :nuptim

306 5065 421 5107 vero
447 5063 643 5120 essent,
674 5051 883 5108 etiamsi
928 5065 1086 5105 nemo
1132 5053 1428 5118 peccasset;
1480 5047 1628 5099 fieret
1665 5044 1858 5114 quippe

305 5145 407 5199 sine
441 5146 539 5201 isto
581 5145 767 5202 morbo
805 5143 1085 5199 seminatio
1125 5140 1374 5195 filiorum.
1418 5135 1529 5191 tluc
1568 5152 1736 5205 usque
1770 5137 1857 5190 ille

310 5236 447 5291 verba
474 5252 585 5293 mea
615 5236 810 5307 posuit.
838 5234 1037 5288 Timuit
1059 5232 1200 5287 enim
1226 5227 1365 5301 quod
1393 5228 1628 5297 adjunxi,
1657 5226 1711 5280 In
1738 5243 1858 5281 cor-

308 5340 422 5392 pore
452 5328 567 5381 vita:
607 5327 768 5388 illius,
810 5326 924 5380 sine
966 5338 1070 5393 quo
1117 5335 1257 5376 nune
1302 5318 1413 5373 fieri
1451 5331 1554 5371 non
1595 5325 1766 5386 potest
1803 5317 1853 5369 in
1892 5336 1897 5341 ·

308 5430 511 5488 corpore
536 5418 718 5473 mortis
745 5416 920 5485 hujus.
945 5415 1010 5469 Et
1029 5412 1115 5466 hic
1140 5422 1197 5465 ut
1221 5424 1391 5465 meam
1412 5408 1724 5462 sententiam
1750 5422 1853 5461 non

311 5503 488 5573 finiret,
532 5507 624 5563 sed
669 5522 785 5563 eam
835 5506 1061 5576 quodam
1113 5501 1271 5556 modo
1312 5499 1668 5564 detruncaret,
1726 5498 1852 5553 illud

364 5658 532 5725 frditt.
549 5661 797 5725 quosdam.
820 5660 1117 5725 castigantur
1142 5669 1204 5725 ως
1232 5664 1337 5705 \tss.

354 5722 379 5745 “
404 5717 530 5783 Editi,
552 5717 705 5786 quem.
732 5723 900 5773 verius
927 5717 1053 5779 .tt'ss.,
1078 5717 1223 5782 quod.

1703 300 1903 357 LIBER
1945 300 2219 359 l‘lilMUS.

3445 319 3580 377 £086

2004 416 2247 505 Apostoli
2280 417 2636 475 testiinonium
2677 420 2996 505 formidavit,
3036 424 3126 482 ubi
3153 426 3229 483 ait
3260 445 3276 482 :
3305 427 3463 485 lliser
3488 448 3580 502 ego

1999 504 2170 570 homo,
2198 507 2312 578 quis
2340 525 2419 562 me
2443 508 2669 564 liberabit
2704 512 2766 566 de
2790 528 3000 585 corpore
3021 518 3198 571 mortis
3218 517 3367 588 hujus
3384 520 3411 575 .’
3443 520 3578 575 Cra-

1998 597 2068 650 tiu
2101 596 2199 651 Dei
2224 615 2315 668 per
2341 598 2516 654 Iesum
2546 601 2799 657 Christum
2830 603 3103 660 Dominum
3138 618 3364 662 nostrum
3401 610 3573 680 (Rom.

1999 702 2088 751 vn,
2112 686 2183 743 24
2209 698 2256 740 et
2284 688 2399 759 25).
2425 689 2542 745 Non
2578 692 2719 746 enim
2749 702 2865 747 erat
2890 708 3083 766 corpus
3119 700 3303 752 mortis
3332 698 3486 769 hujus
3523 703 3573 758 iu

1997 776 2241 845 paradiso
2284 788 2407 834 ante
2444 790 2740 849 peccatum,
2786 795 3002 853 pmpter
3040 787 3180 856 quod
3219 788 3470 855 diximus,
3520 793 3570 850 tu

1993 879 2218 935 corpore
2247 867 2367 922 vita:
2397 868 2560 939 illius,
2586 885 2704 940 qua:
2743 871 2814 926 ibi
2840 882 2976 941 erat,
3004 876 3122 931 sine
3148 878 3251 933 isto
3276 880 3461 934 morbo
3489 898 3577 937 se-

1993 956 2334 1012 minationem
2365 959 2479 1016 ﬁeri
2510 962 2741 1031 potuisse
2782 962 3032 1031 ﬁliorum,
3079 971 3195 1021 sine
3230 983 3333 1037 quo
3363 970 3415 1023 in
3457 987 3577 1025 cor-

1994 1061 2122 1117 pore
2147 1050 2333 1104 mortis
2355 1051 2509 1120 hujus
2534 1051 2645 1108 fieri
2663 1067 2767 1107 non
2790 1063 2993 1120 potests
3023 1055 3127 1128 (De
3149 1057 3356 1129 Nuptiis
3376 1072 3422 1114 et
3446 1062 3571 1117 Cou—

1989 1138 2315 1207 cupisceutia,
2362 1140 2449 1194 lib.
2491 1140 2547 1210 2,
2577 1159 2628 1196 η.
2661 1142 2741 1213 6).
2774 1143 2948 1200 Tenes
2998 1155 3052 1200 tu
3081 1148 3294 1216 quidem
3341 1165 3569 1208 consue-

1990 1226 2229 1282 tudinem
2276 1236 2441 1296 tuam,
2488 1231 2732 1302 equidem
2782 1233 2834 1287 in
2882 1232 2982 1288 hoc
3031 1236 3364 1306 potissimum
3409 1256 3571 1310 Opere

1990 1329 2399 1388 consequenter,
2434 1330 2489 1374 ut
2514 1323 2601 1393 qui
2629 1332 2813 1377 contra
2845 1325 3120 1380 veritatem
3151 1328 3283 1397 agis,
3316 1328 3446 1385 nihil
3474 1348 3567 1386 ve-

1990 1421 2106 1461 rum
2135 1408 2367 1479 loquaris
2392 1428 2405 1465 :
2433 1411 2529 1467 sed
2551 1412 2845 1468 numerosis
2870 1415 3181 1470 eruditionis
3208 1425 3310 1472 tua:
3340 1421 3570 1487 peccatis

1986 1498 2378 1566 correptionum
2426 1501 2707 1556 multitudo
2749 1503 2840 1557 vix
2893 1503 3105 1559 sufﬁcit.
3156 1505 3280 1561 ldeo
3326 1508 3410 1562 hic
3452 1510 3565 1578 jam

1984 1588 2216 1644 breviter
2243 1592 2531 1658 annotabo,
2566 1605 2615 1648 te
2645 1594 2828 1649 fallere
2856 1612 2871 1651 :
2916 1610 3004 1651 me
3040 1607 3213 1652 autem
3233 1640 3247 1664 ,
3274 1599 3359 1653 vel
3391 1610 3509 1669 post
3546 1604 3562 1633 ⁸

1984 1678 2090 1736 hoc
2115 1695 2249 1750 Optts
2289 1683 2572 1754 intelliges,
2605 1684 2924 1741 insolentem
2961 1702 3081 1742 esse
3123 1689 3403 1743 mendacii.
3445 1690 3563 1746 Tibi

1982 1785 2109 1840 ergo
2151 1771 2308 1841 hujus
2339 1773 2449 1827 vitii
2481 1774 2688 1828 vindica
2731 1784 2895 1830 totam
2941 1779 3357 1847 possessionem,
3403 1790 3459 1834 ut
3494 1782 3562 1835 ab

1984 1861 2290 1933 Evangelio,
2320 1879 2419 1919 nec
2455 1878 2585 1920 sane
2616 1866 2871 1935 injuria”,
2901 1868 3087 1923 audire
3117 1871 3311 1937 possis,
3341 1871 3463 1939 quia
3489 1871 3558 1927 ab

1981 1948 2131 2004 initio
2157 1953 2383 2007 mendax
2408 1970 2487 2021 es,
2520 1956 2653 2009 sicut
2683 1965 2746 2009 et
2774 1965 2924 2025 pater
2949 1966 3068 2011 tuus
3097 1956 3271 2029 (Joan.
3301 1975 3410 2021 vin,
3440 1956 3557 2030 44),

1980 2040 2065 2095 vel
2091 2042 2178 2096 ille
2203 2042 2270 2097 ad
2292 2043 2441 2113 cujus
2469 2054 2517 2098 te
2542 2044 2677 2099 dicis
2700 2044 2970 2101 dominum
2992 2048 3313 2117 pertinuisse
3338 2065 3561 2105 nascen-

1982 2137 2110 2197 tem,
2139 2133 2225 2186 vel
2261 2132 2396 2188 alter
2433 2134 2799 2202 secundarius,
2830 2136 2919 2205 qui
2962 2148 3013 2191 te
3055 2138 3405 2208 elegantibus,
3439 2156 3557 2210 qua:

1983 2230 2155 2275 tamen
2202 2221 2340 2278 inter
2380 2223 2636 2279 honestos
2676 2226 2936 2281 nominari
2976 2243 3079 2282 non
3123 2240 3340 2299 queant,
3372 2231 3560 2287 imbuit

1978 2315 2345 2368 sacramentis.
2385 2315 2575 2371 T0tum
2621 2332 2748 2388 ergo
2787 2317 2889 2374 hoc
2920 2320 3117 2391 protuii
3158 2319 3207 2373 in
3239 2336 3401 2391 opere
3434 2337 3557 2379 meo
3652 2309 3665 2321 ’

1976 2403 2173 2473 priore,
2219 2405 2358 2474 quod
2392 2415 2445 2459 tu
2474 2408 2893 2485 prtetermissuin
2932 2423 3053 2464 esse
3082 2411 3339 2481 contingis
3367 2429 3381 2466 :
3412 2410 3557 2482 quod

1974 2503 2168 2565 quanta
2194 2495 2263 2549 sit
2285 2495 2658 2564 disputationis
2680 2497 2906 2552 veritate
2931 2512 2994 2552 ac
3022 2499 3137 2553 luce
3158 2501 3479 2565 convictum,
3506 2501 3554 2557 si

1973 2600 2137 2655 prOpe
2159 2586 2369 2641 ultimas
2393 2588 2543 2656 primi
2568 2587 2849 2643 voluminis
2870 2589 2973 2645 mei
2996 2599 3176 2660 partes
3200 2590 3361 2662 legas,
3391 2593 3552 2648 etiam

1971 2674 2084 2745 ipse
2115 2677 2314 2746 poteris
2341 2678 2602 2733 confiteri.
2648 2676 2766 2733 Non
2796 2693 2925 2751 ergo
2960 2688 3046 2734 tua
3077 2679 3383 2735 detruncata
3427 2698 3552 2737 sen-

1973 2768 2154 2834 tentia,
2185 2767 2279 2824 sed
2308 2768 2512 2840 integra
2543 2769 2739 2826 valenti
2769 2779 2853 2825 est
2879 2773 3226 2841 responsione
3254 2771 3547 2828 destructa.

1967 2858 2120 2916 Nunc
2145 2871 2321 2919 autem
2358 2862 2479 2917 audi
2509 2862 2741 2918 breviter
2768 2881 2782 2917 :
2816 2864 3102 2933 Apostolus
3130 2863 3235 2925 huc
3271 2864 3410 2935 quod
3440 2866 3546 2929 ait,

1971 2951 2129 3007 Miser
2168 2969 2258 3024 ego
2301 2953 2611 3025 homo,‘quis
2651 2970 2730 3008 me
2762 2952 2989 3007 liberabit
3026 2954 3089 3007 de
3126 2968 3335 3024 corpore
3376 2955 3550 3009 mortis

1969 3034 2161 3114 hujus?
2189 3041 2365 3098 Gratia
2406 3043 2498 3098 Dei
2525 3060 2615 3115 per
2654 3043 2829 3098 Iesum
2869 3041 3123 3101 Christum
3153 3043 3424 3098 Dominum
3453 3062 3545 3099 no-

1966 3143 2124 3188 strum
2154 3150 2174 3189 :
2202 3150 2308 3189 non
2342 3135 2409 3190 ad
2446 3135 2823 3191 mortalitatem
2867 3136 3033 3190 nostri
3064 3137 3302 3206 corporis
3342 3135 3543 3201 retulit,

1967 3238 2125 3295 quam
2164 3238 2291 3279 caro
2327 3225 2631 3279 animalium
2661 3223 2730 3281 de
2770 3235 2969 3280 natura:
3004 3225 3335 3281 institutione
3363 3241 3545 3282 susce-

1968 3315 2064 3386 pit,
2092 3314 2185 3370 sed
2226 3313 2291 3369 ad
2317 3315 2759 3371 consuetudinem
2791 3316 3165 3387 delinquendi;
3194 3334 3223 3370 a
3254 3331 3359 3388 qt'o
3394 3326 3544 3372 reatu

1967 3415 2089 3477 post
2135 3407 2553 3463 incarnationem
2594 3406 2812 3474 Christi,
2860 3422 2955 3479 per
3002 3407 3400 3464 Testamentum
3427 3407 3538 3464 No-

1966 3515 2110 3567 vum,
2147 3499 2387 3572 quisquis
2423 3500 2491 3554 ad
2530 3498 2739 3555 virtutis
2776 3500 2946 3555 studia
2986 3501 3312 3573 migraverit,
3354 3501 3542 3557 libera-

1966 3598 2069 3646 tur.
2106 3591 2179 3647 lbi
2216 3606 2343 3663 ergo
2368 3591 2469 3647 sub
2497 3606 2725 3662 persona
2754 3589 3061 3648 Judmorum
3092 3592 3334 3662 IOquens,
3364 3592 3544 3658 illeceo

1964 3684 2180 3738 brarum
2201 3683 2490 3753 cupiditate
2516 3683 2677 3738 etiam
2704 3692 2824 3755 post
2853 3682 3190 3739 interdictum
3221 3698 3385 3738 sacrae
3412 3683 3544 3754 legis

1964 3772 2274 3838 errantium,
2305 3771 2539 3826 ostendit
2567 3773 2778 3827 unicum
2820 3787 2939 3827 esse
2981 3773 3033 3828 in
3074 3774 3161 3829 illa
3210 3782 3527 3844 tempestate

1963 3859 2280 3928 subsidium,
2307 3862 2351 3915 si
2391 3861 2674 3915 crederent
2721 3860 2961 3925 Christo;
3011 3862 3100 3933 qui
3147 3863 3225 3918 sic
3266 3863 3535 3919 indicebat

1962 3953 2237 4009 cautiones
2260 3952 2326 4007 de
2349 3952 2556 4019 futuris,
2589 3961 2646 4007 ut
2675 3954 2880 4007 veniam
2909 3953 3240 4008 condonaret
3266 3955 3534 4024 peractis;

1963 4061 2063 4100 nec
2102 4044 2379 4100 insistebat
2417 4045 2523 4098 reis
2568 4043 2959 4098 iutentatione‘
2989 4045 3252 4115 supplicii,
3293 4045 3385 4101 sed
3409 4061 3536 4100 cur-

1961 4146 2143 4193 rentes
2171 4135 2542 4190 liberalissimo
2568 4135 2772 4206 gremio
2810 4134 3165 4205 confovebat;
3204 4150 3309 4189 non
3340 4137 3529 4190 exani-

1962 4243 2113 4282 mans
2138 4236 2340 4281 terrore
2363 4225 2665 4295 depressos,
2691 4224 2784 4280 sed
2811 4240 3064 4295 reparans
3088 4226 3409 4296 benignitate
3428 4242 3541 4281 cor-

1961 4328 2137 4372 rectos
2167 4333 2180 4369 :
2209 4331 2369 4385 quam
2405 4316 2784 4385 benignitatem
2836 4316 2950 4384 ipse
2997 4315 3107 4385 jam
3157 4324 3414 4380 senserat,
3444 4316 3535 4386 qui

1961 4408 2192 4469 dicebat,
2220 4405 2488 4459 Iluntanus
2531 4422 2715 4469 sermo,
2743 4408 2982 4476 quoniam
3011 4405 3241 4460 Christus
3264 4406 3415 4461 Jesus
3454 4423 3537 4462 ve-

1961 4500 2033 4553 nit
2054 4501 2106 4552 in
2135 4499 2267 4552 hunc
2291 4498 2533 4551 mundum
2560 4507 2841 4565 peccatores
2878 4495 3043 4551 salvos
3081 4502 3278 4567 facere,
3321 4515 3536 4569 quorum

1962 4593 2153 4663 primus
2181 4605 2295 4644 sum
2338 4606 2429 4659 ego
2462 4604 2480 4638 :
2500 4590 2588 4641 sed
2632 4589 2746 4643 ideo
2797 4590 3191 4643 misericordiam
3240 4602 3535 4645 consecutus

1960 4700 2092 4749 sum,
2123 4692 2175 4735 ut
2205 4683 2255 4735 in
2285 4698 2361 4734 me
2389 4681 2664 4735 ostenderet
2692 4680 2920 4735 Christus
2934 4679 3085 4736 .Iesus
3111 4698 3305 4737 omnem
3336 4685 3533 4752 patien-

1962 4775 2121 4836 tium,
2164 4771 2233 4825 ad
2259 4770 2540 4841 exemplum
2584 4787 2777 4835 eorum,
2808 4772 2893 4842 qui
2936 4772 3175 4825 credituri
3220 4782 3335 4826 sunt
3366 4772 3441 4825 illi
3482 4774 3534 4826 in

1962 4864 2111 4917 vitam
2136 4873 2375 4917 cateruam
2407 4860 2448 4930 (l
2479 4859 2605 4914 Tim.
2634 4876 2670 4925 t,
2700 4860 2764 4916 l5
2788 4870 2833 4915 et
2859 4860 2969 4931 16).
3002 4860 3153 4928 Quod
3183 4869 3238 4914 ut
3269 4860 3535 4930 intellige-

1961 4969 2049 5009 res
2096 4953 2161 5007 ad
2210 4952 2370 5006 vitam
2433 4951 2643 5014 malam,
2698 4966 2803 5003 non
2851 4950 2917 5004 ad
2965 4961 3204 5003 naturam
3260 4950 3535 5006 hominum

1962 5048 2262 5116 pertinere;
2299 5023 2364 5099 ne
2407 5059 2499 5113 per
2525 5042 2784 5096 adventus
2806 5040 2999 5095 Christi
3030 5057 3241 5096 causam
3268 5084 3283 5107 ,
3315 5054 3535 5114 putares

1960 5140 2029 5195 ab
2067 5153 2132 5193 eo
2170 5138 2329 5192 etiam
2363 5134 2613 5206 parvulos
2642 5143 2949 5202 peccatores
2994 5136 3395 5203 pronuntiatos;
3438 5136 3535 5199 ait,

1962 5229 2027 5284 1η
2058 5246 2135 5282 me
2157 5227 2371 5281 ostendit
2396 5241 2592 5279 outnrm
2619 5224 2932 5293 patientiam.
2964 5224 3221 5280 Patientia
3240 5238 3414 5279 autem
3440 5224 3531 5277 Dei

1961 5321 2048 5375 illa
2096 5326 2198 5383 est,
2247 5315 2312 5370 de
2340 5330 2441 5385 qua
2471 5313 2535 5367 ad
2584 5313 2853 5367 Romanos
2898 5313 3277 5382 loquitur:An
3325 5315 3530 5383 ignoras

1961 5410 2196 5481 quoniam
2230 5408 2422 5460 bonitas
2454 5404 2546 5457 Dei
2595 5407 2664 5457 ad
2713 5404 3055 5474 pecuitcutiam
3094 5415 3141 5459 te
3181 5401 3430 5460 adducit?
3458 5419 3531 5458 δια

2024 5589 2039 5618 ¹
2061 5585 2193 5639 Fditi,
2229 5596 2331 5645 per.
2376 5589 2500 5637 Mss,
2526 5584 2644 5645 post.

2022 5651 2043 5680 ’
2068 5655 2171 5695 Mss.
2186 5637 2320 5693 vim.
2345 5650 2453 5691 star.
2477 5637 2693 5699 ut'tilarq‘
2715 5654 2800 5691 uer
2824 5639 2923 5689 sine
2938 5637 3133 5700 injuria.

2027 5711 2047 5739 ³
2071 5710 2351 5771 \ignieritts,
2375 5703 2626 5755 intentione
2655 5717 2670 5752 :
2695 5703 2945 5754 metulae.
