4008 6178
409 303 546 362 1087

403 417 619 472 cundum
644 426 812 468 autem
837 408 1076 466 duritiam
1112 418 1248 461 tuam
1292 416 1339 459 et
1391 420 1478 459 cor
1519 402 1835 474 impaenitens
1879 401 1989 454 the-

401 505 626 561 saurisas
652 504 738 558 ubi
772 504 900 556 iram
926 501 978 554 in
1008 500 1088 553 dic
1112 498 1203 551 ira:
1232 495 1403 566 (Rom.
1430 510 1484 556 ιι,
1508 492 1544 548 4
1566 501 1611 547 et
1639 492 1717 562 5).
1751 491 1989 545 Exerce-

405 607 491 650 tur
537 608 665 664 ergo
711 591 960 663 patientia
1009 589 1127 657 Dei,
1186 602 1306 641 cum
1361 600 1469 640 non
1507 585 1700 653 exiguo
1744 591 1987 651 tempore

401 694 740 755 exspectatur
781 681 1010 735 humana
1050 678 1350 734 conversio.
1405 674 1460 729 In
1520 674 1754 743 parvulis
1802 684 1982 727 autem

407 791 513 831 non
547 783 721 845 potest
740 788 998 843 apparere
1027 770 1299 841 patientia.
1326 768 1380 823 Si
1403 767 1545 821 enim
1566 774 1746 820 essent
1770 774 1984 834 peccata

1108 292 1352 351 OPERIS
1379 288 1786 347 DIPERFECTI
1823 286 1989 344 CON'I

2097 337 2099 340 ,
2136 285 2498 355 ιυιιΑΝυιι,
2538 287 2595 344 S.
2637 286 3005 345 Αιιιςυετικι

3530 290 3667 349 1088

2101 416 2180 454 me
2223 400 2448 455 liberabit
2486 400 2553 454 de
2580 416 2789 470 corpore
2830 402 3003 456 mortis
3045 402 3245 472 hujus?
3265 404 3317 457 in
3349 417 3562 459 sensum
3594 421 3677 460 ve-

2095 499 2265 547 strum
2285 490 2604 561 disputando
2633 501 2944 548 Convertere
2977 510 2991 547 :
3019 491 3114 548 sed
3141 493 3243 548 hoc
3273 503 3325 549 te
3358 511 3460 547 non
3492 510 3674 564 posse,

2094 582 2187 638 ille
2208 582 2398 636 melius
2423 580 2570 646 vidit,
2595 582 2684 651 qui
2707 582 2818 635 viro
2862 582 3051 637 illustri
3094 583 3389 639 chartulam
3422 584 3559 639 misit
3585 603 3597 645 ;
3627 598 3680 641 et

2096 672 2216 727 ideo
2245 670 2401 726 verba
2429 685 2547 724 unca
2574 661 2998 726 commemorans
3024 671 3080 728 id
3103 673 3472 742 praetermisit,
3492 690 3557 728 ne
3589 684 3677 731 tua
3728 720 3734 726 .

2094 763 2360 819 rideretur
2387 771 2693 833 exSpectata
2732 772 2786 817 et
2815 764 3020 834 prolata
3050 766 3347 835 responsio.
3376 766 3507 833 Quis
3533 769 3675 823 enim

405 873 631 928 natura),
660 878 779 933 qua:
801 862 879 918 eis
895 860 1141 917 Salvator
1159 857 1512 921 adscriberet;
1544 856 1747 924 patiens
1771 853 1984 923 quidem
2007 867 2199 925 vnon
2231 852 2404 907 rideat
2442 850 2586 922 quod
2616 852 2797 907 nescio
2825 861 3002 907 utrum
3032 854 3186 908 vobis
3226 856 3550 925 persuadere
3580 872 3677 927 po-

409 955 562 1020 falso,
589 968 761 1008 szcvus
803 967 931 1008 vero
973 950 1273 1006 certissime
1316 947 1604 1003 diceretur.
1647 945 1763 999 Non
1810 950 1988 1013 potest

405 1054 583 1110 autem
623 1044 764 1099 Deus
794 1042 895 1097 nisi
924 1042 1041 1113 pius
1076 1049 1131 1096 et
1162 1040 1340 1110 justus
1373 1052 1524 1103 esse,
1556 1035 1695 1106 quod
1723 1044 1803 1089 est
1847 1034 1986 1089 Dcus

407 1148 562 1190 meus
580 1134 736 1189 .lesus
780 1133 1062 1188 Christus:
1090 1132 1242 1200 cujus
1288 1129 1594 1200 patientiam
1621 1168 1636 1193 ,
1666 1127 1753 1181 vel
1793 1125 1989 1179 Paulus

408 1224 498 1280 diu
527 1232 858 1295 persecutor,
893 1224 973 1278 vel
997 1220 1088 1278 alii
1115 1221 1215 1276 sub
1235 1234 1460 1292 quorum
1481 1232 1704 1287 persona
1732 1215 1983 1285 loquitur,

413 1320 620 1390 experti
665 1329 823 1386 sunt;
867 1318 990 1388 quia
1018 1317 1107 1372 diu
1149 1314 1443 1385 exspectati
1483 1319 1640 1377 sunt,
1690 1310 1824 1365 licet
1866 1323 1988 1363 sero

404 1409 633 1464 liberati.
661 1411 738 1464 Ac
767 1424 860 1479 per
885 1407 986 1462 ltoc
1030 1407 1097 1461 ab
1124 1405 1382 1475 Apostolo
1413 1403 1517 1457 vita
1549 1403 1846 1466 hominum,
1877 1414 1984 1453 non

404 1508 591 1553 natura
618 1499 922 1553 damnatur.
968 1494 1362 1552 Commendans
1411 1509 1538 1565 ergo
1580 1490 1719 1548 hanc
1760 1490 1985 1563 gratiam

401 1587 622 1655 Judaeis,
648 1590 771 1660 quia
802 1588 883 1644 lex
924 1588 1071 1658 punit
1122 1586 1401 1649 scelestos,
1451 1600 1552 1640 nec
1600 1584 1760 1638 habet
1788 1582 1933 1636 illam
1958 1580 1976 1613 ί

403 1677 743 1733 efﬁcientiam
783 1675 1185 1740 misericordiae,
1235 1689 1396 1744 quam
1446 1673 1738 1745 Baptisma,
1776 1673 1829 1725 iu
1881 1684 1987 1739 quo

401 1767 738 1823 confessione
765 1762 912 1824 brevi
939 1775 1151 1821 actuum
1181 1763 1375 1820 delicta
1405 1775 1716 1834 purgantur,
1747 1760 1985 1817 ostendit

405 1859 600 1916 debere
636 1860 755 1914 illos
805 1873 1022 1914 currere
1049 1857 1117 1912 ad
1159 1857 1454 1922 Christum,
1496 1855 1784 1926 implorare
1827 1868 1985 1921 o;em

405 1948 562 2019 hujus
612 1940 985 2020 indulgentiae;
1030 1958 1085 2004 et
1130 1948 1411 2003 advertere
1452 1946 1594 2016 quod
1637 1946 1725 2001 lex
1778 1959 1987 1999 morum

404 2038 718 2095 vulneribus
743 2039 1119 2104 committetur,
1150 2037 1320 2107 gratia
1355 2049 1481 2091 vero
1509 2035 1802 2091 efﬁcaciter
1840 2034 1985 2089 cele-

401 2132 637 2201 riterque
687 2130 984 2185 medeatur.
1029 2129 1239 2198 Corpus
1288 2129 1467 2198 itaque
1509 2127 1719 2192 mortis,
1769 2133 1987 2196 peccata

400 2220 537 2277 dixit
562 2237 702 2288 esse,
737 2237 842 2277 non
865 2236 1081 2277 carnem
1112 2237 1124 2272 :
1161 2235 1283 2274 nam
1316 2220 1359 2274 si
1392 2220 1459 2274 dc
1492 2219 1856 2273 membrorum
1888 2216 1989 2270 mi-

400 2314 538 2368 seria
568 2314 979 2382 pronuntiasset,
1004 2327 1159 2380 quam
1185 2321 1401 2380 peccato
1426 2310 1658 2363 :estimas
1677 2308 1984 2377 contigisse,

402 2405 602 2458 rectius
626 2414 852 2456 mortem
883 2401 1145 2470 corporis,
1177 2415 1335 2469 quam
1364 2413 1560 2466 Corpus
1590 2400 1778 2451 intortis
1808 2412 1987 2451 vocas-

400 2501 486 2548 set
523 2491 716 2547 Verum
733 2501 790 2547 ut
804 2493 963 2558 scias,
976 2490 1267 2545 secundum
1281 2488 1721 2544 consuetudinem
1738 2487 1986 2558 Scriptu-

404 2598 583 2639 rarum
612 2592 828 2653 peccata
856 2581 1095 2639 membra
1121 2581 1256 2649 dici;
1281 2581 1395 2652 lege
1421 2578 1489 2635 ad
1508 2579 1877 2646 Colossenses,
1898 2581 1989 2637 ubi

406 2674 522 2743 ipse
547 2673 835 2743 Apostolus
854 2672 947 2740 ait,
971 2671 1278 2743 Mortiﬁcate
1302 2670 1523 2725 membra
1542 2680 1726 2737 vestra,
1744 2686 1859 2744 qua:
1873 2681 1990 2727 sunt

400 2779 557 2834 super
574 2776 780 2829 terram;
799 2764 1206 2833 fornicationem,
1230 2762 1625 2829 immunditiam,
1642 2773 1687 2816 et
1700 2762 1988 2831 avaritiam,

402 2870 516 2923 quis
525 2862 597 2909 est
611 2853 999 2909 simulacrorum
1010 2854 1241 2917 servitus;
1259 2863 1463 2924 propter
1471 2868 1586 2922 qua:
1600 2852 1730 2908 venit
1743 2852 1820 2906 ira
1834 2852 1926 2908 Dei
1942 2852 1997 2907 in

403 2946 538 3014 ﬁlios
558 2945 941 3011 incredulitatis,
964 2947 1015 3000 in
1037 2946 1213 3016 quibus
1224 2956 1269 3000 et
1281 2962 1365 3001 vos
1385 2945 1660 3015 aliquando
1675 2945 1987 3012 ambulastis,

402 3051 520 3089 cum
545 3036 767 3091 viveretis
794 3037 848 3090 in
874 3037 977 3092 illis
1000 3035 1215 3110 (Coloss.
1245 3051 1325 3102 ιιι,
1354 3037 1408 3104 5,
1440 3036 1518 3107 6).
1556 3037 1694 3092 Ecce
1725 3034 1994 3107 quomodo

404 3128 647 3184 membra
674 3129 923 3199 appellat,
942 3144 1060 3201 quae
1092 3139 1306 3200 peccata
1327 3130 1657 3201 pronuntiat.
1676 3128 1883 3200 Corpus
1906 3144 1997 3184 au-

406 3227 517 3274 tem
546 3219 750 3289 peccati
783 3221 869 3275 hic
887 3221 908 3252 ²
936 3220 1108 3290 ipsum
1130 3219 1198 3275 ad
1221 3219 1509 3287 Romanos,
1546 3218 1700 3274 Vetus
1721 3220 1872 3274 homo
1897 3235 1992 3273 no-

407 3319 530 3375 ster,
546 3309 734 3381 inquit,
755 3308 913 3363 simul
926 3310 1157 3379 conﬁxus
1171 3319 1247 3365 est
1260 3311 1419 3376 cruci,
1439 3320 1493 3363 ut
1509 3310 1799 3364 destruatur
1809 3325 1994 3380 corpus

407 3402 619 3471 peccati,
648 3411 704 3455 ut
731 3400 868 3454 ultra
897 3417 999 3456 non
1043 3401 1319 3455 serviamus
1361 3409 1565 3471 peccato
1595 3400 1774 3471 (Rom.
1804 3416 1876 3466 vt,
1907 3399 1987 3468 6).

408 3490 523 3545 lloc
551 3491 731 3560 itaque
761 3505 909 3546 more
935 3498 990 3545 et
1020 3490 1105 3545 hic
1129 3490 1473 3545 'exclamavit
1514 3491 1614 3545 sub
1655 3505 1908 3561 persona,
1938 3499 1995 3546 ut

403 3581 655 3646 diximus,
702 3579 1005 3635 Iudaeorum
1033 3598 1046 3634 :
1073 3579 1230 3635 Miser
1282 3597 1373 3652 ego
1424 3581 1594 3647 homo,
1650 3581 1761 3651 quis
1801 3568 1884 3636 me
1930 3582 1995 3636 li-

408 3673 598 3728 berabit
624 3672 688 3727 de
711 3688 923 3743 corpore
948 3673 1122 3727 mortis
1150 3673 1303 3743 hujus
1320 3673 1346 3727 ?
1373 3671 1424 3728 id
1465 3680 1566 3735 est.
1595 3672 1724 3740 Quis
1750 3687 1836 3728 me
1863 3673 1996 3729 libe—

406 3762 549 3818 rabit
569 3778 598 3816 a
629 3774 777 3819 reatu
804 3774 1147 3834 peccatorum
1172 3780 1411 3820 meorum
1434 3781 1554 3834 qua:
1579 3765 1844 3831 commisi,
1868 3780 1993 3821 cum

406 3854 577 3910 vitare
618 3854 947 3925 potuissem?
999 3870 1119 3926 qua:
1164 3855 1298 3925 legis
1346 3855 1606 3911 severitas
1632 3864 1761 3910 ‘non
1805 3855 1989 3923 donat,

403 3942 503 3999 sed
530 3943 832 4012 ulciscitur;
860 3945 978 4016 quis
1009 3960 1093 3999 mc
1121 3945 1188 4000 ab
1230 3944 1313 3998 his
1358 3944 1641 4011 membris,
1664 3944 1717 4000 id
1746 3954 1829 4000 est
1857 3960 1886 3999 a
1917 3946 1996 3999 vi-

406 4035 515 4100 tiis,
543 4051 663 4106 quae
705 4036 1067 4106 improborum
1103 4034 1397 4090 imitatione
1436 4035 1648 4106 collegi,
1681 4043 1742 4090 ut
1786 4035 1990 4104 peccati

407 4127 624 4199 plenum
646 4142 840 4197 corpus
887 4137 1238 4191 exstruerem,
1274 4128 1469 4197 poterit
1497 4127 1806 4183 vindicare?
1835 4129 1987 4199 quis,

404 4217 658 4289 inquam?
690 4217 759 4274 Et
806 4217 1115 4287 respondit,
1167 4219 1318 4288 quasi
1365 4232 1542 4273 rerum
1584 4219 1818 4289 ipsarum
1864 4233 1995 4275 voce

403 4309 763 4365 commonitus
786 4327 800 4362 :
821 4307 998 4363 Gratia
1023 4308 1121 4363 Dei
1141 4325 1230 4380 per
1246 4306 1423 4363 Iesum
1438 4308 1694 4364 Christum
1716 4308 1995 4363 Dominum

404 4412 650 4457 nostrum.
696 4400 876 4457 Gratia
909 4401 1022 4464 Dei,
1053 4415 1171 4471 qua:
1198 4408 1470 4469 acceptam
1503 4397 1606 4454 fert
1644 4398 1902 4469 justitiam
1926 4399 1993 4453 li-

404 4492 603 4548 delium
645 4492 761 4547 sine
798 4491 1083 4560 operibus,
1114 4491 1405 4546 secundum
1443 4489 1585 4561 quod
1615 4488 1780 4544 David
1828 4489 1991 4558 dicit,

406 4583 552 4639 Beati
573 4600 786 4654 quorum
805 4585 1026 4638 remissa:
1052 4593 1170 4638 sunt
1195 4584 1507 4651 iniquitates,
1535 4594 1581 4638 et
1609 4598 1826 4656 quorum
1864 4594 1995 4639 tecta

406 4686 523 4731 sunt
558 4684 763 4746 peccata
792 4691 811 4729 :
840 4674 1013 4728 beatus
1052 4675 1128 4728 vir
1173 4675 1255 4728 cui
1300 4692 1401 4728 non
1444 4675 1711 4745 imputavit
1742 4674 1994 4731 Dominus

407 4775 666 4836 peccatum
686 4763 852 4837 (Psal.
884 4766 1074 4832 xxxr,l
1100 4777 1145 4819 et
1164 4765 1245 4836 2).
1277 4764 1381 4834 Qui
1404 4780 1528 4836 ergo
1569 4766 1693 4821 facit
1722 4767 1993 4822 hominem

408 4857 640 4920 beatum,
668 4856 828 4910 etiam
870 4856 983 4925 ipse
1025 4856 1210 4911 beatus
1247 4864 1363 4921 est,
1389 4857 1594 4925 justitia
1631 4859 1990 4928 sempiterna,

407 4961 504 5016 per
530 4962 685 5014 quam
719 4963 822 5000 non
846 4945 1006 5001 donat
1034 4955 1329 5016 peccatum,
1380 4946 1483 5000 nisi
1512 4946 1651 5017 quod
1674 4947 1794 5017 jure
1822 4950 1994 5018 potuit

408 5039 690 5107 imputare.
722 5035 838 5091 Non
865 5046 1041 5092 autem
1064 5037 1186 5107 jure
1212 5036 1383 5108 potuit
1411 5037 1695 5107 imputare,
1723 5039 1768 5093 si
1792 5055 1896 5093 non
1927 5039 1992 5094 il-

408 5125 497 5180 Iud
532 5126 615 5180 cui
639 5127 945 5195 imputatur,
981 5127 1151 5196 potuit
1173 5137 1227 5181 et
1255 5142 1468 5182 cavere.
1500 5125 1665 5182 Nemo
1696 5137 1872 5183 autem
1900 5143 1996 5198 po-

410 5227 514 5273 test
539 5232 729 5272 cavere
763 5217 1040 5272 naturalia.
1088 5218 1249 5287 Igitur
1294 5219 1474 5274 nullus
1527 5235 1747 5288 prorsus
1795 5220 1995 5276 habere

407 5316 583 5377 potest
608 5307 674 5363 de
699 5317 905 5362 natura:
931 5310 1568 5379 necessitate-peccatum.
1602 5310 1727 5366 llzec
1757 5313 1990 5368 breviter

406 5401 604 5455 dixisse
624 5400 874 5456 sufﬁciat.

478 5495 615 5547 Avo.
646 5491 882 5548 Conatus
907 5507 966 5547 cs
995 5492 1207 5562 quidem
1236 5495 1375 5562 quod
1405 5496 1478 5551 ait
1522 5497 1828 5568 Apostolus,
1871 5499 1995 5565 Quis

473 5672 486 5702 ‘
516 5677 663 5718 Vetus
681 5670 832 5718 tttnit'x
862 5678 1008 5728 l‘ut‘l.,
1035 5669 1199 5720 ttllttltt.

471 5731 491 5762 ⁸
515 5732 650 5791 sunt,
675 5730 778 5782 ltoo.
810 5740 862 5783 at
888 5738 1013 5793 Mss,
1040 5732 1136 5784 hic.

2096 943 2322 1017 tueritis,
2367 952 2421 999 et
2460 954 2636 997 tamen
2667 943 2784 997 aliis
2823 945 3250 1014 persuadendum
3287 949 3544 1017 putastis,
3591 950 3682 1005 lu-

2093 1016 2554 1104 dmi'Apostnlum
2601 1030 2880 1088 induxisse
2928 1049 3248 1105 personam,
3290 1016 3533 1095 luendum
3583 1043 3682 1098 sub

2094 1125 2289 1182 Christi
2322 1128 2485 1196 gratia
2534 1130 2846 1194 constituti,
2893 1140 3052 1201 atque
3106 1130 3352 1199 dicentis,
3404 1132 3560 1189 Miser
3588 1154 3679 1207 ego

2093 1219 2264 1284 homo,
2285 1220 2396 1290 quis
2419 1236 2497 1273 me
2513 1218 2740 1276 liberabit
2764 1221 2828 1277 de
2859 1238 3070 1293 corpore
3113 1226 3291 1279 mortis
3321 1225 3516 1296 hujus?
3540 1226 3676 1282 Cra-

2094 1311 2163 1363 tia
2196 1308 2286 1364 Dei
2317 1328 2406 1381 per
2432 1310 2609 1367 Iesum
2633 1311 2893 1368 Christum
2933 1310 3215 1369 Dominum
3259 1327 3503 1371 nostrum.
3535 1318 3679 1375 Itane

2094 1417 2220 1458 vero
2257 1403 2491 1474 Judmus,
2532 1406 2875 1479 nondumque
2903 1408 3241 1464 Christianus
3265 1420 3369 1476 est,
3399 1412 3487 1481 qui
3526 1399 3679 1476 dicit,

2094 1492 2187 1548 Dei
2217 1496 2383 1565 gratia
2404 1511 2487 1552 me
2510 1497 2756 1553 liberabit
2773 1514 2870 1570 per
2889 1499 3070 1554 Jesum
3099 1497 3368 1556 Christum
3394 1502 3683 1559 Dominum

2094 1586 2371 1640 nostrum?
2400 1585 2597 1642 Verum
2616 1587 2718 1644 hoc
2744 1590 2934 1645 omitto
2967 1607 2980 1644 :
3011 1589 3139 1646 illud
3168 1600 3352 1646 autem
3370 1593 3490 1663 quis
3521 1592 3685 1660 ferat,

2092 1674 2160 1730 de
2182 1677 2464 1744 prmteritis
2501 1680 2613 1734 suis
2650 1681 2883 1749 peccatis
2935 1689 3122 1752 putare
3159 1681 3428 1738 hominem
3473 1683 3677 1751 dicere,

2096 1764 2222 1831 Quis
2242 1782 2321 1820 me
2350 1767 2580 1823 liberabit
2620 1769 2686 1825 de
2717 1785 2931 1841 corpore
2972 1772 3147 1826 mortis
3185 1773 3381 1844 hujus?
3419 1782 3475 1828 ut
3507 1774 3553 1828 ei
3576 1790 3683 1845 per

2093 1855 2417 1926 ignoscentis
2445 1859 2639 1916 Christi
2666 1861 2889 1931 gratiam
2923 1863 3262 1918 remittantur
3293 1882 3307 1919 :
3340 1880 3462 1920 cum
3489 1865 3683 1919 diluci-

2092 1947 2160 2004 de
2179 1960 2449 2018 appareat,
2476 1952 2615 2008 unde
2634 1952 2700 2007 ad
2722 1954 2821 2008 ista
2840 1954 2998 2009 verba
3023 1956 3347 2025 pervenerit?
3366 1957 3500 2012 Ecce
3520 1958 3681 2014 verba

2092 2040 2209 2109 ejus
2229 2051 2352 2096 sunt
2373 2042 2425 2096 in
2447 2044 2665 2100 auribus
2687 2047 2884 2103 nostris
2910 2065 2922 2101 :
2946 2047 3221 2104 videamus
3242 2063 3389 2120 ergo,
3413 2048 3591 2105 utrum
3610 2068 3677 2107 ex

2092 2145 2158 2185 eo
2175 2132 2313 2202 quod
2343 2133 2452 2205 egit
2474 2135 2681 2202 volens,
2704 2152 2772 2192 an
2792 2151 2859 2192 ex
2888 2153 2953 2193 eo
2981 2138 3122 2209 quod
3152 2140 3258 2210 agit
3283 2141 3490 2208 nolens,
3521 2142 3682 2197 uase-

2095 2238 2213 2277 rum
2251 2239 2311 2279 se
2339 2240 2459 2281 esse
2490 2225 2736 2283 fateatur.
2768 2229 2976 2285 Clamat
3015 2231 3192 2296 homo,
3230 2231 3348 2287 Non
3378 2237 3513 2305 quod
3544 2236 3676 2299 volo,

2092 2326 2226 2381 oga;
2266 2314 2356 2367 sed
2381 2316 2517 2386 quod
2557 2318 2671 2383 odi,
2704 2318 2835 2371 illud
2874 2321 3025 2390 facio.
3057 2319 3284 2387 Clamat,
3314 2323 3435 2377 .lam
3463 2343 3563 2379 non
3590 2344 3682 2399 rgo

2093 2417 2275 2469 operor
2306 2403 2471 2468 illud,
2540 2406 2629 2459 sed
2673 2407 2728 2458 id
2776 2409 2911 2475 quod
2954 2410 3143 2462 habitat
3179 2413 3231 2464 in
3285 2429 3361 2466 me
3400 2426 3682 2483 peccatum.

2094 2489 2215 2546 Scio
2234 2494 2368 2547 enim
2394 2496 2513 2565 quia
2532 2512 2633 2550 non
2654 2497 2846 2552 habitat
2872 2497 3044 2567 inme,
3076 2499 3171 2555 hoc
3199 2502 3341 2556 estin
3370 2520 3523 2559 carne
3546 2524 3680 2574 mea,

2092 2583 2276 2640 bonum
2298 2603 2318 2641 :
2340 2586 2467 2642 velle
2505 2589 2639 2644 enim
2668 2591 2867 2663 adjacet
2897 2593 3062 2662 mihi;
3103 2596 3346 2667 perﬁcere
3382 2608 3551 2652 autem
3588 2600 3682 2654 bo-

2093 2692 2235 2743 num,
2266 2694 2368 2733 non
2387 2679 2606 2737 invenio.
2637 2680 2763 2737 Non
2803 2684 2938 2738 enim
2964 2686 3102 2757 quod
3123 2692 3267 2752 volo,
3297 2689 3429 2759 facio
3459 2688 3684 2756 bonum;
3727 2694 3747 2706 '

2093 2766 2183 2822 sed
2209 2769 2344 2839 quod
2371 2771 2489 2825 nolo
2533 2772 2743 2838 malum,
2775 2774 2871 2828 hoc
2908 2792 3025 2846 ago.
3058 2775 3175 2831 Non
3225 2776 3318 2843 ait,
3349 2777 3514 2845 Feci;
3549 2778 3642 2834 sed
3663 2821 3682 2847 ,

2094 2855 2228 2926 facio
2257 2875 2275 2915 :
2299 2876 2404 2917 non
2430 2861 2523 2925 ait,
2552 2862 2815 2933 Operatus
2844 2879 2961 2920 sum
2983 2883 2998 2932 ;
3023 2865 3141 2933 sed,
3171 2884 3353 2938 operor
3382 2884 3400 2922 :
3428 2883 3533 2924 non
3562 2870 3635 2924 ait
3660 2911 3678 2939 ,

2095 2950 2228 3022 Egi;
2251 2952 2368 3021 sed,
2391 2971 2487 3025 ago
2510 2969 2530 3009 :
2550 2958 2727 3012 ethoc
2751 2974 2852 3011 non
2889 2959 3026 3029 quod
3053 2960 3162 3014 volo
3187 2960 3229 3027 ί,
3253 2960 3347 3015 sed
3381 2961 3519 3031 quod
3541 2963 3681 3020 nolo.

2097 3042 2395 3111 Postremo,
2423 3046 2820 3102 condelectatur
2844 3050 2866 3081 '
2887 3049 2988 3118 legi
3021 3049 3112 3104 Dei
3140 3050 3430 3106 secundum
3460 3052 3683 3108 interio-

2097 3149 2211 3190 rem
2237 3134 2542 3191 hominem:
2572 3136 2714 3192 videt
2752 3147 2931 3193 autem
2952 3139 3109 3193 aliam
3138 3138 3309 3210 legem
3346 3142 3397 3195 in
3428 3143 3684 3199 membris

2096 3226 2230 3291 suis,
2258 3236 2644 3297 repugnantem
2684 3229 2785 3298 legi
2816 3228 3010 3285 mentis
3039 3245 3148 3284 sum
3168 3248 3183 3295 ;
3206 3245 3308 3301 qua
3354 3231 3470 3303 lege
3501 3232 3683 3304 utique

2097 3318 2451 3388 compellitur,
2478 3334 2583 3373 non
2609 3320 2749 3389 quod
2779 3321 2907 3383 vult,
2941 3320 3114 3376 facere
3150 3322 3372 3388 bonum,
3402 3323 3495 3378 sed
3535 3324 3683 3393 quod

2099 3424 2206 3463 non
2233 3409 2345 3463 vult
2382 3409 2603 3473 malum,
2637 3402 2738 3465 lioc
2783 3426 2961 3482 agerc.
3002 3410 3228 3481 PrOptcr
3250 3412 3350 3467 hoc
3375 3413 3681 3469 exclamat:

2100 3499 2259 3554 Miser
2284 3516 2374 3570 ego
2403 3499 2573 3565 homo,
2619 3500 2731 3570 quis
2779 3518 2861 3555 me
2906 3500 3136 3556 liberabit
3177 3503 3239 3556 de
3263 3519 3476 3575 corpore
3504 3508 3683 3561 mortis

2099 3592 2251 3664 hujus
2276 3589 2449 3662 (Rom.
2491 3607 2586 3659 vn,
2628 3589 2855 3665 15.25)?
2886 3592 2951 3648 Et
2995 3600 3051 3647 tu
3096 3602 3284 3649 contra
3327 3594 3680 3651 clarissimam

2098 3682 2372 3756 veritatem
2403 3681 2586 3737 oculos
2615 3680 2819 3737 claudis
2838 3724 2852 3745 ,
2895 3683 3261 3754 gemitumque
3286 3684 3403 3755 ejus
3430 3684 3677 3754 exponis,

2098 3787 2205 3826 non
2248 3780 2305 3826 ut
2330 3773 2579 3828 omnibus
2615 3781 2794 3843 patet,
2827 3773 2922 3828 sed
2967 3784 3027 3829 ut
3084 3774 3176 3830 tibi
3230 3774 3421 3845 placet,
3475 3775 3682 3844 dicens,

2105 3881 2124 3916 ι
2164 3862 2289 3930 Quis
2317 3879 2396 3916 me
2417 3862 2646 3917 liberabit
2685 3863 2749 3916 de
2775 3879 2986 3934 carpare
3011 3866 3190 3920 mortis
3215 3866 3413 3938 hujus?
3438 3868 3537 3922 huc
3564 3876 3645 3924 est
3664 3909 3681 3933 ,

2098 3954 2227 4022 Quis
2253 3968 2338 4008 me
2364 3952 2666 4008 liberabita
2706 3964 2855 4009 reatu
2889 3967 3229 4025 peceatormn
3274 3973 3519 4013 meorum
3561 3975 3681 4030 qum

2097 4040 2374 4097 commisi?
2401 4060 2420 4093 ι
2474 4041 2569 4097 Ille
2611 4041 2739 4097 dicit
2775 4042 2814 4108 ³,
2851 4043 3001 4111 Quod
3026 4045 3144 4099 nolo
3172 4046 3384 4110 malum,
3417 4048 3512 4102 hoc
3537 4065 3635 4120 ago
3665 4064 3685 4103 :

2098 4143 2148 4189 et
2187 4143 2240 4188 tu
2270 4132 2403 4189 dicis
2425 4174 2441 4200 ,
2493 4151 2513 4186 ι
2550 4149 2669 4204 qua:
2695 4134 2958 4190 commisi.
2990 4155 3010 4189 ι
3042 4136 3222 4208 Usque
3250 4139 3457 4194 adeone
3483 4140 3680 4210 despc-

2098 4241 2187 4281 ras
2215 4225 2283 4280 de
2323 4225 2629 4280 hominibus
2657 4224 2788 4296 “qui
2829 4226 2944 4282 haec
2993 4228 3195 4303 legunt,
3251 4240 3311 4285 ut
3358 4245 3462 4285 non
3506 4232 3680 4303 ipsum

2098 4318 2286 4374 malint
2315 4317 2499 4373 audire
2522 4332 2682 4389 quam
2710 4328 2788 4385 te,
2827 4329 2883 4375 et
2907 4320 3005 4390 ipsi
3037 4324 3211 4390 potius
3237 4338 3394 4392 quam
3423 4324 3517 4379 tibi
3560 4340 3683 4381 cre-

2098 4410 2264 4468 dere?
2299 4411 2426 4468 Sine
2475 4411 2744 4467 hominem
2793 4414 3017 4484 gratiam
3066 4415 3184 4481 Dei,
3218 4433 3321 4471 non
3352 4419 3530 4475 solum
3561 4420 3683 4489 quia

2098 4507 2356 4577 peccavit,
2387 4516 2442 4562 ut
2481 4507 2806 4574 absolvatur,
2853 4523 3037 4563 verum
3086 4511 3244 4564 etiam
3293 4527 3359 4565 nc
3391 4522 3593 4581 peccet,
3626 4522 3688 4567 ut

2099 4598 2412 4669 adjuvetur,
2458 4613 2749 4668 exposcere
2782 4618 2795 4652 :
2828 4600 2970 4669 quod
3018 4600 3120 4655 isto
3171 4602 3289 4656 loco
3334 4603 3526 4672 agitur.
3581 4604 3686 4670 Qui

2100 4690 2241 4744 enim
2269 4688 2416 4754 dicit,
2448 4689 2596 4756 Quod
2624 4691 2741 4744 nolo
2769 4693 2961 4744 malum
2985 4733 3000 4758 ,
3031 4691 3126 4745 hoc
3149 4708 3266 4763 ago,
3297 4707 3403 4748 non
3430 4704 3512 4749 est
3531 4693 3681 4749 locus

2100 4788 2158 4834 ut
2183 4780 2357 4845 dicat,
2390 4779 2602 4834 Dimitte
2623 4782 2765 4835 nobis
2792 4781 2959 4836 debita
2983 4794 3196 4850 nostra;
3221 4785 3336 4851 sed,
3367 4783 3451 4840 Ne
3488 4803 3579 4840 nos
3607 4788 3688 4841 in.

2100 4875 2235 4942 feras
2259 4871 2311 4925 in
2341 4872 2658 4926 tentationem
2690 4871 2898 4944 (Matth.
2924 4889 2996 4940 γι,
3025 4873 3110 4940 l2,
3134 4874 3305 4947 etll’i).
3338 4874 3691 4947 Unusquisque

2099 4972 2264 5015 autent
2291 4972 2532 5029 tentatur,
2561 4962 2699 5018 sicut
2723 4964 2799 5018 ait
2843 4965 3118 5033 apostolus
3142 4964 3393 5032 Jacobus,
3429 4981 3460 5017 a
3492 4983 3687 5025 concu-

2100 5053 2344 5123 piscentia
2368 5069 2462 5107 sua
2499 5062 2744 5107 attractus
2791 5062 2838 5109 et
2879 5051 3076 5109 illectus
3118 5053 3323 5128 (Jacobi
3358 5069 3397 5119 t,
3433 5059 3547 5131 M):
3575 5059 3682 5115 Hoc

2101 5147 2297 5202 malum
2326 5155 2410 5202 est
2440 5147 2509 5203 de
2537 5164 2643 5218 quo
2670 5148 2782 5215 ait,
2814 5147 2934 5203 Scio
2979 5148 3099 5218 quia
3136 5165 3238 5204 non
3271 5149 3462 5204 habitat
3490 5153 3544 5205 in
3585 5169 3681 5217 mt’,

2102 5239 2195 5293 hoc
2217 5240 2358 5293 estin
2380 5255 2532 5293 carne
2557 5255 2687 5303 mea,
2717 5240 2924 5293 bonum.
2953 5238 3065 5295 Hoc
3092 5238 3291 5296 malum
3316 5250 3401 5297 est
3422 5242 3472 5296 in
3502 5257 3690 5313 corpo-

2104 5488 2114 5498 .
2166 5427 2189 5511 ι.
2362 5432 2411 5511 et
2433 5423 2521 5511 hac
2542 5436 2638 5476 non
2654 5424 2793 5487 volo;
2825 5429 3171 5490 lmtermisso,
3197 5430 3346 5494 quod,
3373 5416 3561 5482 tametsi
3583 5441 3691 5485 erat

2082 5488 2150 5537 sin
2176 5487 2530 5547 ntanusm'iptls.
2828 5487 2839 5489 '
3158 5487 3165 5490 —
3210 5487 3223 5494 -
3333 5487 3341 5490 -

2166 5552 2186 5616 ,-
2220 5550 2354 5616 w-il-i’
2403 5561 2494 5597 ⁸⁸⁸⁷
2538 5547 2836 5616 άθίείεθέωῖε.
2875 5557 3072 5616 Αέ,θιδει
3096 5586 3111 5612 9
3157 5552 3528 5604 condelectatur.

2168 5612 2188 5642 ³
2213 5610 2348 5666 mliti.
2371 5622 2481 5671 qua:
2516 5610 2746 5661 commisit
2782 5610 2863 5662 ille
2898 5611 3067 5664 dicens
3094 5610 3113 5664 ὲ
3137 5616 3374 5668 mendose
3413 5629 3468 5667 ac
3491 5616 3686 5668 disson-

2109 5672 2343 5722 tientibus
2365 5673 2712 5731 tnatmscriptis.

2170 5738 2186 5767 δ
2211 5735 2281 5783 sic
2306 5740 2410 5784 Mss.
2438 5734 2557 5785 Editi
2577 5746 2710 5795 vero,
2736 5734 2797 5785 de
2820 5734 3053 5789 euntibus.
