4008 6178
281 284 419 345 1039

274 396 552 459 remortis
580 395 759 465 lmjus.
812 392 927 450 Hoc
954 390 1152 447 malum
1200 401 1309 443 non
1359 383 1456 441 fuit
1501 384 1552 438 in
1606 381 1856 454 paradiso

276 499 403 546 ante
424 495 731 555 peccatum;
777 483 899 554 quia
938 478 1173 537 nondum
1215 487 1331 533 erat
1362 474 1478 529 lucc
1507 488 1633 528 caro
1664 486 1861 542 corpus

281 581 471 636 mortis
520 575 720 651 bujus:
749 576 834 631 cui
876 573 1083 629 dicetur
1111 572 1164 625 in
1192 568 1297 624 line
1328 568 1369 634 ¹,
1417 565 1516 622 Ubi
1556 573 1648 630 est,
1702 579 1861 628 mors,

278 671 531 728 contentio
556 679 644 722 tua
663 667 691 721 1'
716 665 810 721 sed
838 675 961 720 tunc
984 663 1208 725 dicetur,
1239 675 1359 714 cum
1390 654 1737 725 corruptibile
1765 654 1867 707 hoc

279 763 513 818 induerit
538 758 1015 828 incorruptionem,
1047 763 1100 809 et
1125 753 1350 807 mortale
1380 752 1482 804 hoc
1507 746 1741 805 induerit
1769 747 1872 801 im-

279 853 659 908 mortalitatem
691 848 733 919 (1
759 848 876 903 Cor.
910 862 998 913 xv,
1039 845 1227 914 55-55)
1259 861 1272 896 :
1307 857 1447 897 nunc
1473 851 1649 896 autem
1676 852 1870 908 corpus

278 954 365 1000 est
391 944 610 1009 mortis;
656 942 777 1012 quia
828 939 966 995 idem
997 939 1109 1008 ipse
1154 935 1289 990 dixit
1331 933 1641 1004 apostolus,
1675 930 1872 999 Corpus

281 1042 540 1087 mortuum
577 1041 650 1087 est
679 1040 883 1102 prapter
920 1038 1179 1100 peccatum
1223 1024 1398 1098 (Rom.
1430 1040 1557 1090 vnt,
1588 1022 1701 1094 10).
1733 1020 1871 1076 Audi

282 1122 578 1180 catholicos
598 1123 956 1179 intellectores
977 1119 1215 1191 Apostoli
1241 1135 1256 1184 ;
1278 1118 1462 1189 accipe
1476 1131 1662 1172 eorum
1685 1114 1871 1181 verba,

287 1233 393 1271 non
424 1232 564 1280 mea,
593 1231 714 1270 cum
736 1214 930 1285 quibus
951 1211 1158 1281 accipio
1187 1209 1423 1264 convicia
1454 1217 1541 1261 tua
1576 1224 1588 1259 :
1620 1204 1742 1260 audi
1766 1219 1872 1258 non

286 1308 578 1378 Pelagium,
611 1307 704 1363 sed
737 1303 1096 1361 Ambrosium.
1127 1318 1147 1351 ι
1177 1300 1347 1355 Etiam
1376 1297 1524 1355 Pauli
1555 1311 1701 1361 caro,
1738 1314 1759 1348 ι
1788 1296 1875 1348 in-

282 1401 421 1469 quit,
456 1419 475 1451 s
498 1414 692 1468 corpus
722 1398 907 1452 mortis
931 1402 1065 1458 erat,
1078 1393 1214 1447 sicut
1239 1391 1354 1461 ipse
1378 1390 1471 1455 alt,
1506 1387 1632 1453 Quis
1654 1403 1732 1443 me
1755 1384 1876 1440 libe—

287 1491 417 1546 rabit
441 1490 505 1543 de
535 1503 745 1557 corpore
776 1486 949 1540 mortis
987 1483 1139 1554 hujus
1233 1480 1334 1551 (De
1359 1478 1678 1540 Pwniteutia,
1703 1476 1790 1531 lib.
1822 1475 1874 1540 1,

288 1599 406 1654 cup.
435 1580 472 1635 Ξ
494 1580 571 1634 vel
589 1578 689 1648 3)?
723 1595 743 1629 ι
773 1575 908 1630 Audi
935 1590 1042 1629 non
1062 1571 1392 1635 thlestium,
1416 1567 1510 1625 sed
1527 1566 1874 1637 Gregorium:

292 1692 313 1725 ι
347 1673 492 1727 Intra
540 1669 919 1739 nosmetipsos,
952 1684 972 1719 ι
1024 1665 1237 1736 inquit,
1294 1681 1313 1715 ι
1349 1660 1581 1733 propriis
1632 1658 1774 1715 vitiis
1814 1673 1877 1714 ac

290 1762 633 1834 passionibus
655 1761 1048 1830 impugnamur,
1073 1764 1128 1810 et
1154 1753 1241 1809 die
1269 1761 1535 1821 noctuque
1572 1748 1750 1820 ignitis
1774 1748 1875 1801 sti-

284 1853 448 1908 mulis
493 1850 732 1922 corporis
772 1847 1082 1902 humilitatis
1112 1844 1270 1914 hujus
1302 1853 1358 1898 et
1405 1840 1648 1912 corporis
1688 1837 1877 1893 mortis

282 1958 574 2014 urgemur,
613 1955 757 1996 nunc
785 1940 1034 2000 latenter,
1067 1926 1211 1991 ntrnc
1236 1935 1396 1991 etiam
1442 1931 1612 2000 palam
1636 1971 1651 1996 ,
1683 1942 1877 1999 provo-

278 2036 537 2091 eantibus
557 2034 751 2105 ubique
777 2043 833 2088 et
861 2029 1195 2086 irritantibus
1233 2042 1412 2084 rerum
1447 2024 1732 2081 visibilium
1761 2021 1886 2077 ille-

279 2126 488 2191 eebris,
519 2125 631 2179 luto
668 2123 770 2179 hoc
796 2122 965 2188 faecis,
987 2120 1074 2176 cui
1103 2118 1436 2181 inlnesimus,
1464 2115 1603 2171 omni
1635 2129 1714 2168 sui
1737 2111 1878 2167 feto-

280 2233 398 2271 rem
425 2217 576 2271 venis
592 2213 961 2285 capacioribus
979 2210 1297 2274 exhalante;
1321 2206 1416 2262 sed
1437 2217 1493 2262 et
1512 2207 1628 2276 lege
1653 2203 1876 2274 peccati,

280 2324 406 2377 quae
428 2307 590 2362 estin
614 2301 869 2360 membris
896 2301 1115 2367 nostris,
1139 2299 1243 2371 legi
1271 2298 1489 2369 spiritus
1516 2304 1874 2367 repugnantes

280 2398 591 2473 (Gregorius
629 2394 907 2460 Nazianz.,
944 2393 1160 2464 Apolog.
1196 2391 1302 2446 Ide
1341 2388 1491 2460 Fuga
1516 2388 1645 2459 sua).
1705 2387 1797 2441 llis
1827 2395 1879 2440 tu

279 2490 577 2547 luminibus
599 2487 835 2544 caelestis
864 2484 1093 2539 civitatis
1121 2482 1414 2546 oblatrans,
1451 2497 1470 2532 ι
1503 2477 1710 2547 Corpus
1733 2492 1877 2531 mor-

281 2585 391 2646 tis,
432 2602 453 2635 ι
489 2580 685 2651 inquis,
714 2597 733 2631 ι
774 2584 985 2648 peccata
1028 2575 1163 2629 dixit
1207 2588 1361 2639 esse,
1413 2586 1519 2625 non
1550 2584 1766 2623 carnem
1801 2586 1813 2622 :
1854 2586 1875 2620 ι

283 2690 493 2747 negans
518 2671 828 2742 Apostolum
857 2667 959 2721 hoc
980 2665 1045 2721 ad
1084 2664 1458 2721 mortalitatem
1490 2662 1654 2717 nostri
1680 2674 1877 2729 corpo-

287 2768 366 2822 ris
396 2763 675 2827 relulisse;
704 2778 724 2812 ι
760 2773 916 2830 quam
948 2770 1095 2822 caro,
1131 2773 1151 2806 ι
1183 2753 1393 2823 inquis,
1427 2770 1445 2803 ι
1478 2750 1783 2805 animalium
1814 2747 1881 2803 de

287 2866 497 2912 natura:
522 2853 852 2910 institutione
877 2848 1131 2918 suscepit.
1174 2865 1193 2898 ι
1228 2845 1339 2900 lloc
1368 2843 1509 2898 enim
1538 2841 1707 2911 sapis,
1736 2838 1880 2910 quod

290 2945 539 3017 Pelagius
568 2946 619 2998 in
644 2943 847 3014 judicio
889 2939 1173 2997 Paltestino
1212 2936 1334 2990 ﬁcto
1363 2933 1527 2989 corde
1572 2930 1880 2998 damnavit,

288 3038 463 3093 Adam
490 3035 693 3090 scilicet
718 3031 997 3087 mortalem
1034 3028 1253 3093 factum,
1280 3026 1349 3080 ita
1381 3033 1435 3079 ut
1463 3024 1577 3078 sive
1607 3028 1877 3093 peccaret,

288 3128 407 3183 sive
430 3141 534 3181 non
557 3130 824 3196 peccaret,
866 3121 1154 3175 moriturus
1185 3125 1329 3173 esset
1367 3114 1463 3186 (a).
1516 3116 1595 3169 Ac
1627 3114 1706 3169 sic
1748 3110 1884 3168 resi-

289 3212 442 3273 stens
468 3217 552 3271 his
579 3215 708 3269 viris
733 3255 747 3277 ,
778 3222 832 3268 et
854 3211 971 3266 aliis
1000 3225 1184 3264 eorum
1236 3207 1401 3263 sociis
1447 3204 1569 3260 lidei
1608 3218 1775 3269 sanas,
1807 3209 1884 3257 tot

295 3309 565 3377 tantisque
607 3303 917 3359 doctoribus
941 3341 957 3368 ,
1011 3299 1219 3371 cogeris
1274 3296 1496 3367 implere
1542 3295 1881 3366 paradisum,

292 3400 503 3457 etiamsi
534 3413 694 3453 nemo
716 3402 1007 3467 peccasset,
1037 3392 1224 3448 dolore
1257 3387 1689 3460 parturientium,
1731 3386 1883 3441 labo-

293 3509 353 3549 re
394 3490 761 3554 nascentium,
822 3486 1107 3558 gemitibus
1155 3481 1552 3554 languentium,
1612 3477 1886 3533 [itineribus

294 3583 656 3648 morientium,
686 3594 919 3636 mmrorc
942 3576 1255 3648 lugentium.
1288 3572 1427 3642 Quid
1457 3572 1617 3643 igitur
1646 3570 1841 3625 mirum
1867 3610 1883 3634 ,

294 3677 339 3730 si
362 3684 420 3732 et
442 3673 511 3729 de
539 3673 643 3728 isto
671 3668 939 3742 paradiso,
963 3664 1106 3737 quod
1143 3673 1227 3720 est
1252 3662 1513 3729 Ecclesia,
1547 3660 1691 3716 foras
1726 3658 1843 3714 istis
1868 3673 1885 3723 ;

294 3768 384 3837 qui
409 3764 713 3837 paradisum
746 3762 917 3828 illum,
949 3759 1019 3815 de
1046 3771 1153 3829 quo
1178 3755 1320 3811 foras
1350 3755 1565 3817 ierunt,
1587 3752 1677 3823 qui
1709 3766 1809 3806 nos
1833 3750 1887 3805 in

296 3861 426 3915 istas
454 3858 698 3913 miserias
719 3852 992 3926 peccando
1019 3852 1301 3916 miserunt,
1333 3846 1493 3903 talem
1528 3844 1725 3910 facitis,
1752 3859 1888 3915 qua-

298 3952 401 4006 lem
432 3965 539 4005 non
591 3947 712 4003 dico
751 3944 1179 4001 Christianorum
1213 3939 1410 4007 nullus,
1438 3936 1534 3994 sed
1580 3952 1681 3994 nec
1708 3936 1885 3991 homi-

298 4059 423 4098 num
449 4040 728 4112 quisquam
759 4035 1017 4107 suspicari
1045 4033 1267 4098 audet’,
1297 4031 1342 4086 si
1362 4045 1468 4086 non
1496 4029 1561 4085 sit
1591 4028 1849 4084 insanus?

367 4129 599 4189 LXVIII.
638 4129 759 4186 Jun.
797 4128 853 4183 In
886 4127 1057 4197 primo
1085 4124 1225 4180 enim
1254 4137 1418 4192 Opere
1443 4121 1600 4176 latius
1624 4120 1891 4190 disputata

297 4237 443 4282 sunt.
473 4222 727 4293 Quamvis
748 4235 846 4276 nec
870 4230 925 4274 tu
949 4215 1180 4274 dilucide
1201 4214 1465 4286 loquaris,
1486 4228 1645 4284 quam
1664 4219 1892 4268 mortem

300 4317 521 4387 intelligi
565 4314 734 4379 velis,
780 4311 933 4381 cujus
974 4323 1169 4379 corpus
1215 4306 1350 4362 dicis
1395 4306 1449 4360 in
1497 4303 1742 4375 paradiso
1786 4318 1891 4357 non

300 4408 467 4464 fuisse
492 4415 617 4462 ante
642 4412 915 4475 peccatum
947 4418 961 4453 :
990 4402 1110 4470 quia
1142 4399 1193 4453 in
1220 4396 1369 4451 libris
1389 4437 1402 4455 .
1431 4411 1565 4466 quos
1588 4393 1655 4450 ad
1676 4394 1897 4449 Marcel-

300 4498 393 4553 lini
441 4511 636 4553 nomen
681 4493 931 4559 edidisti,
974 4489 1252 4545 mortalem
1296 4486 1464 4543 Adam
1503 4486 1695 4541 factum
1731 4484 1894 4542 fuisse

302 4587 577 4657 professus
600 4602 659 4641 es
685 4583 787 4657 (De
815 4581 1143 4637 Peccatorum
1170 4577 1386 4641 Meritis,
1420 4576 1506 4631 lib.
1538 4577 1590 4644 1,
1611 4593 1759 4648 capp.
1789 4577 1823 4631 5
1848 4587 1895 4635 et

297 4683 377 4750 ι).
408 4679 563 4749 Quod
584 4693 711 4733 vero
731 4674 974 4745 adiungis
993 4671 1237 4727 morbum
1258 4684 1375 4726 esse
1401 4668 1668 4739 negotium
1691 4669 1894 4740 nuptia-

299 4790 419 4828 rum
439 4812 457 4838 ,
500 4769 691 4825 leniter
722 4765 893 4822 audiri
924 4771 1134 4834 potest,
1167 4761 1213 4816 si
1243 4760 1344 4816 hoc
1370 4759 1543 4814 solum
1570 4759 1637 4814 de
1667 4760 1770 4813 tuis
1798 4776 1893 4828 pn-

302 4866 545 4923 rentibus
569 4863 735 4918 dicas.
761 4859 1020 4915 Conscius
1048 4856 1189 4912 enim
1222 4853 1359 4909 forte
1387 4866 1507 4907 esse
1534 4859 1684 4921 potes
1710 4851 1895 4908 matris

301 4967 409 5013 tua:
434 4954 606 5011 morbi
633 4952 857 5022 alicujus
875 4948 1068 5006 occulti
1093 4989 1108 5012 ,
1139 4960 1298 5018 quam
1324 4944 1377 4998 in
1410 4943 1556 4999 libris
1584 4941 1890 4998 Confessio-

302 5051 423 5117 nis,
463 5057 525 5103 ut
564 5047 681 5119 ipso
717 5043 881 5100 verbo
925 5050 1079 5106 utar,
1118 5035 1484 5095 meribibulam
1510 5044 1748 5090 vocatam
1773 5050 1896 5091 esse

300 5138 523 5211 signasti
570 5134 975 5208 (Confessionum
1011 5130 1140 5186 libro
1178 5128 1246 5195 9,
1282 5143 1399 5196 cap.
1442 5124 1521 5198 8).
1549 5124 1809 5181 Cteterum
1838 5126 1892 5180 in

301 5241 609 5288 sanctorum
636 5226 901 5284 connubio
920 5266 935 5290 ,
964 5233 1019 5280 et
1046 5224 1097 5278 in
1125 5221 1359 5277 omnium
1381 5218 1745 5282 honestorum,
1770 5218 1889 5272 nul-

303 5323 388 5379 lus
416 5321 636 5377 omnino
664 5317 883 5373 morbus
910 5324 1010 5371 est.
1043 5313 1177 5382 Quia
1207 5325 1307 5367 nec
1337 5308 1622 5379 Apostolus
1647 5309 1890 5365 morbum

303 5429 401 5485 pro
437 5411 676 5470 remedio
703 5408 1000 5474 concessit,
1031 5420 1151 5462 cum
1181 5419 1278 5474 per
1302 5401 1652 5457 reverentiam
1679 5401 1888 5471 nuptia-

369 5610 385 5641 ι
410 5608 485 5657 sic
500 5612 608 5656 uss.
632 5603 770 5662 mliti,
792 5600 843 5652 in
865 5597 1030 5664 ﬁnem.

365 5668 480 5718 ’δίε
501 5674 608 5717 uss.
634 5666 771 5722 snio,
802 5661 1019 5713 auderet.
1115 5715 1128 5722 _
1195 5717 1222 5722 __
1399 5661 1414 5722 ἶ

364 5714 777 5793 (contermini
791 5725 855 5775 de
877 5726 1034 5774 Custis
1052 5715 1245 5782 Pelagii,
1269 5728 1372 5781 cap.
1406 5716 1452 5767 ιι
1485 5722 1531 5764 et
1554 5714 1617 5761 ss

1647 268 1845 324 LliLER
1892 265 2161 325 PRlllL'S.

3431 271 3564 329 1090

1978 395 2093 434 rum
2113 393 2144 435 a
2172 378 2358 435 morbo
2384 378 2777 450 fornicationis,
2804 380 3057 439 Ecclesia:
3086 380 3331 438 homines
3353 388 3564 454 munie-

1976 471 2065 524 l)at
2110 489 2124 524 :
2166 471 2254 540 qui
2281 486 2470 526 sensus
2492 472 2759 542 quomodo
2784 483 2838 529 et
2861 473 3089 529 frontem
3120 483 3263 531 tuam
3291 487 3346 531 et
3371 477 3565 549 dogma

1975 562 2186 633 penitus
2231 562 2493 625 eraserit,
2543 562 2693 631 primi
2730 563 3017 619 voluminis
3059 566 3161 620 mei
3195 581 3357 636 prope
3383 565 3566 622 ultima

1980 662 2128 722 parte
2156 660 2480 706 monstratur
2510 669 2523 704 :
2554 651 2695 722 quod
2719 662 2773 707 et
2802 654 2853 708 in
2878 662 2989 709 toto
3014 655 3179 725 ipsius
3203 658 3569 726 reSponsiouis

1979 758 2059 798 co:
2074 759 2238 811 pore,
2286 751 2444 813 prout
2486 743 2723 799 locorum
2764 746 3133 815 opportunitas
3160 747 3367 814 attulit,
3396 750 3568 819 expli-

1978 843 2152 887 Cam'u
2173 842 2274 886 est.

2048 922 2183 977 Anc.
2229 921 2498 994 Nusquam
2556 924 2634 979 sic
2685 925 2924 995 apparuit
2969 927 3122 982 dolus
3166 937 3284 982 tuus
3307 942 3339 994 ,'
3376 938 3429 985 et
3475 945 3569 1000 per

1978 1013 2254 1069 scientiam
2281 1014 2525 1070 damnata
2556 1018 2899 1073 conscientia.
2930 1019 3047 1075 Scis
3069 1022 3209 1076 enim
3231 1063 3246 1086 ,
3271 1022 3377 1078 scis
3397 1024 3572 1080 omni-

1980 1118 2050 1159 no
2081 1119 2097 1158 :
2129 1115 2233 1160 tam
2258 1106 2454 1176 quippe
2480 1116 2717 1175 apertum
2744 1116 2827 1163 est
2848 1150 2863 1174 ,
2895 1120 2948 1162 ut
2978 1111 3067 1179 qui
3095 1110 3257 1166 libros
3280 1113 3398 1168 illos
3421 1114 3569 1184 legit,

1986 1195 2087 1251 hoc
2113 1196 2323 1251 nescire
2343 1212 2447 1251 non
2474 1200 2643 1267 possit
2674 1215 2687 1251 :
2719 1199 2823 1253 scis
2847 1239 2862 1265 ,
2894 1198 3106 1271 inquam
3131 1243 3147 1267 ,
3179 1202 3229 1255 in
3258 1203 3410 1259 libris
3438 1220 3572 1275 quos

1980 1288 2046 1342 ad
2092 1288 2455 1344 Marcellinum
2496 1289 2635 1344 edidi
2659 1331 2675 1357 ,
2704 1307 2789 1348 me
2818 1293 3163 1349 vehementer
3186 1296 3360 1365 egisse
3386 1306 3570 1352 contra

1981 1379 2320 1450 incipientem
2366 1396 2587 1452 surgere
2627 1367 2735 1450 jam
2776 1393 2900 1440 tunc
2926 1384 3170 1440 haeresim
3201 1398 3471 1454 vestram,
3504 1404 3574 1444 ne

1981 1470 2294 1526 crederetur
2328 1471 2498 1526 Adam
2518 1514 2532 1531 .
2562 1474 2767 1529 etiamsi
2800 1491 2903 1530 non
2933 1486 3240 1546 peccasset,
3271 1478 3433 1536 fuisse
3459 1496 3572 1533 tuo.

1981 1562 2199 1619 riturus.
2230 1562 2336 1618 Sed
2361 1565 2608 1633 quoniam
2640 1568 2655 1596 ¹
2684 1569 2963 1623 mortalem
2990 1568 3245 1624 hactenus
3270 1570 3420 1635 dixi,
3447 1571 3569 1642 quia

1983 1664 2191 1723 poterat
2220 1654 2353 1710 mori
2379 1671 2393 1720 ;
2424 1665 2632 1726 poterat
2654 1674 2881 1730 uanique
2907 1675 3126 1729 peccare
3159 1679 3173 1716 :
3204 1671 3256 1716 tu
3283 1662 3362 1717 eis
3388 1665 3477 1733 qui
3503 1664 3572 1718 lio

1983 1746 2108 1802 bros
2154 1748 2273 1803 illos
2314 1765 2419 1803 non
2466 1750 2741 1819 legerunt,
2783 1768 2882 1808 nec
2921 1754 3145 1810 fortasse
3190 1756 3375 1810 lecturi
3406 1765 3570 1824 sunt,

1983 1837 2103 1894 fuco
2128 1839 2402 1906 insidioso,
2429 1842 2473 1899 si
2498 1842 2611 1898 lure
2633 1853 2718 1898 tua
2741 1845 2995 1916 legerent,
3018 1847 3295 1918 subripere
3316 1849 3527 1904 voluisti
3552 1866 3569 1913 ;

1982 1930 2134 2001 quasi
2174 1945 2273 2001 ego
2317 1931 2388 1985 ita
2433 1931 2693 1998 dixerim,
2740 1935 2909 1991 Adam
2940 1938 3217 1993 mortalem
3251 1938 3481 2005 factum,
3516 1951 3575 1997 ut

1983 2020 2101 2075 sive
2140 2032 2414 2090 pecearet,
2455 2024 2568 2079 sive
2605 2041 2713 2079 non
2753 2037 3033 2095 peccaret,
3076 2031 3365 2085 moriturus
3404 2041 3569 2087 esset.

1985 2107 2097 2164 lloc
2134 2111 2274 2165 enim
2318 2112 2589 2167 vobiscum
2616 2116 2791 2184 agitur
2816 2118 2835 2148 ³
2860 2158 2874 2182 ,
2907 2117 3031 2172 hinc
3052 2128 3158 2172 tota
3187 2120 3253 2173 de
3278 2121 3377 2176 hae
3402 2138 3462 2177 re
3488 2123 3570 2176 in-

1989 2210 2071 2256 ter
2110 2218 2207 2259 nos
2241 2212 2295 2258 et
2326 2219 2422 2259 vos
2457 2205 2680 2261 vertitur
2719 2209 2975 2276 quaestio,
3012 2210 3151 2280 quod
3187 2226 3287 2265 nos
3312 2212 3571 2276 dicimus,

1987 2292 2157 2346 Adam
2199 2293 2243 2347 si
2282 2309 2388 2348 non
2429 2305 2733 2364 peccasset,
2765 2313 2863 2353 nec
2892 2301 3131 2369 corporis
3159 2310 3384 2357 mortem
3412 2302 3579 2360 fuisse

1989 2396 2265 2449 passurum
2290 2399 2305 2447 ;
2333 2398 2429 2440 vos
2453 2394 2631 2440 autem
2652 2426 2668 2453 ,
2692 2386 2813 2441 sive
2840 2398 3145 2457 peccasset,
3175 2392 3290 2448 sive
3316 2408 3420 2448 non
3450 2410 3577 2464 pec-

1987 2481 2162 2571 casset
2183 2512 2199 2539 ,
2228 2487 2454 2571 corpore
2474 2474 2637 2531 fuisse
2662 2477 2999 2534 moriturum.
3021 2480 3157 2549 Quid
3180 2491 3266 2538 est
3283 2499 3410 2554 ergo
3429 2486 3572 2555 quod

1988 2563 2234 2630 ignorare
2259 2571 2310 2617 te
2342 2563 2492 2635 lingis
2507 2606 2523 2632 ,
2544 2582 2703 2637 quam
2724 2578 2952 2624 mortem
2976 2570 3195 2643 intelligi
3218 2574 3401 2641 velim,
3422 2575 3576 2646 cujus

1985 2664 2179 2720 Corpus
2223 2651 2343 2708 dico
2384 2654 2436 2709 in
2485 2657 2731 2726 paradiso
2778 2674 2883 2714 non
2919 2660 3081 2717 fuisse
3107 2672 3230 2718 ante
3259 2675 3574 2734 peccatum;

1986 2756 2108 2796 cum
2133 2743 2271 2799 scias
2289 2786 2305 2812 ,
2335 2745 2387 2799 in
2416 2746 2563 2801 libris
2590 2748 2694 2803 illis
2713 2748 2841 2818 quid
2862 2752 3084 2821 egerim,
3105 2768 3370 2823 quamque
3389 2769 3577 2825 aperte

1986 2832 2320 2904 dilucideque
2343 2836 2542 2907 egerim
2563 2878 2578 2902 ,
2609 2853 2715 2893 non
2739 2838 2901 2897 fuisse
2928 2842 3090 2898 Deum
3116 2844 3385 2913 puniendo
3403 2846 3576 2903 dictu-

1986 2941 2102 2980 rmn
2148 2929 2413 2998 peccatori
2435 2971 2451 2997 ,
2496 2929 2651 2985 Terra
2688 2948 2777 3000 es,
2817 2944 2862 2987 et
2888 2934 2941 2988 in
2967 2944 3150 2991 terram
3178 2938 3272 2993 ibis
3304 2938 3455 3012 (Gen.
3484 2957 3574 3009 ut,

1990 3016 2080 3086 l9)
2103 3058 2117 3080 ,
2146 3016 2325 3088 (quod
2350 3018 2417 3074 dc
2440 3030 2614 3077 morte
2639 3024 2878 3093 corporis
2904 3024 3103 3081 dictum
3133 3028 3252 3099 quis
3281 3044 3389 3084 non
3420 3031 3577 3088 intel-

1990 3105 2187 3178 ligit?)
2222 3107 2268 3162 si
2308 3108 2475 3163 Adam
2500 3111 2658 3166 etiam
2689 3113 2832 3169 nulla
2859 3114 3133 3187 iniquitate
3158 3120 3443 3176 commissa
3470 3122 3576 3177 itu-

1990 3211 2084 3251 rus
2122 3206 2263 3252 esset
2302 3198 2353 3252 in
2396 3207 2591 3255 terram
2612 3242 2627 3265 ,
2664 3201 2716 3256 id
2745 3213 2865 3268 est,
2893 3205 2976 3261 vel
3000 3222 3226 3278 corpore
3247 3212 3579 3268 moriturus?

1990 3282 2144 3354 Quod
2163 3296 2340 3343 autem
2366 3289 2527 3345 etiam
2556 3300 2779 3351 matrem
2803 3310 2975 3350 meam
2994 3336 3010 3362 ,
3037 3312 3155 3367 qum
3177 3308 3230 3354 te
3250 3300 3381 3358 nihil
3406 3300 3540 3357 ltesit
3557 3344 3576 3370 ,

1991 3394 2092 3434 nec
2130 3388 2315 3434 contra
2356 3388 2406 3436 te
2443 3381 2640 3453 aliquid
2675 3384 3000 3455 disputavit,
3039 3388 3281 3445 convicio
3328 3390 3577 3450 laceran-

1991 3467 2113 3523 dam
2150 3468 2346 3539 putasti
2371 3509 2388 3536 ,
2431 3472 2602 3528 victus
2635 3488 2695 3529 es
2722 3474 3073 3532 maledicendi
3103 3478 3350 3549 libidine,
3380 3498 3486 3539 non
3514 3484 3580 3538 ti-

1992 3574 2145 3616 mens
2177 3560 2321 3631 quod
2349 3560 2604 3633 scriptum
2634 3572 2717 3621 est
2735 3606 2749 3630 ,
2779 3564 2962 3638 Neque
2987 3570 3219 3626 maledici
3243 3589 3453 3644 regnum
3481 3573 3581 3632 Dei

1992 3651 2315 3722 possidebunt
2342 3652 2384 3725 (Ι
2409 3651 2527 3710 Cor.
2558 3671 2610 3710 vn
2630 3697 2647 3723 ,
2677 3656 2791 3729 10).
2820 3658 2925 3714 Sed
2951 3661 3076 3733 quid
3102 3662 3296 3720 mirum
3324 3675 3405 3721 est
3433 3667 3578 3738 quod

1995 3749 2047 3797 te
2085 3743 2354 3797 inimicum
2393 3745 2554 3800 etiam
2595 3746 2712 3818 ejus
2752 3750 2990 3807 estcudis
3014 3794 3031 3820 ,
3071 3768 3192 3810 cum
3230 3754 3306 3811 sis
3332 3757 3580 3814 inimicus

1992 3835 2179 3905 gratia:
2210 3834 2341 3903 Dei,
2363 3851 2465 3907 qua
2494 3852 2611 3894 eam
2640 3839 2748 3896 dixi
2771 3841 2841 3897 ab
2868 3843 2958 3897 illo
2982 3846 3206 3915 puellari
3228 3848 3356 3905 vitio
3382 3850 3580 3907 libera-

1997 3933 2102 3980 tam
2123 3923 2149 3979 ?
2168 3924 2279 3996 Ego
2301 3941 2431 3982 vero
2451 3938 2698 3998 parentes
2718 3940 2837 3986 tuos
2856 3942 3106 4005 tanquam
3124 3937 3416 3996 catholicos
3432 3941 3580 3997 chri-

1995 4016 2199 4072 stianos
2224 4015 2563 4074 honorabiles
2591 4019 2760 4076 habeo
2780 4061 2799 4089 ,
2820 4023 3004 4094 eisque
3026 4028 3262 4096 gratulor
3285 4031 3428 4100 quod
3456 4042 3581 4089 ante

1996 4106 2231 4163 defuncti
2260 4117 2417 4176 sunt,
2445 4125 2608 4181 quam
2635 4110 2941 4169 hmreticum
2974 4123 3027 4172 te
3051 4117 3311 4176 viderent.
3341 4120 3457 4176 Non
3482 4138 3582 4179 au-

1999 4206 2106 4254 tem
2150 4197 2378 4256 dicimus
2399 4241 2414 4263 ,
2457 4201 2702 4259 morbum
2742 4219 2863 4260 esse
2896 4208 3166 4278 negotium
3195 4204 3498 4282 nuptiarmn
3520 4212 3582 4281 ³,

1996 4290 2138 4361 quod
2180 4300 2263 4346 est
2300 4289 2586 4348 liberorum
2629 4297 3083 4367 procreandorum
3121 4316 3283 4358 causa
3321 4318 3578 4360 concum-

1996 4381 2163 4449 bere,
2202 4399 2308 4438 non
2346 4384 2602 4442 satiandae
2641 4386 2912 4456 libidinis;
2959 4407 3117 4461 quam
3162 4403 3216 4448 tu
3245 4410 3408 4466 negas
3432 4414 3588 4457 mor-

1997 4474 2157 4541 bum,
2199 4489 2327 4530 cum
2378 4474 2594 4532 falcaris
2642 4477 2897 4534 adversus
2939 4495 3057 4537 eam
3104 4484 3374 4554 provisum
3420 4490 3585 4552 fuisse

1998 4567 2279 4639 conjugale
2319 4567 2635 4624 remedium.
2679 4568 2813 4625 Nam
2856 4573 3037 4643 utique
3062 4590 3132 4630 ne
3158 4574 3437 4636 loruicatio
3464 4599 3586 4653 per.

1999 4666 2238 4726 petretur
2259 4700 2276 4725 ,
2304 4659 2541 4726 libidini,
2569 4674 2730 4729 quam
2758 4660 2943 4717 laudas
2960 4702 2977 4729 ,
3003 4666 3405 4738 contradicitur,
3432 4674 3584 4729 obsia

1997 4748 2186 4812 stitur,
2233 4758 2575 4820 repugnatur.
2619 4748 2687 4805 Ut
2712 4750 2757 4805 si
2785 4765 2939 4818 eum,
2968 4753 3061 4824 qui
3087 4759 3434 4824 procreandis
3459 4762 3586 4821 ﬁliis

1998 4842 2320 4897 constitutus
2343 4849 2427 4898 est
2447 4882 2462 4907 ,
2494 4844 2879 4914 transgreditur
2905 4846 3126 4903 limitem
3151 4864 3169 4915 ;
3199 4850 3387 4907 saltem
3415 4855 3506 4926 qui
3532 4857 3584 4915 ei

1997 4935 2172 5004 cedit,
2208 4936 2262 4992 in
2311 4936 2538 5010 conjuge
2561 4938 2838 4994 venialiter
2856 4950 3040 5009 peccet
3068 4959 3082 4995 :
3105 4942 3418 5015 conjugibus
3438 4952 3582 5004 enim

2000 5027 2312 5099 loquebatur
2340 5028 2626 5105 Apostolus
2647 5069 2662 5094 ,
2691 5028 2780 5082 ubi
2807 5044 2927 5084 cum
2955 5031 3207 5099 dixisset,
3238 5034 3416 5093 Nolite
3437 5038 3583 5108 frun-

1997 5121 2120 5173 dare
2153 5119 2362 5174 invicem
2378 5160 2394 5185 ,
2436 5120 2535 5175 nisi
2571 5135 2634 5173 ea:
2671 5135 2918 5173 consensu
2956 5121 3025 5175 ad
3059 5132 3255 5195 teutpus
3274 5166 3291 5192 ,
3320 5138 3376 5182 ut
3404 5132 3583 5188 vacetis

1997 5213 2213 5268 orationi
2238 5229 2258 5277 ;
2295 5221 2340 5266 et
2368 5213 2552 5267 iterum
2580 5212 2647 5265 ad
2678 5212 2845 5282 ipsum
2872 5222 3028 5269 estote
3048 5257 3064 5283 ,
3094 5233 3157 5271 ne
3179 5234 3266 5274 vos
3291 5230 3443 5276 tentet
3471 5220 3579 5275 Su-

2060 5465 2196 5534 {uue
2213 5472 2499 5534 revocamus
2512 5494 2528 5520 ,
2561 5461 2802 5534 quoniam,
2836 5464 3276 5534 esmanuscriptis.

2058 5527 2078 5557 ²
2100 5526 2259 5575 (κκιθκ
2281 5532 2537 5588 alanna:
2557 5522 2687 5575 enim
2703 5522 2788 5575 ubi
2815 5524 2996 5588 agitur.

2057 5585 2330 5659 '__1ttenardi
2370 5585 2557 5658 editio:
2594 5596 2727 5659 IVth
2968 5584 3174 5659 dtcjmus
3214 5584 3452 5659 ιιιιρνιιζιιιιΔ
3484 5603 3589 5647 esse

1993 5649 2269 5714 ηιφιξαι-ιιηι
2289 5649 2464 5714 ἕετεγί
2486 5648 2827 5714 ac__man_il‘esto
2852 5648 3002 5714 lapsu.
3036 5647 3290 5709 castigavit
3312 5651 3584 5714 figtiienus

1998 5708 2457 5764 ex'ctaraivalléesis
2474 5711 2652 5762 codicis
2672 5711 2783 5771 ﬁde,
2802 5711 2877 5758 cui
2900 5708 3024 5759 Fort.
3047 5715 3097 5757 et
3114 5715 3221 5758 var.
3246 5708 3580 5778 suifragazuur.
