4010 6186
376 286 507 357 i091

373 424 518 468 tauas
545 409 562 444 ¹
590 417 790 484 prapter
815 405 1249 475 intemperantiam
1273 412 1484 455 vestram
1506 415 1525 454 :
1551 399 1804 453 continuo
1823 396 1947 451 sub-

369 504 532 574 jecit,
575 509 734 571 atque
772 500 877 561 ait,
921 495 1033 549 Iloc
1071 504 1235 546 autem
1276 493 1388 545 dico
1415 490 1686 546 secundum
1716 490 1908 543 veniam
1933 529 1947 552 ,

376 612 473 649 non
500 582 769 647 secundum
799 587 1062 656 imperium
1090 583 1130 653 (1
1155 582 1272 637 Cor.
1313 597 1381 637 vtt
1407 624 1421 647 ,
1450 580 1504 647 5,
1534 579 1610 651 6).
1644 579 1752 656 Hoc
1778 579 1953 646 itaque

375 686 516 741 malo
557 681 665 735 sola
709 680 841 732 bene
879 677 1037 728 utitur
1077 674 1367 727 intentione
1407 652 1757 740 propagandae
1791 668 1952 738 prolis

378 776 621 847 pudicitia
660 769 989 839 conjugalis:
1025 767 1147 820 huic
1177 765 1316 818 malo
1342 764 1619 818 venialiter
1649 761 1699 815 iu
1730 760 1953 829 cenjuge

374 866 579 921 ceditur
600 903 623 933 ,.
665 876 765 913 non
797 874 949 912 eausa
984 855 1145 925 prolis
1165 896 1179 920 ,
1211 854 1303 908 sed
1335 853 1561 908 carnalis
1588 848 1953 905 tantummodo

375 953 658 1022 voluptatis
685 965 700 1014 ;
734 950 855 1002 huic
884 947 1021 1001 malo
1044 945 1306 999 resistitur
1324 985 1337 1005 ,
1363 958 1429 996 ne
1452 942 1715 1011 appetitus
1735 939 1955 992 damna-

376 1043 495 1096 bilis
531 1040 814 1108 voluptatis
842 1035 1138 1105 expleatur.
1170 1032 1279 1086 lloc
1305 1032 1497 1085 malum
1528 1029 1727 1083 habitat
1756 1028 1809 1081 in
1835 1043 1956 1080 cor-

379 1148 508 1205 pore
531 1133 714 1186 mortis
739 1130 894 1197 hujus
919 1146 931 1180 :
960 1137 1171 1196 pr0pter
1186 1124 1337 1194 cujus
1360 1132 1580 1185 motum,
1601 1122 1758 1176 etiam
1779 1127 1955 1172 mente

378 1240 482 1280 non
506 1208 872 1277 consentiente
897 1220 1254 1286 importunum
1276 1257 1290 1281 ,
1314 1213 1509 1267 dicitur
1529 1252 1542 1273 .
1574 1211 1692 1266 Scio
1716 1210 1832 1281 quia
1855 1226 1956 1262 non

378 1317 569 1369 habitat
592 1313 641 1365 iu
673 1327 778 1375 me,
809 1309 901 1361 hoc
929 1319 999 1361 est
1028 1306 1077 1358 in
1106 1321 1257 1358 carne
1282 1319 1390 1356 mea
1409 1345 1422 1366 ,
1455 1303 1635 1355 bonum
1665 1298 1838 1370 (Rcui.
1862 1315 1954 1363 vn,

379 1406 493 1474 l8).
538 1403 649 1456 lloc
691 1401 885 1454 malum
919 1413 1023 1450 non
1053 1406 1163 1449 erat
1195 1397 1245 1448 in
1272 1407 1493 1462 corpore
1517 1391 1638 1445 vitm
1670 1391 1841 1454 illius,
1868 1389 1957 1444 ubi

378 1502 473 1551 aut
514 1490 767 1546 voluntati
806 1490 826 1520 ²
867 1485 1218 1542 servientibus
1260 1484 1416 1538 etiam
1444 1481 1761 1552 genitalibus
1789 1495 1959 1534 mem-

380 1584 525 1647 bris,
555 1580 713 1635 libido
735 1578 873 1632 nulla
904 1585 1041 1643 erat,
1073 1583 1160 1628 aut
1189 1573 1406 1627 omnino
1433 1586 1492 1625 se
1522 1586 1749 1639 unquam
1776 1578 1961 1624 contra

380 1672 668 1728 Voluptatis
688 1668 960 1722 arbitrium
985 1681 1092 1720 non
1116 1662 1382 1717 movebat.
1409 1661 1576 1732 Hujus
1598 1660 1718 1714 mali
1743 1667 1962 1730 repente

381 1764 554 1821 exorti
584 1761 769 1832 puduit
792 1760 812 1790 ³
837 1774 929 1814 eos
960 1755 1111 1827 (Gen.
1138 1770 1194 1809 ιιι
1215 1796 1229 1818 ,
1260 1754 1352 1824 7),
1384 1754 1471 1822 qui
1504 1753 1804 1822 priusquam
1835 1765 1963 1820 pec-

379 1861 596 1920 carcut,
641 1852 764 1906 nudi
798 1858 948 1905 erant
968 1890 983 1914 ,
1012 1856 1065 1901 et
1093 1861 1196 1900 non
1226 1843 1457 1916 pudebat
1486 1859 1579 1899 eos
1608 1843 1717 1917 (Id.
1748 1860 1781 1897 ιι
1807 1885 1820 1905 ,
1847 1841 1962 1917 25).

383 1946 549 2014 Hujus
574 1941 699 1997 mali
722 1937 926 1995 laudes"
950 1937 1284 2006 impudenter
1303 1932 1543 2004 sparsisti
1564 1933 1719 1987 etiam
1743 1941 1967 2002 quatuor

381 2036 490 2092 illis
530 2033 679 2088 libris
725 2031 828 2086 tuis
851 2072 868 2097 ,
907 2027 1099 2100 quibus
1135 2032 1350 2081 coactus
1374 2039 1491 2079 sum
1522 2022 1849 2094 reSponderc
1873 2038 1966 2079 sex

381 2133 537 2188 meis.

404 2246 407 2251 ⁴
453 2220 639 2276 LXIX.
668 2218 788 2275 Jun.
820 2215 890 2273 Ut
917 2212 1127 2270 autem'
1147 2210 1213 2267 ad
1234 2210 1387 2265 istam
1407 2207 1967 2264 commemorationem

385 2313 630 2367 humanm
661 2309 889 2364 miseria:
917 2315 973 2361 et
996 2305 1188 2359 divinae
1211 2303 1396 2373 gratia:
1425 2299 1629 2355 veniret
1651 2299 1968 2369 Apostolus,

384 2420 541 2474 supra
589 2400 795 2457 dixerat
837 2415 855 2453 :
910 2395 1067 2450 Video
1103 2395 1258 2448 aliam
1287 2393 1444 2463 legem
1469 2390 1522 2445 in
1548 2391 1779 2444 membris
1806 2389 1928 2443 meis
1951 2429 1966 2455 ,

386 2502 745 2564 repugnante»:
769 2490 866 2559 legi
895 2487 1071 2540 utentis
1098 2499 1221 2538 mea:
1240 2524 1252 2547 ,
1277 2491 1322 2536 et
1346 2482 1676 2551 captivantem
1698 2496 1775 2534 me
1792 2480 1845 2533 in
1866 2478 1975 2550 lege

390 2587 580 2658 peccati
610 2601 627 2638 :
656 2591 777 2653 post
814 2580 930 2636 lucc
956 2578 1113 2633 verba
1145 2574 1493 2639 exclamavit,
1528 2573 1653 2639 Quis
1683 2588 1760 2626 me
1788 2571 1972 2626 libera-

387 2681 460 2735 bit
506 2679 568 2732 de
611 2690 818 2745 corpore.
860 2672 1033 2726 mortis
1073 2666 1271 2741 hujus?
1313 2666 1490 2722 Gratia
1528 2665 1623 2720 Dei
1669 2681 1758 2734 per
1800 2662 1976 2718 Jesum

392 2760 663 2826 Christum
686 2765 959 2819 Dominum
991 2771 1217 2816 nostrum
1247 2760 1421 2830 (Rom.
1454 2773 1523 2812 vn
1544 2798 1561 2826 ,
1587 2754 1803 2828 25-25).
1833 2754 1973 2810 Con-

390 2869 497 2916 stat
535 2857 748 2928 quidem
794 2852 1080 2915 pra-missis
1110 2850 1215 2903 illis
1239 2864 1356 2919 qua:
1388 2847 1642 2918 posuisti,
1677 2844 1977 2901 subdidisse

394 2950 703 3018 Apostolum
723 2989 735 3007 ,
770 2944 927 2998 Miser
953 2958 1042 3013 ego
1073 2941 1249 3006 homo,
1279 2940 1392 3010 quis
1420 2955 1499 2991 me
1526 2937 1753 2991 liberabit
1778 2936 1839 2990 de
1863 2952 1978 2989 cor-

397 3053 517 3109 pore
563 3038 734 3092 mortis
782 3034 976 3104 hujus?
1024 3030 1201 3086 Gratia
1244 3029 1338 3085 Dei
1385 3045 1474 3101 per
1509 3026 1688 3082 Iesum
1726 3026 1979 3082 Christum

396 3130 669 3184 Dominum
709 3135 954 3180 nostrum.
994 3121 1099 3178 Sed
1144 3137 1249 3176 non
1283 3120 1570 3192 qtucrimus
1598 3118 1981 3189 imprmseutia-

398 3237 512 3275 rum
539 3262 552 3284 ,
586 3231 760 3272 utrum
793 3216 894 3270 huc
923 3213 1208 3284 Apostolus
1235 3210 1427 3267 dixerit
1453 3228 1468 3266 :
1505 3224 1687 3264 verum
1716 3224 1816 3278 qua
1844 3207 1944 3262 {ide
1962 3248 1979 3275 ,

396 3329 502 3382 quo
538 3325 696 3364 sensu
721 3349 735 3374 ,
780 3322 881 3378 qua
920 3306 1126 3360 ratione
1162 3303 1356 3358 dixerit
1380 3302 1684 3372 quaerimus.
1716 3300 1811 3355 Ille
1838 3299 1979 3354 enim

399 3403 451 3457 in
496 3400 757 3469 membris
789 3400 955 3468 legem
986 3411 1080 3465 per
1106 3395 1422 3465 ﬂagitiorum
1450 3407 1601 3447 usum
1627 3392 1825 3448 sanctis
1850 3406 1981 3446 con-

400 3493 535 3546 siliis
576 3492 714 3544 inter
755 3487 1010 3558 principia
1055 3494 1233 3539 tamen
1271 3484 1655 3539 emendationis
1688 3483 1938 3537 rebellem
1963 3521 1980 3547 ,

400 3580 837 3637 consuetudinem
887 3574 1130 3629 malam‘
1174 3574 1430 3639 vocabat,
1481 3587 1600 3643 qua:
1647 3573 1714 3627 ab
1762 3572 1984 3628 eruditis

402 3675 562 3729 etiam
603 3669 782 3724 smculi
826 3668 925 3722 dici
968 3668 1104 3722 solet
1142 3664 1372 3720 secunda
1410 3673 1615 3718 natura.
1649 3665 1784 3719 Ante
1820 3679 1984 3733 pauca

403 3765 544 3818 enim
571 3777 693 3821 eos.
721 3760 788 3814 ad
818 3757 1208 3828 quosloquitur
1226 3798 1241 3823 ,
1273 3771 1392 3810 cum
1421 3754 1827 3826 exprobratione
1853 3763 1984 3810 eon-

404 3855 624 3910 veniens
665 3853 872 3907 dixerat
919 3866 933 3905 :
985 3847 1280 3903 Humanum
1319 3857 1391 3902 est
1433 3844 1569 3918 quod
1603 3847 1748 3909 dico,
1783 3857 1989 3918 propter

404 3946 750 4014 inﬁrmitatem
777 3941 943 3996 carnis
968 3950 1142 3994 vestra:
1168 3955 1186 3993 :
1209 3939 1337 3992 sicut
1363 3938 1491 3991 enim
1511 3936 1804 3992 exhibuistis
1827 3955 1983 3996 mem-

404 4037 496 4095 bra
537 4042 698 4089 vestra
736 4033 917 4087 servire
951 4030 1281 4084 immunditiis-
1308 4038 1354 4082 et
1383 4028 1634 4101 iniquitati
1662 4027 1729 4081 ad
1752 4029 1988 4098 iniquita-

400 4138 505 4188 tem
529 4142 547 4191 ;
573 4127 644 4178 ita
669 4141 802 4178 nunc
828 4123 1049 4177 exhibete
1074 4121 1292 4175 membra
1320 4131 1479 4175 vestra
1501 4122 1683 4175 servire
1701 4122 1918 4190 justitia:
1936 4123 1986 4176 in

407 4196 852 4285 sducti/icationem
882 4211 991 4284 ('Id.
1023 4226 1112 4273 vt,
1160 4209 1269 4280 19).
1296 4208 1469 4278 thue
1519 4210 1826 4265 ostenderet
1867 4212 1988 4281 quia

406 4319 658 4368 carnem,
705 4315 811 4356 non
853 4301 953 4354 hoc
995 4314 1188 4367 corpus
1229 4297 1368 4367 quod
1408 4312 1595 4352 causas
1623 4299 1673 4352 in
1700 4300 1990 4357 seminibus

410 4395 571 4457 habet
595 4435 608 4455 ,
631 4392 726 4448 sed
752 4391 875 4445 vitia
896 4389 1114 4444 abusive
1139 4396 1390 4453 vocaret;
1417 4394 1539 4457 post
1564 4387 1669 4442 duo
1695 4389 1863 4458 capita
1887 4390 1991 4444 for-

411 4498 553 4541 tasse
578 4482 846 4552 sultjungit
873 4498 889 4535 ε
914 4479 1042 4536 Cum
1070 4494 1286 4534 essemus
1310 4479 1362 4532 in
1392 4494 1570 4543 carne,
1595 4481 1853 4550 passiones
1872 4497 1989 4552 pec—

409 4586 637 4633 catorum
679 4587 794 4643 qua:
837 4587 925 4641 per
963 4571 1120 4643 legem
1166 4570 1528 4637 ostenduntur,
1576 4572 1911 4640 aperabantur
1939 4574 1991 4629 in

412 4663 645 4722 membris
690 4662 907 4725 nostris,
951 4669 1006 4713 ut
1051 4661 1416 4731 fructi/ﬁcarent
1457 4661 1608 4714 morti
1641 4660 1748 4731 (Id.
1777 4676 1850 4717 vn
1872 4706 1885 4727 ,
1913 4663 1989 4735 5).

413 4758 504 4819 Sic
546 4755 715 4816 dixit,
763 4738 887 4807 Cum
929 4767 1144 4806 essemus
1187 4752 1240 4804 in
1273 4768 1453 4818 carne,
1485 4754 1632 4823 quasi
1664 4769 1728 4808 eo
1755 4763 1993 4826 tempore

413 4863 534 4908 eum
563 4847 855 4915 disputaret
873 4884 888 4910 ,
916 4844 969 4897 in
991 4857 1151 4898 carne
1174 4858 1278 4897 non
1308 4853 1444 4900 esset
1475 4862 1491 4899 :
1520 4846 1611 4901 sed
1638 4848 1731 4916 qui
1749 4847 1992 4918 Scriptu-

419 4955 506 4994 ras
548 4939 724 5000 novit,
770 4951 935 5006 genus
975 4935 1076 4991 hoc
1110 4935 1423 4991 elocutionis
1451 4938 1472 4969 "
1498 4941 1755 5005 agnoscit.
1787 4940 1851 4992 Et
1876 4940 1993 4995 ideo

417 5032 503 5087 ubi
540 5031 821 5085 verborum
847 5027 1198 5083 communitas
1225 5028 1410 5097 ingerit
1444 5031 1810 5098 qum-stionem,
1841 5031 1993 5087 adbi-

418 5125 607 5179 beatur
646 5122 827 5191 regula
873 5121 1124 5186 rationis,
1167 5120 1230 5174 ad
1274 5120 1422 5189 cujus
1461 5123 1846 5193 mqualitatem,
1875 5141 1994 5195 qum

470 5256 498 5289 ι
525 5256 822 5317 \‘iguierius:
853 5261 902 5305 El
923 5254 1095 5304 iterum
1115 5257 1181 5306 ad
1210 5254 1355 5317 ipsos.
1389 5251 1439 5304 Si
1470 5266 1628 5311 autem
1651 5272 1728 5311 vos
1750 5266 1892 5311 tentet
1913 5269 1997 5311 Sa-

417 5326 571 5371 la'uts.
588 5319 853 5379 castigatur
878 5330 940 5366 ex

486 5381 506 5411 ⁸
530 5390 601 5428 sic
647 5377 748 5429 uss.
777 5379 888 5428 aliti
913 5391 1046 5437 vero,
1076 5377 1151 5428 ubt
1169 5393 1198 5428 a
1217 5390 1468 5433 rotuntate.

486 5442 507 5472 ³
529 5444 600 5490 sic
624 5441 889 5499 MssaEditi,
918 5440 1160 5501 repuduit.

486 5502 507 5532 ι
534 5504 802 5564 \ignierius
826 5513 839 5550 :
861 5500 1014 5562 Hujus
1047 5500 1161 5550 mali
1193 5500 1331 5565 cujus
1363 5502 1548 5554 laudes.
1594 5505 1755 5559 Abest.
1788 5516 1944 5566 cujus.
1967 5518 1995 5554 a

419 5566 769 5621 {minuset-italis.

484 5621 505 5683 ξ
527 5624 645 5670 Clar.
673 5632 724 5673 et
746 5630 854 5671 Mar.
880 5630 1002 5677 λιες..
1019 5621 1144 5683 jam.

485 5681 508 5752 ξ
527 5688 660 5752 hbeo,
685 5684 879 5752 malum,
904 5681 1129 5752 corrupte
1152 5684 1200 5732 iu
1227 5686 1381 5746 editis,
1408 5686 1571 5736 aliam.

493 5743 508 5770 7
526 5743 598 5795 sic
622 5751 722 5798 διεδ.
751 5746 884 5802 ilditl.
909 5743 1173 5797 loctttimis.

1053 290 1297 350 OPERiS
1336 283 1745 343 lMPERFECTI
1784 282 2057 340 CONTRA
2096 280 2452 349 JUIJANUM,
2497 282 2557 338 S.
2598 281 2962 341 AUGUSTlNI

3506 287 3642 340 11ὶῖἶὲ

2063 396 2382 464 putabantur
2401 395 2682 453 deﬂexisse
2710 397 2728 431 ⁸
2748 439 2761 462 ,
2798 397 3094 452 tendantur.
3122 396 3384 455 Cmteruut
3418 391 3642 457 Faustus

2059 486 2468 541 Manichaeorum
2514 488 2826 556 episcopus,
2879 496 3172 558 praeceptor
3219 496 3373 553 tuus,
3424 488 3524 545 hoc
3560 492 3641 547 vel

2059 577 2288 632 maxime
2327 578 2565 647 Apostoli
2606 579 2910 633 testimonio
2955 588 3138 632 contra
3174 595 3274 634 nos
3303 581 3520 646 nititur,
3556 583 3635 638 di-

2059 683 2186 722 cens
2212 668 2279 721 ab
2309 683 2373 722 eo
2405 667 2534 721 nihil
2560 667 2701 722 aliud
2734 668 2815 722 his
2842 670 3208 735 sermonibus,
3242 670 3371 742 legis
3400 672 3645 728 videlicet

2060 775 2177 828 qua:
2216 773 2514 828 repugnans
2553 760 2775 813 consilio
2812 760 2864 812 in
2893 759 3149 814 membris
3179 759 3380 816 habitet
3402 763 3422 795 '
3442 804 3455 827 ,
3484 780 3640 834 quam

2063 859 2301 905 naturam
2332 850 2523 905 malam
2551 850 2898 920 signiﬁcatam
2929 849 3111 907 fuisse.
3140 852 3291 908 Unde
3316 852 3443 908 nihil
3470 857 3646 910 minus

2061 956 2091 995 a
2135 951 2187 996 te
2231 940 2355 1013 fieri,
2387 941 2604 1009 debuit,
2653 957 2808 1011 quam
2839 941 2922 997 hic
2947 942 3095 997 locus
3118 943 3194 998 sic
3223 944 3439 1015 intelligi
3466 987 3480 1009 ,
3511 963 3647 1016 quo-

2062 1034 2223 1088 modo
2251 1033 2318 1088 ab
2345 1032 2448 1087 illis
2474 1034 2783 1103 exponitur,
2816 1049 2882 1088 ne
2907 1076 2927 1105 ,
2952 1050 3070 1088 cum
3104 1049 3197 1104 per
3219 1036 3429 1091 easdem
3454 1039 3643 1103 lineas,

2062 1140 2194 1196 quas
2230 1125 2456 1179 Faustus
2484 1126 2672 1190 torsit,
2702 1124 3022 1194 ingrederis,
3055 1141 3158 1181 non
3187 1126 3519 1198 disputasse,
3549 1129 3644 1184 sed

2065 1214 2328 1286 prmterita
2357 1214 2650 1270 reddidisse
2676 1214 2923 1269 videaris.

2134 1308 2272 1364 Ave.
2302 1306 2682 1377 Respondeat'
2709 1306 2823 1374 tibi,
2869 1322 2973 1362 non
3008 1306 3235 1362 Faustus
3278 1306 3602 1364 Manichmus
3631 1352 3646 1373 ,

2065 1398 2159 1455 sed
2208 1397 2501 1454 catholicus
2552 1396 2740 1453 doctus
2785 1397 3078 1467 doctorque
3120 1396 3144 1429 ⁸
3195 1397 3483 1468 Gregorius
3515 1418 3528 1453 :
3555 1402 3646 1469 qui

2065 1506 2171 1546 non
2195 1509 2214 1543 ι
2250 1491 2387 1545 inter
2414 1489 2695 1562 principia,
2732 1507 2750 1540 ι
2783 1496 2840 1542 ιιι
2870 1487 3037 1554 dicis,
3075 1505 3095 1540 ‹
3127 1488 3518 1544 emendationis
3542 1531 3555 1549 .
3588 1490 3639 1542 in

2068 1582 2321 1639 membris
2341 1582 2509 1652 legem
2539 1595 2633 1651 per
2659 1579 2977 1649 ﬂagitiorum
3000 1593 3152 1633 usum
3181 1579 3378 1634 sanctis
3412 1580 3647 1635 consiliis

2068 1673 2355 1740 rebellem,
2397 1670 2839 1727 consuetudinem
2893 1669 3088 1723 malam
3118 1669 3344 1724 vocabat
3372 1711 3387 1735 ,
3436 1685 3554 1739 qua:
3581 1669 3649 1722 ab

2068 1766 2294 1822 eruditis
2339 1765 2499 1820 etiam
2530 1763 2633 1818 dici
2676 1762 2813 1817 solet
2860 1759 3092 1816 secunda
3122 1769 3310 1814 natura
3343 1779 3357 1816 :
3401 1780 3419 1812 ι
3450 1760 3543 1815 sed
3574 1760 3649 1816 le-

2069 1875 2186 1930 gem
2216 1857 2414 1928 peccati
2443 1872 2559 1927 qum
2581 1866 2663 1910 est
2707 1854 2760 1908 in
2791 1853 3048 1908 membris
3101 1851 3300 1906 nostris
3347 1866 3650 1923 repugnans

2072 1952 2173 2022 legi
2201 1949 2415 2014 mentis,
2443 1947 2658 2002 mortali
2708 1944 2830 1999 huic
2858 1953 3177 2013 terrenoque
3217 1943 3426 2011 corpori
3467 1951 3651 1997 nostro

2070 2043 2230 2114 plane
2271 2049 2563 2111 aperteque
2608 2035 2873 2091 tribuebat
2917 2033 3122 2102 dicens,
3156 2051 3175 2085 ι
3223 2033 3418 2103 Legem
3451 2032 3654 2102 peccati
3733 2074 3774 2108 ._

2073 2151 2192 2204 qua:
2216 2142 2298 2188 est
2326 2132 2378 2186 in
2398 2129 2652 2185 membris
2694 2127 2912 2189 nostris,
2940 2125 3042 2196 legi
3071 2125 3288 2196 spiritus
3315 2138 3609 2195 repugnare
3631 2163 3649 2190 ,

2074 2223 2199 2280 dum
2223 2222 2504 2291 imaginem
2533 2221 2733 2290 regiam
2762 2217 2784 2250 ⁸
2804 2232 2925 2288 quae
2946 2216 3083 2270 intra
3126 2229 3226 2269 nos
3255 2221 3355 2278 est,
3387 2214 3650 2283 captivam

2075 2314 2272 2368 ducere
2294 2310 2499 2376 studet,
2534 2322 2594 2364 ut
2623 2308 2807 2379 spoliis
2849 2307 2966 2377 ejus
2996 2305 3168 2370 cedat,
3223 2302 3480 2375 quidquid
3523 2303 3652 2360 illud

2076 2414 2157 2459 est
2190 2402 2331 2473 quod
2357 2402 2408 2455 in
2437 2415 2534 2455 nos
2556 2397 2814 2454 beneﬂcio
2846 2397 3038 2452 divinm
3063 2409 3124 2449 ac
3150 2395 3337 2464 prima:
3356 2394 3496 2449 illius
3521 2409 3656 2449 con-

2076 2494 2295 2551 ditionis
2328 2493 2552 2547 inﬂuxit.
2579 2489 2734 2547 Unde
2754 2489 2842 2544 vix
2870 2488 3078 2557 aliquis,
3110 2505 3130 2538 ι
3164 2485 3353 2555 inquit,
3377 2503 3397 2537 ι
3430 2485 3658 2541 [eruisse

2079 2586 2234 2657 longa
2279 2584 2300 2615 ⁸
2326 2599 2384 2638 se
2413 2592 2466 2637 et
2506 2580 2741 2635 districta
2772 2593 2963 2649 regens
3011 2574 3379 2646 phiIOSOphia,
3430 2581 3485 2629 et
3523 2589 3656 2646 pau-

2081 2679 2227 2733 latim
2275 2676 2467 2730 auima:
2497 2688 2609 2728 sua:
2651 2671 2977 2727 nobilitatem
3006 2667 3270 2734 recolens,
3298 2677 3540 2722 naturam
3566 2667 3657 2729 lu-

2079 2771 2179 2836 cis,
2217 2785 2335 2839 qua:
2354 2768 2405 2822 in
2437 2782 2495 2821 se
2518 2772 2619 2833 est,
2639 2764 2823 2819 humili
2851 2762 2973 2816 huic
2990 2770 3044 2816 et
3071 2759 3356 2817 tenebroso
3380 2758 3494 2813 luto
3528 2773 3661 2823 con-

2077 2862 2279 2934 juncta,
2309 2868 2527 2916 revocet
2545 2872 2608 2913 ac
2627 2856 2865 2911 reﬂectat
2888 2854 2955 2910 ad
2978 2855 3166 2909 Deum.
3196 2852 3290 2907 Vel
3317 2852 3361 2906 si
3376 2860 3521 2907 certe
3539 2867 3663 2922 pro,

2085 2954 2213 3024 pitio
2243 2952 2350 3007 Deo
2373 2959 2524 3021 agat,
2549 2959 2832 3019 utrumque
2874 2946 3071 3016 pariter
3108 2944 3451 3011 revocabit’;
3497 2943 3543 2998 si
3583 2953 3662 2999 ta-

2085 3061 2206 3100 men
2233 3045 2388 3114 longa
2413 3050 2468 3097 et
2501 3039 2717 3097 assidua
2767 3038 3112 3095 meditatione
3150 3037 3416 3095 insuescat
3450 3050 3661 3097 sursum

2084 3150 2300 3205 semper
2326 3133 2590 3204 aspicere,
2622 3139 2677 3187 et
2696 3130 2945 3186 deorsum
2975 3124 3116 3183 male
3164 3125 3457 3182 trahentem
3486 3140 3548 3182 ac
3563 3126 3662 3182 de:

2084 3234 2390 3297 gravantem
2420 3222 2696 3276 materiam
2718 3219 2933 3274 sibimet
2973 3218 3243 3272 astrictam
3273 3217 3436 3273 frenis
3468 3215 3667 3271 arctio-r

2085 3293 2234 3373 ribus
2256 3315 2534 3370 sublevare
2562 3331 2581 3365 ι
2609 3310 2920 3383 (Gregorius
2960 3307 3243 3372 Nazianz,
3267 3293 3481 3379 Αροιοθξ
3532 3306 3555 3359 1
3601 3306 3667 3363 de

2088 3407 2239 3480 Fuga
2267 3404 2406 3478 sua).
2461 3403 2588 3460 llaec
2626 3401 2838 3456 diccbat
2871 3400 3057 3454 beatus
3095 3396 3405 3468 Gregorius,
3449 3412 3554 3451 non
3584 3397 3667 3450 im-

2090 3505 2173 3551 ter
2204 3494 2462 3567 principia
2489 3489 2875 3547 emendationis
2904 3503 3045 3550 suae,
3078 3486 3170 3541 sed
3207 3486 3315 3557 jam
3343 3485 3621 3556 cpiscopus
3644 3527 3661 3554 ,

2088 3586 2273 3641 volens
2294 3598 2579 3655 exponere,
2613 3576 2699 3635 vel
2724 3580 2900 3649 potius
2942 3593 3060 3650 quae
3099 3586 3220 3636 nota
3245 3587 3388 3644 sunt,
3411 3576 3665 3630 admoue-

2088 3691 2165 3739 re,
2193 3675 2245 3730 in
2273 3674 2412 3745 quali
2439 3679 2745 3743 quantoque
2775 3669 3067 3725 certamine
3092 3684 3212 3721 cum
3260 3668 3399 3721 vitiis
3446 3667 3669 3722 interio-

2088 3765 2255 3828 ribus,
2300 3774 2516 3834 propter
2553 3776 2746 3831 corpus
2790 3758 2929 3830 quod
2969 3766 3220 3829 aggravat
3248 3759 3500 3822 animam,
3530 3772 3664 3811 con-
3754 3808 3757 3811 λ

2090 3857 2259 3911 stituti
2279 3856 2383 3909 sint
2409 3854 2602 3909 sancti.
2635 3851 2785 3919 Quod
2810 3860 3080 3907 certamen
3123 3851 3302 3923 utique
3349 3866 3453 3904 non
3482 3848 3668 3908 fuisset

2091 3949 2142 4002 in
2163 3948 2251 4001 illo
2284 3946 2450 3999 beata!
2485 3945 2626 4014 pacis
2654 3944 2790 4010 loco,
2816 3943 2866 3997 id
2909 3952 3011 4009 est,
3060 3942 3305 4013 paradiso
3352 3942 3666 3998 deliciarum

2091 4045 2416 4098 sanctarum,
2441 4035 2483 4088 si
2514 4049 2670 4089 nemo
2693 4042 2984 4102 peccasset.
3007 4032 3120 4087 Non
3150 4032 3290 4087 enim
3317 4046 3508 4105 corpus
3525 4048 3669 4089 mor-

2092 4128 2160 4182 tis
2189 4127 2344 4194 hujus
2374 4124 2443 4180 ibi
2474 4132 2638 4188 csset,
2668 4123 2816 4190 cujus
2842 4122 3290 4192 corruptibilitate
3332 4121 3507 4175 anima
3547 4136 3672 4191 gra-

2093 4227 2303 4272 varetur
2330 4232 2345 4269 :
2369 4216 2461 4270 sed
2493 4228 2687 4283 corpus
2719 4215 2839 4267 vita:
2866 4213 3027 4278 illius,
3060 4212 3145 4267 ubi
3193 4227 3296 4267 non
3331 4227 3457 4267 caro
3480 4227 3672 4267 com-n-

2092 4313 2322 4382 piscerct
2341 4308 2599 4363 adversus
2630 4306 2901 4375 spiritum,
2944 4313 3002 4359 ut
3038 4320 3259 4359 necesse
3284 4314 3426 4360 esset
3461 4304 3671 4373 spiritui

2092 4400 2469 4469 concupiscere
2488 4396 2743 4451 adversus
2767 4410 2982 4449 carnem
3014 4391 3207 4466 (Galat.
3231 4409 3285 4460 v,
3320 4383 3448 4466 l7):
3471 4393 3563 4451 sed
3594 4391 3674 4447 fe-

2094 4493 2183 4548 lici
2211 4492 2482 4560 utriusque
2509 4488 2789 4544 concordia
2824 4496 3009 4542 natura
3038 4486 3310 4541 hctaretur
3342 4486 3589 4541 humana.
3613 4486 3670 4541 Si

2095 4599 2222 4654 ergo
2247 4582 2568 4637 Maaiclueos
2606 4578 3000 4634 introduccntes
3049 4577 3206 4630 aliaat
3257 4586 3493 4632 naturam
3544 4576 3671 4630 ntali

2096 4682 2252 4742 atque
2277 4670 2625 4725 substantiam
2667 4682 2971 4738 expugnare
2997 4665 3159 4721 velles
3184 4708 3199 4730 ,
3232 4682 3339 4719 non
3370 4665 3625 4735 adjuvare
3651 4682 3668 4731 ;

2099 4761 2333 4832 profecto
2355 4761 2482 4814 istas
2511 4759 2758 4812 omnibus
2785 4766 2996 4826 apertas
3038 4771 3067 4808 a
3102 4756 3331 4825 parvulis
3357 4755 3673 4825 incipientes

2098 4852 2341 4906 humanae.
2367 4850 2488 4903 vitae
2514 4847 2756 4902 miserias
2776 4861 2895 4899 cum
2923 4845 3025 4899 tuis
3051 4845 3427 4914 deeeptoribus
3449 4861 3551 4898 nou
3577 4862 3674 4899 nc-

2096 4958 2271 5014 gares;
2295 4940 2385 4994 sed
2416 4939 2554 4993 unde
2574 4939 2623 4992 in
2648 4952 2739 4991 eas
2764 4936 2991 5004 collapsa
3011 4936 3079 4989 sit
3102 4947 3280 4990 nostra
3323 4948 3530 5002 natura,
3551 4952 3674 5004 qua:

2099 5036 2249 5089 beata
2282 5041 2360 5086 est
2390 5029 2634 5101 primitus
2663 5029 2922 5091 instituta,
2947 5042 3065 5080 cum
3094 5025 3370 5081 catholicis
3416 5021 3666 5082 fidelibus

2097 5132 2147 5178 et
2179 5121 2594 5192 prmelarissimis
2620 5117 2924 5173 doctoribus
2951 5116 3177 5171 diceres.

2168 5213 2330 5269 LXX.
2354 5213 2472 5268 JcL.
2524 5211 2590 5268 Ut
2630 5212 2785 5281 igitur
2812 5208 2951 5280 quod
2986 5209 3193 5278 egimus
3235 5208 3540 5279 colligatur,
3576 5224 3678 5266 nec

2163 5325 2179 5356 ι
2198 5324 2353 5372 Codex
2380 5329 2511 5382 Man,
2536 5316 2812 5382 deﬂuﬁsse.

2128 5402 2131 5405 ·
2160 5386 2182 5418 ’
2205 5386 2276 5434 sic
2299 5391 2401 5433 Mss.
2430 5381 2565 5439 Editi,
2591 5381 2785 5431 huhim.
3642 5438 3649 5439 ί
3706 5424 3713 5429 ε

2154 5446 2182 5518 ἢ*
2212 5447 2418 5514 ι’(ειιιιιιι
2436 5479 2451 5504 ,
2498 5438 2805 5506 respondeat,
2854 5439 2948 5487 huc
2991 5448 3246 5491 revocatur
3291 5452 3356 5490 ex
3408 5438 3685 5490 manuscri.

2132 5519 2211 5556 US.

2170 5520 2211 5553 s.

2100 5520 2189 5597 Im"
2210 5576 2312 5615 uss.
2337 5566 2583 5614 omittunt.
2613 5563 2888 5622 doctorque.

2210 5636 2336 5680 διεδ..
2366 5634 2561 5687 rectum,
2586 5635 2827 5687 corrupte.

2166 5689 2342 5755 fruiti,
2371 5688 2463 5736 nni
2481 5686 2636 5755 longa.
2662 5682 2961 5751 atanuscrijti
2988 5692 3299 5748 irartermmt,
3324 5682 3433 5742 nisi.

2167 5751 2187 5781 τ
2211 5751 2343 5803 aditi.
2379 5751 2628 5798 revocarit.
