4010 6186
315 265 450 327 1095

300 402 410 458 ego
434 387 591 443 dictis
614 389 718 445 tuis
752 388 988 445 fraudem
1020 390 1154 445 iutnl
1179 432 1194 460 ,
1219 406 1317 448 nec
1343 401 1394 448 tu
1417 396 1638 450 attulisti
1663 396 1877 466 aliquid,

309 478 452 546 quod
479 480 562 534 vel
592 479 839 536 dilutiore
860 482 879 513 ¹
908 480 1115 550 pietatis
1141 484 1321 542 colore
1369 485 1717 553 perfunderes
1743 527 1758 551 ,
1789 502 1882 541 ne-

304 567 436 621 dum
465 568 754 637 Scriptnris
780 571 999 625 testibus
1027 572 1367 640 approbares.
1391 573 1499 629 Nec
1527 575 1628 630 hoc
1653 577 1792 645 quod
1828 587 1881 631 tu

308 668 486 724 putas,
524 659 788 714 intellexit
813 660 1098 729 Apostolus
1124 677 1255 716 :nec
1280 664 1384 718 alia
1414 678 1631 734 prorsus
1654 667 1706 720 in
1732 681 1885 735 para-

300 747 421 802 diso
443 748 538 803 fuit
556 750 791 805 conditio
815 753 1228 818 commixtionis,
1256 769 1413 825 quam
1443 756 1617 826 qualis
1665 771 1802 810 nunc
1826 756 1883 811 in

294 839 562 909 conjugiis
587 840 796 910 agitur,
838 856 996 911 quam
1039 859 1069 896 a
1109 857 1169 897 se
1216 844 1546 900 institutam'
1577 847 1737 911 Deus,
1768 856 1878 900 tam

294 928 542 997 ipsorum
562 930 870 986 conditione
889 946 1111 987 sexuum
1141 943 1195 987 et
1214 935 1469 1004 qualitate
1491 938 1875 1003 membrorum,

292 1034 463 1089 quam
481 1018 812 1089 frequentata
834 1021 1198 1078 benedictione
1229 1023 1525 1092 perdocuit.
1564 1025 1769 1093 Quibus
1793 1025 1878 1080 ab-

302 1109 493 1164 solutis
517 1111 705 1175 claret,
732 1121 953 1166 cunctos
979 1112 1068 1181 qui
1109 1128 1140 1167 a
1172 1119 1224 1169 te
1246 1114 1598 1184 decipiuntur,
1643 1116 1719 1169 ira
1756 1129 1876 1171 esse

304 1213 464 1267 quam
497 1197 857 1254 misericordia
898 1201 1189 1270 digniores,
1222 1204 1471 1273 quoniam
1503 1205 1554 1258 in
1586 1204 1876 1260 excusatio.

299 1302 422 1341 nem
437 1288 719 1343 criminum
748 1303 987 1356 suorum,
1015 1307 1133 1361 qua:
1167 1293 1303 1346 mala
1330 1295 1601 1350 voluntate
1629 1296 1875 1350 commit-

297 1386 437 1443 tunt,
467 1388 518 1434 te
545 1388 762 1436 auctore
786 1379 1041 1456 infamant
1087 1384 1447 1451 nativitatem,
1492 1401 1562 1441 ne
1604 1388 1873 1458 corrigam

292 1470 580 1526 actionem.

362 1565 500 1617 Ars.
528 1563 681 1617 Actio
707 1563 789 1633 pia
815 1573 900 1619 est
928 1565 981 1620 in
1009 1565 1112 1623 hac
1134 1567 1241 1622 vita
1269 1568 1437 1624 Deum
1455 1569 1652 1635 colere,
1676 1578 1730 1624 ct
1755 1570 1872 1639 ejus

289 1652 458 1720 gratia
484 1663 670 1708 contra
699 1654 824 1709 vitia
848 1653 1054 1711 interna
1078 1671 1315 1727 pugnare
1332 1698 1347 1723 ,
1369 1659 1554 1730 eisque
1599 1661 1665 1714 ad
1690 1661 1869 1715 illicita

290 1741 663 1811 instigantibus
681 1745 1065 1813 cogentibusve
1093 1763 1196 1801 non
1218 1748 1442 1814 cedere;
1485 1759 1540 1805 et
1589 1751 1677 1804 ubi
1723 1751 1869 1806 cedi-

291 1842 376 1887 tur
397 1833 800 1905 indulgentiam,
820 1846 980 1907 atque
994 1847 1168 1895 utnon
1181 1839 1402 1895 cedatur
1418 1840 1742 1909 adjutorium
1769 1842 1864 1898 Dei

290 1922 491 1980 Iﬂectu
512 1926 772 1997 religiosae
814 1928 1027 1997 pietatis
1059 1925 1370 2000 exposcere.
1395 1931 1450 1986 In
1479 1932 1724 2001 paradiso
1768 1949 1867 1988 au-

287 2020 418 2078 tem,
439 2015 485 2067 si
516 2030 674 2069 nemo
698 2025 1008 2085 peccasset,
1060 2034 1166 2075 non
1200 2029 1347 2076 esset
1381 2021 1521 2075 actio
1555 2021 1765 2090 pietatis
1779 2038 1868 2078 ex-

186 2143 195 2151 .
287 2118 526 2175 pugnare
575 2106 732 2173 vitia;
789 2109 1041 2178 quoniam
1088 2112 1394 2179 permansio
1431 2112 1694 2169 felicitatis
1723 2123 1868 2170 esset

285 2194 413 2251 Vitia
440 2211 550 2251 non
581 2195 800 2261 habere.
842 2197 949 2253 Sed
1000 2215 1104 2253 non
1145 2209 1230 2255 est
1265 2200 1518 2255 indicium
1539 2202 1561 2234 ³
1586 2201 1863 2257 hominum

282 2299 473 2346 contra
493 2291 620 2345 vitia
650 2290 910 2346 veraciter
927 2290 1290 2347 dimicantium
1314 2334 1331 2359 ,
1358 2308 1420 2348 ea
1447 2309 1567 2364 quas
1593 2294 1866 2365 impudeno

284 2389 361 2435 ter
389 2379 766 2448 frequentatur
784 2396 815 2434 a
844 2381 994 2437 vobis
1022 2382 1256 2436 laudatio
1293 2383 1564 2438 vitiorum.
1596 2384 1744 2440 Itane
1773 2400 1866 2441 ve-

281 2487 358 2538 ro,
384 2470 618 2535 Juliane,
642 2471 857 2541 quando
877 2471 1090 2526 dicebat
1118 2473 1450 2535 Ambrosius.
1487 2492 1506 2524 ι
1532 2474 1732 2531 Omnes
1771 2475 1866 2532 ho-

280 2561 449 2617 mines
479 2559 582 2617 sub
622 2570 841 2629 peccato
866 2564 1157 2629 nascimur,
1184 2578 1409 2633 quorum
1460 2564 1575 2635 ipse
1625 2574 1776 2621 ortus
1803 2567 1857 2623 in

278 2654 404 2709 vitio
423 2661 510 2708 est
537 2670 558 2706 ι
595 2652 712 2726 (De
739 2651 1062 2718 Pamitentin,
1086 2655 1174 2708 lib.
1209 2657 1233 2710 ί
1263 2695 1278 2720 ,
1322 2672 1437 2726 cap.
1464 2657 1500 2709 2
1524 2657 1601 2711 vel
1626 2659 1663 2713 5
1684 2659 1699 2720 )
1724 2674 1740 2724 ;
1766 2668 1863 2714 aut

277 2756 360 2797 me
385 2742 598 2797 dicebat
624 2752 864 2807 auctore,
911 2752 1005 2798 aut
1050 2743 1343 2800 infamabat
1396 2746 1723 2803 nativitatem
1743 2790 1757 2811 ,
1787 2764 1858 2805 ne

276 2835 568 2904 corrigeret
603 2835 907 2890 actionem?
941 2835 1085 2895 Itane
1128 2851 1256 2891 vero
1302 2835 1609 2907 Gregorius,
1642 2839 1856 2909 quando

276 2926 489 2981 dicebat
518 2967 537 2990 .
591 2944 612 2978 ο
665 2925 934 2982 Venerare
969 2928 1314 2991 nativitatem.
1340 2944 1434 2997 per
1451 2946 1607 3000 quam
1631 2940 1856 2989 terrente

278 3017 572 3072 nativitatis
593 3017 822 3073 vinculis
856 3017 1109 3073 liberatus
1161 3034 1222 3073 es
1258 3038 1278 3072 ι
1304 3019 1475 3089 (Orat.
1514 3022 1568 3075 in
1613 3022 1855 3079 Natalem

276 3105 548 3177 Domini);
601 3115 694 3161 aut
730 3106 945 3176 quando
985 3108 1200 3163 dicebat
1227 3109 1294 3164 de
1330 3108 1544 3167 Christo
1586 3113 1849 3182 loquens,

274 3197 359 3252 vel
384 3197 452 3251 de
480 3196 681 3265 Spiritu
706 3207 915 3263 sancto,
949 3215 969 3250 ‹
1000 3197 1104 3252 Per
1150 3197 1292 3258 hunc
1340 3198 1525 3268 prima:
1564 3202 1853 3259 nativitatis

271 3288 495 3344 macula:
513 3296 825 3358 purgantur,
850 3302 945 3357 per
980 3303 1115 3358 quas
1142 3289 1194 3343 in
1220 3289 1585 3361 iniquitatibus
1624 3294 1854 3363 concipi-

272 3394 412 3444 atur,
442 3387 497 3433 et
540 3377 595 3432 in
624 3376 832 3432 delictis
856 3386 1157 3447 genuerunt
1182 3392 1284 3435 nos
1311 3390 1506 3435 matres
1534 3393 1729 3436 nostra:
1743 3381 1786 3449 ις
1824 3401 1846 3437 ι

275 3468 465 3542 (Orat.
518 3470 575 3522 in
625 3467 1009 3538 Pentecostem)
1062 3478 1153 3523 aut
1207 3470 1418 3540 quando
1463 3471 1673 3527 dicebat
1711 3473 1850 3529 Hila-

268 3554 377 3615 rius
399 3560 470 3614 de
487 3575 612 3630 rege
634 3559 818 3623 David,
843 3576 864 3611 α
901 3559 1013 3614 Scit
1030 3560 1131 3615 sub
1152 3562 1352 3630 peccati
1396 3563 1620 3633 origine,
1666 3572 1720 3619 et
1746 3565 1848 3619 sub

265 3651 382 3722 lege
415 3652 618 3721 peccati
643 3663 764 3706 esse
788 3665 849 3706 se
877 3660 1056 3706 natum
1092 3670 1111 3703 ι
1136 3652 1154 3721 (
1175 3649 1240 3704 In
1278 3649 1419 3706 Psal.
1446 3667 1642 3720 cxvnt,
1672 3654 1842 3726 £75):

265 3743 592 3799 infamabant
618 3743 706 3798 isti
727 3743 825 3797 viri
857 3744 1208 3807 nativitatem,
1234 3758 1302 3797 ne
1327 3745 1656 3813 corriget-ent
1680 3748 1847 3801 actio-

265 3835 423 3889 nem?
453 3834 759 3889 Audebisne
782 3833 1103 3903 persuadere
1125 3831 1272 3888 cordi
1304 3841 1414 3899 tuo,
1441 3835 1581 3903 quod
1613 3835 1849 3905 Pelagia-

262 3938 452 3980 norum
488 3924 631 3980 actio
678 3924 875 3981 actioni
920 3922 1233 3993 praeferatur
1270 3923 1532 3980 istorum?
1582 3924 1714 3981 Date
1751 3941 1844 3984 \e-

261 4015 425 4079 niam,
454 4028 727 4082 nunquam
761 4027 858 4068 vos
881 4012 1044 4067 vitam
1073 4011 1266 4067 melius
1294 4011 1395 4067 illis
1414 4026 1575 4082 agere
1591 4014 1845 4070 credere-

261 4119 403 4168 mus,
435 4119 536 4159 nec
573 4104 621 4158 si
671 4119 778 4160 non
804 4104 884 4159 sic
912 4102 1165 4158 amaretis
1213 4103 1703 4174 concupiscentiam
1730 4121 1844 4163 car-

268 4198 370 4261 nis,
388 4206 453 4252 ut
475 4212 618 4263 eam,
642 4197 814 4266 qualis
835 4212 976 4253 nunc
1002 4205 1087 4252 est
1129 4205 1314 4252 contra
1365 4198 1611 4269 spiritum
1645 4213 1840 4255 concu-

269 4286 506 4357 piseens,
533 4285 765 4341 etiamin
796 4285 1043 4356 paradiso
1085 4296 1210 4342 ante
1256 4296 1528 4357 peccatum
1580 4290 1841 4345 collocare

265 4377 491 4431 velletis.
511 4376 643 4431 Nam
668 4376 733 4441 si,
766 4386 821 4431 ut
841 4377 974 4432 dicis
991 4377 1037 4441 ⁸,
1064 4395 1083 4428 ι
1114 4393 1217 4431 non
1261 4378 1359 4431 alia
1387 4377 1483 4432 fuit
1505 4379 1556 4432 in
1594 4379 1840 4449 paradiso

264 4466 498 4521 conditio
518 4466 931 4532 commixtionis,
963 4481 1122 4537 quam
1144 4467 1314 4536 qualis
1334 4482 1475 4521 nunc
1503 4466 1557 4522 in
1580 4469 1839 4539 conjugiis

264 4555 465 4623 agitur:
498 4572 518 4607 ι
550 4555 753 4609 eratibi
786 4562 843 4610 et
869 4566 994 4610 ante
1047 4563 1320 4623 peccatum
1372 4557 1537 4613 libido
1573 4559 1836 4627 carnalis,

262 4647 377 4701 sine
399 4662 506 4717 qua
532 4662 637 4702 non
664 4654 837 4715 potest
865 4662 1005 4701 nunc
1030 4646 1051 4678 ⁸
1079 4660 1237 4702 sexus
1278 4656 1500 4718 uterque
1526 4648 1756 4704 misceri.
1781 4648 1836 4707 Si

263 4753 389 4808 ergo
403 4753 512 4794 non
539 4737 719 4803 vultis,
751 4737 803 4791 in
838 4737 926 4791 illa
953 4737 1280 4793 beatitudine
1325 4738 1558 4794 membra
1585 4741 1836 4809 genitalia

268 4828 502 4885 nondum
531 4828 884 4900 pudenda,ad
931 4844 1064 4901 opus
1092 4844 1244 4895 suum
1301 4832 1653 4901 peragendum
1683 4875 1698 4896 ,
1731 4849 1836 4902 quo

261 4922 440 4990 proles
458 4921 836 4985 seminarctur,
862 4920 1117 4975 voluntati
1158 4919 1433 4975 hominum
1476 4924 1591 4977 sine
1619 4924 1836 4979 libidine

260 5012 494 5079 potuisse
541 5011 995 5076 servire;adhuc
1047 5025 1230 5080 quzrro
1269 5011 1510 5068 eamdem
1558 5013 1831 5070 libidinem

252 5103 463 5170 qualem
494 5109 619 5154 tunc
648 5099 812 5155 fuisse
831 5100 1082 5155 credatis.
1113 5100 1446 5156 Voluntatem
1490 5112 1634 5158 certe
1670 5120 1835 5173 quan-

251 5192 323 5245 do
349 5202 494 5247 esset
519 5192 858 5259 necessaria,
902 5191 1261 5261 sequebatur;
1301 5208 1367 5246 an
1423 5193 1581 5247 etiam
1619 5194 1832 5264 quando

313 5363 332 5425 ἓ
355 5361 472 5411 Ὲώὶῑ
488 5396 506 5422 ,
530 5361 658 5425 quod
702 5360 812 5412 licet
836 5359 1073 5425 dilutior.
1109 5367 1217 5411 Mss.
1236 5360 1399 5425 ,‘quod
1419 5360 1492 5412 vel
1516 5361 1828 5416 dilucidiore.

312 5424 452 5498 tam.
471 5422 601 5498 (;o_Ib.
627 5430 738 5472 Mar.
759 5432 810 5471 et
830 5423 1223 5498 t;la.r.,“aneo‘sr
1320 5422 1474 5495 litata.
1668 5492 1679 5498 Δ
1711 5486 1719 5496 ,
1779 5485 1808 5498 η

314 5484 337 5516 ³
354 5486 617 5549 stemrdus,
642 5497 733 5533 non
756 5492 874 5533 esset
900 5482 1094 5534 ἰπιιὶὲὶο.
1123 5486 1410 5548 Vignierius,
1435 5498 1527 5535 non
1562 5492 1680 5537 esset
1691 5485 1831 5549 judi-

242 5542 731 5616 rirtm._l_-Zmendantur
756 5560 817 5594 ex
847 5554 959 5616 uss.
1223 5606 1234 5616 .

310 5607 490 5670 fului,
511 5614 737 5670 omn-rant
756 5620 839 5655 nos
862 5619 909 5654 m
927 5606 1068 5665 :jores
1087 5606 1250 5670 nostri,
1274 5606 1524 5656 mendose.
1618 5624 1621 5628 ‘

310 5659 334 5739 ξ
357 5659 491 5738 ultu,
513 5659 689 5739 altilis.
721 5677 844 5722 διεδ..
869 5659 1007 5717 mea.
1198 5728 1208 5737 _
1501 5729 1512 5739 ν

314 5724 335 5754 ⁸
359 5730 435 5779 llic
452 5724 700 5787 particula,
721 5742 864 5787 nunc,
891 5742 954 5777 ex
980 5728 1308 5791 trianuscriptis
1326 5729 1612 5779 restituitur.

1697 279 1894 338 LIBER
1937 282 2205 346 PRIMUS.

3437 296 3571 368 toni

1996 438 2100 476 non
2129 435 2243 480 erat
2267 436 2479 498 propter
2522 433 2890 502 propagandos
2938 435 3074 492 ﬁlios
3126 444 3455 513 necessaria,
3484 449 3574 502 sti-

1990 512 2226 568 mulabat
2259 525 2432 572 tamen
2453 521 2710 588 animum,
2735 533 2790 579 et
2818 526 3145 596 propelicbat
3171 532 3221 585 in
3255 536 3567 593 concubitus

1990 604 2072 657 vel
2098 620 2336 676 quosque
2360 608 2706 679 damnabiles,
2754 616 2837 670 vel
2868 633 2988 685 cum
3020 621 3243 691 conjuge
3292 627 3567 682 venialcs‘.’

1987 693 2041 749 Si
2058 698 2198 750 enim
2233 699 2349 751 talis
2365 708 2514 764 erat,
2538 704 2708 772 qualis
2739 723 2876 762 nunc
2911 719 3024 774 est;
3070 711 3169 766 hoc
3198 713 3314 768 sine
3361 715 3563 771 dubita-

1983 781 2129 838 tione
2155 785 2413 852 faciebat,
2455 791 2568 846 sive
2623 793 2696 846 illi
2740 797 3077 854 resisteretur
3119 817 3213 871 per
3262 814 3563 874 temperan-

1986 871 2131 938 tiam,
2171 877 2282 929 sive
2330 894 2424 946 per
2480 881 2937 952 intemperantiam
2982 890 3281 946 cederetur.
3331 871 3411 950 Aie
3460 898 3559 965 sic,

1983 960 2143 1017 homo
2193 966 2398 1023 libidini
2442 981 2531 1024 aut
2583 975 2852 1041 peccando
2882 981 3083 1034 servire
3133 996 3432 1055 cogeretur,
3467 998 3559 1044 aut

1982 1050 2121 1106 bello
2172 1055 2356 1111 intimo
2409 1075 2706 1130 repugnare
2749 1082 2762 1116 :
2804 1084 3030 1136 quorum
3089 1050 3312 1128 alterum
3396 1050 3559 1134 hone-

1980 1144 2122 1209 stati,
2156 1146 2379 1202 alterum
2410 1152 2523 1220 paci
2565 1152 2826 1210 fclicitatis
2859 1159 3019 1227 illius,
3050 1164 3091 1216 si
3122 1163 3410 1221 humanum
3435 1183 3558 1224 scn-

1978 1248 2093 1287 sum
2120 1236 2350 1303 habctis,
2380 1258 2481 1295 non
2514 1248 2801 1302 convenire
2832 1253 3062 1306 sentitis.
3097 1255 3553 1330 Rcmanctigitur,

1978 1334 2035 1378 ut
2064 1326 2107 1379 si
2138 1327 2298 1383 libido
2323 1330 2392 1384 ibi
2422 1345 2579 1400 esset,
2608 1336 2676 1390 ita
2699 1348 2839 1393 esset
2859 1342 3070 1398 subdita
3090 1347 3362 1413 voluntati,
3392 1326 3450 1404 ut
3471 1326 3553 1407 re;

1976 1424 2114 1471 ctam
2142 1420 2478 1492 quietamque
2502 1436 2759 1494 mentem,
2793 1446 2890 1485 nec
2908 1433 2977 1487 ad
3001 1434 3247 1489 delictum
3279 1440 3550 1511 traheret,

1976 1507 2074 1559 nec
2113 1507 2179 1561 ad
2214 1510 2455 1578 praelium
2488 1530 2829 1585 provocarct;
2861 1531 2914 1575 ct
2941 1524 3181 1591 Spiritum
3219 1507 3551 1586 obedientem

1975 1596 2104 1663 Deo,
2133 1613 2197 1653 ac
2221 1600 2482 1658 fruentem
2510 1606 2637 1673 Deo,
2664 1625 2762 1665 nec
2792 1628 3011 1680 peccare
3043 1631 3139 1670 nec
3160 1632 3392 1688 pugnare
3412 1636 3551 1677 como

1976 1687 2211 1755 pelleret.
2249 1691 2376 1759 Qua:
2394 1697 2641 1764 quoniam
2671 1716 2810 1757 nunc
2843 1702 2963 1758 talis
3012 1721 3115 1760 non
3161 1687 3263 1773 cst,
3311 1710 3404 1766 sed
3436 1713 3553 1782 ipsa

1972 1777 2116 1833 licita
2144 1781 2430 1852 inhianter,
2466 1802 2569 1842 non
2608 1789 3040 1862 obtemperanter
3087 1800 3327 1867 appetit;
3359 1802 3409 1856 in
3443 1777 3549 1859 illi-

1970 1870 2090 1925 citis
2119 1882 2295 1928 autem
2339 1886 2429 1931 aut
2475 1881 2718 1948 spiritum
2748 1883 2948 1953 dejicit,
2978 1899 3068 1940 aut
3090 1900 3273 1945 contra
3302 1894 3546 1963 Spiritum

1969 1964 2323 2033 concupiscit;
2352 1972 2623 2040 agnoscite
2653 1975 2846 2029 malum
2868 1978 3046 2033 vitiata
3075 1991 3276 2037 natura:
3322 1985 3546 2057 integri-

1971 2058 2078 2106 tate
2099 2064 2429 2112 contractum
2457 2074 2601 2130 :quo
2639 2064 2777 2118 malo
2830 2066 2968 2121 bene
3013 2071 3175 2125 utitur
3225 2076 3547 2146 propagandi

1970 2141 2148 2195 ofﬁcio
2176 2148 2393 2201 castitas
2416 2151 2717 2222 coojngum,
2749 2155 2885 2210 etde
2918 2174 3023 2227 quo
3059 2161 3197 2217 malo
3226 2141 3439 2228 ducitur
3463 2183 3549 2235 ge-

1971 2232 2260 2288 nerationis
2297 2234 2538 2293 UbIIOXliC
2572 2240 2857 2310 vinculum,
2892 2250 3295 2316 regeneratione
3344 2232 3548 2310 Solven-

1969 2321 2093 2377 dum
2119 2323 2158 2375 ¹.

2040 2413 2222 2469 LXXI.
2243 2415 2360 2471 Jun.
2390 2418 2495 2474 Sed
2525 2420 2591 2476 de
2613 2421 2715 2479 hoc
2744 2425 2872 2479 satis
2901 2426 2990 2495 sit,
3016 2444 3154 2483 nunc
3170 2447 3289 2501 quae
3310 2448 3542 2504 sequun-

1968 2513 2051 2556 tur
2075 2506 2345 2573 arripiam.
2380 2527 2398 2559 ε
2432 2510 2483 2563 In
2507 2527 2733 2581 corpore
2764 2515 2921 2584 igitur
2965 2519 3152 2573 mortis
3184 2520 3363 2589 hujus,
3383 2525 3542 2593 quale

1964 2593 2019 2648 in
2052 2596 2298 2664 paradiso
2342 2609 2467 2655 ante
2515 2611 2815 2671 peccatum,
2845 2607 3083 2675 profecto
3128 2625 3230 2665 non
3255 2622 3370 2666 erat
3391 2653 3407 2677 ,
3439 2615 3545 2669 alia

1962 2685 2046 2740 lex
2076 2687 2126 2740 in
2159 2691 2411 2746 membris
2437 2694 2634 2749 nosuis
2684 2699 2982 2767 repugnat'
3017 2700 3117 2770 legi
3148 2703 3344 2759 mentis
3375 2722 3388 2757 :
3421 2706 3542 2775 quia

1961 2785 2017 2831 et
2042 2778 2252 2849 quando
2280 2781 2551 2846 nolumus,
2579 2793 2632 2839 et
2662 2787 2874 2855 quando
2904 2806 3007 2843 non
3031 2793 3416 2862 consentimus,
3447 2812 3543 2850 nec
3586 2800 3591 2809 '

1961 2869 2010 2923 ei
2042 2870 2281 2929 membra
2307 2881 2486 2928 nostra
2506 2884 2561 2929 ut
2578 2874 2797 2947 impleat
2821 2879 2961 2957 quod
2988 2883 3540 2955 appetitcxhibcmus;

1961 2957 2165 3015 habitat
2195 2970 2376 3019 tamen
2401 2963 2454 3018 in
2483 2965 2582 3032 eis,
2621 2976 2675 3021 et
2728 2979 2961 3024 mentem
3010 2972 3358 3032 resistentem
3386 2991 3542 3046 repu-

1958 3058 2316 3121 gnantemque
2344 3051 2617 3123 sollicitat;
2648 3065 2706 3111 ut
2730 3056 2846 3126 ipse
2872 3058 3151 3117 conﬂictus
3196 3063 3407 3119 etiamsi
3433 3080 3540 3122 non

1959 3138 2388 3207 sitdamnabilis,
2420 3145 2543 3214 quia
2576 3161 2681 3202 non
2714 3150 2921 3218 perlicit
2974 3152 3337 3224 iniquitatem;
3362 3158 3433 3211 sit
3460 3165 3543 3212 ta-

1960 3244 2081 3284 men
2145 3232 2461 3289 miserabilis
2492 3277 2508 3295 ,
2560 3237 2681 3307 quia
2732 3254 2836 3293 non
2883 3240 3044 3297 habet
3091 3260 3273 3313 pacem
3326 3263 3346 3298 ι
3400 3248 3422 3317 (
3461 3247 3536 3304 De

1907 3372 1923 3385 ,
1960 3317 2170 3390 Nuptiis
2217 3330 2263 3375 el
2317 3321 2764 3396 Concupiscenlia,
2796 3329 2882 3406 lib.
2931 3330 3008 3400 2,
3064 3349 3118 3389 η.
3168 3335 3265 3405 6).
3312 3334 3540 3392 Natura-

1962 3411 2063 3464 lcm
2105 3425 2222 3466 esse
2244 3414 2481 3469 omnium
2528 3430 2779 3472 sensuum
2830 3421 3155 3491 voluptatem
3181 3465 3198 3490 ,
3232 3426 3538 3483 testimonio

1959 3500 2317 3559 universitatis
2338 3505 2591 3561 docemus
2611 3506 2653 3560 ⁸.
2688 3509 2834 3564 llanc
2888 3520 3064 3567 autem
3110 3514 3436 3585 voluptatem
3482 3526 3538 3572 et

1953 3593 2434 3663 concupiscentiam
2467 3594 2488 3623 ⁵
2515 3604 2640 3651 ante
2672 3609 2951 3666 peccatum
2996 3601 3046 3654 iu
3076 3603 3322 3672 paradiso
3344 3604 3531 3672 fuisse,

1954 3698 2038 3737 res
2068 3683 2154 3737 illa
2183 3684 2437 3750 declarat,
2468 3688 2590 3757 quia
2616 3687 2683 3742 ad
2706 3688 2960 3746 delictum
3012 3693 3093 3747 via
3138 3710 3231 3763 per
3274 3696 3535 3768 cencupi-

1953 3774 2209 3828 scentiam
2239 3775 2356 3843 fuit,
2381 3793 2498 3846 qua:
2522 3794 2641 3834 cum
2672 3781 2816 3851 pomi
2841 3782 3035 3838 decore
3080 3785 3266 3840 oculos
3311 3787 3531 3842 incitas-

1952 3874 2053 3932 set,
2095 3882 2245 3935 spem
2275 3869 2433 3922 etiam
2468 3869 2686 3938 jucnndi
2719 3872 2943 3927 irritavit
2972 3875 3200 3944 saporis.
3233 3876 3347 3932 Non
3394 3894 3524 3948 ergo

1951 3954 2120 4024 potuit
2145 3954 2260 4011 hmc
2285 3960 2733 4028 concupiscentia,
2765 3978 2881 4031 qua:
2899 3979 3018 4017 cum
3049 3966 3265 4020 modum
3299 3984 3402 4021 non
3434 3977 3519 4023 to-

1951 4051 2060 4107 net,
2096 4053 2308 4114 peccat;
2356 4062 2476 4100 cum
2521 4064 2648 4102 vero
2694 4050 2829 4104 intra
2880 4052 3101 4107 limitem
3152 4060 3549 4115 concessurum

1951 4124 2181 4201 tenetur,
2214 4135 2423 4194 atl‘ectio
2445 4139 2703 4194 naturalis
2744 4150 2799 4196 et
2838 4141 3099 4199 innocens
3121 4155 3205 4200 est
3233 4164 3250 4200 :
3281 4164 3406 4214 non,
3442 4150 3527 4204 iu-

1946 4241 2127 4295 quam,
2159 4231 2331 4296 potuit
2352 4227 2551 4283 fructus
2577 4244 2696 4284 esse
2729 4233 2929 4301 peccati
2957 4276 2970 4298 ,
3000 4251 3119 4305 quae
3145 4235 3389 4304 docetur,
3419 4255 3527 4302 non

1946 4330 2043 4370 suo
2073 4317 2292 4387 quidem
2314 4319 2462 4384 vitio,
2492 4319 2586 4375 sed
2617 4321 2926 4391 voluntatis,
2955 4327 3165 4382 occasio
3194 4326 3365 4385 fuisse
3395 4346 3521 4401 pec.

1945 4408 2069 4462 cati.
2098 4407 2238 4479 Lege
2267 4418 2321 4465 et
2348 4409 2414 4465 de
2431 4410 2534 4467 hoc
2564 4414 2852 4470 secundum
2885 4417 3077 4472 librum
3123 4434 3304 4474 meum
3331 4440 3344 4475 :
3370 4424 3526 4478 invo-

1945 4501 2060 4555 nies
2086 4500 2185 4557 hoc
2210 4502 2351 4572 quod
2381 4502 2609 4559 dicimus
2635 4505 2795 4560 etiam
2823 4516 2914 4560 tuo
2955 4523 3114 4578 posse
3161 4512 3341 4568 animo
3397 4530 3519 4585 per-

1944 4593 2173 4648 suaderi.
2201 4593 2353 4663 Quod
2384 4611 2511 4651 vero
2541 4598 2690 4666 quasi
2730 4600 2941 4656 acutnle
2963 4600 2984 4633 ⁸
3029 4604 3248 4672 posuisti
3274 4649 3290 4675 ,
3338 4607 3513 4677 legem

1924 4684 2156 4754 quidem
2184 4688 2383 4756 peccati
2413 4702 2533 4743 esse
2573 4689 2624 4743 in
2670 4692 2921 4747 membris
2978 4695 3208 4764 nostris;
3248 4699 3340 4755 sed
3396 4711 3521 4760 tunc

1944 4773 2138 4829 habere
2166 4785 2460 4845 peccatum,
2496 4780 2708 4848 quando
2755 4784 3152 4845 consentimus:
3207 4796 3328 4844 tunc
3356 4806 3513 4848 “vero

1941 4863 2111 4917 solum
2142 4864 2379 4934 prmlium
2408 4869 2682 4934 suscitare,
2710 4873 2922 4940 quando
2950 4890 3054 4928 non
3094 4881 3464 4936 consentimus
3492 4925 3509 4953 ,

2006 5056 2020 5086 ι
2044 5056 2180 5115 mliti,
2203 5053 2504 5107 solvendum.

1939 5118 2023 5227 ﬁ;
2046 5119 2185 5225 Egilia;
2199 5130 2482 5226 repugnans.
2503 5119 2616 5169 vide
2638 5132 2800 5182 supra,
2822 5119 2887 5170 de
2907 5123 3087 5185 Nuptiis
3103 5131 3155 5177 et
3174 5131 3509 5192 Concupiscen-

2117 5214 2129 5224 .
2155 5190 2185 5225 2
2264 5214 2274 5224 .
2336 5214 2349 5225 .

1975 5190 2023 5271 az
2044 5190 2202 5296 illita:
2227 5190 2475 5316 ῧυξεῃυιν.
2525 5247 2633 5289 Mss.
2665 5240 2784 5316 (ξιτψ.
2835 5250 2886 5293 et
2930 5253 3054 5316 Port.
3075 5282 3090 5307 ,
3124 5248 3401 5316 daremus:
3425 5264 3486 5316 vi;

1935 5300 2068 5368 rius,
2117 5313 2227 5348 uam
2258 5300 2317 5349 ad
2355 5302 2446 5351 hoc
2487 5303 2753 5364 respondet
2786 5300 3108 5370 Augustinus,
3151 5311 3318 5361 docere
3349 5313 3394 5356 te
3425 5305 3480 5356 di

1936 5373 2022 5490 cf“.
2043 5421 2400 5490 sicatenardus.
2428 5424 2701 5490 \‘ignjerius
2735 5440 2854 5477 vero
2880 5430 3123 5490 praeterit,
3147 5434 3208 5478 et.
3250 5438 3508 5490 var-laneus

1934 5485 2003 5534 sis
2047 5484 2200 5549 codex
2248 5485 2421 5549 omissa
2466 5486 2638 5549 eadem
2685 5484 2914 5549 particula
2957 5484 3174 5549 irat'ei-t,
3220 5488 3505 5545 columnam:

1934 5545 2377 5609 concupiscentia-it.
2414 5548 2645 5609 Denique
2685 5545 2839 5598 codex
2891 5545 3127 5599 mnam.
3166 5545 3422 5609 amittens,
3457 5562 3501 5609 ει

1935 5604 2388 5670 ευηειᾲ-ὶςεωιιιαηι,
2413 5604 2601 5656 habet':
2633 5619 2765 5660 lianc
2788 5618 2945 5663 autem
2971 5610 3249 5672 toluptatem
3273 5618 3379 5661 ruite
3400 5604 3508 5675 pec;

1935 5676 2112 5719 catum.

2002 5732 2022 5763 ⁵
2055 5737 2160 5777 Mss.
2184 5735 2293 5779 nar.
2322 5737 2373 5779 ct
2393 5730 2533 5786 Clar.,
2559 5730 2674 5781 utile
