4008 6178
386 271 528 328 1095

385 401 438 443 ει
464 385 698 442 indicere
725 381 993 438 miseriam
1021 394 1151 448 pace
1176 376 1406 437 turbata;
1437 372 1556 443 quis
1598 387 1702 424 non
1736 367 1970 437 prudens

392 493 628 548 pugnare
650 473 962 547 perspiciat?
988 470 1061 523 Na
1074 485 1124 522 m
1148 468 1189 520 si
1217 468 1300 521 lex
1333 464 1558 535 peccati,
1591 461 1641 516 id
1661 469 1762 527 est,
1796 474 1973 528 pecca-

390 581 523 634 tum,
554 577 608 623 et
630 548 920 622 necessitas
951 560 1153 631 peccati
1194 557 1449 613 membris
1481 564 1564 610 est
1593 554 1791 608 inserta
1821 559 1974 605 natu-

389 660 594 722 raliter;
625 655 750 728 quid
793 653 1010 724 prodest
1055 665 1161 705 non
1193 650 1241 705 ei
1275 650 1290 680 ¹
1325 647 1566 720 praebere
1597 659 1918 700 consensum
1955 685 1973 712 ,

387 765 508 804 cum
537 759 752 817 propter
775 746 877 799 hoc
903 744 1075 814 ipsum
1110 741 1250 812 quod
1278 751 1360 795 est
1383 781 1399 806 ,
1432 753 1656 794 necesse
1691 737 1762 792 sit
1790 736 1973 792 subire

389 837 732 910 supplicium?
762 837 868 890 Ant
894 836 938 889 si
969 842 1052 888 est
1078 833 1164 886 lex
1187 831 1399 900 quidem
1427 828 1649 898 peccati,
1679 826 1772 880 sed
1803 841 1979 896 quan-

389 931 460 986 do
484 931 532 985 ei
563 945 670 985 non
693 926 973 982 consentio
1001 940 1104 978 non
1136 923 1363 993 peccat’
1394 940 1408 987 ;
1441 918 1830 975 inaestimabilis
1872 933 1974 990 po-

397 1023 558 1076 tentia
580 1019 870 1073 voluntatis
897 1018 1141 1070 humana:
1169 1056 1183 1080 ,
1214 1029 1332 1083 qua:
1365 1013 1428 1083 (si
1453 1011 1558 1065 dici
1586 1010 1861 1081 permittat
1885 1008 1979 1062 ab-

398 1110 648 1184 surditas)
666 1111 807 1180 cogit
825 1110 994 1178 ipsum
1010 1122 1114 1161 non
1131 1120 1351 1175 peccare
1366 1111 1668 1174 peccatum.
1682 1101 1788 1156 Sed
1801 1116 1980 1155 rever-

398 1204 527 1257 titur
549 1217 636 1268 eo,
671 1211 726 1255 ut
754 1199 892 1270 quod
915 1197 1048 1252 dicis
1070 1205 1344 1267 asystaton
1372 1195 1439 1247 sit
1464 1212 1476 1246 :
1512 1208 1634 1246 nam
1661 1192 1703 1245 si
1725 1206 1827 1245 non
1856 1206 1981 1260 pec-

395 1302 502 1358 cat,
528 1307 625 1346 nec
652 1292 734 1346 lex
787 1288 986 1359 peccati
1021 1295 1140 1352 est;
1170 1287 1211 1340 si
1246 1286 1331 1339 lex
1381 1283 1584 1354 peccati
1613 1290 1716 1348 est,
1750 1290 1972 1351 peccat:

393 1387 438 1439 si
463 1399 590 1440 vero
611 1392 815 1455 peccat,
840 1381 1011 1436 solum
1034 1379 1155 1449 quia
1183 1387 1288 1443 est,
1311 1375 1578 1446 quomodo
1595 1376 1642 1429 ei
1672 1373 1860 1429 obsisti
1886 1387 1981 1442 po-

396 1484 498 1529 test
529 1483 709 1528 utnon
741 1480 1010 1543 peccetur,
1035 1483 1154 1538 qua:
1178 1466 1366 1537 repelli
1391 1479 1494 1520 non
1515 1471 1693 1534 potest
1720 1470 1831 1516 uta
1856 1475 1980 1531 pec-

399 1565 500 1619 cati
531 1579 692 1634 opere
716 1563 1010 1616 desinatttr.

468 1658 602 1712 Anc.
642 1655 888 1710 Secundo
919 1652 1054 1707 libro
1085 1659 1174 1706 tuo
1197 1650 1304 1719 jam
1337 1647 1584 1718 respondi
1613 1655 1802 1716 quarto
1831 1659 1973 1712 meo,

400 1755 556 1814 teque
587 1745 760 1798 inania
789 1743 988 1798 dixisse
1013 1741 1217 1796 convici
1257 1759 1270 1794 :
1299 1739 1392 1793 sed
1423 1738 1634 1792 videant
1661 1737 1746 1806 qui
1776 1737 1976 1806 legunt,

400 1846 576 1889 utrum
610 1832 1038 1903 respondendum
1068 1832 1134 1885 sit
1166 1830 1392 1893 homini,
1422 1829 1509 1898 qui
1539 1828 1590 1881 in
1626 1835 1823 1879 tantam
1856 1841 1980 1894 pro-

395 1927 635 1998 greditur
672 1925 930 1979 insaniam
955 1964 971 1990 ,
1013 1931 1071 1976 ut
1111 1937 1231 1976 cum
1279 1919 1508 1974 fateatur
1550 1918 1570 1948 ³
1618 1917 1815 1971 malum
1861 1930 1983 1970 esse

399 2025 694 2086 peccatum,
724 2015 917 2068 bonam
946 2012 968 2045 ⁸
998 2027 1116 2068 esse
1143 2011 1285 2066 dicat
1326 2009 1811 2079 concupiscentiam
1858 2022 1983 2076 pec-

398 2116 659 2162 catormn.
701 2106 766 2160 Et
797 2115 972 2159 tamen
1003 2103 1329 2172 respondere
1358 2101 1746 2170 compellimur,
1793 2099 1982 2153 nolen-

399 2207 479 2251 tes
503 2197 752 2251 desercrc
780 2196 1051 2249 hominum
1080 2192 1289 2263 ingenia
1322 2191 1576 2256 tardiora,
1603 2189 1668 2244 ad
1704 2206 1837 2259 quos
1869 2190 1984 2244 ista:

403 2277 591 2342 litterae
624 2287 890 2356 potuerint
928 2285 1227 2355 pervenire.
1266 2281 1400 2348 Quid
1448 2291 1686 2353 estergo
1713 2280 1853 2349 quod
1899 2281 1981 2335 lo-

399 2379 598 2448 queris,
633 2378 876 2431 nesciens
905 2374 1030 2444 quid
1072 2372 1339 2442 loquaris?
1379 2372 1590 2440 Ergone
1632 2378 1688 2424 et
1731 2371 1782 2423 in
1828 2385 1982 2439 para-

399 2471 517 2523 diso
547 2479 668 2522 ante
700 2465 992 2520 malesuadi
1021 2464 1042 2494 ⁸
1078 2476 1278 2516 venena
1318 2460 1581 2531 serpentis
1602 2500 1616 2522 ,
1647 2469 1772 2512 ante
1801 2472 1988 2511 corru-

404 2569 544 2628 ptam
573 2573 819 2613 sermone
846 2555 1106 2622 sacrilego
1127 2553 1472 2612 voluntatem,
1499 2549 1663 2604 illiciti
1688 2549 1790 2603 cibi
1821 2546 1984 2602 libido

399 2651 506 2719 jam
538 2649 670 2703 fuit?
701 2647 952 2718 et,‘quod
985 2644 1374 2700 intolerabilius
1419 2641 1630 2708 dicitur,
1677 2641 1741 2695 ad
1787 2641 1981 2696 malum

399 2736 762 2808 provocabat,
805 2743 859 2789 ct
889 2734 1025 2787 mala
1054 2747 1160 2787 non
1193 2730 1322 2785 fuit?
1347 2737 1401 2784 et
1427 2729 1674 2785 videbant
1699 2727 1775 2782 illi
1811 2727 1985 2782 homi-

399 2837 497 2878 nes
529 2818 756 2873 fructum
803 2818 926 2887 ligni
960 2813 1248 2888 prohibiti,
1281 2824 1336 2868 et
1363 2812 1770 2882 concupiscebat
1797 2810 1838 2878 °,
1883 2811 1980 2866 sed

398 2919 457 2987 ut
503 2925 605 2963 non
639 2908 1053 2972 manducareut,
1083 2905 1513 2973 concupiscentia
1543 2901 1760 2972 spiritus
1805 2901 1984 2955 carnis

400 3000 843 3069 ('OllCllDlSCCllllll)
860 2997 1206 3067 repugnabat;
1221 2993 1532 3050 ctvivebant
1547 2992 1600 3046 in
1619 2993 1734 3047 loco
1756 2991 1845 3045 illo
1862 3000 1948 3044 tan
1961 3020 1981 3029 -

355 3101 369 3114 ‘
403 3103 468 3145 ta:
493 3089 832 3146 beatitudinis
859 3105 960 3141 non
990 3087 1246 3140 habentes
1267 3085 1320 3139 in
1345 3099 1404 3140 se
1428 3083 1556 3154 ipsis
1577 3097 1760 3153 pacem
1791 3081 1983 3136 mentis

401 3190 455 3237 et
483 3179 756 3250 corporis?
790 3178 903 3232 Non
937 3193 1104 3248 usque
1129 3176 1262 3230 adeo
1296 3174 1576 3232 dementes
1617 3173 1766 3236 estis,
1800 3185 1854 3228 ut
1882 3173 1982 3226 ista

400 3273 664 3337 credatis;
709 3287 813 3324 non
847 3284 1014 3338 usque
1042 3268 1176 3323 adeo
1207 3265 1559 3337 impudentes,
1591 3273 1648 3323 ut
1692 3265 1789 3319 ista
1833 3265 1982 3319 dica-

405 3365 494 3418 tis.
545 3365 682 3434 Ergo
727 3361 1027 3431 intelligite,
1079 3359 1162 3413 vel
1209 3357 1626 3427 intelligentibus
1667 3355 1981 3425 obstrepere
2041 3365 2046 3368 '

408 3471 542 3510 vana
569 3454 885 3525 loquacitate
911 3453 1091 3506 nolite.
1122 3450 1396 3505 Praecessit
1425 3449 1559 3502 mala
1589 3448 1856 3513 voluntas,
1881 3462 1982 3517 qua

403 3546 637 3615 serpenti
664 3543 888 3598 subdolo
917 3541 1256 3605 crederetur;
1286 3547 1340 3594 et
1364 3549 1545 3600 secuta
1574 3547 1657 3594 est
1687 3538 1822 3592 mala
1854 3552 1982 3591 con-

403 3635 752 3710 cupiscentia,
781 3647 880 3702 qua
911 3632 1031 3686 cibo
1068 3628 1361 3685 inhiaretur
1399 3627 1604 3683 illicito.
1646 3626 1760 3684 Non
1806 3627 1982 3696 itaque

404 3727 474 3780 ibi
503 3725 903 3797 qualiscumque
930 3721 1192 3792 cupiditas
1218 3721 1589 3792 qualicumque
1616 3719 1872 3775 reluctata
1899 3730 1983 3774 est

404 3815 696 3881 voluntati;
733 3814 826 3870 sed
858 3815 906 3869 ei
952 3814 1128 3885 potius
1165 3812 1466 3882 depravata;
1496 3813 1514 3844 ⁷
1555 3811 1838 3882 depravata
1869 3826 1984 3868 ser-

403 3910 552 3964 vivit.
582 3910 657 3964 Ac
681 3924 776 3980 per
802 3907 905 3967 hoc
931 3905 1174 3979 quamvis
1195 3905 1308 3976 jam
1354 3893 1576 3975 utraque
1620 3905 1757 3958 mala
1801 3914 1977 3969 esset,

406 4011 583 4061 tamen
608 4002 853 4057 voluntas
878 3999 1244 4069 cupiditatem,
1283 4012 1386 4052 non
1426 3997 1750 4052 voluntatem
1779 3995 1984 4066 cupidi-

410 4105 489 4152 tas
515 4093 700 4151 duxit:
736 4107 839 4146 non
874 4090 1144 4161 praecessit
1171 4089 1514 4154 voluntatem,
1545 4103 1643 4143 nec
1665 4087 1860 4142 restitit
1886 4101 2004 4140 vo~

408 4185 615 4244 luntati.
644 4183 902 4253 Denique,
929 4182 971 4235 si
999 4190 1120 4235 ante
1146 4181 1348 4251 peccati
1375 4179 1885 4233 consummationem
1915 4177 1983 4231 ab

399 4293 566 4354 opere
609 4276 793 4330 illicito
822 4280 1166 4327 averteretur
1193 4271 1457 4331 voluntas,
1489 4269 1604 4327 sine
1651 4269 1832 4324 labore
1874 4269 1983 4323 ullo

401 4369 667 4442 cupiditas
711 4365 892 4423 illicita
949 4362 1247 4419 sedaretur.
1301 4362 1432 4416 lline
1459 4363 1480 4394 ³
1527 4362 1749 4431 loquens
1793 4362 1982 4417 beatus

406 4459 754 4518 Ambrosius:
795 4478 812 4511 ‹
849 4457 1008 4523 Caro,
1047 4475 1065 4508 ι
1099 4454 1286 4524 inquit,
1326 4471 1344 4503 (
1379 4453 1431 4506 in
1465 4461 1705 4506 naturam
1740 4467 1981 4523 regressa

409 4545 600 4626 vigeris
633 4554 734 4616 sui,
764 4551 1004 4622 agnoscit
1043 4548 1315 4609 altricem;
1362 4555 1519 4616 atque
1565 4560 1694 4601 ausu
1737 4545 1982 4616 deposito

404 4644 776 4708 contumacia',
817 4636 1236 4695 moderationis9
1277 4637 1468 4689 anima:
1503 4635 1816 4706 eonjugatnr
1840 4637 1981 4691 arbi-

406 4738 544 4792 trio:
578 4735 750 4805 qualis
778 4733 900 4798 fuit,
947 4747 1066 4786 eum
1114 4728 1453 4783 inhabitanda
1503 4727 1729 4797 paradisi
1773 4737 1977 4784 secreta

407 4827 661 4896 suscepit,
703 4833 985 4894 antequam
1013 4834 1219 4877 veneno
1261 4817 1494 4888 pestiferi
1542 4820 1802 4888 serpentis
1842 4819 1976 4876 infe-

401 4930 482 4974 cta
514 4917 823 4988 sacrilegam
867 4915 1058 4970 famem
1097 4913 1290 4970 sciret.
1321 4910 1728 4981 divinorumque
1772 4926 1975 4966 memo-

465 5029 481 5059 ί
498 5027 636 5086 Fditi,
658 5024 876 5084 (namss,
891 5023 956 5076 ei.

461 5091 484 5157 ξ
507 5096 1020 5157 διῃχιιετμιοηρεσςο.

465 5152 487 5183 ³
516 5145 1043 5213 Editi,utconﬁ_teatur.
1090 5153 1217 5207 uss,
1247 5150 1298 5195 ut
1329 5158 1440 5195 cum
1473 5145 1694 5207 rideatur.

463 5212 483 5244 δ
505 5212 665 5262 Codex
690 5210 842 5261 ναις
860 5210 1046 5259 bonum.

461 5275 483 5306 ⁸
508 5283 611 5326 Mss.
637 5280 748 5327 alar.
775 5277 828 5321 et
861 5271 1003 5328 Clam,
1036 5267 1330 5320 nutlesuada.
1363 5276 1507 5325 Port.,
1528 5264 1825 5328 rnmlesuusa.

399 5335 482 5442 “f
499 5335 640 5442 llfxliti,
666 5331 1075 5396 cmtcupiscebant.
1102 5339 1156 5380 Αι
1185 5338 1313 5390 Mss,
1337 5327 1709 5390 concupiscebat.
1739 5327 1876 5378 Itefer
1914 5328 1973 5377 ad

418 5409 429 5441 1
449 5410 494 5442 ll!
515 5410 663 5442 1110111.
1181 5421 1184 5424 ’

418 5409 512 5442 111111
579 5411 595 5428 ³
650 5431 663 5448 ,
1181 5421 1184 5424 ’

464 5457 482 5487 ⁷
503 5410 716 5506 diligitis
735 5456 968 5517 omissum
981 5453 1157 5514 fuerat,
1180 5454 1467 5517 depravare.

461 5517 483 5554 ³
499 5520 634 5576 Fditi,
657 5518 745 5568 sic.
769 5524 895 5575 Mss,
920 5515 1047 5566 hinc.

463 5579 492 5643 ’ν
507 5573 633 5643 apud
660 5573 968 5643 Ambrosium,
986 5590 1170 5628 necnon
1189 5589 1262 5641 sui
1278 5589 1349 5636 ra,
1373 5575 1456 5627 lib.
1483 5575 1514 5630 Ξ
1534 5583 1697 5626 eontra
1720 5573 1974 5634 Julianum,

407 5651 451 5686 n.
477 5641 553 5699 10,
575 5641 882 5691 moderantis.

1056 261 1300 318 OPEIHS
1343 253 1751 312 lllPliRFECTl
1791 250 2064 308 CONTRA
2106 249 2465 317 JULIANUM,
2509 249 2545 306 S
2609 248 2975 308 AUGUSTINI

3525 251 3662 308 1096

2086 366 2217 419 riam
2251 375 2631 436 prmceptorum
2663 368 2854 420 anima:
2879 363 3124 420 sensibus
3153 362 3504 420 inhasrentem
3534 366 3669 422 eda-

2084 457 2263 509 citatis
2309 457 2485 510 studio
2528 457 2842 526 prmteriret.
2895 456 3030 510 llinc
3087 465 3362 526 peccatum
3415 471 3664 513 manasse

2086 547 2326 615 proditur
2349 549 2384 612 ',
2419 557 2666 617 tanquam
2706 562 2932 617 corpore
2968 547 3250 616 animaque
3288 548 3619 615 genitoribus
3648 567 3663 603 :

2076 638 2211 693 dum
2237 641 2478 709 corporis
2505 651 2688 696 natura
2717 651 2970 708 tentatur,
2997 643 3170 696 anima
3198 642 3336 698 male
3362 656 3490 698 sana
3514 658 3672 699 com-

2087 734 2318 802 patitur;
2347 750 2467 804 qua:
2493 735 2536 788 si
2565 737 2928 804 appetentiam
2955 735 3198 805 corporis
3235 735 3578 802 relrcnasset,
3612 736 3665 793 in

2087 824 2204 894 ipso
2229 834 2348 878 ortu
2375 834 2518 880 esset
2542 825 2798 880 exstincta
2827 826 2976 895 origo
3012 825 3217 896 peccati
3265 844 3283 877 ι
3314 825 3463 896 (Lib.
3507 827 3537 880 7
3563 867 3577 888 .
3619 827 3676 880 in

2086 914 2212 968 Luc.
2239 931 2335 980 xn,
2365 915 2478 986 52).
2510 915 2738 970 Videsne
2763 916 3209 985 quemadmodum
3235 915 3423 970 doctor
3445 917 3672 972 catholi-

2086 1019 2201 1072 cus,
2231 1013 2287 1059 et
2309 1005 2595 1060 christiana
2627 1006 2882 1073 sapientia
2911 1005 3166 1075 praeditus
3186 1047 3200 1070 ,
3237 1006 3404 1074 ipsam
3435 1005 3537 1060 cibi
3571 1007 3676 1060 illi.

2086 1095 2176 1148 citi
2207 1096 2712 1164 concupiscentiam,
2755 1111 2912 1166 quam
2959 1105 3011 1150 tu
3037 1137 3053 1162 ,
3098 1096 3142 1150 si
3186 1112 3293 1152 non
3333 1098 3673 1166 permittatur

2087 1185 2310 1254 implere
2348 1186 2486 1256 quod
2531 1187 2768 1256 appetit,
2813 1187 3008 1241 asseris
3039 1187 3377 1242 innocentem
3402 1226 3419 1252 ,
3457 1186 3568 1256 jam
3599 1189 3674 1243 fa-

2088 1293 2228 1331 mem
2257 1278 2568 1348 sacrilegam
2601 1276 2955 1347 nuncupavit?
2982 1278 3050 1332 Et
3091 1287 3266 1331 tamen
3295 1277 3341 1329 si
3368 1278 3545 1332 anima
3569 1281 3676 1332 nti-

2088 1383 2192 1436 que
2233 1369 2505 1423 voluntate
2534 1380 2798 1433 correcta,
2852 1368 2988 1422 hanc
3022 1366 3381 1436 appetentiam
3431 1368 3673 1436 corporis

2088 1457 2427 1524 refrcuassct,
2478 1460 2528 1512 in
2573 1460 2724 1528 ipso,
2756 1469 2812 1512 ut
2851 1459 2961 1524 ait,
2994 1467 3182 1513 exortu
3226 1458 3487 1512 exstincta
3530 1467 3676 1512 esset

2088 1553 2239 1623 origo
2259 1553 2460 1622 peccati
2486 1572 2500 1608 :
2528 1553 2620 1608 sed
2636 1555 2884 1623 quoniam
2915 1568 3018 1608 non
3048 1568 3293 1624 represso
3309 1555 3329 1586 ²
3347 1554 3582 1623 appetitu
3610 1554 3674 1608 il-

2089 1645 2216 1699 liciti
2256 1645 2401 1711 cibi,
2445 1645 2509 1698 ad
2554 1646 2753 1714 peccati
2804 1645 3318 1700 consummationem
3360 1653 3671 1714 perventum

2089 1749 2198 1805 est;
2228 1754 2333 1792 non
2362 1737 2620 1792 exstincta
2646 1746 2728 1791 est
2755 1736 2906 1806 origo
2937 1736 3159 1806 peccati,
3185 1735 3279 1790 sed
3305 1735 3466 1790 etiam
3493 1750 3673 1790 mana-

2089 1833 2164 1884 vit
2188 1832 2239 1884 in
2267 1838 2544 1900 posteros:
2572 1837 2628 1884 et
2653 1838 2793 1882 tanta
2826 1838 2907 1882 est
2930 1828 3106 1882 carnis
3129 1836 3184 1882 et
3219 1827 3441 1896 spiritus
3465 1826 3672 1881 dissen-

2089 1923 2170 1976 sio
2194 1923 2495 1985 subsecuta,
2522 1929 2582 1974 ut
2610 1920 2662 1973 in
2707 1927 2973 1982 naturam,
3021 1918 3158 1972 sicut
3185 1919 3324 1973 idem
3356 1919 3544 1972 doctor
3566 1919 3673 1972 alio

2089 2014 2208 2069 loco
2230 2013 2379 2078 dicit,
2409 2027 2503 2082 per
2536 2011 3024 2082 praevaricationem
3056 2009 3211 2079 primi
3242 2009 3474 2067 hominis
3498 2018 3676 2064 verte.

2090 2115 2237 2160 retur
2266 2103 2450 2176 (Ibid.,
2481 2121 2532 2157 η.
2563 2103 2710 2173 Ml).
2742 2101 2846 2157 Sed
2877 2112 2929 2155 tu
2958 2101 3215 2157 adversus
3239 2100 3371 2166 haec,
3407 2119 3427 2152 ‹
3461 2111 3677 2156 natura.

2093 2195 2199 2251 lem
2239 2211 2360 2250 esse
2404 2183 2640 2248 omnium
2687 2208 2938 2248 sensuum
2985 2193 3312 2263 voluptatem
3366 2193 3676 2247 testimonio

2091 2287 2454 2342 universitatis
2483 2286 2675 2341 docere
2703 2294 2754 2339 te
2791 2302 2810 2336 ι
2843 2284 2976 2338 dicis
3009 2301 3022 2338 :
3067 2283 3219 2355 quasi
3248 2298 3354 2338 non
3397 2291 3580 2353 posset
3621 2283 3674 2337 in

2091 2394 2338 2449 corpore,
2379 2393 2484 2432 non
2535 2378 2721 2432 mortis
2752 2375 2943 2445 hujus,
2977 2375 3072 2430 sed
3100 2375 3221 2432 vitae
3249 2375 3408 2439 illius,
3455 2375 3523 2428 ita
3556 2388 3677 2429 esse

2091 2471 2328 2526 omnium
2383 2484 2636 2525 sensuum
2682 2468 2923 2536 voluptas
2989 2475 3191 2520 natura:
3251 2465 3566 2530 sufﬁciens,
3619 2474 3677 2520 ut

2091 2576 2299 2617 summa
2326 2561 2377 2614 iu
2404 2560 2524 2629 jura
2554 2559 2576 2590 ⁸
2605 2558 2814 2612 virtutis
2843 2557 3004 2610 animi
3035 2555 3317 2624 carnisque
3355 2554 3672 2619 concordia,

2091 2653 2236 2709 nulla
2274 2651 2777 2721 concupiscerentur
2807 2647 3009 2702 illicita.
3040 2645 3084 2701 Ο
3128 2661 3284 2714 quam
3315 2645 3537 2698 multum
3583 2659 3668 2698 cr-

2091 2759 2201 2812 ras,
2229 2744 2318 2816 qui
2346 2759 2413 2799 ex
2441 2744 2560 2808 ista,
2587 2755 2706 2812 quze
2733 2752 2876 2794 nunc
2901 2746 3004 2805 est,
3039 2735 3480 2805 corruptibilitatc
3517 2742 3677 2801 atque

2092 2829 2398 2882 iutirmitate
2423 2835 2627 2879 natum
2649 2835 2860 2878 sanctas
2882 2819 3340 2892 paradisidelicias
3353 2827 3512 2888 atque
3529 2818 3674 2874 illam

2094 2917 2472 2972 beatitudinem
2498 2914 2750 2981 conjicis!
2775 2912 2890 2967 Alia
2915 2920 3033 2967 erat
3057 2911 3143 2966 illa
3169 2908 3562 2974 immortalitas,
3585 2909 3674 2962 ubi

2093 3025 2256 3066 nomo
2283 3019 2485 3080 poterat
2512 3024 2616 3062 non
2646 3007 2780 3062 mori
2806 3024 2820 3061 :
2847 3006 2947 3060 alia
3001 3011 3086 3059 est
3112 3004 3208 3058 ista
3237 3001 3554 3068 mortalitas,
3583 3000 3674 3055 ubi

2092 3103 2256 3158 homo
2284 3117 2390 3155 non
2419 3109 2592 3170 potest
2621 3099 2722 3152 nisi
2751 3098 2883 3152 mori
2909 3114 2922 3148 :
2954 3097 3054 3150 alia
3081 3095 3185 3150 erit
3209 3109 3413 3148 summa
3459 3093 3674 3146 immora

2092 3192 2292 3255 talitas,
2327 3191 2414 3246 ubi
2445 3191 2606 3245 homo
2635 3205 2739 3244 non
2769 3187 2961 3260 poterit
3003 3186 3161 3241 mori.
3205 3185 3340 3253 Quid
3389 3184 3564 3254 litigas
3605 3182 3675 3240 de

2091 3282 2520 3353 concupiscentia
2547 3281 2807 3350 litigante,
2837 3278 2937 3332 hoc
2961 3286 3060 3342 est,
3091 3276 3159 3331 de
3189 3276 3305 3345 lege
3330 3275 3382 3329 in
3421 3275 3677 3330 membris

2092 3385 2422 3446 repugnante
2467 3373 2569 3442 legi
2619 3370 2845 3425 mentis?
2889 3369 2995 3423 Lex
3039 3369 3242 3436 peccati
3295 3365 3507 3429 dicitur,
3553 3365 3674 3434 quia

2091 3466 2280 3520 suadet
2308 3471 2520 3534 peccata
2558 3472 2737 3531 atque,
2769 3469 2827 3516 ut
2864 3460 2933 3513 ita
2960 3458 3207 3522 dixerim,
3248 3455 3432 3525 jubet;
3469 3466 3524 3511 et
3551 3455 3673 3510 sici

2092 3564 2272 3612 mente
2301 3555 2582 3618 serviatur,
2626 3553 2742 3606 sine
2785 3549 3127 3606 excusatione
3171 3555 3438 3618 peccatur.
3480 3545 3678 3600 Pecca-

2094 3657 2204 3703 tum
2229 3647 2447 3712 dicitur,
2475 3648 2596 3715 quia
2629 3651 2848 3714 peccato
2888 3640 3022 3694 facta
3059 3645 3164 3706 est,
3203 3638 3510 3708 appetitque
3548 3649 3675 3706 per.-

2090 3757 2234 3796 earc.
2277 3740 2475 3794 Beatus
2503 3737 2620 3807 ejus
2645 3734 3047 3806 regeneratione
3087 3732 3295 3787 solutus
3338 3737 3442 3795 est,
3481 3727 3674 3783 conﬂi-

2090 3844 2206 3889 ctus
2233 3831 2350 3901 ejus
2376 3830 2442 3884 ad
2469 3843 2692 3899 agonem
2723 3827 2939 3882 relictus
2962 3833 3065 3881 est.
3092 3824 3287 3879 Malum
3327 3830 3426 3886 est,
3469 3822 3674 3876 clarum

2089 3933 2190 3980 est.
2221 3922 2338 3977 Non
2358 3920 2557 3975 viribus
2587 3928 2782 3973 nostrae
2801 3917 3112 3998 voluntatis,
3143 3924 3203 3971 ut
3229 3926 3401 3985 putas,
3427 3913 3552 3968 huic
3578 3912 3674 3967 ob-

2089 4018 2347 4080 sistimus,
2371 4015 2470 4070 nisi
2498 4013 2749 4068 divinitus
2779 4001 3114 4079 adjuvantur.
3151 4006 3530 4062 Debellandum
3572 4005 3674 4060 hoc

2090 4112 2286 4167 malum
2325 4117 2428 4175 est,
2469 4096 2575 4162 non
2603 4103 2901 4175 negandum
2933 4119 2945 4154 :
2975 4101 3294 4156 vincendum
3323 4107 3425 4166 est,
3454 4113 3560 4152 non
3578 4099 3672 4153 de-

2092 4200 2432 4258 fendendum.
2467 4198 2763 4262 P0strcmo,
2791 4195 2834 4248 si
2864 4194 2912 4248 ei
2941 4192 3246 4258 consentis,
3277 4191 3474 4245 malum
3501 4205 3671 4261 agno-

2089 4311 2178 4351 sce
2224 4292 2542 4365 peccando:
2584 4291 2631 4346 si
2679 4289 2728 4345 ei
2781 4287 3016 4348 resistis.
3059 4285 3256 4340 malum
3297 4298 3528 4356 agnosce
3574 4298 3673 4353 pu-

2087 4386 2318 4459 gnando.

2161 4477 2370 4534 LXXII.
2410 4475 2528 4531 Jun.
2568 4472 2665 4529 Vel
2705 4469 2831 4544 quid
2862 4467 3080 4540 prodest
3107 4467 3221 4537 ejus
3261 4465 3340 4520 rei
3369 4463 3625 4521 modestia
3648 4506 3665 4530 ,

2087 4572 2239 4642 cujus
2262 4576 2477 4624 accusat
2500 4581 2561 4622 se
2601 4565 2712 4635 ipsa
2755 4560 3076 4633 praesentia?
3102 4557 3236 4614 Vide
3261 4573 3535 4628 ergo_quo
3581 4568 3667 4611 tua

2085 4662 2328 4719 acumina
2359 4658 2736 4730 provehantur.
2761 4655 2962 4720 Primo,
2987 4653 3108 4724 quia
3130 4660 3315 4722 peccat
3341 4660 3525 4702 natura
3551 4664 3670 4704 sxue

2086 4757 2356 4810 voluntate
2382 4771 2395 4806 :
2423 4748 2563 4820 quod
2609 4763 2712 4801 non
2744 4754 2937 4815 potest.
2973 4741 3239 4803 Secundo,
3273 4741 3393 4810 quia
3424 4749 3508 4794 εει
3546 4755 3670 4810 pec-

2083 4861 2283 4910 catum,
2311 4853 2366 4900 ct
2394 4859 2498 4898 non
2525 4849 2730 4912 peccat,
2762 4838 2812 4893 id
2842 4846 2945 4901 est,
2974 4835 3077 4890 una
3101 4848 3188 4888 res
3214 4843 3317 4898 est,
3347 4844 3400 4888 et
3431 4849 3535 4886 non
3561 4843 3664 4887 est.

2085 4937 2310 5000 Deinde,
2339 4934 2548 5006 quando
2577 4931 2754 4986 turbat
2783 4943 2966 4999 pacem
2990 4967 3007 4993 ,
3055 4925 3374 4980 miserabilis
3413 4931 3514 4991 est,
3567 4938 3668 4978 nec

2085 5047 2181 5100 pro
2210 5041 2355 5084 tanto
2381 5027 2605 5082 crimine
2633 5022 2879 5094 plectitur
2899 5019 3168 5088 dissipatte
3189 5019 3382 5088 quietis
3405 5035 3420 5073 :
3447 5017 3664 5087 quando

2081 5133 2258 5179 autem
2290 5119 2496 5192 perﬁcit
2527 5116 2890 5186 iniquitatem,
2921 5111 3238 5166 damnabilis
3281 5120 3382 5166 est.
3426 5109 3530 5166 Sed
3574 5109 3661 5163 lex

2081 5216 2280 5286 peccati
2307 5213 2444 5267 sicut
2464 5217 2701 5265 meretur
2719 5207 2831 5276 ipsa
2854 5211 3201 5268 tormentum,
3227 5201 3297 5258 ita
3324 5209 3544 5257 excusat
3567 5199 3665 5255 ho-

2081 5307 2243 5363 minis
2269 5305 2612 5359 voluntatem.
2644 5299 2777 5369 Quia
2815 5298 2899 5354 lex
2927 5306 2981 5352 ct
3013 5311 3248 5368 cogens,
3273 5304 3330 5351 et
3371 5291 3662 5362 naturalis.

2146 5510 2163 5542 ί
2189 5507 2260 5557 sic
2283 5513 2386 5555 Mss.
2415 5502 2530 5551 Εὸἱιὶ
2548 5513 2684 5556 vero,
2709 5495 3013 5560 prwdicitur.

2147 5573 2166 5603 ²
2189 5567 2348 5630 Codex
2377 5574 2507 5623 Man,
2533 5561 2837 5631 reprehenso.

2149 5634 2169 5664 ³
2192 5632 2263 5680 sic
2283 5625 2388 5678 Stss.
2419 5635 2468 5676 At
2495 5625 2628 5682 editi,
2648 5625 2849 5684 injuria.
