4010 6186
261 363 394 421 ιιιεη

255 491 307 531 et
333 489 603 546 nunquam
645 473 936 539 recedens,
976 474 1213 545 superari
1261 473 1439 545 utique
1482 488 1513 528 a
1559 475 1831 528 voluntate

253 583 359 621 non
389 575 600 636 potest:
630 575 683 620 et
709 580 865 619 nemo
893 576 1112 635 propter
1149 565 1252 621 hoc
1287 580 1413 620 reus
1438 575 1541 632 est,
1572 565 1710 634 quod
1752 564 1835 617 vi-

253 670 368 713 tare
397 675 502 713 non
531 659 719 729 potuit.
750 657 855 713 Sed
885 673 982 713 nec
1010 659 1121 728 ipsa
1150 658 1238 714 lex
1284 665 1467 727 peccat
1492 674 1503 710 :
1535 658 1656 727 quia
1687 655 1828 710 aliud

253 748 428 802 facere
467 764 574 801 non
620 748 808 817 potuit.
857 747 996 802 Deus
1040 758 1215 802 autem
1263 747 1584 802 inevitabilia
1615 749 1630 779 ‘
1666 744 1829 800 reatu]

255 838 542 903 adscribit;
568 854 665 894 nec
694 847 750 891 ut
778 836 879 891 hoc
906 848 1108 892 tantum
1137 840 1260 892 mali
1288 839 1464 899 faciat,
1495 837 1563 891 ab
1592 837 1699 890 ullo
1741 853 1825 891 εον

252 928 395 998 gitur
419 946 433 982 :
459 929 711 983 omnibus
740 928 898 997 igitur
923 929 1202 996 absolutis,
1234 929 1319 983 hic
1346 929 1490 983 solus
1517 928 1569 982 in
1610 928 1832 984 crimine

254 1020 542 1089 reperitur,
569 1021 657 1091 qui
688 1021 819 1075 mira
850 1020 1023 1075 fronte
1053 1021 1274 1091 imputat
1296 1022 1412 1075 aliis
1438 1022 1831 1088 necessitatem,

252 1124 372 1164 cum
405 1110 523 1180 ipse
566 1110 682 1166 sine
726 1112 1046 1166 necessitate
1092 1111 1383 1183 delinquat.
1431 1111 1599 1167 Macte
1642 1112 1835 1168 virtute

257 1199 578 1269 prudentiae,
604 1198 932 1256 nobilissime
958 1200 1276 1270 disputator,
1314 1202 1404 1274 qui
1438 1202 1693 1273 gradibus
1729 1202 1836 1256 Pu-

252 1291 389 1347 nica:
412 1291 708 1356 dialexeos,
739 1300 797 1347 ut
821 1294 1225 1349 eommendares
1247 1293 1407 1360 dona,
1436 1293 1671 1349 evertisti
1693 1292 1836 1364 judi-

255 1380 372 1446 cia;
403 1388 465 1435 ut
501 1383 781 1437 simulares
824 1384 1086 1454 gratiam,
1132 1384 1386 1440 subruisti
1429 1384 1725 1453 justitiam;
1777 1393 1837 1439 ut

252 1472 544 1528 infamares
566 1483 828 1537 naturam,
856 1476 1169 1530 criminatus
1191 1491 1251 1529 es
1282 1474 1553 1529 hominum
1583 1474 1837 1529 Condito-

254 1576 406 1626 rem;
434 1572 490 1616 et
518 1561 589 1615 ita
615 1562 929 1617 criminatus
956 1578 1016 1617 es
1035 1604 1049 1628 ,
1080 1574 1135 1618 ut
1164 1580 1268 1617 non
1301 1564 1470 1618 solum
1502 1563 1679 1633 aliquo
1708 1578 1835 1633 pec-

254 1653 554 1714 catore,sed
578 1653 688 1722 ipsa
710 1654 827 1723 lege
847 1655 1071 1724 peccati,
1087 1655 1230 1709 Deus
1252 1666 1371 1708 tuus
1394 1657 1666 1709 nocentior
1683 1670 1839 1725 appa-

253 1754 415 1797 reret.
435 1744 500 1798 Et
517 1754 634 1813 post
657 1745 770 1800 haec
793 1747 1159 1814 profanissime
1174 1747 1448 1801 catholicis
1472 1747 1836 1804 sacerdotibus

250 1838 550 1891 convicium
583 1836 733 1903 facis,
762 1848 818 1892 ut
847 1838 993 1892 dicas
1020 1854 1113 1893 eos
1142 1854 1334 1909 negare
1360 1838 1579 1906 gratiam
1612 1838 1830 1907 Christi,

250 1926 402 1995 cujus
440 1927 742 1996 aequitatem
770 1937 1015 1982 tuentur:
1043 1943 1163 1982 cum
1194 1943 1291 1982 nos
1321 1925 1595 1981 laudemus
1618 1927 1833 1997 quidem

247 2019 587 2074 clementiam
617 2021 994 2084 remediorum,
1018 2019 1111 2075 sed
1134 2020 1309 2089 legum
1333 2028 1581 2074 manente
1603 2019 1831 2087 justitia.

316 2112 457 2166 Avo.
523 2111 733 2168 Utinam
778 2114 1071 2168 catholicos
1118 2128 1437 2182 agnosceres
1494 2113 1832 2181 sacerdotes,

249 2200 334 2268 qui
368 2201 529 2270 longe
573 2202 882 2272 priusquam
910 2192 1033 2257 esse
1063 2202 1323 2271 coepistis,
1352 2202 1600 2257 dixerunt
1641 2219 1837 2259 concu-

254 2291 569 2357 piscentiam
613 2293 809 2354 carnis,
849 2307 970 2361 qua:
1010 2292 1340 2362 concupiscit
1380 2292 1635 2348 adversus
1676 2295 1836 2362 spiri-

255 2392 382 2447 tum,
417 2381 667 2449 quamvis
697 2381 952 2435 advcrsns
982 2398 1098 2436 eam
1131 2383 1289 2437 etiam
1320 2384 1536 2450 Spiritus
1578 2388 1834 2454 concupi-

250 2485 379 2538 seat,
407 2490 531 2543 qua:
560 2474 642 2529 lex
681 2475 994 2545 intelligitur
1018 2490 1136 2528 esse
1180 2477 1403 2544 peccati,
1439 2476 1690 2530 resistens
1734 2478 1833 2548 legi

252 2567 444 2621 mentis
473 2575 591 2634 post
619 2576 892 2636 peccatum
923 2566 1064 2636 quod
1105 2567 1155 2621 in
1197 2567 1443 2636 paradiso
1476 2577 1832 2636 perpetratum

251 2668 350 2723 est,
382 2657 670 2711 humanam
697 2657 909 2711 vitiasse
938 2668 1179 2711 naturam
1207 2675 1219 2710 :
1250 2656 1391 2712 unde
1415 2658 1530 2712 sine
1555 2658 1642 2711 illa
1675 2660 1834 2715 modo

253 2750 491 2803 nascitur
519 2764 712 2813 nemo;
744 2749 899 2818 eique
927 2749 1145 2817 Spiritus
1174 2748 1491 2803 adversatur
1520 2751 1575 2803 in
1603 2752 1829 2818 sanctis,

255 2850 311 2893 ιιι
329 2839 475 2907 jnste
496 2840 694 2904 vivant,
722 2839 1004 2910 pugnando
1031 2848 1213 2893 contra
1247 2838 1410 2902 illam,
1438 2839 1611 2894 donec
1648 2839 1832 2909 perfe-

248 2942 330 2986 cta
360 2932 597 2985 hominis
626 2932 820 2995 salute,
862 2941 915 2986 et
943 2946 1105 2986 carne
1135 2947 1255 2986 cum
1297 2932 1483 3002 spiritu
1529 2932 1833 3000 plenissime

248 3024 607 3079 concordante
655 3024 764 3093 jam
818 3039 921 3077 non
977 3023 1065 3078 sit.
1133 3023 1269 3077 Dicit
1319 3024 1677 3087 Ambrosius,
1739 3038 1867 3092 per,

247 3113 740 3183 praevaricationem
796 3114 949 3182 primi
998 3111 1232 3167 hom‘inis
1286 3113 1338 3167 in
1406 3122 1646 3166 naturam
1707 3128 1831 3167 ver-

250 3205 376 3258 tisse
421 3204 808 3259 dissensionem
860 3205 1037 3257 carnis
1072 3213 1126 3257 et
1167 3203 1422 3273 Spiritus;
1472 3217 1696 3272 eamque
1719 3203 1830 3258 dis-

245 3293 552 3347 sensionem
583 3294 662 3347 sic
685 3294 707 3325 ³
732 3292 1023 3364 Cyprianus
1049 3291 1300 3356 ostendit,
1331 3292 1382 3346 in
1408 3306 1514 3361 quo
1542 3292 1709 3346 Ρωιιο
1731 3292 1831 3346 Ριι-

247 3385 419 3439 uicani
477 3384 750 3445 dialexim,
784 3394 840 3437 ut
882 3393 1029 3453 puto,
1074 3385 1296 3439 irridere
1339 3399 1443 3438 non
1474 3384 1662 3447 audes,
1688 3384 1832 3452 quod

247 3472 423 3527 facere
451 3478 504 3527 in
536 3491 623 3527 me
644 3489 806 3528 ausus
833 3489 931 3528 es:
964 3492 983 3525 ι
1024 3473 1151 3540 Est,
1188 3492 1206 3525 ι
1249 3475 1455 3543 inquit,
1488 3493 1507 3526 s
1545 3475 1684 3529 inter
1708 3490 1830 3529 car-

247 3578 368 3619 Iem
398 3574 453 3619 et
483 3563 730 3634 spiritum
759 3564 1084 3627 colluctatio,
1108 3576 1162 3618 et
1186 3564 1615 3621 discordantibus
1641 3565 1832 3621 adver-

247 3670 363 3708 sum
390 3670 450 3708 se
481 3656 705 3709 invicem
746 3655 1049 3724 quotidiana
1095 3657 1425 3724 congressio,
1475 3666 1531 3709 ut
1576 3674 1681 3710 non
1706 3674 1829 3727 quae

247 3747 495 3801 volumus
525 3746 637 3813 ipsa
669 3746 947 3811 faciamus,
994 3746 1120 3801 dum
1147 3747 1366 3815 spiritus
1394 3747 1629 3801 cwlestia
1657 3758 1711 3801 et
1751 3747 1833 3801 di-

248 3838 366 3891 vina
390 3836 607 3908 quaerit,
632 3852 758 3891 caro
788 3848 996 3893 terrena
1020 3846 1076 3891 et
1099 3836 1374 3893 swcularia
1400 3837 1727 3906 concupiscit
1746 3855 1759 3891 :
1777 3847 1834 3893 et

249 3926 366 3982 ideo
394 3927 625 3997 petimus
652 3927 791 3982 inter
813 3926 919 3983 duo
949 3928 1203 3997 ista,_0pe
1230 3935 1286 3981 et
1325 3925 1527 3985 auxilio
1565 3927 1659 3982 Dei
1697 3942 1830 3982 con-

249 3993 486 4073 cordiam
516 4018 654 4083 ﬁeri,
681 4026 740 4072 ιιι
762 4016 886 4071 dum
913 4027 967 4072 et
992 4018 1045 4072 in
1070 3993 1262 4086 gpiritu
1288 4024 1343 4070 et
1367 4017 1420 4072 in
1451 4032 1613 4072 carne
1636 4018 1826 4074 volun-

249 4118 329 4163 tas
355 4109 450 4163 Dei
475 4109 700 4177 geritur,
724 4123 842 4178 qua:
867 4123 965 4178 per
990 4123 1112 4161 eum
1140 4116 1321 4162 renata
1346 4116 1428 4162 est
1452 4108 1627 4163 anima
1651 4124 1831 4164 serve-

249 4212 352 4257 tur.
379 4201 534 4268 Quod
561 4210 745 4270 aperte
769 4210 929 4271 atque
957 4199 1236 4254 manifeste
1262 4199 1548 4268 Apostolus
1578 4214 1674 4254 sua
1700 4215 1831 4256 voce

249 4294 523 4350 declarat:
558 4294 710 4358 Caro,
740 4294 928 4363 inquit,
954 4292 1261 4362 concupiscit
1289 4292 1526 4346 adversus
1552 4292 1788 4362 spiritum
1810 4332 1826 4355 ,

249 4393 297 4438 et
332 4386 544 4454 spiritus
584 4384 824 4438 adversus
852 4400 1052 4438 carnem
1076 4398 1094 4437 :
1122 4385 1229 4436 haec
1256 4384 1389 4437 enim
1415 4384 1625 4436 invicem
1650 4382 1829 4435 adver-

248 4490 424 4531 santur
445 4477 574 4543 sibi;
613 4485 666 4530 ut
696 4494 794 4531 non
832 4493 890 4531 ea
908 4490 1022 4547 qua:
1057 4475 1227 4539 uultis,
1268 4475 1380 4544 ipsa
1426 4474 1626 4545 faciatis
1653 4492 1674 4526 ι
1702 4473 1822 4545 (De

253 4569 494 4622 Oratione
542 4567 854 4636 ﬂaminica).
910 4565 1058 4621 lianc
1094 4574 1147 4619 tu
1193 4563 1533 4618 concordiam
1563 4560 1738 4616 carnis
1764 4571 1820 4618 et

249 4660 465 4729 spiritus
488 4700 507 4725 ,
555 4673 713 4727 quam
757 4670 856 4711 nos
884 4664 1086 4724 optare,
1120 4663 1175 4709 et
1209 4669 1242 4708 a
1272 4653 1495 4708 Domino
1518 4652 1647 4708 dicit
1673 4668 1828 4708 orare

249 4747 570 4820 Cyprianus,
594 4762 695 4803 nec
724 4747 776 4801 in
801 4745 1048 4815 paradiso
1072 4755 1193 4798 ante
1221 4752 1493 4813 peccatum
1518 4742 1680 4799 fuisse
1702 4758 1831 4799 eon-

250 4840 397 4895 cedis
423 4856 438 4894 :
477 4847 570 4892 aut
598 4838 642 4891 si
673 4837 788 4900 fuit,
816 4851 911 4890 cur
940 4850 1044 4890 non
1086 4833 1269 4889 fateris
1305 4849 1422 4888 eam
1450 4848 1546 4903 per
1577 4833 1831 4902 przevari-

248 4931 518 4983 cntionem
546 4926 701 4997 primi
731 4926 959 4980 hominis
981 4926 1159 4980 vitiata
1188 4924 1406 4993 periisse
1431 4931 1617 4978 natura
1640 4922 1684 4989 ³,
1717 4924 1833 4978 bea-

249 5030 421 5090 taeque
462 5021 580 5088 paci
626 5019 818 5074 anima:
845 5027 899 5073 et
939 5008 1181 5086 corporis
1220 5017 1470 5071 miseram
1509 5016 1833 5071 successisse

247 5109 616 5165 discordiam?
642 5111 703 5165 i‘t
733 5108 1023 5177 indignaris
1053 5106 1224 5171 nobis,
1264 5106 1404 5175 quod
1434 5106 1577 5160 velut
1605 5105 1833 5160 catholi-

248 5196 322 5255 cis
366 5199 653 5257 sacerdotii
678 5214 771 5264 us,
801 5198 852 5253 id
883 5207 965 5253 est
990 5198 1160 5262 vobis,
1198 5196 1452 5251 faciamus
1492 5206 1677 5250 nostro
1714 5210 1831 5250 ser-

247 5308 408 5345 mone
446 5291 783 5355 cntn'it‘cam,
822 5290 943 5359 quia
980 5287 1207 5343 dicimus
1245 5302 1337 5341 vos
1376 5301 1572 5357 negare
1607 5287 1832 5356 gratiam

310 5423 325 5452 ¹
354 5422 494 5479 Fdltt,
530 5418 808 5470 inet'itabili.
844 5420 1012 5470 Melius
1056 5427 1161 5469 Mss.
1202 5426 1310 5469 Mar.
1358 5426 1409 5469 et
1450 5417 1600 5477 (min,
1638 5418 1833 5471 inevita-

247 5482 380 5530 I-tliu.
403 5491 586 5544 Mmpe
609 5482 822 5531 Julianus
842 5482 1089 5544 contendit
1113 5482 1357 5543 Augustini
1380 5482 1650 5530 sententias
1668 5494 1729 5531 eo
1745 5485 1833 5532 du-

246 5556 386 5601 cere,
406 5552 459 5593 ut
480 5543 610 5592 Deus
631 5543 926 5592 inevitabilia
948 5544 1104 5591 reatui
1123 5543 1396 5591 adscribere
1415 5564 1439 5600 ,-
1455 5549 1507 5591 et
1528 5545 1723 5594 caeteris
1742 5546 1831 5593 ab-

234 5607 421 5653 solutis
444 5606 474 5665 ι,
493 5618 550 5653 se
572 5607 622 5651 iu
646 5606 849 5665 crimine
871 5602 1005 5653 solus
1031 5616 1141 5652 esse
1166 5604 1488 5653 existimetur.

308 5669 330 5697 ί
360 5664 473 5713 vss;
488 5673 622 5721 nan,
644 5664 784 5713 sicut.

308 5730 331 5757 ³
354 5728 492 5779 miti.
533 5725 746 5775 vitiatam
781 5722 979 5789 periisse
1009 5731 1247 5775 naturam.
1271 5727 1569 5790 castigantur
1613 5726 1828 5778 subsidio

250 5790 698 5850 manuscriptorum.

546 5864 815 5929 Psmon.
854 5871 1039 5934 XLV.

1598 358 1802 415 LIBER
1839 353 2122 414 PRIMUS.

3376 363 3507 417 i033

1935 470 2129 527 Christi
2173 488 2185 523 :
2234 486 2355 525 cum
2396 487 2493 527 vos
2539 472 2654 527 istis
2679 489 2803 529 vere
2832 474 3109 530 catholicis
3149 477 3514 537 sacerdotibus

1936 561 2393 633 impudentissime
2416 577 2480 616 ac
2506 564 2883 631 profanissime
2908 565 3277 620 cunviciemini
3304 566 3383 620 his
3404 583 3519 622 ver-

1936 653 2039 719 bis,
2068 668 2184 721 qure
2212 653 2262 708 in
2292 669 2402 712 me.
2430 654 2517 723 qui
2546 670 2729 708 eorum
2760 655 2917 709 fidem
2947 672 3140 725 sequor
3163 666 3215 711 et
3243 668 3411 725 tueor,
3441 660 3519 712 ιι.-

1935 741 2140 810 dtgcsto
2168 742 2346 796 furore
2388 743 2627 796 ructatis.
2661 744 2945 812 Apostolus
2980 746 3142 811 dicit,
3176 745 3372 812 Spiritu
3402 763 3514 799 am-

1937 829 2124 894 bulate,
2154 842 2198 884 et
2224 833 2651 901 concupiscentias
2680 833 2848 887 carnis
2874 851 2936 889 ne
2979 834 3282 905 perfe'ceritis
3317 835 3514 909 (σαῖσι.

1936 938 1991 989 v,
2008 925 2093 989 t7,
2112 923 2218 994 16).
2237 924 2407 994 Rogo,
2423 939 2517 979 cur
2537 941 2627 980 eas
2644 926 2893 995 appellat,
2909 928 2951 981 si
2973 929 3128 983 nulla:
3150 931 3298 984 sunt?
3312 945 3409 984 cur
3425 946 3518 987 eas

1939 1014 2121 1085 perlici
2148 1016 2310 1078 vetat,
2340 1015 2383 1070 si
2417 1015 2570 1071 bona:
2608 1024 2748 1070 sunt.
2786 1016 2891 1073 Sed
2922 1018 3095 1074 adhuc
3128 1019 3314 1090 quales
3344 1022 3451 1076 sint
3476 1024 3516 1082 ¹.

1938 1104 2190 1172 ostendit,
2218 1116 2273 1161 et
2299 1106 2428 1161 dicit
2455 1125 2468 1162 :
2499 1106 2634 1162 Caro
2659 1107 2793 1162 enim
2817 1109 3128 1180 concupiscit
3156 1111 3396 1167 adrasus
3416 1114 3523 1184 spi-

1936 1196 2114 1259 ritum,
2143 1205 2189 1250 et
2213 1197 2423 1267 spiritus
2460 1198 2703 1253 adrasus
2730 1214 2934 1253 caruerit
2951 1215 2970 1253 :
2998 1200 3107 1254 lucc
3143 1201 3277 1255 cuius
3311 1202 3522 1258 invicem

1941 1285 2306 1354 adversantur;
2328 1298 2384 1342 ιιι
2413 1306 2514 1343 non
2543 1306 2602 1342 ea
2629 1306 2740 1356 quc
2764 1291 2912 1345 vultis
2941 1274 3159 1359 faciatis).
3206 1293 3411 1360 Quibus
3431 1295 3522 1350 di-

1936 1376 2110 1441 cebat,
2143 1374 2213 1432 Ut
2237 1394 2338 1432 non
2364 1393 2425 1431 ea
2446 1396 2558 1450 qua:
2583 1379 2734 1435 vultis
2756 1382 2998 1451 faciatis?
3017 1383 3270 1453 numquid
3291 1384 3520 1450 Judteis.

1937 1466 2232 1521 secundum
2283 1468 2581 1524 mirabilem
2625 1480 2859 1524 vestram
2900 1471 3337 1542 intelligentiam,
3380 1488 3519 1527 non-

1937 1554 2063 1608 dum
2097 1556 2196 1611 sub
2225 1555 2420 1611 Christi
2449 1560 2614 1627 gratia
2644 1560 2983 1625 constitutis;
3014 1569 3068 1614 ct
3097 1577 3201 1616 non
3228 1562 3306 1616 eis
3331 1563 3521 1633 quibus

1936 1644 2168 1709 dixerat,
2200 1646 2284 1699 Ea:
2312 1648 2544 1717 aperibus
2574 1649 2697 1718 legis
2728 1649 2979 1717 Spiritum
3023 1652 3315 1727 accepistis,
3354 1668 3423 1705 an
3458 1668 3523 1707 ea:

1934 1738 2112 1790 auditu
2142 1739 2263 1807 ﬁdei
2290 1739 2308 1806 (
2332 1738 2417 1792 Id.
2458 1756 2532 1804 Ill,
2565 1740 2681 1809 2)?
2710 1740 2918 1795 Fideles
2949 1744 3125 1812 itaque
3148 1743 3470 1799 christianos
3498 1747 3518 1775 '

1935 1826 2149 1882 dicebat
2176 1845 2279 1882 non
2306 1844 2366 1883 ea
2396 1846 2515 1898 qua:
2541 1831 2736 1885 vellent
2767 1830 2960 1897 facere,
2990 1833 3401 1900 concupiscente
3421 1834 3520 1887 ad-

1935 1932 2121 1971 versus
2164 1918 2407 1986 spiritum
2439 1935 2619 1974 carne.
2651 1920 2784 1988 Quid
2820 1922 2889 1975 ita
2911 1962 2930 1985 ,
2980 1922 3079 1976 nisi
3121 1923 3243 1992 quia
3272 1924 3521 1979 volebant

1936 2005 2242 2063 inferiorem
2274 2019 2474 2077 partem
2507 2025 2656 2064 suam
2690 2011 2991 2064 consentire
3020 2012 3305 2082 superiori,
3334 2013 3385 2068 id
3409 2025 3516 2079 est,

1936 2111 2155 2151 carnem
2195 2099 2423 2167 spiritui,
2466 2115 2565 2153 nec
2604 2100 2851 2155 valebant
2889 2102 3145 2170 perficere
3185 2104 3327 2172 quod
3375 2106 3523 2160 vole-

1938 2184 2102 2253 bant;
2142 2188 2325 2258 eisqne
2364 2190 2595 2243 restabat
2633 2206 2739 2244 non
2779 2192 3081 2254 consentire
3120 2192 3196 2246 illi
3226 2194 3382 2258 vitio,
3423 2196 3519 2251 sed

1939 2275 2222 2331 adversum
2250 2294 2465 2333 carnem
2496 2279 2701 2346 spiritui
2728 2283 3143 2350 concupiscere?
3172 2282 3362 2338 Verum
3394 2295 3447 2340 et
3473 2287 3519 2341 si

1936 2364 2041 2421 hoc
2072 2368 2125 2420 in
2154 2366 2232 2421 eis
2257 2376 2393 2433 erat,
2424 2368 2562 2438 quod
2592 2384 2686 2422 vos
2717 2370 2933 2438 putatis,
2967 2380 3022 2423 ut
3047 2383 3266 2440 propter
3290 2389 3519 2431 consue-

1936 2455 2174 2509 tudinem
2206 2457 2397 2510 malam
2427 2458 2586 2511 etiam
2629 2458 2869 2513 nolentes
2909 2462 3045 2514 male
3074 2462 3351 2530 viverent;
3392 2465 3518 2535 quid

1933 2555 2015 2599 est
2043 2561 2170 2615 ergo
2196 2546 2335 2615 quod
2365 2547 2517 2610 dicis,
2560 2557 2807 2603 naturam
2838 2550 2955 2606 sine
2991 2552 3263 2607 voluntate
3299 2569 3519 2624 peccare

1933 2651 2039 2689 non
2069 2651 2245 2706 posse,
2282 2653 2402 2692 cum
2434 2639 2564 2693 istos
2598 2655 2702 2693 non
2739 2641 2981 2695 volentes
3018 2658 3241 2712 peccare
3272 2644 3519 2702 fatearis?

1931 2724 2039 2781 Cur
2062 2735 2237 2781 autem
2269 2728 2409 2783 dicta
2442 2730 2509 2783 sit
2538 2732 2965 2800 concupiscentia
2997 2735 3173 2789 carnis
3205 2746 3514 2805 peccatum,

1933 2815 2083 2870 lexve
2102 2818 2445 2887 peccati,jam
2472 2836 2629 2889 supra
2654 2821 2884 2875 diximus
2906 2822 3058 2893 (Cap.
3087 2823 3177 2894 7i)
3203 2843 3218 2880 :
3244 2827 3327 2881 cui
3352 2828 3396 2880 si
3423 2828 3518 2882 ho—

1934 2923 2058 2961 nnm
2089 2922 2169 2963 cst
2201 2926 2305 2965 non
2337 2914 2639 2966 consentire
2665 2915 2729 2966 ad
2760 2916 2959 2981 illicita,
2985 2918 3227 2987 profecto
3254 2921 3366 2991 ipsa
3397 2938 3508 2978 ma-

1933 2997 2039 3050 lum
2067 3009 2169 3063 est,
2195 3015 2296 3069 qua
2326 3003 2773 3070 concupiscuntur
2803 3005 3003 3072 illicita,
3031 3008 3130 3063 etsi
3161 3010 3303 3064 nulla
3331 3010 3353 3043 ³
3381 3027 3515 3066 con-

1934 3089 2206 3155 sensione,
2252 3091 2506 3160 nulloque
2550 3107 2713 3162 opere
2756 3105 3148 3162 perpetrantur.
3179 3099 3382 3155 Judicia
3421 3102 3515 3157 Dei

1935 3191 2095 3245 porro
2121 3194 2215 3231 vos
2247 3180 2511 3243 evertitis,
2542 3183 2630 3250 qui
2674 3185 2885 3252 generis
2912 3185 3127 3240 humani
3162 3190 3403 3243 miserias
3430 3191 3515 3245 in-

1931 3266 2189 3335 cipientes
2213 3282 2242 3321 a
2270 3270 2523 3337 parvulis,
2552 3271 2667 3324 sine
2694 3272 2800 3325 ullo
2827 3276 3027 3342 peccati
3058 3278 3248 3331 merito
3289 3278 3402 3334 fieri
3433 3281 3519 3335 di-

1931 3358 2083 3422 citis;
2117 3373 2213 3412 nec
2236 3357 2433 3411 donum
2462 3358 2554 3412 Dei
2583 3362 2820 3428 poscitis,
2851 3379 2917 3418 ne
2944 3364 3152 3419 intretis
3179 3366 3229 3420 in
3259 3370 3505 3425 tentatio—

1933 3465 2053 3504 nem
2084 3452 2101 3519 (
2129 3449 2316 3503 Matth.
2343 3466 2485 3510 xxvi.
2514 3453 2574 3506 41
2604 3450 2649 3523 ),
2681 3452 2785 3509 hoc
2814 3466 2916 3522 est,
2951 3471 3016 3510 ne
3041 3460 3306 3529 peccetis:
3337 3462 3390 3517 in
3414 3478 3508 3517 ve-

1930 3553 2039 3598 stra
2065 3544 2206 3597 enim
2234 3544 2432 3598 virtute
2462 3545 2752 3614 confiditis,
2774 3555 2831 3602 et
2857 3563 2952 3602 vos
2978 3549 3028 3603 in
3057 3552 3263 3619 psalmo
3287 3563 3473 3609 sancto
3492 3552 3515 3580 ⁸

1932 3643 2140 3689 notatos
2165 3649 2283 3689 esse
2308 3646 2467 3705 atque
2493 3635 2770 3691 damnatos
2790 3638 2963 3709 (Psal.
2986 3658 3165 3710 xum,
3189 3643 3267 3716 7),
3294 3646 3378 3700 vel
3409 3629 3517 3701 non

1932 3724 2123 3780 videtis
2150 3726 2300 3784 cmci.
2331 3727 2411 3780 vel
2444 3728 2620 3782 stolidi
2650 3744 2751 3783 non
2783 3731 2994 3788 doletis.

2001 3816 2233 3871 LXXIII.
2255 3817 2376 3873 Ιιιι..
2396 3818 2590 3875 Verum
2608 3824 2717 3889 jam
2740 3838 3019 3893 pergamus
3039 3835 3093 3883 et
3111 3826 3175 3880 ad
3196 3828 3355 3882 verba
3375 3842 3514 3897 mea,

1930 3924 2049 3979 qua:
2075 3907 2144 3963 de
2168 3908 2475 3978 prml‘atione
2512 3911 2717 3965 sublata
2741 3952 2757 3977 ,
2804 3914 2913 3968 sibi
2937 3914 3289 3986 impugnanda
3320 3933 3518 3987 propo-

1930 4001 2037 4056 suit
2082 4020 2095 4055 :
2147 4020 2168 4054 ι
2203 4000 2343 4057 Satis
2381 4003 2539 4072 igitur
2581 4004 2979 4069 admonuerim,
3024 4008 3102 4061 sic
3144 4009 3302 4062 istum
3356 4011 3517 4064 verba

1935 4109 1956 4143 ι
1992 4108 2112 4147 mea
2151 4093 2300 4162 quasi
2343 4091 2633 4149 refellenda
2677 4095 2775 4150 sibi
2824 4110 3124 4166 pmponcre
3152 4098 3416 4162 voluisse,
3460 4108 3519 4155 ut

1936 4199 1956 4234 ι
1992 4180 2118 4237 alibi
2160 4182 2350 4238 mediis
2392 4183 2675 4251 detractis,
2720 4187 3015 4242 sententias
3074 4188 3512 4258 interrumperet;

1935 4290 1956 4325 ι
1992 4274 2118 4329 alibi
2160 4274 2414 4329 extremis
2455 4290 2559 4328 non
2604 4274 2800 4330 additis
2841 4275 3145 4332 decurtaret
3173 4296 3187 4332 :
3213 4284 3268 4331 et
3290 4293 3386 4332 cur
3415 4276 3515 4335 hoc

1937 4382 1958 4416 ι
1997 4364 2218 4431 fecerit,
2269 4365 2593 4421 sufficienter
2636 4367 2987 4422 ostenderim.
3017 4369 3166 4423 Nunc
3210 4369 3275 4424 ad
3305 4385 3365 4424 ea
3395 4385 3518 4439 quae

1937 4475 1957 4508 ι
1993 4457 2132 4512 sicut
2162 4458 2359 4521 voluit,
2391 4468 2569 4512 nostra
2618 4460 2924 4527 proposuit,
2970 4475 3088 4527 qua:
3115 4474 3209 4515 sua
3258 4461 3515 4528 posuerit,

1938 4565 1957 4599 ι
1991 4547 2288 4602 videamus.
2315 4548 2621 4616 Sequuntur
2646 4549 2786 4601 enim
2808 4547 2919 4616 jam
2943 4549 3100 4603 verba
3123 4550 3238 4617 ejus
3257 4591 3271 4610 ,
3302 4559 3357 4604 et
3382 4550 3519 4604 sicut

1945 4657 1965 4690 ι
2002 4640 2102 4693 iste
2132 4639 2449 4703 insinuavit,
2481 4640 2573 4707 qui
2603 4639 2695 4693 tibi
2722 4640 3014 4695 chartulam
3044 4641 3224 4707 misit,
3257 4643 3405 4711 prius
3428 4642 3518 4698 ali-

1938 4747 1958 4780 ‹
1995 4730 2122 4799 quid
2165 4730 2232 4784 de
2284 4729 2595 4798 prmfatione
2636 4732 2985 4801 conscripsit,
3019 4734 3204 4802 procul
3256 4733 3415 4789 dubio
3444 4733 3517 4788 li-

1939 4838 1957 4871 ι
1996 4821 2209 4874 brorum
2240 4835 2422 4875 eorum
2442 4860 2458 4885 ,
2487 4820 2554 4875 de
2594 4822 2788 4890 quibus
2820 4838 2987 4890 pauca
3014 4823 3305 4891 decerpsit.
3332 4823 3387 4879 Id
3415 4840 3515 4878 au-

1939 4928 1957 4961 ς
1996 4918 2103 4964 tem
2157 4910 2229 4964 ita
2284 4925 2404 4965 sese
2455 4909 2614 4965 habet
2666 4929 2680 4965 :
2739 4912 3047 4983 Doctores,
3077 4912 3276 4980 inquit,
3348 4916 3519 4974 nostri

1940 5018 1960 5051 ι
1996 5000 2278 5068 temporis,
2307 4999 2470 5053 frater
2490 4999 2824 5067 beatissime,
2852 5009 2908 5055 et
2933 5000 3177 5067 nefarite,
3203 5018 3324 5074 qua;
3344 5005 3520 5065 adhuc

1940 5107 1959 5141 ι
1995 5089 2192 5154 fervet,
2239 5089 2514 5144 seditionis
2540 5100 2815 5154 auctores,
2856 5090 2926 5143 ad
2955 5088 3259 5160 hominum,
3291 5111 3516 5166 quorum

1939 5196 1959 5229 ι
1991 5179 2189 5233 sanctis
2234 5178 2424 5233 studiis
2467 5188 2712 5243 uruntur,
2771 5182 3157 5251 contumelias,
3207 5194 3261 5240 et
3298 5186 3515 5241 exitium

1941 5287 1959 5321 ι
1994 5268 2351 5323 decreverunt
2372 5283 2466 5340 per
2493 5269 2702 5323 ruinam
2731 5268 2895 5326 totius
2925 5272 3178 5330 Ecclesia:
3204 5279 3513 5345 pervenire;

1998 5419 2015 5450 ί
2039 5426 2218 5468 omnes
2238 5424 2367 5478 uss,
2390 5417 2550 5469 adhuc
2575 5418 2715 5478 quate
2735 5419 2816 5471 sit.
3089 5450 3107 5478 ,ι

1996 5481 2017 5512 ι
2036 5481 2153 5552 sunt
2178 5492 2190 5528 :
2212 5470 2459 5530 mnibus
2480 5470 2641 5545 itaque
2982 5470 3116 5535 uss):
3140 5481 3333 5535 ridete:
3352 5482 3513 5544 itaque

2042 5663 2179 5725 εςιιιι,
2199 5663 2283 5725 ἰιι
2306 5663 2495 5717 Psalmo
2533 5663 2760 5717 secundo.
2801 5676 2857 5717 Αι
2877 5663 3007 5725 MssL,
3039 5667 3095 5725 in
3119 5664 3311 5717 Psaltno
3330 5673 3512 5717 sancto.

1931 5721 2158 5837 magna
2187 5722 2355 5776 Psalmi
2401 5740 2539 5780 vam
2578 5730 2813 5793 respicit.
2843 5726 2932 5787 Qui
2972 5721 3216 5790 conﬁdunt
3251 5725 3309 5779 in
3345 5726 3515 5782 timus

2037 5819 2053 5849 ,
2080 5819 2175 5836 νννι

2701 5869 3193 5950 (Trente-cinq.)
