4008 6178
432 329 452 380 1
465 326 568 378 099

438 439 454 466 ι
494 434 596 471 non
627 413 977 482 intelligenles
1006 421 1255 481 quantum
1290 411 1370 462 his
1399 408 1714 461 contulerint
1742 407 1990 472 honoris,

438 526 454 555 ι
489 519 713 576 quorum
740 502 1085 556 ostenderunt
1109 499 1330 568 gloriam
1355 499 1452 550 nisi
1481 513 1599 550 enm
1625 497 1880 552 catholica
1909 513 1995 550 re-

433 618 449 650 ι
488 595 682 666 ligionc
709 607 812 646 non
853 591 1086 660 potuisse
1126 588 1370 643 convelli.
1411 587 1542 642 Nam
1570 587 1612 640 si
1656 587 1774 655 quis
1801 596 1889 640 aut
1933 584 1995 639 li-

429 704 446 734 ι
483 684 666 737 berum
714 682 764 734 in
824 679 1125 732 hominibus
1173 677 1485 736 arbitrium,
1529 683 1621 729 aut
1674 677 1836 730 Demn
1883 689 2000 728 esse

425 795 443 824 ο
483 772 808 827 nascentium
838 770 1166 823 conditorem
1192 769 1420 830 dixerit,
1451 768 1805 824 Coelestianus
1832 777 1885 822 et
1914 768 2004 820 Pe-

425 884 442 913 ο
483 863 720 932 lagianus
747 869 982 914 vocatur.
1010 859 1086 913 Ne
1109 859 1266 928 igitur
1288 867 1541 911 vocentur
1565 858 1796 911 hmretiei
1825 899 1839 920 ,
1872 857 1999 909 linnt

425 976 442 1005 ‹
485 953 792 1010 Manichrei:
824 961 876 1006 et
903 952 1026 1006 dum
1055 951 1236 1004 falsam
1265 960 1515 1005 verentur
1543 949 1810 1004 infamiam
1844 950 1884 1014 ¹,
1914 966 2002 1002 ve-

423 1065 440 1096 ι
481 1061 598 1099 rum
621 1045 821 1099 crimen
845 1044 1151 1097 incurrunt:
1179 1044 1341 1096 instar
1362 1040 1616 1108 ferarum,
1641 1058 1758 1111 qum
1779 1043 2004 1095 circum-

425 1157 442 1186 ι
482 1137 677 1191 dantur
708 1134 916 1205 pinnis,
951 1145 1007 1188 nt
1051 1144 1306 1203 cogantur
1331 1133 1382 1186 in
1425 1135 1589 1196 retia;
1639 1133 1828 1202 quibus
1867 1149 2002 1202 quo-

425 1245 442 1275 ι
489 1228 625 1280 niam
653 1226 803 1279 deest
830 1225 961 1278 ratio
984 1267 997 1284 ,
1022 1224 1073 1277 in
1102 1241 1282 1278 verum
1311 1225 1533 1301 exitium
1558 1239 1689 1276 vana
1722 1222 2004 1276 formidine

426 1336 442 1366 ι
479 1317 893 1372 contrudnntun
928 1315 1026 1388 (De
1054 1314 1258 1383 Nuptiis
1285 1324 1328 1366 et
1354 1313 1796 1383 Concupiscentia,
1835 1313 1921 1366 lib.
1949 1312 2002 1377 2,

424 1426 510 1460 an.
545 1409 596 1470 6,
627 1408 706 1478 7.)
728 1407 1003 1476 Cognoseo
1027 1406 1161 1460 dicta
1187 1422 1322 1464 mea,
1353 1403 1444 1457 sed
1475 1421 1579 1458 non
1603 1421 1629 1456 a
1663 1413 1711 1456 te
1732 1419 1850 1456 cum
1870 1404 2006 1456 inte-

423 1499 612 1568 gritate
637 1496 836 1566 prolata
861 1515 874 1552 :
904 1507 955 1550 et
984 1498 1102 1550 licet
1131 1512 1232 1551 non
1261 1495 1312 1548 in
1335 1495 1417 1548 his
1438 1495 1777 1550 certaminis‘
1803 1508 2005 1547 summa

426 1592 720 1656 consistat,
768 1591 890 1660 quia
934 1589 999 1643 de
1029 1590 1335 1658 prmiatione
1357 1596 1508 1652 sunt;
1538 1597 1711 1641 tamen
1740 1595 1796 1639 ut
1824 1586 2008 1638 levitas

427 1691 511 1732 tua
561 1678 789 1748 liqueat,
838 1677 1000 1732 frater
1043 1678 1377 1741 beatissime,
1426 1677 1478 1731 in
1513 1692 1578 1730 eo
1619 1677 1738 1731 loco
1781 1674 2008 1746 positum

426 1785 534 1822 non
564 1779 644 1823 cst
666 1809 680 1831 ,
709 1768 802 1823 sed
833 1769 883 1822 in
930 1770 1100 1838 primo
1129 1771 1302 1822 statim
1331 1784 1485 1822 versu
1519 1767 1658 1821 libri.
1689 1767 1815 1820 item
1846 1767 1866 1797 ³
1887 1781 2007 1820 eum

424 1861 714 1925 dixissem,
777 1880 794 1910 ι
855 1860 920 1914 ad
983 1861 1252 1914 hominum
1303 1876 1524 1930 quorum
1575 1859 1769 1912 sanctis
1822 1857 2009 1912 studiis

432 1968 449 1999 ι
491 1961 733 2012 uruntur,
762 1950 1113 2004 contumelias
1143 1961 1194 2003 et
1243 1951 1498 2012 exitium;
1536 1967 1555 2000 ι
1586 1949 1792 2012 addidi,
1827 1966 1844 1997 ι
1872 1964 2009 2017 quo-

435 2059 453 2091 ι
494 2043 633 2093 niam
664 2039 767 2093 iter
798 2039 940 2094 aliud
971 2056 1077 2093 non
1117 2039 1330 2108 patebat
1356 2079 1370 2103 ,
1396 2039 1746 2093 decreverunt
1777 2053 1870 2106 per
1899 2036 2008 2090 rui-

431 2147 450 2182 ι
489 2146 610 2185 nam
653 2130 816 2184 totius
845 2130 1096 2184 Ecclesia:
1138 2130 1437 2199 pervenire.
1480 2147 1498 2178 ›
1533 2129 1658 2182 Post
1684 2127 1824 2197 quod
1850 2128 2007 2182 etiam

425 2219 568 2285 dixi,
598 2239 618 2272 ι
651 2222 772 2291 quia
797 2219 945 2273 liberi
973 2218 1248 2272 confessor
1269 2219 1470 2273 arbitrii
1498 2227 1551 2272 et
1574 2219 1662 2273 Dei
1691 2217 2004 2284 conditoris,

430 2328 449 2362 ι
480 2311 834 2367 CtelcStianus
860 2319 915 2364 et
942 2309 1259 2379 Pelagianos
1290 2319 1526 2372 vocatur,
1552 2324 1658 2379 quo
1683 2309 2004 2378 simplices.»

426 2402 639 2471 inquio,
673 2419 692 2453 ι
729 2417 978 2456 sermone
1011 2400 1034 2432 ⁸
1063 2401 1352 2470 perterriti,
1380 2411 1436 2453 ut
1464 2401 1532 2455 ab
1560 2401 1751 2454 invidia
1781 2401 2010 2455 nominis

432 2511 452 2544 r
488 2501 772 2558 exuantur,
818 2492 976 2546 etiam
1007 2505 1194 2545 sanam
1237 2491 1393 2546 tidem
1436 2491 1719 2554 deserunt;
1753 2491 2007 2545 credituri

430 2601 450 2635 ι
486 2583 666 2654 procul
703 2581 869 2636 dubio
886 2621 900 2645 ,
927 2595 1027 2635 nec
1053 2580 1280 2635 liberum
1307 2594 1427 2635 esse
1455 2580 1508 2633 in
1535 2579 1840 2634 hominibus
1865 2580 2006 2633 arhi-

430 2691 451 2724 ς
491 2672 683 2735 trium,
711 2685 809 2728 nec
838 2671 1002 2724 Deum
1033 2670 1363 2724 nascentium
1398 2668 1727 2724 conditorem
1750 2711 1764 2733 ,
1794 2669 2007 2738 quando

433 2781 452 2814 ι
489 2761 615 2817 illud
643 2760 783 2832 quod
811 2761 958 2831 prius
981 2756 1381 2814 aﬂirmaverant
1399 2800 1414 2822 ,
1444 2769 1724 2828 utrumque
1752 2759 2008 2823 deserue-

431 2873 451 2906 ι
485 2855 612 2909 rint.
650 2871 670 2906 ι
718 2853 832 2908 [Ioc
877 2860 1054 2906 autem
1087 2859 1254 2905 totum
1299 2865 1330 2904 a
1379 2859 1429 2904 te
1459 2851 1873 2920 prmtermissum
1903 2859 2004 2905 est.

425 2947 552 3002 Post
577 2945 716 3016 quod
743 2955 868 2998 sunt
894 2943 983 2997 illa
1013 2957 1132 3012 quae
1159 2942 1407 3011 posuisti.
1437 2957 1593 3016 quam
1624 2957 1752 2996 sane
1777 2957 1922 3008 vera,
1954 2951 2008 2998 et

427 3013 1037 3106 quam—inexpugnabilia
1060 3073 1074 3096 ,
1106 3030 1250 3085 haud
1285 3031 1512 3086 ditlicilis
1547 3013 1647 3086 erit
1672 3047 1830 3100 opera
1862 3047 2009 3086 com-

424 3128 653 3197 probare
674 3127 715 3178 ⁵.
755 3125 866 3180 Nec
892 3139 990 3195 ego
1021 3124 1178 3193 igitur
1204 3123 1492 3194 quidquam
1514 3123 1581 3177 de
1608 3125 1711 3177 tuis
1739 3123 1894 3179 dictis
1919 3123 2009 3177 mi-

426 3235 558 3284 nus,
582 3232 681 3272 nee
704 3227 759 3270 tu
785 3214 868 3269 vel
891 3215 1120 3284 primum
1141 3221 1301 3282 caput
1318 3254 1335 3278 ,
1364 3213 1434 3266 ita
1467 3222 1524 3266 ut
1547 3229 1576 3265 a
1603 3229 1688 3267 me
1709 3213 2008 3268 ordinatum

424 3308 627 3373 funerat,
655 3307 902 3362 retulisti.
927 3305 1082 3371 Quod
1111 3305 1233 3359 ideo
1255 3303 1464 3358 inculco
1483 3344 1498 3368 ,
1531 3314 1580 3356 ut
1609 3303 1837 3374 gravitas
1860 3305 2006 3357 Preni

425 3399 700 3466 scriptoris
719 3397 968 3450 emineat.

500 3489 635 3542 Auc.
665 3487 762 3551 Qui
795 3485 862 3539 de
885 3486 1034 3538 libris
1062 3485 1194 3544 tuis.
1228 3499 1346 3552 qua:
1394 3483 1559 3536 voluit
1597 3483 1843 3552 decerpta
1866 3524 1881 3547 ,
1923 3483 2007 3537 cui

428 3577 600 3633 voluit
625 3575 846 3644 legenda
876 3573 1189 3637 transmisit,
1223 3573 1335 3641 ipse
1360 3573 1500 3640 quod
1534 3572 1658 3625 mihi
1687 3573 1912 3640 imputas
1934 3571 2011 3624 fe-

428 3667 502 3721 cit
527 3683 542 3717 :
571 3681 668 3721 nec
690 3663 829 3717 aliud
856 3664 1015 3718 etiam
1042 3672 1092 3716 te
1115 3663 1282 3730 ipsum
1304 3663 1548 3715 existimo
1568 3661 1806 3715 credere.
1829 3661 2010 3730 Neque

431 3757 574 3812 enim
603 3756 656 3810 in
682 3754 872 3808 eodem
899 3753 1032 3807 libro
1061 3768 1181 3805 meo
1207 3793 1223 3818 ,
1255 3762 1438 3805 contra
1462 3767 1617 3820 quem
1645 3751 1666 3782 ⁸
1694 3752 1874 3813 latras.
1905 3768 2008 3806 non

433 3861 550 3900 sum
597 3843 938 3913 przelocutus,
987 3841 1072 3895 cui
1102 3841 1200 3894 sim
1229 3840 1484 3896 chartulae
1518 3841 1838 3917 respondere
1864 3855 2010 3894 com-

435 3935 619 4004 pulsus
654 3951 666 3986 :
695 3931 790 3986 sed
811 3930 1006 4000 quazris
1032 3930 1381 3985 conviciando
1421 3927 1544 3999 quid
1575 3929 1743 3996 dicas,
1775 3930 2010 3983 sentiens

435 4035 488 4078 te
513 4023 639 4077 nihil
669 4021 900 4076 validum
930 4021 1112 4075 dicere
1144 4020 1480 4090 disputando.
1522 4020 1830 4088 Quanquam
1857 4027 1911 4073 et
1958 4021 2009 4072 in

439 4114 523 4168 his
554 4114 687 4166 meis
715 4111 927 4177 verbis,
959 4127 1077 4179 qua:
1099 4125 1223 4163 mox
1255 4111 1347 4163 tibi
1376 4111 1526 4178 quasi
1557 4109 1842 4164 refellenda
1887 4124 2010 4178 pro-

433 4204 607 4274 ponis,
633 4202 685 4255 id
711 4201 850 4270 quod
877 4200 998 4254 dico
1024 4199 1303 4252 advertere
1335 4199 1549 4266 potuisti
1576 4217 1588 4250 :
1623 4213 1727 4250 non
1758 4200 1900 4251 enim
1927 4199 2013 4252 di-

431 4309 635 4355 cerem,
673 4310 691 4342 ι
722 4290 835 4344 Non
871 4297 953 4343 est
993 4289 1061 4341 ita
1106 4297 1162 4340 ut
1190 4287 1442 4355 loqueris,
1471 4287 1788 4356 quicumque
1815 4289 1911 4340 ista
1933 4287 2014 4341 di-

440 4404 460 4438 ι
497 4385 652 4446 xisti;
689 4401 708 4434 ι
739 4381 783 4434 si
813 4389 990 4434 certus
1009 4393 1180 4431 essem
1216 4387 1266 4430 te
1293 4377 1378 4428 illa
1400 4376 1616 4440 dixisse,
1648 4391 1757 4430 non
1779 4393 1897 4430 eum
1923 4380 2009 4448 qui

435 4475 642 4542 qualem
671 4471 852 4535 voluit,
877 4480 930 4523 et
975 4467 1058 4521 cui
1085 4467 1250 4520 voluit
1294 4466 1606 4535 scripturam
1649 4468 1812 4531 misit,
1855 4485 2011 4536 quam

435 4563 565 4617 mihi
607 4561 820 4615 missam
849 4558 1079 4612 refutare
1104 4571 1458 4624 susceperam.
1509 4554 1612 4610 Sed
1660 4557 1767 4610 Deo
1793 4560 2011 4628 gratias,

436 4652 576 4721 quod
606 4651 853 4703 universo
877 4649 974 4716 ipsi
1006 4647 1154 4715 operi
1203 4657 1313 4706 tuo,
1344 4646 1484 4700 unde
1525 4663 1642 4716 qurc
1664 4649 1850 4709 voluit,
1879 4651 2015 4704 sicut

446 4742 495 4793 ei
522 4740 738 4808 placuit,
769 4738 867 4790 iste
892 4735 1180 4802 decerpsit,
1233 4734 1301 4787 ita
1337 4735 1563 4789 Domino
1589 4736 1871 4806 adiuvante
1898 4755 2013 4793 res~

437 4829 622 4894 pondi,
646 4837 703 4881 ιιι
722 4829 896 4880 omnia
919 4835 1028 4886 tua,
1051 4841 1169 4894 qua:
1189 4833 1372 4878 contra
1394 4826 1811 4894 antiquissimam
1833 4829 2016 4882 catho-

438 4921 594 4974 licam
623 4918 778 4972 ﬂdem
801 4932 970 4970 novus
993 4915 1272 4969 haereticus
1295 4931 1561 4981 erexeras,
1591 4917 2012 4975 machinamenta

438 5011 819 5063 subverterent.

514 5100 746 5154 LXXIV.
786 5100 904 5154 ,Ιιιι⁸
944 5098 1140 5152 Contra
1188 5095 1303 5150 ha-c
1328 5110 1454 5165 ergo
1499 5097 1657 5150 verba
1705 5113 1853 5163 mea,
1897 5115 2016 5167 qute

507 5253 522 5281 ³
548 5252 620 5300 sic
639 5256 742 5299 Mss.
769 5249 904 5311 miti.
927 5253 972 5298 et
996 5246 1112 5297 dum
1133 5247 1305 5311 falsam
1327 5247 1577 5311 infamiam
1599 5249 1762 5300 citmu.

505 5314 612 5360 ‘sie
656 5319 760 5358 Mss.
787 5309 902 5358 illiti
929 5323 1062 5364 vero,
1087 5309 1440 5360 certaminibus.

507 5374 528 5405 ³
551 5373 686 5430 aliti,
703 5371 881 5432 itaque.
907 5369 1076 5418 Melius
1098 5377 1224 5432 Mss,
1245 5370 1371 5432 item.

505 5437 526 5464 δ
547 5442 649 5481 MSS.
679 5430 794 5480 star.
813 5440 933 5479 t‘ort.
955 5465 970 5487 ,
1005 5444 1096 5492 quo
1117 5430 1355 5494 simplices
1392 5430 1554 5494 iniquo
1577 5446 1808 5484 sermone.

506 5497 528 5527 II
555 5495 838 5558 vignierius
869 5500 920 5540 et
958 5501 1098 5540 Vetus
1141 5492 1295 5541 codex
1326 5492 1482 5558 μέλι-τέ
1504 5493 1661 5558 [tauri
1693 5493 1886 5558 difﬁcile
1928 5496 2018 5546 eti!

445 5567 586 5614 opere
611 5552 953 5620 comprobare.
1001 5558 1138 5601 Forte
1178 5566 1292 5614 pro,
1316 5553 1445 5604 haud
1479 5553 1688 5618 difficilis
1732 5552 1822 5606 ara
1859 5569 2018 5620 operae

476 5629 518 5660 m
689 5630 699 5644 '
760 5649 771 5661 .

447 5632 466 5662 ί
874 5687 999 5740 quia.
1022 5679 1149 5737 Mss,
1178 5687 1335 5739 quem.

1135 320 1377 374 OPERIS
1419 317 1825 372 lMPEliFl-LCTI
1863 318 2007 372 CON'

2118 331 2135 372 ι
2173 319 2533 386 JULIANUM,
2577 322 2636 377 S.
2679 323 3044 380 AUGUSTINI

3550 330 3689 385 “00

2109 409 2446 480 rescripseris
2471 411 2746 468 audiamus
2773 431 2784 467 :
2810 431 2829 466 ι
2865 414 2979 469 Non
3009 425 3088 469 est
3112 415 3180 468 ita
3209 424 3263 468 nt
3290 416 3542 484 loqueris,
3565 421 3686 488 qui-

2111 517 2129 549 ι
2167 515 2390 570 eumque
2414 501 2508 553 ista
2527 503 2731 567 dixisti;
2761 519 2863 566 non
2888 517 2967 560 est
2993 507 3061 560 ita
3084 523 3098 560 :
3120 507 3345 562 multum
3367 509 3583 574 falleris,
3605 510 3688 566 vel

2113 607 2130 644 ι
2166 589 2346 644 fallere
2378 590 2684 647 meditaris:
2715 610 2817 648 non
2844 595 3065 650 liberum
3099 613 3349 664 negamus
3371 598 3686 663 arbitrium;

2113 698 2131 730 ι
2165 680 2254 732 sed
2275 722 2288 742 ,
2323 680 2382 734 Si
2403 697 2486 735 vos
2515 681 2680 741 Filius
2705 685 2980 739 liberaverit
3005 720 3030 753 ,-
3051 689 3125 740 ait
3151 687 3393 751 Veritas,
3425 703 3542 742 tunc
3579 705 3691 743 om

2113 786 2130 818 ι
2169 769 2465 823 iiberierilis
2493 791 2511 822 ι
2547 771 2833 840 (Joan.vm
2855 777 2988 844 ,56).
3027 796 3045 828 ι
3085 778 3234 830 llttttc
3253 779 3607 833 vosinvidetis
3623 779 3690 833 li-

2113 877 2131 909 ι
2175 859 2488 918 heratorein.
2515 864 2706 930 quibus
2733 867 2953 933 captivis
2978 882 3163 919 vanam
3190 867 3446 920 tribuistis
3475 869 3692 921 liberta-

2120 966 2137 997 ι
2178 958 2300 1000 tem.
2332 950 2372 1000 Α
2413 967 2509 1018 quo
2535 953 2666 1004 enim
2697 954 2806 1022 quis
2833 954 3051 1008 devictus
3069 969 3170 1021 est,
3211 958 3344 1010 sicut
3397 959 3517 1011 dicit
3547 957 3692 1012 Scri-

2115 1057 2132 1088 I
2175 1049 2350 1108 ptm‘a,
2384 1042 2499 1094 huic
2528 1053 2574 1094 et
2602 1061 2772 1098 servus
2795 1046 3026 1101 addictus
3050 1059 3121 1101 est
3159 1067 3177 1100 ›
3215 1049 3276 1117 (ΙΙ
3312 1049 3447 1103 l’elr.
3483 1067 3538 1116 tt,
3570 1051 3689 1117 19);

2116 1147 2134 1178 ι
2171 1145 2268 1184 nec
2289 1131 2562 1200 quisquam
2605 1134 2701 1186 nisi
2744 1150 2838 1203 per
2859 1141 3077 1204 gratiam
3108 1138 3428 1200 Liberatoris
3455 1142 3556 1195 i5to
3581 1143 3692 1196 sol-

2115 1238 2134 1270 ι
2173 1221 2308 1273 vitur
2335 1220 2544 1275 vinculo
2573 1225 2843 1278 servitutis
2863 1268 2876 1287 ,
2913 1243 2942 1279 a
2975 1244 3080 1296 quo
3107 1240 3186 1284 ρει
3217 1229 3487 1285 hominum
3516 1233 3691 1288 nullus

2115 1326 2134 1358 ι
2175 1308 2438 1363 imnmnis.
2476 1310 2577 1365 Per
2613 1329 2769 1366 unum
2807 1316 3000 1385 quippe
3030 1317 3277 1370 hominem
3310 1331 3566 1386 peccatum
3609 1323 3693 1374 in-

2117 1417 2134 1448 r
2174 1400 2318 1450 travit
2344 1399 2395 1452 in
2436 1403 2709 1468 mundum,
2741 1414 2787 1456 et
2833 1422 2920 1479 per
2966 1419 3220 1474 peccatum
3262 1425 3428 1471 mors;
3467 1420 3511 1460 et
3544 1411 3614 1462 ita
3641 1413 3693 1462 in

2117 1507 2136 1539 ι
2170 1507 2337 1543 omnes
2363 1491 2584 1545 homines
2611 1495 2916 1563 pertransiit,
2941 1497 2992 1548 in
3011 1513 3107 1566 quo
3133 1514 3302 1550 onmes
3330 1509 3689 1566 peccaverunt)

2114 1579 2228 1647 (De
2256 1579 2462 1651 Nuptiis
2490 1593 2537 1637 et
2577 1582 3007 1655 Concupiscenlia,
3042 1587 3201 1651 lib.‘.’.,
3240 1606 3290 1640 ιι.
3323 1591 3402 1652 8).
3456 1590 3687 1658 Amplis-

2113 1669 2298 1722 simam
2340 1685 2460 1724 esse
2487 1675 2652 1725 nostri
2682 1676 2876 1742 negotii
2919 1675 3259 1745 dignitatem,
3289 1687 3344 1732 ut
3376 1679 3484 1747 ipsa
3515 1696 3693 1736 rerum

2111 1759 2469 1816 consideratio
2514 1773 2564 1816 et
2604 1766 2859 1834 appensio
2899 1767 3122 1832 indicat,
3177 1785 3306 1837 quas
3348 1779 3574 1832 tuemur,
3623 1774 3692 1826 ita

2112 1851 2268 1904 etiam
2292 1863 2466 1906 vester
2487 1869 2683 1922 pavor;
2713 1857 2798 1924 qui
2827 1866 3010 1910 contra
3035 1869 3333 1912 nostrorum
3357 1863 3691 1931 sanguinem,

2114 1943 2456 2010 pecuniarum
2489 1945 2775 2007 effusione,
2823 1947 3192 2004 havreditatum
3224 1952 3494 2022 largitate,
3528 1971 3694 2026 equo-

2112 2048 2227 2086 rum
2257 2037 2656 2092 transmissione
2679 2079 2695 2103 ,
2725 2039 3038 2108 populorum
3065 2042 3346 2104 seditione,
3377 2056 3692 2113 potestatum

2112 2126 2454 2194 corruptione
2483 2122 2876 2198 pugnantes,et
2905 2131 3060 2185 tidem
3089 2144 3317 2188 vestram
3342 2152 3461 2204 quae
3481 2152 3508 2190 a
3539 2137 3693 2191 nobis

2114 2214 2468 2285 impugnatur,
2510 2219 2820 2274 erubescitis
2844 2223 3082 2291 proﬁteri
3106 2265 3120 2286 ,
3148 2234 3201 2277 et
3230 2224 3294 2276 ad
3335 2237 3526 2280 nostra:
3556 2241 3682 2282 sen-

2111 2306 2311 2369 tentiae,
2343 2321 2370 2358 a
2401 2324 2501 2375 qua
2531 2308 2782 2362 deviastis
2815 2312 2852 2375 ’,
2881 2313 3040 2364 verba
3071 2314 3373 2382 confugitis.

2183 2397 2314 2452 Auc.
2349 2399 2452 2450 Aut
2482 2400 2656 2452 sciens
2701 2401 3075 2466 calumniaris,
3109 2404 3151 2456 si
3197 2415 3250 2457 tu
3291 2405 3386 2458 ista
3418 2407 3692 2470 mentiris;

2109 2495 2201 2540 aut
2219 2487 2482 2541 nesciens’
2510 2490 2634 2557 quid
2657 2489 2908 2558 loquaris,
2932 2507 3051 2544 cum
3075 2495 3450 2548 mentientibus
3470 2497 3648 2552 credis
3678 2516 3692 2552 :

2110 2577 2202 2631 sed
2224 2577 2332 2646 jam
2365 2579 2494 2632 satis
2521 2580 2590 2632 sit
2615 2579 2756 2649 quod
2785 2583 3028 2652 superius
3051 2592 3152 2637 tua-
3175 2587 3412 2644 vanitati.
3430 2588 3510 2641 vel
3532 2590 3695 2645 etiam

2111 2667 2423 2735 malignitati
2451 2669 2516 2721 ad
2541 2669 2636 2724 ista
2669 2672 2918 2740 respondi
2952 2672 3174 2745 (Supra,
3203 2692 3319 2742 cap.
3347 2675 3459 2746 42).

2179 2755 2390 2812 LXXV.
2438 2759 2556 2813 JUL.
2604 2759 2734 2814 Tam
2759 2763 2901 2815 enim
2933 2764 3216 2818 scelestum
3247 2775 3360 2831 est,
3391 2767 3532 2835 quod
3571 2783 3694 2824 sus-

2110 2845 2252 2914 cepit
2283 2849 2646 2915 prcevaricatio
2677 2851 2917 2918 pudenda
2947 2851 3232 2922 Babylonis
3253 2896 3268 2919 ,
3301 2866 3355 2908 ut
3385 2871 3504 2909 cum
3531 2873 3559 2910 a
3588 2874 3687 2915 no-

2111 2935 2194 2990 bis
2223 2937 2489 3004 objicitnr,
2535 2953 2563 2989 a
2593 2939 2741 2992 vobis
2779 2952 3034 3010 negetur:
3065 2952 3120 2996 et
3161 2951 3267 2996 tam
3305 2957 3547 2999 sanctum
3576 2959 3691 3015 est,

2112 3027 2256 3096 quod
2285 3043 2312 3080 a
2344 3029 2498 3082 nobis
2521 3030 2771 3092 creditur,
2799 3041 2854 3084 ut
2875 3032 2974 3085 sub
3000 3032 3184 3086 umbra
3207 3033 3322 3101 ejus
3342 3033 3688 3102 delitescere,

2111 3116 2233 3171 licet
2256 3117 2556 3172 adversaria
2589 3129 2766 3174 mente
2788 3161 2802 3183 ,
2827 3122 3071 3190 cupiatis.
3102 3122 3233 3177 Nam
3272 3139 3390 3178 cum
3419 3142 3516 3196 ego
3537 3129 3692 3195 quid-

2111 3207 2236 3276 quid
2263 3208 2636 3284 disputationis
2662 3220 2850 3263 vestrm
2877 3213 3100 3280 sparsim
3131 3215 3383 3268 membris
3417 3219 3695 3272 tenebatur

2111 3299 2495 3368 exprimerem,
2541 3309 2595 3353 et
2633 3315 2892 3355 summam
2935 3305 3240 3372 quaestionis
3287 3306 3336 3359 in
3385 3308 3693 3364 brevitatem

2111 3404 2352 3458 cogerem
2371 3430 2386 3453 ,
2419 3399 2475 3444 ut
2505 3393 2879 3447 ecclesiastica:
2908 3395 3254 3451 dissensionis
3282 3414 3438 3452 causa
3462 3442 3477 3465 ,
3502 3415 3693 3470 quanta

2113 3487 2167 3531 et
2195 3480 2366 3548 qualis
2417 3491 2594 3547 esset,
2627 3483 2741 3536 sine
2796 3485 2939 3536 fumo
2992 3495 3045 3538 ct
3099 3486 3308 3541 nebulis
3362 3491 3694 3559 proderetur,

2113 3569 2227 3622 dixi
2258 3569 2478 3623 liberum
2511 3586 2538 3622 a
2571 3571 2724 3625 vobis
2749 3573 3022 3628 arbitrium
3053 3579 3269 3646 negari,
3304 3589 3357 3634 et
3386 3582 3546 3636 Deum
3574 3600 3698 3640 nas-

2112 3659 2344 3712 centium
2375 3659 2738 3726 conditorem;
2786 3679 2944 3732 porro
2971 3681 2999 3716 a
3031 3668 3183 3720 nobis
3210 3668 3260 3722 id
3289 3681 3568 3742 utrumque
3593 3674 3694 3730 de-

2113 3750 2285 3814 fendi,
2317 3759 2370 3804 et
2395 3751 2464 3804 ob
2494 3753 2592 3805 hoc
2620 3769 2715 3807 vos
2742 3754 3001 3823 imperitis
3044 3759 3256 3813 auribus
3288 3761 3355 3816 de
3397 3766 3693 3822 nominibus

2112 3839 2491 3893 catholicorum
2514 3840 2746 3895 virorum
2767 3884 2780 3903 ,
2811 3845 2899 3912 qui
2930 3859 3146 3914 propter
3177 3850 3330 3904 ﬁdem
3353 3855 3696 3922 apostolicam

2113 3945 2269 3999 quam
2303 3939 2532 3996 tuemur,
2552 3931 2823 3985 nobiscum
2844 3933 3158 4004 'Jaborant,
3186 3941 3326 3994 ciere
3357 3943 3565 3997 inanem
3595 3945 3700 3999 fra-

2113 4034 2324 4089 gorem,
2371 4027 2429 4072 ut
2455 4021 2884 4087 qui'timuissent
2928 4022 3230 4081 leestiani
3283 4045 3312 4083 a
3363 4033 3512 4086 vobis
3559 4035 3695 4103 dici,

2114 4108 2419 4162 amitterent
2444 4109 2681 4164 cmlestis
2712 4109 2832 4164 (idei
2870 4113 3215 4183 dignitatem;
3244 4129 3296 4172 et
3330 4123 3417 4190 qui
3447 4125 3698 4192 expavis-

2114 4205 2234 4251 sent
2253 4211 2321 4251 ne
2347 4213 2375 4249 a
2397 4197 2547 4253 vobis
2568 4199 2831 4269 Pelagiani
2856 4202 3178 4271 dicerentur,
3208 4210 3256 4261 in
3287 4210 3698 4270 Manichaeorum

2116 4286 2333 4355 pelagus
2380 4289 2869 4358 praecipitarentur;
2925 4304 3272 4365 putarentqne
3340 4317 3398 4354 se
3467 4303 3698 4371 imperiti

2116 4379 2311 4446 quique
2340 4394 2445 4431 non
2494 4394 2651 4447 posse
2674 4381 3002 4437 Christianos
3032 4389 3321 4455 appellari,
3353 4392 3395 4444 si
3441 4408 3534 4446 eos
3561 4393 3697 4449 Tra-

2119 4469 2326 4531 duciani
2376 4469 2686 4538 Pelagianos
2734 4485 3014 4528 vocassent
3049 4495 3059 4527 :
3089 4495 3206 4531 cum
3237 4496 3267 4532 e
3311 4482 3523 4551 regione
3568 4500 3698 4554 prn-

2123 4561 2311 4614 dentes
2339 4570 2667 4629 statuerent,
2699 4566 2940 4632 quamvis
2984 4568 3254 4622 nominum
3304 4571 3553 4627 invidiam
3597 4577 3699 4630 sibi

2117 4659 2171 4706 et
2188 4651 2430 4720 injuriam
2448 4652 2808 4706 sustinendam
2827 4657 2994 4724 magis
3009 4697 3023 4720 ,
3039 4673 3193 4726 quam
3213 4660 3365 4713 tidem
3384 4663 3700 4720 catholicam

2116 4740 2539 4810 relinquendam.
2567 4739 2670 4796 Sed
2697 4757 2764 4797 ne
2788 4743 2868 4797 vel
2917 4746 3015 4800 hoc
3072 4749 3237 4815 ipsum
3285 4753 3702 4824 convicttgenus

2118 4839 2294 4885 vestro
2312 4831 2576 4885 inventum
2595 4833 2805 4902 ingenio
2833 4837 3090 4904 glorieris;
3114 4842 3482 4910 recordamini,
3499 4846 3568 4901 al;
3586 4863 3702 4902 om-

2121 4921 2274 4974 nibus
2298 4920 2508 4990 quidem
2527 4921 2788 4978 harreticis
2813 4925 3020 4982 diversa
3067 4946 3162 4982 nos
3189 4930 3207 4961 ⁸
3236 4935 3489 4990 vocabula
3525 4937 3703 4994 solere

2121 5011 2388 5080 suscipere
2409 5030 2419 5064 :
2439 5013 2532 5066 sed
2555 5015 2605 5067 in
2623 5017 2826 5085 synodo
2855 5019 3172 5075 Ariminensi
3202 5025 3565 5082 vehementius
3590 5029 3701 5082 cla-

2123 5103 2322 5166 ruisse,
2367 5104 2492 5172 qnid
2538 5105 2672 5171 apud
2713 5107 2990 5176 plumbeos
3031 5114 3235 5166 animos
3268 5117 3351 5170 vel
3387 5119 3704 5189 ambiguitas

2121 5192 2302 5254 verbi,
2337 5194 2418 5245 vel
2447 5196 2789 5250 comminatio
2820 5200 2938 5252 novi
2987 5204 3228 5256 vocabuli
3271 5209 3436 5273 possit
3481 5210 3702 5264 sceleris

2122 5283 2382 5337 obtinere.
2411 5284 2542 5337 Nam
2569 5302 2688 5339 cum
2717 5289 2816 5341 sub
2844 5291 3040 5344 Ariano
3071 5296 3342 5364 principe,
3391 5301 3470 5352 vir
3496 5316 3702 5370 magna:

2188 5439 2204 5468 ι
2231 5440 2301 5488 sic
2324 5445 2428 5487 Mss.
2453 5439 2587 5498 editi,
2607 5441 2822 5493 deviatis.

2186 5501 2206 5530 ¹
2233 5505 2356 5558 Mss,
2382 5501 2552 5551 nescis.

2188 5559 2209 5590 ³
2231 5566 2336 5609 Mss.
2361 5568 2469 5608 Mar.
2498 5570 2547 5610 et
2569 5569 2715 5616 Port..
2738 5563 2989 5617 refriscum.

2188 5620 2589 5698 rtirerm
2608 5625 2848 5698 tor-abuit:
2878 5629 3029 5679 solere
3053 5645 3294 5695 susapere
3312 5649 3327 5695 ;
3346 5649 3550 5698 omisso,
3599 5650 3700 5688 nos.

2132 5681 2256 5739 quod
2277 5684 2546 5731 restituitur
2572 5697 2632 5733 ex
2660 5693 2765 5736 διεδ.

2879 5804 2999 5817 λ-ηςα..
