4010 6186
279 359 404 412 1101

276 457 611 513 constanttx,
641 446 759 501 ﬁdei
788 448 1098 511 sanissimus,
1123 445 1442 501 Athanasius
1464 446 1854 501 Alexandrinus

273 543 592 609 episcopus,
639 540 841 608 dilapso
886 553 916 594 a
959 539 1060 593 fide
1103 538 1472 608 ApOSloloruut
1518 537 1660 590 Omni
1725 549 1857 604 pene

275 633 513 699 mundo,
543 641 597 685 et
626 632 856 700 impiatis
898 632 1226 700 temporibus
1267 632 1280 662 ¹
1326 630 1652 693 obstitisset,
1699 635 1857 697 atque

271 721 341 775 ob
368 721 472 774 hoc
501 721 555 774 in
580 720 768 774 exsilia
797 729 1012 774 coactus
1041 728 1210 783 esset;
1244 718 1310 773 de
1333 719 1596 773 sexcentis
1624 726 1678 771 et
1702 718 1857 786 quin-

271 812 562 880 quaginta,
611 821 666 864 ut
703 811 886 875 fertur,
933 809 1232 880 episc0pis,
1279 811 1362 864 vix
1406 821 1609 880 septem
1653 809 1853 864 inventi

272 912 419 966 sunt,
441 901 634 970 quibus
653 902 895 954 chariura
917 910 1095 956 essent
1123 903 1208 954 Dei
1235 911 1496 970 percepta
1513 917 1668 969 quam
1692 901 1851 969 regis;

272 991 520 1045 videlicet
547 1000 603 1044 ut
632 1005 733 1044 nec
774 991 827 1044 in
857 989 1132 1043 Athanasii
1173 990 1567 1044 damnationem
1598 989 1852 1042 conveni-

272 1089 430 1144 rent,
462 1095 560 1134 nec
583 1079 856 1134 Trinitatis
880 1079 1268 1134 confessionem
1301 1092 1572 1149 negarent.
1606 1080 1697 1132 Illa
1726 1094 1853 1133 vero

270 1170 448 1223 omnis
466 1169 792 1238 deiectorum
814 1181 1086 1239 pectorum
1117 1170 1398 1224 multitudo
1417 1211 1430 1234 ,
1461 1177 1607 1223 extra
1638 1168 1853 1237 injuria-

273 1277 390 1314 rum
416 1273 616 1315 metum
639 1297 656 1324 ,
689 1260 786 1314 hac
816 1270 900 1315 est
943 1263 1275 1331 petiSsimum
1303 1263 1385 1316 vel
1438 1262 1668 1315 nominis
1707 1275 1855 1314 com-

272 1353 562 1406 minatione
581 1394 596 1415 ,
625 1368 692 1408 ne
721 1353 1078 1407 Athanasiana
1108 1362 1419 1418 vocaretur,
1451 1352 1537 1407 vel
1565 1353 1855 1422 interroga-

270 1443 427 1496 tionis
456 1443 746 1496 calliditate
776 1443 1017 1511 decepta.

335 1533 475 1587 Are.
506 1532 892 1586 Athanasianns
912 1533 994 1587 vel
1025 1531 1413 1587 llomousianos
1444 1532 1626 1586 Ariani
1641 1530 1842 1585 Catho-

269 1623 404 1677 Iicos
423 1633 644 1701 vocant,
675 1640 778 1678 non
805 1634 858 1677 et
884 1624 974 1677 alii
1005 1624 1260 1679 haeretici.
1285 1624 1391 1678 Vos
1417 1635 1596 1678 autem
1621 1639 1724 1676 non
1754 1637 1846 1676 so-

267 1714 374 1767 lum
397 1731 424 1766 a
446 1713 752 1780 Catholicis,
779 1715 872 1768 sed
895 1715 1052 1768 etiam
1086 1715 1153 1770 ab
1174 1715 1460 1781 haereticis,
1483 1716 1631 1770 vobis
1660 1715 1850 1771 simili-

271 1805 371 1860 bus
394 1814 450 1860 et
475 1822 504 1858 a
531 1807 684 1860 vobis
721 1805 1186 1873 dissentientibus,
1231 1806 1499 1876 Pelagiani
1535 1808 1798 1862 vocamini
1832 1827 1844 1862 :

264 1896 712 1964 quemadmodum
755 1911 858 1948 non
903 1904 1106 1950 tantum
1134 1911 1163 1949 a
1190 1896 1488 1959 Catholica,
1519 1897 1613 1951 sed
1641 1899 1708 1952 ab
1739 1898 1849 1953 bte—

263 1987 474 2040 resibns
503 1985 662 2040 etiam
689 1995 946 2040 vocantur
969 1987 1172 2040 Ariani.
1200 1986 1308 2042 Vos
1336 2003 1460 2042 vero
1495 1988 1599 2042 soli
1626 2003 1723 2042 nos
1751 2003 1846 2058 ap-

263 2075 474 2142 pellatis
511 2075 906 2142 Tradncianos,
951 2077 1089 2130 sicut
1115 2077 1190 2130 illi
1237 2077 1655 2144 llomousianos,
1709 2081 1850 2134 sicut

265 2167 554 2220 Donatista:
592 2167 952 2233 Macarianos,
984 2168 1122 2221 sicut
1144 2167 1418 2222 Manichtci
1443 2170 1738 2225 Pbarisasos
1755 2211 1771 2236 ,
1794 2179 1849 2226 et

261 2257 436 2309 ceteri
463 2255 700 2310 lia-retici
731 2256 955 2310 diversis
978 2257 1303 2314 nominibus.

328 2345 574 2400 LXXVI.
619 2345 737 2400 Jun.
785 2345 918 2400 Nam
945 2361 1066 2400 cum
1111 2355 1468 2415 proponerent
1505 2349 1724 2416 Ariani,
1755 2352 1846 2420 qui

261 2451 438 2490 rerum
473 2449 541 2490 ea
583 2444 902 2505 tempeState
933 2436 1308 2504 potiebantur,
1337 2437 1660 2494 llomousion
1695 2441 1846 2511 sequi

263 2527 451 2593 vultis,
492 2535 583 2580 aut
610 2527 921 2581 Christum?
947 2527 1359 2598 Responderunt
1385 2531 1636 2586 continuo
1653 2574 1668 2598 ,
1693 2533 1845 2602 quasi

260 2619 310 2672 in
335 2633 534 2674 nomen
559 2619 816 2689 religiosi,
838 2619 1106 2676 Christum
1129 2635 1190 2674 se
1215 2621 1398 2692 sequi;
1423 2623 1740 2679 bomousion
1760 2640 1843 2680 re-

263 2711 552 2779 pudiavere
581 2713 602 2742 ’
628 2728 641 2763 :
681 2721 841 2780 atque
879 2710 948 2765 ita
987 2719 1189 2767 exeunt
1223 2717 1513 2782 gestientes
1535 2756 1550 2780 ,
1575 2717 1719 2771 velut
1750 2717 1841 2787 qui

259 2801 473 2855 Christo
501 2801 972 2871 crcderent,quem
993 2801 1101 2872 jam
1131 2813 1471 2873 negaverant,
1499 2804 1838 2873 homousion,

259 2891 308 2944 id
351 2902 434 2946 εει
486 2892 642 2944 unius
680 2905 800 2945 cum
843 2891 1000 2946 Patre
1027 2892 1357 2960 substantire,
1393 2893 1728 2964 deneganda.
1768 2897 1840 2950 Ita

256 2997 387 3052 ergo
411 2991 467 3036 et
498 2998 638 3036 nunc
663 2998 758 3036 vos
790 2982 1136 3038 fabricatores
1154 2985 1285 3050 doli,
1314 2984 1589 3055 imperitas
1627 2989 1841 3042 terretis

258 3088 433 3134 aures,
464 3073 590 3126 utsi
623 3075 811 3128 nolunt
840 3074 1190 3128 laborantium
1225 3090 1320 3144 pro
1354 3075 1456 3130 ﬁde
1479 3078 1709 3131 virorum
1751 3093 1846 3147 ap-

263 3166 542 3233 pellatione
577 3165 810 3234 rcSpergi
835 3204 852 3230 ,
882 3175 936 3218 et
963 3165 1184 3219 liberum
1212 3166 1490 3220 arbitrium
1535 3178 1758 3238 urgent,
1788 3178 1844 3223 et

263 3256 424 3310 Deum
450 3257 720 3310 hominum
733 3257 1087 3312 conditorem.
1111 3258 1220 3312 Iloc
1237 3259 1433 3328 igitura
1449 3275 1532 3313 me
1546 3261 1596 3314 in
1617 3262 1706 3315 illo
1723 3263 1842 3315 loco

263 3356 467 3400 constat
494 3347 760 3415 oltjectum
783 3363 797 3411 ;
827 3357 881 3400 et
908 3364 1067 3416 quam
1095 3360 1198 3402 non
1220 3349 1372 3416 falso,
1405 3365 1637 3418 praesens
1659 3351 1842 3421 dispu-

263 3437 387 3490 tatio
415 3437 588 3505 palam
611 3437 788 3490 faciet.
813 3437 1152 3506 Rcspondisti
1179 3454 1307 3508 ergo
1335 3439 1435 3494 hoc
1460 3440 1619 3494 modo
1643 3459 1654 3492 :
1681 3460 1700 3492 ι
1726 3442 1838 3496 Non

263 3543 512 3598 negamus
551 3528 776 3582 liberum
821 3531 1096 3584 arbitrium
1139 3547 1151 3582 :
1187 3550 1206 3582 ι
1241 3541 1293 3584 et
1341 3531 1473 3585 nihil
1513 3534 1654 3586 aliud
1707 3535 1834 3589 sub-

259 3619 474 3690 iunxisti
494 3620 562 3674 de
585 3631 693 3674 tuo.
716 3619 1060 3690 Consequens
1085 3622 1224 3674 enim
1250 3621 1419 3676 fuerat
1443 3664 1458 3686 ,
1488 3631 1545 3675 ut
1591 3625 1840 3692 impleres

259 3711 370 3763 sine
415 3711 852 3779 tergiversatione
895 3711 1254 3774 sententiam;
1293 3726 1522 3780 cumque
1549 3712 1838 3780 prannisis-

259 3817 344 3855 ses
373 3817 482 3855 non
525 3811 577 3856 te
607 3817 800 3871 negare
836 3803 1042 3856 arbitrii
1070 3802 1366 3855 libertatem
1393 3842 1408 3867 ,
1441 3802 1665 3877 adderes
1688 3843 1704 3869 ,
1735 3805 1838 3859 Sed

259 3893 579 3947 ootiﬁtemur
602 3893 779 3947 datam
809 3909 838 3945 a
873 3893 981 3947 Deo
1010 3893 1311 3948 libertatem
1339 3892 1545 3947 arbitrii
1581 3894 1633 3947 in
1661 3893 1836 3948 homi-

260 3997 382 4037 num
406 3998 717 4051 permanere
744 3991 952 4037 natura.

325 4075 462 4128 Aoc.
490 4073 771 4141 Quomodo
800 4083 979 4128 manet
1017 4073 1235 4130 libertas
1264 4068 1336 4129 in'
1358 4075 1437 4130 eis
1459 4116 1476 4142 ,
1501 4077 1589 4145 qui
1619 4085 1678 4130 ut
1704 4077 1838 4130 libe-

258 4173 440 4218 rentur
466 4181 494 4216 a
532 4166 818 4229 servitute,
845 4181 947 4234 qua
971 4165 1156 4218 victori
1205 4175 1422 4234 peccato
1445 4166 1640 4220 addicti
1679 4175 1834 4233 sunt,

258 4256 431 4308 divina
460 4257 702 4325 indigent
719 4257 908 4324 gratia,
930 4257 1029 4309 nisi
1051 4258 1174 4325 quia
1196 4257 1344 4310 liberi
1368 4269 1491 4310 sunt
1516 4267 1569 4311 et
1597 4258 1717 4326 ipsi,
1741 4259 1835 4312 sed

256 4347 514 4415 justitim?
555 4347 692 4400 unde
715 4347 842 4400 dicit
865 4348 1150 4416 Apostolus
1171 4389 1184 4409 ,
1218 4346 1341 4401 Cum
1367 4349 1536 4401 essetis
1565 4350 1691 4402 servi
1715 4365 1836 4419 pec-

259 4437 374 4500 cati,
397 4436 544 4489 liberi
566 4437 736 4503 fuistis
749 4437 965 4507 justitite
989 4437 1167 4507 (Rom.
1192 4454 1263 4504 vt,
1281 4439 1397 4508 20.)

329 4527 589 4582 LXXVII.
619 4527 739 4582 JUL.
781 4526 1100 4596 Itnplev'eras
1133 4533 1275 4582 enim
1315 4530 1415 4583 hoc
1457 4544 1707 4586 sermone
1731 4532 1836 4586 ali-

258 4621 402 4688 quid,
434 4632 621 4673 contra
647 4619 787 4690 quod
823 4622 866 4674 si
895 4621 1084 4674 fuisses
1112 4622 1318 4675 locutus
1340 4623 1576 4685 ulterius,
1609 4625 1830 4679 nimium

261 4711 566 4776 impudens;
595 4711 677 4763 sin
709 4721 884 4764 autem
914 4712 1088 4764 omnia
1121 4713 1467 4766 concinenter
1491 4713 1544 4777 ³,
1576 4715 1656 4767 vel
1685 4716 1836 4768 tarde

259 4815 441 4866 posses
471 4815 731 4866 apparere
764 4802 1071 4854 correctior.
1115 4800 1263 4855 Nunc
1304 4817 1432 4856 vero
1461 4819 1546 4858 me
1573 4805 1706 4857 dicis
1733 4804 1834 4858 fal-

260 4889 386 4946 lere.
415 4889 506 4959 qui
535 4890 678 4958 quod
707 4891 897 4958 objeci,
934 4907 1025 4959 per
1062 4903 1110 4945 te
1149 4893 1348 4960 probo;
1379 4903 1434 4946 et
1474 4904 1528 4947 tu
1554 4896 1753 4959 statim,
1780 4897 1832 4950 in

257 4994 321 5030 eo
344 4981 485 5049 quod
515 4990 565 5034 te
595 4993 746 5049 pnus
771 4991 1158 5050 consequenter
1184 4983 1496 5038 instruxisse
1519 5025 1535 5048 ,
1573 4987 1830 5040 mentiris.

258 5072 350 5123 Ais
386 5074 606 5140 quippe,
653 5070 770 5124 Non
800 5071 1003 5124 liberum
1038 5090 1277 5142 negamus
1306 5073 1598 5138 arbitrium;
1624 5085 1679 5130 et
1706 5077 1834 5130 sub-

253 5165 428 5234 jungis
458 5165 820 5219 testimonium
855 5164 1145 5234 Evangelii,
1182 5167 1288 5229 sed,
1324 5183 1341 5216 ε
1379 5165 1440 5220 Si
1463 5181 1548 5220 vos
1574 5166 1740 5220 Filius
1766 5169 1831 5221 li-

319 5339 337 5368 ¹
364 5335 622 5386 lenardus
650 5343 712 5398 et
746 5335 1050 5398 \‘ignierius,
1102 5333 1339 5397 impietati
1376 5335 1682 5398 tetnporilms.
1726 5343 1833 5387 Mss.

255 5402 367 5467 lar.
394 5406 446 5445 et
480 5397 584 5444 Clar
611 5431 626 5456 ,
643 5394 896 5467 impietatis
919 5394 1220 5467 temporibus.
1241 5405 1298 5467 _ln
1323 5394 1537 5467 editione
1559 5400 1670 5467 anui
1698 5399 1834 5467 l65i5,

258 5472 318 5505 ex
349 5461 376 5519 ij
395 5471 451 5506 so
482 5471 632 5520 quem
656 5458 907 5507 Memrdus
932 5457 1070 5520 legit,
1097 5460 1251 5520 veteri
1275 5459 1440 5520 codice
1463 5460 1690 5520 sectmdis
1708 5461 1838 5508 curis

256 5517 792 5567 recensitocorrectum
812 5525 903 5575 est,
929 5517 1136 5581 int'piutis
1153 5518 1438 5581 temporibus
1458 5532 1474 5578 ;
1493 5519 1540 5567 id
1565 5528 1657 5578 est,
1676 5519 1837 5581 scele-

253 5582 389 5627 ratis.
432 5583 680 5642 consentit
721 5587 801 5627 Ms.
837 5587 958 5627 I‘ort.
997 5580 1386 5642 certe_Juliantts
1424 5582 1573 5632 inl’ra.
1608 5593 1711 5642 cap.
1735 5580 1797 5630 92
1820 5616 1836 5642 ,

259 5652 408 5710 verno
433 5644 614 5710 eodem
635 5641 720 5710 illo
741 5644 920 5710 utitur,
952 5639 1116 5690 Desine
1140 5640 1315 5702 itaque,
1342 5643 1425 5700 ait,
1451 5639 1737 5704 impiare'te.

319 5703 342 5763 ξ
366 5703 434 5749 sic
457 5708 564 5750 uss.
585 5703 720 5763 Editi.
748 5702 1020 5763 repudiare.

323 5761 342 5792 ³
365 5764 436 5812 sic
460 5770 562 5812 uss.
593 5762 711 5812 miti
729 5761 848 5813 vero
863 5798 878 5823 ,
901 5763 1209 5813 continenter.

1607 355 1803 412 LIBER
1843 353 2110 411 PRIMUS.

3409 359 3544 412 iii"!

1965 443 2226 511 beraverit,
2259 463 2276 495 ›
2312 444 2382 498 ait
2413 443 2623 502 Veritas,
2659 463 2677 497 t
2715 452 2833 498 tunc
2851 459 2960 498 vere
2982 444 3273 498 librrieritis
3309 464 3326 497 ι
3361 445 3538 516 (Joan.

1963 551 2072 601 vin,
2102 535 2214 605 56).
2241 534 2373 588 Cum
2399 534 2498 589 hoc
2528 537 2576 588 in
2612 535 2698 588 illo
2726 535 2840 590 loco
2869 551 2897 587 a
2928 535 3155 589 Domino
3187 541 3368 588 nostro
3409 537 3534 591 Jesu

1961 634 2170 679 ci-nstet
2209 626 2258 678 in
2291 626 2512 679 liberum
2551 627 2826 680 arbitrium
2869 643 2970 680 non
3015 627 3174 682 luisse
3223 628 3482 696 prolatum
3515 669 3531 694 ,

1960 717 2111 784 cujus
2140 717 2527 784 expositionem
2572 717 2850 771 sententicc
2877 718 3142 785 paululum
3179 718 3485 773 diﬁ'erenles
3515 762 3530 780 ,

1961 806 2354 861 definitionibus
2380 816 2435 861 et
2461 807 2828 872 divisionibus,
2861 808 2985 877 quid
3015 819 3250 863 nostrmn
3280 811 3534 864 alteruter

1959 897 2173 962 sentiat,
2192 898 2536 967 explicemus.
2559 897 2954 967 Debetquippe,
2986 899 3271 952 secundum
3296 901 3532 953 omnium

1958 988 2238 1042 doctarum
2263 988 2618 1058 disciplinam,
2661 988 2928 1042 inchoatio
2953 988 3325 1058 disputationis
3351 1008 3378 1041 a
3404 991 3534 1045 dell-

1959 1079 2158 1133 nitione
2187 1083 2343 1134 sumi.
2429 1080 2434 1086 '

2031 1173 2164 1224 Anc.
2195 1170 2430 1239 Apostoli
2462 1184 2606 1240 ergo,
2635 1170 2725 1239 qui
2755 1169 3166 1240 disputationum
3203 1188 3417 1227 suarum
3450 1175 3530 1228 in-

1958 1260 2270 1316 choationes
2305 1278 2407 1314 non
2439 1277 2467 1314 a
2495 1261 2804 1316 deﬁnitione
2830 1272 3205 1331 sumpserunt,
3247 1281 3349 1317 non
3381 1276 3536 1319 erant

1958 1349 2138 1404 docti?
2172 1352 2234 1405 Et
2264 1361 2437 1406 tamen
2469 1362 2619 1406 erant
2647 1353 2895 1407 doctores
2919 1354 3180 1422 gentium,
3216 1364 3272 1408 et
3296 1365 3533 1410 contem-

1957 1450 2138 1509 ptores
2158 1442 2438 1496 doctorum
2469 1443 2672 1508 talium,
2697 1443 2763 1497 de
2785 1445 2973 1513 quibus
3002 1453 3052 1497 te
3081 1444 3306 1498 delectat
3338 1445 3527 1499 inﬂari.

1954 1530 2107 1598 Quod
2135 1541 2311 1586 autem
2337 1533 2409 1586 ait
2442 1532 2729 1597 Dominus,
2769 1533 2828 1586 Si
2867 1549 2951 1588 vos
3004 1533 3170 1587 Filius
3219 1535 3533 1602 liberaverit,

1954 1631 2071 1674 tunc
2097 1639 2206 1675 vere
2226 1622 2368 1675 liberi
2397 1623 2537 1676 eritis
2561 1664 2574 1685 ,
2624 1625 2902 1680 conaberis
2941 1624 3154 1694 quidem
3185 1626 3240 1680 in
3271 1635 3411 1680 tuam
3441 1626 3535 1682 de-

1955 1720 2206 1782 torquere
2251 1716 2569 1768 scntentiam
2606 1732 2618 1766 :
2653 1715 2746 1769 sed
2791 1730 2949 1784 quam
2999 1725 3049 1770 te
3089 1732 3192 1770 non
3244 1725 3532 1786 sequatur,

1952 1817 2074 1857 cum
2103 1804 2282 1856 conari
2314 1807 2560 1873 cmperis,
2594 1807 2886 1874 apparebit.

2023 1891 2301 1948 LXXVIII.
2334 1895 2454 1948 JUL.
2484 1895 2670 1951 Omnis
2695 1897 2910 1966 quippe,
2953 1884 3010 1951 ut
3043 1899 3117 1952 ait
3155 1897 3262 1962 ille,
3295 1915 3412 1968 quas
3443 1915 3533 1954 ra-

1951 1983 2099 2039 tione
2129 1987 2418 2054 suscipitur
2445 1986 2512 2040 de
2539 1987 2713 2056 aliqua
2741 2002 2800 2041 re
2827 1987 3133 2057 disputatio,
3165 1989 3322 2043 debet
3349 2006 3379 2044 a
3406 1991 3538 2045 deﬁ-

1952 2073 2153 2128 nitione
2181 2071 2465 2143 proﬁcisci,
2494 2086 2552 2128 ut
2591 2077 2915 2145 intelligatur
2955 2077 3079 2146 quid
3123 2079 3190 2131 sit
3234 2080 3284 2132 id
3332 2079 3399 2133 de
3427 2096 3534 2150 quo

1951 2163 2253 2232 diSputatur
2279 2164 2497 2234 (Cicero,
2530 2166 2593 2217 de
2624 2165 2831 2235 Oﬁciis,
2861 2167 2948 2220 lib.
2978 2166 3056 2237 i).
3078 2167 3150 2220 Ita
3181 2183 3309 2238 ergo
3335 2175 3387 2223 el
3410 2186 3529 2236 nos,

1949 2253 2086 2307 sicut
2114 2267 2272 2323 supra
2303 2255 2369 2308 de
2389 2254 2609 2324 justitire
2636 2263 2688 2309 et
2718 2256 2919 2324 peccati
2942 2256 3248 2312 deﬁnitione
3268 2257 3528 2312 disserui-

1950 2359 2090 2405 mus,
2114 2359 2254 2398 nunc
2281 2359 2490 2414 quoque
2516 2344 2788 2399 videamus
2809 2361 2926 2414 qua:
2951 2346 3180 2401 libertati
3203 2348 3406 2403 arbitrii
3436 2349 3532 2404 de-

1949 2435 2119 2489 ﬁnitio
2143 2445 2410 2505 competat
2444 2445 2499 2489 ut
2529 2437 2740 2504 planum
2769 2437 2858 2501 sit,
2876 2437 2994 2506 quis
3017 2437 3100 2502 ei,
3124 2448 3363 2493 nostrum
3396 2453 3530 2493 con-

1946 2526 2146 2580 sentiat
2174 2527 2226 2592 ¹,
2253 2526 2374 2595 quis
2397 2536 2674 2596 repugnet.
2709 2525 2954 2581 Libertas
2976 2525 3196 2591 arbitrii,
3230 2545 3331 2598 qua
3361 2545 3389 2581 a
3419 2530 3532 2585 Deo

1946 2615 2312 2684 emancipatus
2335 2613 2496 2670 homo
2511 2624 2612 2680 est,
2639 2616 2691 2670 in
2713 2614 3023 2672 admittendi
3056 2617 3256 2686 peccati
3286 2630 3339 2674 et
3364 2620 3536 2675 absti.

1946 2707 2106 2763 nendi
2133 2722 2164 2760 a
2197 2716 2414 2777 peccato
2446 2707 2794 2776 possibilitate
2817 2709 3080 2762 consistit.

2019 2798 2158 2854 Aac.
2215 2797 2614 2870 Emancipatum
2655 2798 2924 2853 hominem
2969 2799 3105 2854 dicis
3137 2815 3169 2854 a
3210 2801 3320 2855 Deo
3365 2801 3391 2854 τ’
3431 2818 3530 2858 nec

1945 2886 2176 2940 attendis
2199 2885 2301 2942 hoc
2327 2901 2448 2940 cum
2472 2887 2805 2957 emancipato
2832 2888 2938 2957 agi,
2972 2897 3029 2942 ut
3059 2889 3110 2942 in
3139 2888 3334 2944 familia
3363 2891 3528 2960 patris

1947 2991 2050 3029 non
2081 2975 2170 3029 sit.
2375 3027 2388 3047 ,

2018 3063 2255 3119 LXXIX.
2288 3065 2408 3120 Jun.
2458 3065 2675 3120 Factum
2706 3076 2786 3122 est
2814 3069 2956 3122 enim
2991 3069 3186 3122 animal
3216 3071 3475 3127 rationale
3509 3112 3526 3136 ,

1945 3154 2191 3218 mortale,
2223 3169 2386 3222 capax
2416 3156 2628 3218 virtutis
2653 3165 2708 3210 et
2737 3157 2870 3221 vitii,
2900 3158 3039 3226 quod
3074 3167 3253 3226 posset
3286 3175 3350 3213 ex
3389 3171 3524 3214 con-

1945 3256 2094 3296 cessa
2135 3243 2234 3297 sibi
2275 3244 2625 3312 possibilitate
2652 3246 2733 3298 vel
2764 3260 2979 3300 servare
3022 3247 3113 3301 Dei
3146 3247 3413 3315 mandata,
3442 3251 3524 3305 vel

1945 3331 2270 3401 transgredi,
2317 3334 2399 3386 vel
2444 3334 2750 3402 magisterio
2803 3336 3028 3388 naturali
3079 3347 3398 3392 conservare
3437 3336 3526 3407 jus

1946 3424 2190 3478 humana:
2243 3425 2534 3486 societatis,
2582 3425 2914 3492 liberumque
2958 3426 3178 3482 haberet
3214 3431 3520 3484 alterutram

1943 3515 2078 3569 velle
2104 3525 2328 3585 partem,
2359 3516 2408 3570 in
2437 3531 2542 3584 quo
2571 3517 2772 3586 peccati
2814 3527 2868 3572 et
2906 3516 3126 3587 justitite
3168 3535 3371 3574 summa
3420 3531 3523 3577 est.

1942 3604 2074 3659 Nam
2123 3621 2245 3660 cum
2290 3607 2485 3677 aliquid
2531 3607 2822 3663 secundum
2849 3611 3096 3663 virtutem
3129 3609 3522 3681 indigentibus,

1941 3705 2032 3751 aut
2055 3697 2122 3751 de
2145 3699 2522 3754 misericordiae
2553 3698 2804 3764 fontibus,
2835 3701 2927 3755 aut
2954 3701 3021 3755 de
3040 3700 3260 3770 justitia!
3303 3703 3524 3756 immul-

1941 3795 2032 3856 get
2057 3788 2079 3819 ³
2108 3787 2396 3852 uberibus;
2426 3791 2550 3844 hoc
2575 3799 2828 3859 operatur
2857 3791 2987 3846 foris
3010 3792 3120 3861 jam
3150 3789 3258 3861 ipsa
3284 3794 3484 3863 iustitia
3504 3835 3520 3860 ,

1943 3891 2103 3945 quam
2133 3878 2275 3931 intus
2303 3879 2550 3934 voluntas
2579 3889 2760 3933 sancta
2791 3882 3037 3948 concepit
3065 3890 3119 3934 et
3149 3885 3376 3950 peperit.

2014 3971 2150 4023 Anc.
2184 3969 2371 4024 Utrum
2398 3970 2466 4026 de
2494 3984 2593 4025 suo
2616 3969 2873 4038 justitiam
2896 3973 3203 4039 conceperit
3228 3971 3268 4034 ³,
3302 3972 3404 4027 boc
3426 3985 3521 4026 vo-

1941 4059 2146 4114 biscum
2186 4061 2380 4129 agitur,
2409 4060 2495 4128 qui
2520 4061 2824 4126 ignorantes
2856 4060 2947 4113 Dei
2977 4059 3262 4127 justitiam,
3292 4071 3522 4115 vestram

1943 4150 2103 4204 vultis
2127 4152 2452 4206 constituere
2488 4151 2666 4220 (Rom.
2702 4168 2751 4217 ι,
2786 4149 2842 4223 3)
2869 4170 2881 4205 :
2906 4167 3026 4206 cum
3062 4153 3310 4207 voluntas
3339 4157 3520 4208 sa'nc'ta

1944 4242 2126 4308 utique
2163 4241 2421 4309 justitiam
2459 4252 2641 4296 sancta
2670 4243 2992 4310 cegitatione
3018 4242 3302 4311 concipiat,
3328 4243 3395 4298 de
3419 4257 3522 4314 qua

1941 4331 2194 4400 scriptum
2218 4338 2318 4394 cst,
2346 4329 2592 4400 Cogitatio
2619 4340 2794 4383 sancta
2819 4331 3031 4385 servabit
3052 4341 3098 4385 te
3125 4331 3304 4402 (Prov.
3337 4348 3394 4397 II,
3429 4333 3519 4396 Η,

1941 4433 2040 4471 sec.
2073 4417 2269 4488 LXX);
2301 4417 2430 4472 dicit
2456 4429 2632 4471 autem
2673 4420 2958 4488 Apostolus
2983 4462 2998 4484 ,
3042 4419 3164 4474 Non
3191 4423 3308 4490 quia
3354 4422 3524 4477 idonei

1939 4525 2112 4562 sumus
2137 4509 2358 4578 cogitare
2379 4508 2574 4579 aliquid
2599 4509 2740 4577 quasi
2772 4526 2834 4562 ea:
2860 4509 3252 4580 nobismetipsis,
3279 4507 3370 4565 sed
3404 4518 3520 4584 suf-

1941 4600 2159 4668 ﬁcientia
2194 4609 2368 4652 nostra
2414 4614 2478 4651 ea:
2524 4597 2633 4650 Deo
2673 4609 2744 4652 est
2795 4599 2870 4670 (ιι
2915 4600 3036 4654 Cor.
3094 4617 3169 4666 IIl,
3216 4602 3291 4674 5).
3337 4592 3446 4658 lloc
3476 4605 3521 4659 si

1941 4689 2288 4757 intelligatis,
2346 4703 2453 4742 non
2512 4687 2653 4741 aliud
2707 4687 3012 4759 intelligetis
3066 4707 3186 4746 esse
3238 4693 3518 4749 arbitrium

1943 4778 2274 4833 laudabiliter
2314 4777 2558 4840 liberum,
2588 4777 2692 4832 nisi
2718 4779 2858 4848 quod
2888 4779 3048 4836 fuerit
3077 4782 3165 4835 Dei
3187 4783 3352 4851 gratia
3379 4784 3517 4839 libe-

1939 4876 2134 4922 ratum.

2012 4955 2225 5011 LXXX.
2283 4956 2402 5010 Juc.
2443 4956 2530 5011 Sic
2572 4966 2626 5010 et
2652 4972 2771 5011 cum
2799 4973 2829 5012 e
2855 4959 3064 5012 diverso
3091 4967 3329 5013 statuens
3359 4975 3520 5028 prave

1940 5064 2099 5116 agere
2131 5049 2182 5102 in
2211 5049 2436 5102 aliorum
2465 5047 2713 5118 injuriam
2737 5089 2754 5114 ,
2806 5049 2885 5102 vel
2925 5049 3137 5118 iniquus
3175 5051 3294 5120 quis
3321 5051 3480 5107 fuerit
3502 5095 3517 5115 ,

1941 5141 2022 5194 vel
2053 5140 2318 5203 crudelis;
2347 5141 2588 5208 operatio
2617 5155 2716 5209 qua
2759 5150 2913 5194 nocet
2943 5141 3080 5207 aliis,
3110 5157 3138 5196 a
3169 5147 3403 5214 nequitia
3433 5145 3518 5198 fo-

1942 5245 2028 5284 ras
2057 5228 2429 5299 proﬁciscitur,
2461 5245 2616 5298 quam
2649 5231 2788 5282 intus
2811 5231 2947 5284 mala
2970 5233 3215 5286 voluntas
3236 5236 3516 5288 seminavit

1942 5330 1996 5375 et
2047 5321 2229 5390 genuit
2280 5339 2293 5374 :
2342 5335 2461 5373 cum
2513 5333 2638 5373 vero
2687 5321 2838 5374 deest
2868 5323 3118 5386 facultas,
3152 5339 3426 5393 perquam
3464 5325 3515 5377 in

1945 5412 2220 5480 proximos
2266 5410 2344 5463 vis
2386 5418 2606 5464 secreta:
2660 5411 2946 5466 voluntatis
2986 5422 3246 5480 erumpat,
3299 5414 3352 5465 in
3405 5414 3512 5481 ipsa

2007 5521 2188 5594 inditi,
2209 5519 2314 5584 quis
2331 5525 2544 5571 nostrum
2573 5521 2854 5584 consentiat;
2870 5524 3065 5582 omisso,
3083 5521 3147 5582 ei,
3170 5521 3300 5584 quod
3325 5534 3387 5570 ex
3410 5529 3514 5572 MSS.

1941 5591 2234 5634 restituitur.

2006 5647 2026 5710 ξ
2048 5644 2358 5710 (ιᾳςῖωῳιειιξ.3
2374 5641 2605 5708 indulget.
2824 5704 2837 5710 _
3007 5704 3035 5710 __
3173 5707 3175 5710 g

2006 5707 2027 5736 ³
2043 5705 2178 5770 aliti,
2194 5703 2386 5766 justitia
2419 5703 2723 5770 cmtéepertt;
2745 5704 2891 5766 male,
2915 5717 2971 5755 ac
2992 5704 3390 5756 dissentientibus
3412 5721 3516 5759 ma-

1932 5764 2217 5823 nuscr‘ptis.
