4008 6178
442 315 575 369 1105

438 443 609 482 tamen
632 426 745 481 sola
774 426 1062 492 voluntate,
1091 440 1208 493 qua:
1233 422 1432 493 aliquid
1461 423 1545 478 vel
1574 423 1697 478 boni
1725 432 1812 478 vel
1840 425 1964 480 mali
1993 467 2008 491 ,

435 537 539 574 non
596 521 793 588 impetu
841 517 1010 582 brevi,
1059 514 1153 569 sed
1197 514 1516 584 cogitatione
1549 517 1889 586 appetituque
1916 530 2010 586 pa-

438 612 677 677 traverit,
705 610 787 666 vel
818 607 1157 679 benignitatis
1185 617 1264 662 est
1303 607 1438 662 ratio
1478 607 1716 678 impleta,
1746 608 1831 663 vel
1860 608 2015 663 mali-

434 705 668 775 guitalis.

519 820 651 872 Anc.
680 814 824 869 Sicut
855 812 1107 883 intelligis
1131 811 1457 867 voluntatem
1483 811 1645 866 etiam
1673 812 1784 867 sola
1813 813 2014 882 cogita-

437 910 579 963 tione
619 908 875 961 rationem
910 905 994 959 vel
1032 904 1371 974 benignitatis
1408 904 1493 958 vel
1522 904 1866 973 malignitatis
1913 904 2015 958 im-

436 1001 597 1069 plere,
622 1000 665 1053 si
690 1014 755 1053 eo
775 997 936 1052 modo
963 996 1248 1067 intelligas,
1279 994 1422 1065 quod
1452 995 1469 1026 ⁸
1498 994 1568 1049 de
1587 994 1724 1048 bona
1747 1005 1802 1049 et
1827 1002 2012 1049 sancta

432 1093 753 1165 cogitatione
781 1094 1002 1163 loquens
1038 1091 1325 1162 Apostolus
1358 1089 1454 1156 ait,
1489 1104 1594 1144 non
1623 1072 1744 1143 esse
1771 1102 1871 1142 nos
1895 1087 2013 1142 ido-

441 1202 572 1243 neos
596 1187 832 1257 cogitare
858 1184 1057 1256 aliquid
1080 1182 1234 1254 quasi
1262 1198 1328 1239 ex
1351 1181 1768 1252 nobismetipsis,
1789 1180 1883 1236 sed
1904 1180 2016 1234 suto

437 1275 717 1333 licientiam
762 1284 998 1330 nostram
1035 1289 1100 1328 ex
1139 1274 1250 1329 Deo
1286 1287 1441 1339 esse;
1482 1271 1684 1341 poteris
1711 1270 1928 1340 corrigi,
1959 1276 2014 1324 et

434 1367 647 1422 humilis
670 1366 941 1436 suscipere
965 1364 1209 1435 gratiam,
1236 1363 1322 1419 cui
1346 1371 1397 1417 te
1417 1361 1660 1433 superbia
1683 1359 1808 1415 fecit
1831 1358 2013 1414 inimi-

431 1472 574 1521 cum,
600 1456 732 1511 dum
762 1456 844 1511 vis
885 1456 939 1509 in
981 1455 1061 1509 eis
1096 1467 1251 1520 esse,
1287 1452 1378 1523 qui
1414 1451 1688 1507 confidunt
1722 1451 1776 1505 in
1817 1450 2014 1505 virtute

430 1563 525 1601 sua
549 1546 720 1619 (Psal.
751 1561 929 1610 xsvm,
961 1545 1050 1614 7);
1081 1559 1186 1599 non
1228 1543 1279 1598 in
1317 1543 1397 1598 eis
1434 1542 1525 1611 qui
1553 1540 1755 1605 dicunt,
1787 1539 2012 1610 Diligam

435 1648 502 1704 te,
527 1636 761 1701 Domine,
791 1637 951 1690 virtus
980 1651 1092 1689 mea
1118 1632 1288 1707 (Psal.
1316 1648 1445 1700 xvn,
1473 1629 1552 1704 2).
1614 1650 1625 1658 ο

498 1747 736 1805 LXXXI.
777 1748 895 1803 ιω..
929 1747 997 1802 Ει
1028 1746 1157 1802 boni
1193 1746 1354 1818 igitur
1380 1745 1724 1817 possibilitas,
1753 1752 1808 1800 et
1836 1744 1960 1799 mali
1991 1784 2006 1809 ,

428 1841 567 1895 bona
605 1848 688 1894 est
728 1857 740 1892 :
779 1839 1029 1910 quoniam
1079 1852 1234 1907 posse
1271 1837 1472 1892 bonum
1518 1835 1726 1901 facere,
1759 1835 1877 1889 aula
1906 1836 2011 1890 vir-

429 1930 557 1983 tutis
581 1938 662 1984 est
702 1931 758 1994 ’ς
791 1943 948 1998 posse
973 1927 1172 1983 malum
1220 1926 1414 1994 facere,
1455 1925 1819 1982 testimonium
1851 1924 2014 1979 liber-

431 2020 553 2075 tatis
580 2028 680 2075 est.

500 2133 633 2189 Anc.
660 2131 779 2186 Non
821 2139 904 2187 est
942 2145 1070 2201 ergo
1098 2130 1232 2186 liber
1260 2130 1419 2194 Deus,
1443 2129 1511 2186 de
1534 2144 1641 2201 quo
1664 2128 1865 2185 dictum
1889 2138 1973 2184 est
1993 2171 2009 2195 ,

433 2222 634 2294 Negare
656 2238 709 2276 se
730 2223 895 2293 ipsum
918 2237 1017 2275 non
1047 2230 1207 2292 potest
1235 2220 1313 2292 (11
1346 2220 1478 2275 Tim.
1500 2237 1559 2288 tt,
1587 2219 1673 2291 13)
1704 2228 1795 2286 :_et
1820 2220 1888 2275 de
1906 2234 2013 2289 quo

428 2316 587 2370 etiam
619 2315 732 2384 ipse
753 2313 955 2380 dixisti,
986 2312 1123 2367 Deus
1151 2329 1257 2366 esse
1283 2312 1385 2366 nisi
1405 2312 1580 2381 justus
1604 2328 1705 2365 non
1726 2319 1927 2380 potest;
1958 2319 2014 2364 et

428 2406 534 2473 alio
561 2404 699 2468 loco,
734 2402 853 2456 Non
882 2411 1042 2470 potest
1068 2409 1233 2454 autent
1254 2400 1414 2465 Deus,
1438 2399 1629 2469 inquis,
1660 2399 1758 2457 nisi
1768 2399 1942 2467 justus
1963 2408 2009 2451 et

430 2495 543 2562 pius
561 2508 667 2545 esse
688 2489 906 2563 (Supra,
936 2506 1086 2560 capp.
1118 2488 1212 2557 28,
1241 2489 1356 2559 67).

501 2601 761 2657 LXXXII.
802 2600 924 2656 Jun.
968 2601 1072 2655 Per
1096 2599 1199 2655 hoc
1227 2599 1389 2670 igitur
1413 2602 1648 2670 suppetit
1677 2600 1877 2655 homini
1917 2601 2014 2655 ha.

433 2694 558 2747 here
579 2692 853 2762 proprium
882 2693 1101 2756 bonum,
1122 2706 1217 2760 per
1235 2676 1381 2760 quod
1393 2691 1440 2745 ei
1461 2691 1645 2746 subest
1656 2705 1815 2760 posse
1835 2690 2012 2747 facere

428 2782 643 2837 malum.
685 2781 816 2836 Tota
840 2795 972 2851 ergo
998 2779 1167 2834 divini
1202 2779 1477 2849 plenitudo
1511 2779 1697 2849 judicii
1734 2788 1841 2833 tam
1883 2779 2012 2849 jun-

429 2881 572 2928 ctum
600 2872 758 2927 habet
785 2872 1054 2942 negotium
1080 2886 1203 2925 cum
1230 2871 1329 2926 bac
1350 2871 1595 2926 libertate
1624 2860 1923 2936 hominum,
1952 2882 2012 2927 ut

429 2964 616 3017 harum
642 2963 730 3033 qui
761 2976 917 3017 unam
950 2962 1251 3032 agnoverit,
1285 2962 1471 3015 ambas
1514 2962 1740 3016 noverit.
1769 2961 1922 3017 Unde
1953 2963 2012 3017 lit

428 3068 487 3113 ut
514 3058 703 3112 barum
733 3072 891 3110 unam
922 3056 1012 3126 qui
1041 3054 1341 3121 violaverit,
1380 3054 1567 3109 ambas
1595 3054 1775 3109 violet.
1800 3054 1889 3109 Sic
1914 3053 2012 3124 igi-

430 3161 515 3206 tur
541 3160 597 3206 et
624 3150 843 3205 libertas
877 3148 1095 3202 humani
1137 3145 1465 3202 custodiatur
1491 3144 1721 3206 arbitrii,
1750 3144 2009 3214 quemad-

429 3241 643 3297 modum
663 3240 840 3295 divina
868 3240 1096 3310 aequitas
1119 3238 1415 3293 custoditur
1432 3237 1473 3289 ³.
1498 3237 1597 3291 ilic
1616 3237 1916 3291 intellectus
1944 3236 2027 3290 li--

428 3336 540 3390 beri
569 3334 774 3389 arbitrii
817 3342 921 3401 est,
950 3332 1038 3402 qui
1064 3341 1118 3386 et
1144 3331 1368 3385 fatorum
1409 3329 1735 3400 opinionem,
1766 3339 1819 3384 et
1848 3328 2011 3384 Chal~

427 3426 664 3482 datorum
690 3424 1143 3494 supputationem,
1171 3430 1227 3477 et
1243 3420 1656 3475 Manichaeorum
1680 3420 2007 3490 pbantasias,

433 3515 647 3573 veritati
672 3511 1083 3571 ecclesiasticw‘
1107 3510 1423 3580 subjugavit.
1453 3508 1551 3564 Hic
1579 3510 1878 3565 intellectus
1903 3516 2006 3575 est,

426 3606 661 3676 quicum
682 3604 806 3669 illis,
829 3616 967 3672 quos
991 3601 1444 3665 enumeravimus,
1475 3614 1572 3654 vos
1608 3599 1770 3654 etiam
1800 3614 1831 3653 a
1855 3598 2011 3655 Chri-

428 3704 513 3750 sto
541 3701 807 3755 monstrat
834 3692 1062 3747 alienos.
1098 3691 1343 3755 Libertas
1382 3689 1544 3758 igitur
1566 3688 1802 3755 arbitrii,
1833 3689 2008 3759 possi-

428 3784 607 3839 bilitas
632 3792 714 3838 est
751 3783 835 3837 vel
862 3780 1177 3837 admittendi
1205 3780 1290 3834 vel
1318 3778 1520 3834 vitandi
1548 3779 1749 3849 peccati
1773 3820 1789 3844 ,
1815 3793 2009 3848 expers

427 3874 667 3945 cogentis
692 3872 1047 3939 necessitatis,
1073 3886 1193 3942 qua:
1218 3870 1271 3926 in
1298 3884 1397 3925 suo
1425 3878 1619 3940 utpote
1637 3868 1798 3944 juref
1825 3868 2005 3936 habet,

426 3976 605 4022 utrum
625 3965 955 4036 surgentium
987 3973 1192 4036 partem
1211 3962 1234 3995 ⁸
1271 3971 1542 4032 sequatur,
1575 3960 1629 4015 id
1656 3970 1770 4027 est,
1800 3961 1883 4017 vel
1921 3977 2011 4017 ar-

426 4059 530 4113 dua
554 4071 849 4128 asperaque
877 4055 1151 4122 virtutum,
1181 4054 1265 4110 vel
1287 4052 1534 4109 demersa
1557 4060 1612 4107 et
1630 4052 1886 4122 palustria
1910 4065 2007 4106 vo-

428 4149 848 4297 lulrtﬂmliomo
865 4236 1117 4309 quamdiu
1145 4236 1290 4292 stetit
1310 4236 1369 4290 in
1397 4236 1535 4291 bona
1558 4234 1827 4291 voluntate
1854 4234 2006 4290 liberi

493 4412 509 4441 ι
531 4407 667 4467 Edtti,
692 4404 793 4457 sola
814 4402 1105 4467 rationeupel
1140 4398 1440 4466 benignitatis
1476 4401 1549 4467 pel
1580 4399 1892 4467 malignitatis
1915 4402 2007 4453 im-

424 4467 570 4533 pleri,
591 4467 635 4520 si
654 4463 710 4533 eo
730 4466 871 4518 modo
893 4464 1157 4533 intelligas,
1184 4463 1292 4526 quo.
1317 4463 1637 4513 [intendantur
1661 4463 1727 4513 ei:
1750 4470 1855 4513 Mss.
1878 4472 2000 4515 Port.

802 4601 853 4639 se
871 4588 1042 4638 bonum
1052 4588 1242 4659 facere,
1268 4585 1374 4636 laus
1395 4582 1581 4636 virtutis
1614 4592 1701 4636 est.
1725 4585 1818 4635 Sed
1840 4593 2003 4636 nostra

427 4650 575 4701 lectio
597 4646 676 4699 est
692 4646 914 4709 veterum
937 4646 1151 4709 omnium
1169 4646 1417 4709 librorum.

491 4710 680 4778 fEditi,
991 4707 1158 4758 Melius
1197 4704 1532 4778 manuscripti,
1572 4704 1858 4778 custoditur.

491 4774 514 4804 ι
545 4773 617 4821 sic
664 4768 771 4821 Mss.
818 4771 935 4820 Editi
977 4782 1127 4828 vero,
1170 4768 1366 4818 peritius
1412 4768 1753 4828 ecclesiastica.

489 4836 511 4867 ⁸
536 4833 683 4891 editi,
718 4830 770 4882 in
798 4835 962 4894 suapte
988 4827 1131 4894 jure.
1156 4829 1343 4894 Antiqui
1377 4840 1549 4894 omnes
1584 4827 1720 4894 libri,
1754 4827 1804 4894 in
1832 4841 1926 4894 suo
1950 4836 2002 4880 ut

489 4890 676 4956 tejure.
704 4901 820 4951 Vox,
843 4890 1072 4956 pote,_blc
1110 4890 1245 4956 forsit
1259 4890 1305 4938 in
1342 4891 1500 4956 posita
1525 4892 1612 4951 (ut
1634 4890 1876 4938 interdum
1898 4890 1998 4951 ﬁt),

448 4950 854 5011 vco'nominatiui;
881 4950 1003 5018 potis
1031 4963 1049 5001 :
1079 4959 1134 5002 ut
1156 4950 1286 5001 idem
1315 4951 1392 5011 sit,
1416 4956 1467 5000 ut
1490 4957 1629 5015 pote;
1663 4963 1737 5010 ac,
1772 4950 2001 5013 tanquam

428 5023 808 5145 “gallinam,
830 5079 998 5145 utram_
1020 5070 1337 5145 augerentur:
1370 5076 1574 5145 partem.
1600 5077 1717 5130 Vox,
1744 5082 2001 5137 Suggere"-

426 5144 526 5204 tta',
557 5137 776 5204 barbara,
795 5131 963 5204 neque
985 5131 1204 5204 beluinis
1226 5131 1415 5204 θέει,ῃῇ
1436 5131 1672 5204 lulianum
1694 5131 1857 5204 supra,
1891 5145 1996 5204 cap.

427 5194 740 5260 EB,'appellat
761 5194 1066 5263 Apgtis‘tinus,
1088 5195 1306 5244 't‘ulliani.
1326 5194 1595 5263 viguierius
1615 5207 1758 5263 porro
1776 5201 1828 5243 et
1844 5194 1999 5243 codex

429 5259 671 5311 t‘ortarum
695 5259 974 5326 pia-ferunt.
1001 5263 1159 5326 unum:
1175 5259 1528 5326 suggerentum
1550 5261 1751 5326 partem.
1776 5263 1866 5326 N98
1889 5268 1998 5325 cum

426 5328 509 5372 tis.
536 5330 642 5369 Mar.
660 5353 675 5374 .
695 5313 863 5369 'utrum
896 5315 1190 5379 surgentium
1233 5313 1419 5379 partem
1450 5313 1601 5376 :quia
1636 5317 1706 5379 sic
1730 5313 1997 5379 selegisse

426 5385 603 5433 indicat
624 5382 913 5444 Augustinus
948 5376 1263 5444 resgonsione
1285 5389 1396 5444 sua,
1421 5388 1516 5439 qua
1544 5378 1744 5444 gratiam
1780 5376 1894 5424 dicit
1915 5376 1999 5424 bo-

427 5446 542 5493 mini
561 5444 620 5492 ad
636 5437 949 5505 surgendum,
983 5451 1077 5487 non
1101 5440 1242 5505 stanti
1271 5437 1484 5498 quidem,
1508 5437 1594 5486 sed
1623 5437 1998 5505 lapso_necessa-

426 5506 563 5554 riam.
603 5497 750 5554 Forte
784 5502 995 5568 lulianus
1032 5497 1328 5568 scripserat,
1363 5505 1522 5547 utrum
1548 5497 1852 5568 surgentium
1887 5511 2001 5568 pur-

426 5572 536 5629 tem.
561 5568 793 5629 Virtutum
827 5562 1012 5612 scilicet
1034 5559 1418 5629 ac___vo|upt_.itum
1451 5559 1712 5607 contrarias
1746 5567 1908 5629 partes
1937 5560 1998 5606 si-

427 5626 527 5690 mul
572 5627 629 5675 ad
683 5625 975 5690 voluntatem
1017 5617 1994 5690 sollicitandam.surgentesAsignificate

430 5687 635 5749 videtur,
663 5695 808 5749 atque
832 5688 889 5749 ad
915 5684 1028 5731 illud
1052 5681 1271 5749 alludere
1295 5678 1926 5749 'I'aciti,__lihroltistoriarum
1947 5678 1995 5734 5,

427 5758 531 5809 cap.
554 5747 600 5808 4,
626 5742 655 5795 ⁷ι
676 5742 988 5809 surgentibus
1010 5754 1109 5793 tum
1134 5743 1339 5791 maxime
1358 5742 1589 5803 mnibus.
1614 5759 1637 5787 ι

1114 308 1353 365 OPEBIS
1392 309 1797 387 lllPlZBFECTl
1829 310 2097 368 CONTRA
2138 314 2500 383 JULMNUM,
2544 313 2600 369 S.
2641 314 3009 374 AUGUSTINI

3556 322 3703 380 μοι

2125 429 2350 496 arbitrii,
2386 446 2491 485 non
2532 445 2666 501 opus
2700 431 2928 488 habebat
2959 447 3021 488 ea
3059 431 3243 503 gratia,
3278 446 3380 502 qua
3410 432 3695 500 levaretur,

2122 532 2243 572 cum
2272 532 2491 589 surgere
2519 520 2634 590 ipse
2657 536 2763 575 non
2780 532 2995 593 posset:
3018 537 3160 577 nunc
3185 536 3312 577 vero
3332 523 3386 576 in
3406 524 3566 579 ruina
3580 540 3698 589 sua,

2123 608 2259 664 liber
2282 619 2364 663 est
2387 609 2605 679 justitiaa
2624 653 2640 679 ,
2668 627 2960 682 servosque
2987 613 3217 681 peccati;
3249 628 3348 667 nec
3378 621 3552 682 potest
3578 629 3698 670 ser-

2126 714 2220 753 vus
2240 713 2358 754 esse
2379 700 2635 770 iustitiae,
2670 712 2723 757 et
2761 703 2896 758 liber
2920 717 2950 757 a
2984 703 3295 759 dominante
3324 715 3564 774 peccato,
3595 707 3698 762 nisi

2122 803 2243 843 eum
2275 788 2439 844 Filius
2459 791 2778 847 liberaverit.

2186 878 2469 935 LXXXIII.
2499 880 2617 936 Jun.
2658 882 2807 950 Quod
2835 892 2893 939 ut
2919 884 3153 941 breviter
3177 884 3507 954 absolvatur,
3530 887 3702 956 possi-

2121 967 2299 1025 bilitas
2338 978 2426 1026 est
2453 971 2520 1026 ad
2562 972 2664 1028 hoc
2701 975 2873 1029 solum
2900 975 3200 1042 excubans,
3242 991 3310 1030 ne
3338 977 3501 1031 homo
3520 977 3604 1033 vel
3643 977 3697 1032 in

2120 1067 2395 1127 peccatum
2429 1075 2459 1114 a
2494 1077 2759 1133 quoquam
2798 1064 3118 1133 impellatur,
3156 1066 3237 1121 vel
3271 1081 3302 1120 a
3328 1076 3548 1136 peccato
3569 1067 3698 1123 abs-

2121 1148 2392 1215 trahatur,
2438 1153 2705 1209 voluntate
2741 1155 2947 1224 captiva
2976 1173 2990 1208 :
3018 1170 3176 1225 quam
3212 1171 3318 1211 non
3358 1172 3519 1227 posse
3554 1158 3690 1228 capi,

2119 1240 2166 1294 si
2193 1240 2317 1295 dedi
2342 1242 2455 1311 ipsa
2483 1244 2732 1310 noluerit,
2763 1253 2985 1300 testatur
3011 1245 3299 1313 fortitudo,
3335 1248 3484 1317 cujus
3515 1249 3701 1308 lacerti

2119 1330 2174 1385 in
2197 1341 2504 1402 contemptu
2531 1334 2774 1390 dolorum
2796 1345 2853 1391 et
2870 1351 2967 1406 per
2980 1335 3224 1393 Gentiles
3245 1347 3300 1392 et
3325 1353 3419 1409 per
3434 1334 3698 1394 Christia-

2119 1437 2219 1477 nos
2242 1424 2453 1481 assidue
2480 1427 2803 1483 claruerunt.

2190 1516 2322 1571 Anc.
2364 1515 2476 1570 Hoc
2502 1526 2586 1572 est
2627 1519 2840 1588 utique.
2867 1519 3010 1588 quod
3047 1521 3186 1590 agit’
3218 1520 3442 1576 haeresis
3469 1529 3645 1576 vestra
3676 1540 3693 1577 :

2118 1603 2184 1656 ad
2227 1604 2328 1659 hoc
2364 1606 2506 1660 enim
2537 1607 2730 1663 additis
2770 1618 2826 1664 et
2854 1609 3117 1677 Gentiles,
3147 1626 3214 1665 ne
3244 1612 3344 1680 pia:
3371 1609 3701 1666 fortitudinis

2117 1708 2251 1763 opus
2280 1694 2372 1750 Dci
2402 1698 2571 1766 gratia
2594 1698 2879 1754 Christiani
2909 1699 3085 1756 facere
3107 1702 3363 1771 potuisse,
3385 1711 3476 1755 aut
3504 1701 3699 1757 fecisse

2116 1785 2437 1853 credantur;
2462 1804 2582 1858 qua:
2606 1790 2918 1845 Christianis
2939 1799 3022 1846 est
3049 1792 3279 1860 prepria,
3299 1807 3406 1847 non
3430 1792 3697 1847 Christia-

2118 1876 2201 1932 nis
2227 1876 2629 1950 Gentilibusque
2652 1882 2972 1937 communis.
3002 1882 3192 1938 Audite
3227 1899 3373 1954 ergo,
3405 1893 3462 1939 et
3496 1886 3694 1940 intelli~

2115 1968 2222 2037 gite
2261 1985 2275 2023 :
2327 1970 2712 2028 Fortitudinem
2757 1973 3045 2029 Gentilium
3095 1975 3359 2029 mundana
3403 1977 3695 2046 cupiditas,

2118 2058 2473 2115 fortitudinem
2499 2071 2676 2119 autem
2705 2063 3131 2120 Christianorum
3154 2065 3249 2120 Dei
3277 2066 3513 2122 Charitas
3539 2067 3696 2131 facit;

2118 2166 2235 2220 qua:
2260 2151 2451 2207 diffusa
2477 2164 2558 2209 est
2580 2156 2631 2210 in
2649 2156 2900 2210 cordibus
2926 2157 3141 2225 nostris,
3166 2174 3270 2211 non
3300 2173 3392 2226 per
3411 2158 3702 2213 voluntatis

2117 2243 2393 2298 arbitrium
2414 2287 2429 2310 ,
2460 2245 2600 2315 quod
2636 2256 2721 2301 est
2744 2262 2775 2299 a
2816 2248 3003 2312 nobis,
3034 2248 3128 2303 sed
3157 2263 3252 2318 per
3285 2247 3538 2318 Spiritum
3569 2264 3702 2303 san-

2117 2342 2259 2389 ctum
2289 2337 2378 2404 qui
2404 2337 2558 2391 datus
2583 2348 2667 2392 est
2687 2339 2840 2392 nobis
2868 2338 3042 2408 (Rom.
3074 2355 3128 2406 v,
3158 2338 3238 2410 ὅ).

2188 2424 2472 2480 LXXXIV.
2510 2426 2628 2481 ιω..
2668 2427 2724 2482 Si
2750 2443 2876 2497 ergo
2901 2439 3004 2493 est,
3036 2439 3095 2483 ut
3117 2431 3253 2482 ratio
3281 2430 3528 2498 prodidit,
3555 2431 3711 2484 artu-

2026 2550 2032 2557 .
2121 2513 2206 2566 trii
2245 2513 2465 2568 libertas
2507 2515 2860 2583 propulsatrix
2891 2517 3300 2584 necessitatum,
3332 2528 3389 2572 ut
3426 2533 3587 2573 nemo
3627 2522 3702 2573 sit

2116 2602 2199 2656 vel
2220 2602 2392 2658 bonus
2416 2604 2495 2657 vel
2526 2604 2717 2670 malus,
2749 2606 2834 2659 cui
2863 2620 2967 2659 non
2993 2610 3062 2661 sit
3086 2607 3312 2662 liberum
3336 2622 3456 2663 esse
3479 2618 3721 2662 contra-7

2118 2693 2288 2757 rium;
2319 2693 2765 2763 quemadmodum
2794 2704 2847 2750 tu
2865 2697 3249 2752 autcmnfessus
3268 2714 3328 2754 es
3355 2699 3580 2753 liberum
3606 2714 3702 2753 ον·-

2115 2782 2353 2853 bitrium,
2387 2788 2611 2840 usurus‘
2638 2787 2726 2841 tali
2756 2788 3059 2843 testimonio
3086 2789 3226 2858 quod
3253 2791 3479 2860 captivis
3497 2805 3700 2848 conve-

2117 2874 2253 2940 nit’,
2279 2884 2371 2930 aut
2394 2876 2499 2931 tale
2535 2878 2894 2932 testimonium
2934 2879 3233 2944 subdidisti,
3258 2888 3533 2950 postquam
3569 2883 3704 2938 lihe-

2114 2978 2233 3017 rum
2278 2964 2455 3019 fueras
2491 2965 2768 3021 confessus
2796 2967 3115 3021 arbitrium?
3150 2969 3244 3022 Ais
3284 2970 3424 3023 enim
3459 2988 3474 3024 :
3525 2989 3546 3022 t
3578 2971 3700 3026 Non

2114 3070 2370 3124 negamus
2398 3057 2673 3111 arbitrium
2701 3057 2923 3112 liberum
2944 3073 2961 3123 ;
2982 3056 3097 3123 sed,
3122 3057 3185 3113 Si
3209 3075 3295 3114 vos
3321 3058 3490 3114 Filius
3515 3061 3703 3117 libera-

2114 3148 2257 3212 verit,
2288 3148 2363 3201 ait
2391 3147 2623 3212 Veritas,
2656 3158 2778 3201 tunc
2802 3163 2915 3202 uere
2940 3148 3080 3202 liberi
3104 3149 3260 3202 eritis.
3299 3168 3318 3201 ι
3362 3150 3703 3209 Manifestum

2115 3247 2198 3292 est
2220 3238 2486 3292 Christum
2530 3239 2584 3292 in
2630 3238 2724 3292 illo
2759 3239 2879 3292 loco
2917 3238 2984 3293 ad
3013 3240 3274 3307 captivam
3317 3240 3699 3297 consciean

2115 3328 2273 3382 verba
2300 3327 2528 3394 fecisse;
2560 3343 2715 3397 quam
2749 3328 2972 3383 liberam
3000 3344 3105 3383 non
3132 3343 3251 3385 esse
3278 3331 3569 3400 prodebat;
3599 3334 3700 3389 sed

2114 3419 2400 3474 obnoxium
2431 3420 2481 3474 ei
2514 3420 2734 3486 ultioni,
2775 3437 2892 3489 qua:
2921 3421 3242 3477 condemnat
3268 3435 3502 3492 peccata,
3528 3425 3696 3480 libera

2114 3510 2387 3564 voluntate
2429 3511 2734 3566 commissa.
2767 3511 2937 3579 Quam
2974 3514 3293 3567 sententiam
3332 3524 3389 3570 tu
3432 3516 3571 3570 male
3608 3516 3697 3571 in-

2115 3602 2380 3672 telligens,
2409 3601 2461 3656 id
2487 3610 2588 3667 est,
2619 3618 2727 3656 non
2766 3605 3086 3673 intelligens,
3112 3614 3205 3658 aut
3233 3606 3372 3662 forte
3407 3606 3459 3662 in
3489 3608 3579 3662 ωδ
3608 3609 3698 3663 ἰη-

2114 3694 2387 3763 telligens,
2414 3702 2471 3750 et
2496 3693 2600 3750 huc
2641 3703 2827 3749 natura
2861 3710 2953 3751 sua
2997 3707 3322 3766 repugnante
3348 3699 3597 3760 trahens.
3637 3699 3696 3754 in

2113 3800 2178 3840 eo
2205 3785 2426 3854 posuisti
2471 3785 2618 3850 loco,
2651 3785 2738 3839 ubi
2769 3800 2797 3839 a
2828 3786 2931 3841 tuis
2957 3789 3290 3845 sermonibus
3320 3797 3428 3844 tota
3457 3791 3538 3845 sui
3570 3806 3698 3860 pro-

2114 3876 2338 3945 prietate
2378 3874 2668 3930 discordat.
2708 3874 2780 3932 Ut
2824 3877 2966 3931 enim
3010 3878 3123 3949 ipsa
3161 3879 3322 3934 verba
3360 3880 3645 3951 jungamus
3676 3901 3693 3936 :

2112 3967 2265 4034 Quod
2295 3968 2584 4033 liberatur,
2621 3969 2887 4037 captivum
2930 3980 3014 4026 est
3056 3990 3069 4026 :
3109 3972 3249 4041 quod
3277 3973 3543 4041 captivum
3587 3983 3693 4039 est,

2112 4056 2339 4114 liberum
2375 4072 2484 4113 non
2523 4066 2651 4113 est:
2692 4058 2833 4129 quod
2876 4060 3099 4115 liberum
3134 4069 3247 4128 est,
3280 4064 3545 4133 captivum
3583 4078 3692 4119 non

2111 4158 2209 4205 est.

2181 4241 2313 4297 Anc.
2335 4241 2453 4296 Alia
2479 4250 2562 4297 est
2584 4244 2829 4299 remissio
2855 4252 3211 4313 peccatorum,
3238 4241 3289 4298 in
3308 4244 3387 4298 eis
3406 4260 3524 4315 qua:
3551 4246 3695 4301 male

2111 4331 2248 4386 facta
2276 4339 2431 4395 sunt;
2461 4334 2563 4387 alia
2606 4333 2871 4399 charitas,
2916 4349 3034 4403 qua:
3063 4333 3187 4390 facit
3213 4336 3235 4368 ⁵
3266 4336 3491 4390 liberum
3533 4336 3599 4390 ad
3626 4352 3692 4392 ea

2108 4438 2227 4492 quae
2254 4422 2390 4477 bona
2416 4422 2659 4478 facienda
2693 4434 2835 4478 sunt.
2864 4423 3101 4493 Utroque
3126 4425 3288 4479 modo
3318 4426 3506 4481 liberat
3532 4425 3695 4480 Chri-

2108 4523 2224 4571 stus
2245 4532 2261 4581 ;
2283 4517 2405 4586 quia
2426 4524 2482 4571 et
2505 4516 2831 4586 iniquitatem
2858 4516 3181 4587 ignoscendo
3201 4518 3410 4585 aufert,
3441 4527 3497 4572 et
3525 4517 3694 4588 inspi-

2108 4606 2275 4662 raudo
2302 4606 2485 4661 tribuit
2502 4606 2835 4662 cbaritatem.

2178 4696 2438 4753 LXXXV.
2483 4697 2602 4751 lus.
2645 4696 2723 4751 Tu
2753 4697 3009 4751 utrumvis
3038 4695 3126 4751 hic
3164 4696 3478 4767 simpliciter
3514 4695 3688 4751 catili-

2108 4800 2256 4855 tere,
2284 4797 2338 4845 et
2364 4787 2599 4842 cavillari
2624 4787 2809 4843 desine
2855 4805 2870 4842 :
2915 4795 3008 4842 aut
3030 4786 3119 4842 dic
3148 4788 3425 4842 nobiscum
3459 4786 3687 4841 liberum

2106 4895 2227 4937 esse
2266 4879 2575 4934 arbitrium:
2604 4886 2661 4933 et
2701 4893 2917 4933 remove
2960 4877 3357 4943 testimonium,
3401 4876 3547 4947 quod
3589 4891 3691 4931 suo

2105 4981 2345 5042 tempore
2375 4984 2608 5039 congrue
2635 4969 2894 5038 prolatum
2922 4978 3005 5024 est
3024 4977 3189 5032 ;.aut,
3230 4968 3369 5023 sicut
3406 4968 3459 5021 in
3488 4965 3574 5020 his
3619 4966 3681 5021 li-

2103 5064 2245 5131 bris,
2271 5077 2405 5132 quos
2431 5076 2574 5117 nunc
2598 5076 2694 5132 per
2718 5062 2964 5132 Alypium
2986 5061 3056 5117 ad
3092 5060 3419 5116 Bonifacium
3449 5060 3641 5116 misisti
3660 5100 3678 5127 ,

2103 5152 2189 5207 dic
2216 5152 2479 5222 captivum
2508 5166 2627 5207 esse
2652 5150 2929 5206 arbitrium
2948 5192 2964 5216 ,
2991 5151 3132 5221 quod
3163 5166 3261 5205 nos
3289 5150 3518 5206 liberum
3548 5151 3682 5207 dici.

2104 5259 2242 5310 mus,
2271 5252 2325 5299 et
2353 5242 2539 5298 desine
2562 5252 2613 5296 te
2637 5257 2830 5311 negare
2855 5242 3221 5296 Manicltazum.

2173 5336 2308 5390 Anc.
2356 5333 2675 5388 Manichacus
2720 5331 3102 5386 immutabilem
3157 5330 3506 5389 substantiam
3559 5330 3682 5385 mali

2169 5493 2183 5556 ξ
2212 5490 2354 5556 aditi,
2377 5486 2463 5538 ait.
2487 5493 2616 5545 Mss,
2856 5554 2860 5556 Α
3065 5552 3102 5556 __
3172 5554 3197 5556 Η
3260 5545 3269 5555 _
3433 5545 3443 5556 ο

2166 5554 2187 5585 ⁸
2220 5552 2334 5600 Editi
2351 5586 2367 5601 .
2392 5561 2606 5599 usurum.
2620 5554 2928 5609 ACasttgantur
2947 5559 3040 5609 ope
3064 5552 3145 5596 Its.
3167 5552 3489 5595 Marianeusis.

2168 5613 2478 5677 Uteuardus,
2502 5607 2710 5677 captivos
2734 5606 2964 5659 convenit.

2163 5676 2186 5708 ι
2211 5678 2309 5732 Hic,
2328 5672 2379 5722 in
2399 5678 2462 5731 te,
2484 5672 2784 5732 restituinnts
2807 5683 2869 5719 ex
2898 5678 3001 5718 tm.

2154 5737 2174 5766 ⁸
2197 5734 2283 5785 Sic
2298 5730 2410 5783 διεδ.
2430 5730 2484 5783 At
2506 5732 2640 5789 editi,
2666 5730 2791 5782 fecit.
