4008 6178
313 354 453 415 ιιυδ

312 479 514 525 natura:
539 468 633 523 Dei
657 468 737 523 sm
767 461 953 523 miscet
976 465 1192 522 insanus
1214 506 1228 531 ,
1258 475 1311 521 ct
1348 464 1589 520 eamdem
1635 474 1876 519 naturam

310 560 406 616 Dei
441 560 616 630 potius
651 559 1047 628 corruptibilem
1071 558 1227 622 facit,
1259 567 1314 612 et
1353 556 1454 610 sub
1480 557 1654 611 aliena
1696 565 1880 609 natura

306 650 421 704 vult
447 664 569 704 esse
602 650 861 718 captivam
892 667 905 701 :
940 648 1072 703 (ldes
1097 658 1270 703 autent
1314 647 1571 701 catholica
1593 685 1608 709 ,
1650 646 1840 700 bonam
1863 686 1878 708 ,

305 737 402 793 sed
434 748 610 792 tamen
651 737 954 791 mutabilem
974 776 990 803 ,
1030 746 1324 791 creaturam
1357 737 1408 789 iit
1436 735 1670 791 deterius
1692 735 1881 788 volun-

303 836 416 883 tate
442 836 732 893 mutatam;
761 842 825 882 ac
862 842 956 896 per
991 827 1124 891 hoc,
1155 827 1445 897 depravata
1479 841 1572 880 sua
1596 825 1880 892 vitiataque

303 929 492 974 natura
512 960 529 985 ,
561 934 666 974 non
692 919 793 973 sub
813 920 830 951 ¹
854 919 1025 972 aliena
1050 918 1339 973 substantia
1360 959 1375 983 ,
1416 917 1509 971 sed
1537 917 1636 971 sub
1664 926 1881 985 peccato

301 1026 404 1066 suo
424 1027 573 1065 ream
602 1010 728 1065 dicit
755 1011 1017 1066 serviliter
1052 1011 1301 1067 detineri.
1332 1012 1410 1064 Ae
1438 1025 1534 1079 per
1567 1008 1668 1062 hoc
1689 1049 1703 1072 ,
1730 1016 1784 1062 et
1810 1009 1879 1061 de

301 1102 425 1171 tuo
445 1102 733 1158 liberatore
759 1103 979 1157 multum
1005 1102 1073 1156 ab
1096 1117 1161 1155 eo
1181 1112 1358 1156 nostra
1377 1100 1589 1155 diversa
1618 1099 1878 1155 sententia

299 1200 407 1248 est.
436 1192 757 1248 Manichteus
783 1193 923 1248 enim
951 1192 1078 1247 dicit
1114 1208 1248 1261 opus
1271 1208 1393 1247 esse
1419 1192 1702 1247 liberatore
1721 1230 1736 1254 ,
1766 1199 1876 1245 uta

299 1284 456 1337 nobis
498 1293 736 1338 naturam
773 1292 991 1353 separet
1030 1283 1251 1337 alienam
1281 1300 1296 1337 :
1325 1298 1421 1336 nos
1445 1292 1619 1337 autem
1640 1322 1655 1347 ,
1692 1288 1750 1335 ut
1784 1295 1875 1335 sa-

296 1381 394 1426 net
436 1382 492 1427 et
532 1373 763 1427 vivilicet
811 1380 1064 1427 nostram.
1091 1371 1168 1426 Tu
1198 1387 1322 1441 ergo
1365 1371 1660 1438 adjutorem
1710 1370 1874 1424 Mani-

296 1462 432 1515 (ἐπεὶ
453 1473 512 1519 te
528 1480 638 1517 non
661 1478 779 1518 esse
801 1463 1024 1519 ostende
1044 1505 1059 1529 ,
1091 1464 1135 1517 si
1173 1474 1320 1533 potes
1338 1504 1353 1527 ,
1380 1464 1467 1532 qui
1510 1462 1746 1516 miserias
1776 1461 1846 1515 ho
1863 1489 1876 1503 -

293 1552 501 1604 mith
526 1593 540 1616 ,
567 1568 689 1606 cum
728 1553 918 1622 quibus
947 1567 1040 1608 eos
1067 1554 1245 1613 nasci,
1286 1553 1531 1622 quoniam
1564 1553 1678 1605 sine
1714 1550 1876 1605 dubio

295 1643 495 1705 sentit,
534 1641 648 1696 sine
686 1643 848 1697 dubio
887 1643 1150 1697 consentit
1181 1644 1203 1675 ⁸
1231 1657 1394 1713 genus
1430 1638 1713 1695 humanum
1736 1681 1752 1706 ,
1781 1655 1878 1695 uno

297 1731 419 1786 lens
463 1734 693 1789 tribuere
731 1742 945 1804 peccato
968 1734 1163 1787 vitiata!
1209 1743 1411 1787 natura;
1447 1742 1669 1796 nostrai,
1701 1730 1828 1785 facis
1852 1731 1874 1763 ³

293 1832 360 1876 ut
393 1838 486 1877 eas
534 1823 623 1877 ille
666 1824 940 1892 permixta:
986 1824 1139 1878 nobis
1181 1831 1381 1877 natura:
1429 1822 1623 1876 tribuat
1662 1820 1870 1875 alienae.

368 1911 648 1968 LXXXVI.
680 1913 797 1969 Jun.
837 1915 1098 1969 Cmterutn
1145 1913 1250 1967 duo
1290 1914 1387 1966 ista
1430 1927 1549 1983 quze
1579 1911 1776 1980 iungis,
1808 1910 1872 1964 li-

287 2003 482 2057 lterum
507 2012 561 2058 et
586 2020 688 2058 non
721 2004 968 2071 liberum,
1004 2005 1052 2058 id
1103 2013 1185 2059 est
1223 2004 1445 2059 liberum
1487 2011 1541 2056 et
1583 2003 1867 2071 captivum,

285 2090 372 2145 illi
395 2092 607 2161 quidem
634 2093 795 2148 reide
823 2108 925 2163 qua
949 2094 1140 2163 agitur,
1159 2092 1446 2148 convenire
1474 2107 1579 2147 non
1603 2099 1823 2161 possunt
1853 2106 1869 2143 :

284 2183 388 2237 tibi
420 2199 549 2238 vero
576 2185 848 2238 stultitiam
877 2185 1219 2254 singularem,
1246 2183 1624 2253 impudentiam
1653 2195 1869 2246 novam,

283 2273 619 2343 impietatem
643 2283 874 2330 veterem
905 2274 1080 2329 inesse
1105 2281 1379 2329 testantur.

362 2365 503 2420 Avo.
541 2364 762 2418 Liberos
819 2364 1047 2418 dicimus
1082 2363 1148 2418 ad
1175 2362 1417 2418 facienda
1454 2375 1611 2431 opera
1660 2360 1871 2431 pietatis

283 2465 407 2517 eos,
436 2451 632 2521 quibus
682 2452 809 2506 dicit
855 2452 1175 2520 Apostolus,
1207 2449 1362 2504 Nunc
1401 2460 1571 2504 autem
1617 2449 1813 2503 liberati
1834 2465 1868 2502 a

286 2552 518 2610 peccato,
540 2543 669 2597 servi
691 2552 857 2596 autent
877 2542 1000 2613 facti
1027 2540 1157 2603 Deo,
1176 2541 1365 2594 habetis
1406 2540 1622 2611 fructum
1648 2548 1865 2593 uestrum

282 2632 346 2686 in
382 2632 851 2701 sanctiﬁcationent,
880 2632 1037 2700 finem
1060 2645 1175 2684 vero
1200 2630 1353 2684 vitam
1394 2640 1633 2683 aeternam
1657 2629 1677 2698 (
1704 2627 1857 2681 Rom.

284 2738 367 2789 vi,
495 2723 535 2793 ).
565 2723 714 2778 Ilunc
746 2723 800 2777 in
838 2721 1250 2777 sanctificatione
1277 2719 1526 2783 fructum,
1547 2719 1638 2790 qui
1660 2718 1863 2773 fructus

282 2813 665 2881 proculdubio
709 2812 943 2868 charitas
965 2822 1065 2877 est,
1122 2821 1281 2880 atque
1330 2824 1489 2879 opera
1526 2811 1663 2878 eius,
1712 2808 1860 2864 nullo

286 2902 455 2957 modo
478 2902 682 2959 habere
710 2918 989 2974 possumus
1017 2902 1039 2934 ’⁵
1057 2918 1088 2957 a
1131 2902 1319 2967 nobis;
1345 2901 1440 2956 sed
1489 2900 1743 2956 habemus
1771 2916 1866 2970 per

284 2989 546 3059 Spiritum
573 3002 836 3056 sanctum,
876 2993 966 3062 qui
987 2991 1140 3046 datus
1169 2998 1251 3045 est
1275 2990 1447 3045 nobis.
1475 2991 1548 3045 De
1572 2990 1687 3059 ipso
1714 2992 1868 3060 quip-

285 3080 550 3149 pet'ructu
578 3082 891 3150 loquebatur
934 3082 1185 3150 magister
1234 3081 1393 3147 Deus,
1439 3081 1651 3150 quando
1679 3081 1867 3150 palmi-

284 3173 435 3227 tibus
452 3173 504 3226 in
530 3174 941 3227 semauentilms
968 3173 1197 3234 dicebat,
1224 3173 1347 3226 Sine
1390 3188 1467 3225 me
1509 3173 1635 3225 nihil
1664 3173 1868 3239 potestis

287 3264 500 3334 facere(
534 3263 690 3318 Joan.
719 3280 808 3329 xv,
828 3273 862 3319 5
888 3265 927 3335 ).
955 3264 1362 3319 Sed‘stultitiam
1401 3263 1723 3333 singularem
1765 3279 1865 3318 uo-

286 3355 372 3409 bis
415 3355 593 3409 inesse
615 3356 949 3417 conviciaris,
980 3356 1099 3424 quia
1128 3354 1267 3410 Deus
1297 3353 1448 3409 nobis
1466 3355 1633 3409 virtus
1649 3363 1750 3418 est,
1769 3369 1866 3410 nec

288 3447 341 3500 in
389 3456 573 3501 nostra
622 3447 816 3501 virtute
851 3445 1167 3500 conﬁdimus
1197 3463 1211 3499 :
1239 3453 1296 3500 et
1343 3445 1720 3514 impudentiam
1766 3460 1867 3498 no-

287 3551 431 3603 vatn,
459 3536 1072 3605 quiaconcupiseentiam
1116 3537 1311 3601 carnis,
1355 3550 1457 3606 qua
1481 3550 1607 3591 caro
1653 3550 1853 3590 concu-

287 3629 447 3697 piscit
473 3628 735 3684 adversus
767 3628 1032 3698 spiritum,
1069 3641 1176 3683 non
1202 3638 1289 3680 tua
1318 3626 1493 3681 fronte
1543 3627 1818 3681 laudamus
1849 3645 1863 3681 :

287 3729 342 3774 et
395 3720 721 3787 impietatem
775 3727 1032 3781 veterem,
1081 3718 1330 3787 quoniam
1376 3716 1622 3786 dogmata
1651 3718 1864 3785 antiqua

286 3809 571 3873 catholica,
593 3825 710 3878 quze
732 3808 1028 3863 docuerunt
1069 3807 1158 3875 qui
1189 3806 1480 3860 Ecclesiam
1517 3805 1712 3860 Christi
1743 3814 1866 3861 ante

288 3917 387 3957 nos
408 3902 461 3955 in
483 3901 783 3971 ejusgratia
819 3915 943 3955 vera
992 3900 1188 3968 pietate
1221 3906 1489 3959 rexerant,
1521 3908 1705 3953 centra
1743 3912 1868 3967 per-

288 3993 595 4047 versitatem
612 4003 840 4046 vestram
882 3990 1131 4045 novitiam
1167 3988 1646 4059 quantulocumque
1685 3989 1867 4043 labore

287 4083 645 4140 deiendimus.
683 4081 740 4136 In
795 4090 846 4135 te
892 4080 1049 4149 igitur
1099 4092 1327 4148 agnosce
1377 4079 1674 4143 stultitiam,
1709 4078 1762 4131 in
1813 4086 1864 4133 te

290 4174 691 4245 impudentiam,
717 4172 770 4227 in
811 4182 862 4227 te
893 4172 1234 4241 impietatem,
1284 4185 1387 4225 non
1410 4177 1641 4225 veterem
1669 4183 1798 4223 sane
1815 4169 1860 4234 ⁸,

289 4267 381 4321 sed
411 4280 623 4320 novam.

358 4356 667 4411 LXXXVII.
695 4355 815 4411 Jun.
861 4355 966 4410 Sed
989 4356 1096 4424 jam
1126 4364 1330 4424 tempus
1357 4363 1456 4419 est,
1500 4362 1558 4408 ιιι
1597 4354 1665 4409 de
1693 4354 1869 4408 Evan-

282 4451 409 4517 gelii
431 4450 691 4504 sententia
719 4448 1027 4502 disseratur.
1058 4447 1285 4512 Dicebat,
1335 4446 1503 4516 inquit
1546 4445 1866 4516 evangelista

291 4541 544 4605 Joannes,
584 4539 737 4594 Jesus
760 4540 827 4591 ad
849 4538 1060 4593 Judaaos
1109 4554 1194 4592 eos
1220 4539 1305 4606 qui
1351 4537 1664 4592 crediderunt
1700 4538 1780 4592 ei:
1805 4537 1866 4594 Si

296 4646 376 4684 vos
404 4629 693 4683 manseritis
716 4630 771 4682 in
790 4644 1021 4683 sermone
1066 4644 1192 4692 meo,
1222 4643 1333 4681 vere
1361 4628 1598 4696 discipuli
1647 4628 1743 4679 mei
1763 4628 1865 4681 eri-

293 4722 395 4783 tis;
419 4729 468 4773 et
491 4720 800 4790 cognoscetis
835 4719 1107 4779 veritatem,
1161 4727 1209 4771 et
1254 4719 1436 4771 vetitas
1481 4717 1707 4771 liberabit
1758 4735 1861 4772 vos.

297 4812 348 4864 Ιιι
378 4811 512 4876 est‘,
546 4810 800 4865 Dominus
845 4819 1026 4865 noster
1054 4808 1208 4863 Jesus
1262 4808 1579 4877 loquebatur
1623 4807 1690 4862 ad
1745 4823 1867 4863 cre-

296 4902 615 4968 dentessibi,
640 4910 697 4956 nt
714 4902 781 4958 de
826 4901 970 4957 nulla
1013 4900 1192 4956 saeculi
1240 4899 1514 4955 nobilitate
1547 4899 1860 4969 gaudentes,

298 5009 392 5048 nec
419 4992 488 5048 de
512 4992 740 5048 Abrahae
764 4992 864 5046 sibi
880 4990 1084 5046 semine
1111 4990 1330 5059 gloriam
1347 4988 1695 5052 vindicantes,
1722 4988 1861 5043 nite-

295 5093 480 5140 rentur
505 5090 562 5139 et
578 5081 854 5137 studerent
888 5080 1189 5146 virtutibus,
1216 5088 1270 5134 et
1298 5078 1455 5133 nullis
1501 5085 1621 5147 post
1646 5075 1870 5147 agnitio—

358 5241 377 5267 ³
400 5242 509 5285 Mss.
533 5240 643 5283 star.
667 5239 724 5284 et
744 5232 887 5292 Clar.,
910 5233 990 5280 ab.

356 5298 379 5328 ²
396 5298 553 5345 verba
575 5296 699 5353 haec,
720 5292 822 5345 sine
843 5290 988 5344 dubio
1009 5290 1253 5353 consentit,
1292 5292 1615 5345 restituuntur
1655 5301 1717 5339 ex
1744 5290 1869 5339 anti-

330 5357 405 5406 uis
425 5358 581 5406 libris.

296 5371 697 5479 ῳὲδέᾶῗέζδῗαείι.
718 5416 1007 5479 auctoritate
1029 5414 1455 5476 manusu‘imortmt
1477 5411 1775 5473 οοιτίείῐηυθν
1797 5411 1870 5471 Γα-

301 5478 401 5537 cis;
422 5486 478 5528 ut
499 5477 569 5528 ad
582 5477 816 5528 lulianum
835 5478 1095 5526 referatur.

362 5543 384 5572 δ
408 5549 488 5589 ius.
516 5548 650 5597 titan,
673 5550 933 5601 possemus.

360 5603 383 5634 ⁵
413 5602 553 5660 Fditi,
576 5594 893 5649 non'veterem
906 5597 992 5648 sed
1014 5610 1202 5660 novam;
1226 5611 1417 5655 omisso,
1435 5594 1703 5661 sanc,quod
1729 5595 1871 5650 resti-

304 5666 448 5715 tuitur
471 5676 536 5711 (ιι
570 5661 923 5721 Musuiptis.

362 5726 386 5755 "
405 5724 547 5781 aliti,
570 5722 717 5780 idem,
744 5720 994 5770 mendose.

1708 350 1912 410 LIBER
1952 351 2218 412 PRIMUS.

3424 360 3557 415 “Ob

1992 480 2114 520 netu
2145 465 2339 521 Christi
2390 467 2626 522 scrvira’
2660 469 2912 540 pecuniis,
2954 478 3009 524 ut
3038 485 3216 525 veram
3262 471 3555 525 libertatem

1986 554 2305 609 conscientia
2357 557 2620 626 gaudente
2658 560 2965 627 retinerent,
2992 570 3045 614 et
3073 575 3166 631 spe
3194 571 3478 622 certorum,
3504 559 3554 614 id

1984 653 2066 700 est
2109 656 2427 701 arternorum
2452 689 2467 715 ,
2509 648 2901 705 vindicarentur
2926 666 2956 705 a
2996 651 3280 721 cupiditate
3329 650 3555 703 aliorum

1984 736 2239 799 omnium,
2268 753 2385 807 quae
2408 749 2623 808 pmpter
2657 741 2987 810 fragilitatem
3016 743 3117 803 sui.
3149 757 3279 796 vana
3307 741 3556 811 frequen-

1983 833 2066 880 ter
2083 836 2140 882 et
2185 826 2314 881 falsa
2364 827 2630 884 dicuntur.
2676 832 2827 887 Tune
2873 833 3258 902 responderunt
3286 834 3333 887 ei
3363 832 3556 899 Judaei,

1982 932 2086 971 non
2109 918 2461 991 intelligentes
2485 920 2551 975 de
2579 936 2679 991 qua
2708 922 2861 977 Jesus
2890 924 3131 978 libertate
3151 923 3370 979 dixisset
3401 940 3415 977 :
3459 923 3557 977 Se-

1981 1022 2094 1060 men
2114 1007 2337 1062 Ahralue
2353 1026 2545 1076 sumus,
2571 1022 2617 1064 et
2641 1013 2826 1065 nemini
2850 1013 3137 1067 seruiuimus
3163 1027 3416 1083 unquam:
3441 1029 3557 1083 quo-

1982 1096 2130 1150 modo
2149 1106 2203 1151 tu
2219 1098 2364 1161 dicis,
2392 1098 2555 1154 Liberi
2570 1102 2708 1155 eritis
2729 1102 2754 1155 .9
2779 1101 2955 1156 Multis
2967 1102 3116 1156 enim
3143 1102 3312 1156 modis
3338 1103 3557 1156 libertas

1981 1187 2233 1257 appellari
2254 1189 2390 1244 solet
2421 1207 2435 1243 :
2468 1191 2589 1244 utin
2629 1191 2730 1246 hoc
2763 1190 2885 1246 loco
2914 1193 3165 1246 miculas
3192 1208 3208 1257 ;
3241 1202 3296 1245 ut
3314 1207 3555 1248 resurre-

1979 1278 2148 1333 ctioin
2170 1279 2445 1348 Apostolo,
2470 1281 2556 1335 ubi
2581 1280 2710 1335 dicit
2735 1291 3033 1335 creaturam
3081 1282 3292 1335 liberari
3318 1297 3350 1336 a
3378 1282 3550 1337 servi-

1981 1375 2093 1423 tute
2136 1370 2490 1438 corruptionis
2526 1371 2576 1424 in
2624 1371 2925 1426 libertatem
2953 1371 3139 1441 gloria:
3185 1370 3412 1426 ﬁliorum
3463 1372 3555 1426 Dei

1979 1458 2154 1527 (Rom.
2185 1476 2297 1527 vut,
2323 1460 2388 1519 2i
2414 1462 2432 1532 )
2458 1478 2473 1525 ;
2505 1470 2561 1515 ut
2587 1462 2804 1517 libertas
2845 1478 2965 1532 qua:
2990 1463 3166 1516 notior
3216 1473 3317 1528 est,
3351 1462 3416 1516 ad
3442 1463 3557 1518 dis-

1978 1551 2512 1605 tinctionem.dicitur
2558 1552 2845 1607 servitutis.
2892 1551 2971 1605 Eo
3006 1560 3185 1606 autem
3237 1552 3452 1607 nomine
3500 1562 3556 1607 et

1977 1639 2198 1697 libertas
2233 1649 2566 1710 nuncupatur
2611 1640 2834 1695 arbitrii.
2867 1641 3175 1696 Dividantur
3203 1656 3330 1710 ergo
3355 1655 3552 1706 causze,

1976 1745 2045 1784 ne
2070 1745 2155 1785 res
2183 1731 2406 1785 multum
2452 1731 2708 1786 distantes
2734 1730 3126 1786 confundantur
3150 1731 3377 1786 nominis
3402 1746 3553 1786 com-

1976 1820 2248 1877 munione.
2285 1821 2380 1875 Ilic
2395 1836 2522 1891 ergo
2558 1836 2667 1876 non
2703 1821 2910 1875 arbitrii
2958 1819 3258 1877 libertatem
3295 1822 3552 1876 Dominus

1975 1909 2248 1985 dicitesse
2294 1911 2618 1967 liberandam
2644 1928 2657 1964 :
2682 1910 2779 1966 sed
2822 1912 2909 1966 illa
2936 1911 3139 1982 integra
3182 1921 3551 1981 permanente,

1974 2001 2220 2056 convenit
2236 2000 2450 2057 Judzeos
2468 2041 2484 2064 ,
2511 2008 2568 2055 ut
2589 2001 2911 2071 accipientes
2927 2000 3306 2071 indulgentiam
3333 2000 3555 2055 liberen-

1976 2099 2063 2145 tur
2084 2106 2115 2145 a
2143 2092 2398 2155 reatibus,
2425 2099 2479 2145 et
2505 2106 2622 2145 eam
2667 2106 2785 2160 quae
2817 2090 2959 2159 apud
2986 2089 3153 2144 Deum
3178 2090 3406 2145 maxima
3448 2098 3552 2157 est,

1969 2178 2269 2237 libertatem
2292 2188 2574 2251 occupent,
2603 2189 2662 2235 ut
2706 2181 2959 2251 incipiant
2996 2180 3127 2234 nihil
3162 2180 3358 2236 debere
3379 2180 3557 2234 crimi-

1974 2270 2148 2325 nibus.
2187 2270 2422 2339 Denique
2476 2269 2715 2339 sequitur
2761 2268 3134 2338 Evangelista:
3176 2267 3458 2339 Respondit
3483 2269 3554 2323 eis

1969 2358 2139 2422 Iesus,
2165 2360 2344 2423 Amen,
2367 2376 2510 2413 amen
2532 2360 2643 2413 dico
2668 2359 2823 2424 vobis,
2870 2359 3108 2427 quoniam
3130 2359 3292 2412 omnis
3316 2360 3400 2429 qui
3429 2359 3553 2430 facit

1967 2460 2243 2520 peccatum,
2279 2465 2447 2503 servus
2472 2458 2545 2504 est
2586 2449 2797 2519 peccati.
2841 2448 3028 2504 Servus
3056 2457 3223 2502 uiuens
3255 2465 3357 2503 non
3379 2457 3550 2504 manet

1965 2540 2019 2593 in
2047 2540 2195 2593 domo
2240 2539 2294 2591 in
2322 2547 2597 2603 internum;
2624 2538 2762 2607 [ilius
2806 2546 2974 2592 autem
2998 2547 3165 2591 manet
3192 2538 3247 2592 in
3282 2546 3546 2592 retentum.

1967 2628 2029 2685 Si
2078 2644 2195 2700 ergo
2238 2627 2405 2682 Filius
2452 2645 2538 2683 vos
2579 2628 2881 2695 liberaverit,
2934 2637 3054 2682 tunc
3078 2643 3191 2683 aere
3233 2628 3377 2683 liberi
3406 2629 3547 2684 eritis
3594 2684 3601 2693 ,

1965 2722 2153 2794 (Joan.
2174 2737 2285 2789 vin,
2314 2721 2535 2792 31-56).

2036 2816 2171 2870 Auc.
2210 2813 2442 2869 Attende
2483 2811 2625 2883 quod
2671 2812 2871 2868 dictum
2905 2820 3007 2877 est,
3063 2810 3240 2866 Omnis
3292 2810 3379 2881 qui
3426 2811 3548 2879 facit

1968 2915 2242 2975 peccatum.
2271 2903 2383 2959 Non
2408 2904 2550 2959 enim
2575 2903 2668 2969 ait,
2695 2902 2794 2970 Qui
2843 2902 2967 2957 fecit
2993 2919 3008 2966 ;
3040 2900 3157 2967 sed,
3183 2900 3268 2972 qui
3317 2901 3458 2971 facit.
3482 2902 3551 2955 Et

1969 3010 2073 3050 non
2099 2994 2179 3049 vis
2196 3009 2316 3049 eum
2355 2993 2422 3048 ab
2448 2993 2549 3048 hoc
2573 2992 2714 3046 malo
2743 2992 2965 3047 liberare
2997 2990 3238 3045 homines
3272 3007 3285 3044 :
3318 3005 3423 3044 non
3469 2990 3547 3043 vis

1967 3102 2089 3144 eum
2120 3087 2220 3141 hoc
2266 3086 2385 3140 loco
2413 3086 2569 3140 talem
2621 3084 2927 3153 promittere
2956 3082 3273 3146 libertatem,
3299 3094 3402 3149 qua
3423 3094 3549 3148 pec-

1967 3186 2145 3231 catum
2195 3189 2302 3229 non
2327 3173 2612 3239 faciamus;
2641 3172 2737 3228 sed
2760 3170 2881 3227 ideo
2918 3168 3281 3225 tantummodo
3304 3168 3547 3229 liberare,

1968 3267 2091 3337 quia
2120 3264 2365 3320 fecimus.

2041 3373 2369 3431 LXXXVIII.
2409 3372 2528 3429 ιω..
2570 3372 2811 3442 Aperuit,
2839 3370 2907 3426 de
2933 3384 3034 3440 qua
3065 3368 3151 3424 hic
3177 3368 3430 3423 servitute
3461 3366 3543 3419 lo-

1971 3474 2245 3538 queretur.
2299 3464 2496 3528 Omnis,
2544 3464 2732 3533 inquit,
2785 3462 2872 3533 qui
2914 3461 3034 3533 facit
3061 3468 3333 3530 peccatum,
3384 3473 3553 3511 servus
3636 3497 3647 3508 .

1970 3568 2042 3612 est
2084 3556 2293 3628 peccati.
2339 3555 2452 3610 Hoc
2491 3564 2668 3609 autem
2726 3555 2897 3622 ipsum
2943 3565 3101 3622 quam
3157 3550 3441 3605 vehemens
3466 3559 3551 3604 est

1970 3656 2154 3702 contra
2180 3660 2416 3701 errorem
2444 3654 2697 3709 vestrum,
2726 3643 2848 3713 quia
2878 3642 3024 3707 dicit,
3048 3655 3257 3696 servum
3299 3655 3404 3693 non
3431 3653 3550 3693 esse

1973 3737 2195 3806 peccati,
2251 3737 2352 3790 uisi
2399 3752 2519 3791 eum
2572 3736 2661 3805 qui
2710 3735 2896 3789 fecerit
2941 3734 3054 3802 ipse
3096 3741 3371 3802 peceatum
3404 3748 3418 3794 ;
3448 3747 3548 3786 nec

1973 3840 2131 3895 posse
2153 3825 2395 3894 cuiquam
2436 3825 2707 3880 adhaerere
2748 3823 3205 3894 peccatum,quod
3259 3838 3363 3876 non
3408 3822 3456 3877 is
3481 3821 3548 3876 de

1971 3929 2077 3985 quo
2111 3915 2302 3984 agitur,
2332 3928 2430 3984 per
2449 3929 2527 3977 se,
2559 3922 2650 3967 aut
2675 3915 2902 3980 actione,
2919 3920 3012 3967 aut
3034 3914 3116 3967 vel
3144 3912 3259 3966 sola
3284 3914 3305 3944 ²
3329 3913 3550 3967 commi-

1971 4006 2103 4061 serit
2126 4004 2441 4060 voluntate?
2469 4004 2636 4071 Quam
2665 4004 2823 4057 etiam
2872 4002 3105 4058 ostendit
3142 4002 3543 4057 universitatem

1972 4096 2187 4151 humani
2230 4096 2442 4166 generis
2466 4110 2572 4149 non
2600 4109 2756 4163 posse
2778 4094 2887 4163 jam
2933 4108 2964 4147 a
2987 4091 3196 4147 diabolo
3223 4091 3479 4161 possideri
3506 4094 3548 4155 ’,

1970 4201 2090 4243 eam
2120 4186 2509 4241 distinctionem
2535 4185 2660 4240 facit
2683 4186 2818 4240 inter
2845 4199 3053 4239 servum
3082 4193 3133 4240 et
3157 4182 3343 4248 lilium,
3376 4182 3427 4237 id
3442 4192 3543 4245 est,

1966 4277 2167 4347 justum
2208 4287 2262 4333 et
2312 4277 2606 4347 iniustum?
2638 4276 2734 4331 llic
2766 4276 2927 4341 enim,
2967 4285 3025 4331 ut
3068 4290 3127 4331 se
3166 4275 3429 4340 Christus,
3479 4275 3547 4335 ita

1971 4369 2128 4423 etiam
2159 4382 2583 4437 unumquemque
2632 4374 2932 4421 sanctorum
2975 4383 3005 4421 a
3045 4381 3316 4421 servorum
3367 4364 3551 4423 condi:

1972 4462 2115 4514 tione
2160 4459 2481 4528 separabat:
2521 4458 2654 4512 sicut
2698 4457 2986 4513 fueruntet
3029 4465 3151 4510 ante
3189 4456 3465 4521 Vetushet
3490 4455 3546 4510 iu

1974 4552 2168 4607 Vetere
2192 4552 2553 4615 Testamento,
2572 4563 2706 4617 quos
2724 4548 2776 4602 in
2817 4547 2977 4602 dumo
3000 4547 3174 4601 Patris
3196 4548 3275 4605 sui
3307 4562 3542 4611 manere,

1971 4642 2098 4696 etin
2142 4655 2323 4696 mensa
2367 4640 2481 4707 eius
2506 4638 2782 4693 denuntiat
2814 4636 3089 4706 iucundari
3111 4636 3285 4707 (,Luc.
3316 4652 3430 4699 xui,
3456 4636 3547 4701 28,

1970 4730 2104 4803 29).
2142 4731 2330 4785 Tutum
2384 4730 2485 4784 hoc
2520 4739 2695 4785 autem
2738 4729 3123 4789 exhortationis
3163 4742 3331 4798 genus
3372 4729 3551 4797 inepte

1973 4823 2231 4892 prolatum
2251 4830 2414 4884 esset,
2437 4822 2481 4876 si
2532 4837 2637 4877 non
2688 4821 2839 4878 liberi
2893 4821 3105 4881 arbitrii.
3140 4820 3384 4879 homines
3417 4833 3547 4877 cun-

1972 4902 2193 4969 veniret.

2045 5006 2174 5058 AUG.
2199 5002 2456 5055 Convenit
2483 5001 2637 5070 plane
2675 5001 2794 5055 ideo
2828 4998 3079 5056 facientes
3107 5005 3405 5068 peccatum,
3424 4997 3546 5066 quia

1975 5096 2111 5151 servi
2139 5103 2261 5150 sunt
2290 5097 2595 5164 peccatiLut
2619 5101 2832 5163 accepta
2861 5092 3101 5146 libertate
3125 5107 3283 5163 quam
3326 5090 3547 5161 promit-

1977 5185 2058 5249 tit,
2102 5186 2346 5240 desinant
2373 5186 2544 5240 facere
2570 5190 2859 5253 peccatum.
2892 5180 3159 5252 Regnabat
3180 5195 3406 5250 namque
3425 5191 3547 5247 pec-

1977 5285 2150 5331 catum
2204 5276 2256 5330 in
2313 5274 2746 5330 eoruminorutli
2774 5287 3017 5343 corpore,
3062 5272 3132 5327 ita
3159 5264 3218 5327 ut
3262 5270 3541 5327 obedireul

2039 5477 2053 5507 ι
2085 5474 2304 5564 εἰεοῆιις.
2326 5478 2403 5564 .th
2434 5474 2735 5564 Vigiilierius,
2762 5471 3018 5564 servirent.
3057 5469 3339 5530 Menardus,
3371 5475 3417 5518 te
3432 5467 3542 5516 mil-

2146 5549 2188 5583 δι
2221 5549 2512 5583 animum:th
2543 5549 2721 5583 cum”
2760 5549 2978 5583 παντί-ει.
3520 5569 3525 5573 η

1976 5538 2050 5589 lus
2082 5543 2188 5599 post
2221 5538 2512 5598 agnitionem
2543 5538 2722 5585 Christi
2760 5538 2978 5584 srruirel.

2040 5602 2059 5631 ⁸
2092 5598 2241 5662 βάίει,
2265 5598 2486 5662 aul‘solst.
2515 5597 2651 5656 Mss,
2684 5602 2767 5645 aut
2802 5600 2876 5646 vel
2896 5593 3018 5645 sola.
3187 5651 3219 5662 Η
3259 5651 3269 5662 ⁸
3322 5654 3331 5662 _
3506 5652 3516 5662 .

1979 5725 2008 5770 ά
2039 5665 2058 5696 ³
2086 5660 2169 5709 Sic
2203 5651 2310 5708 λικε.
2350 5658 2476 5709 liditi
2510 5651 2760 5713 term-nor:
2782 5672 2919 5717 posse
2953 5668 3058 5705 eam
3094 5668 3124 5701 (ι
3164 5651 3360 5707 diabolo
3385 5652 3543 5716 posvi.

2013 5735 2107 5773 ('t't’.
