4010 6186
439 341 566 399 HO?

432 458 872 528 concupiscentiis
913 461 1046 528 ejus,
1103 470 1154 512 et
1207 459 1515 513 exhiberem
1561 457 1798 511 membra
1853 471 1998 510 arma

431 546 719 616 iniquitatis
743 559 956 617 peccato
995 550 1012 617 (
1039 548 1186 601 Rom.
1223 564 1271 600 vi
1293 588 1307 613 ,
1341 551 1405 602 12
1432 558 1478 601 et
1506 550 1570 602 15
1598 547 1637 618 ).
1672 549 1866 601 Contra
1897 547 1999 601 hoc

429 652 556 706 ergo
582 639 796 704 malum,
820 653 924 708 quo
951 649 1217 706 peccatum
1271 637 1554 705 faciebant,
1586 639 1826 693 libertate
1857 639 1996 693 indi-

426 728 637 794 gebant,
661 743 816 795 quam
863 729 1202 797 promittebat
1225 747 1238 782 :
1261 731 1434 783 Omnis
1477 731 1639 795 enim,
1672 730 1858 798 inquit,
1891 743 1998 782 nou

426 817 513 883 qui
540 818 678 878 fecit,
707 817 798 870 sed
823 819 908 885 qui
920 820 1039 888 facit
1061 831 1336 888 peccatum,
1357 837 1525 874 servus
1543 831 1614 874 est
1633 821 1838 890 peccati.
1863 820 1999 886 Quid

426 906 585 958 verba
645 906 818 960 lucida
865 909 1164 977 caliginosis
1221 909 1662 979 disputationibus
1712 910 1998 964 obscurare

425 998 994 1068 conaris?Erumpunt
1046 1001 1295 1067 omnino,
1341 1012 1395 1056 et
1425 1013 1473 1056 te
1515 1003 1641 1056 licet
1684 1003 1994 1066 obsistente,

424 1085 626 1155 fulgore
665 1105 763 1143 suo
803 1091 1018 1145 vincunt
1064 1093 1309 1147 tenebras
1351 1101 1485 1146 tuas.
1535 1091 1729 1153 Omnis,
1769 1093 1863 1155 ait,
1911 1093 1999 1160 qui

429 1179 544 1238 facit
589 1190 867 1248 peccatum,
896 1198 1064 1236 servus
1092 1193 1161 1236 est
1192 1185 1399 1251 peccati.
1452 1183 1637 1246 Audis,
1665 1185 1750 1252 qui
1774 1184 1925 1252 facit:
1945 1193 2000 1238 et

425 1279 477 1324 tu
505 1287 608 1325 non
637 1288 924 1342 exponere,
957 1275 1051 1329 sed
1099 1289 1394 1344 supponere
1445 1275 1541 1339 vis,
1573 1275 1670 1340 Qui
1699 1275 1838 1330 fecit.
1885 1277 1997 1328 Au.

423 1361 566 1414 diant
593 1377 740 1432 ergo,
772 1364 962 1433 quibus
989 1365 1100 1433 ipse
1147 1367 1316 1433 aperit
1341 1380 1570 1428 sensum,
1606 1373 1663 1418 ut
1705 1365 2000 1434 intelligant

421 1453 763 1522 Scripturas:
806 1457 1039 1522 audiant,
1076 1455 1252 1510 Omnis
1291 1459 1376 1522 qui
1421 1458 1543 1526 facit
1589 1466 1862 1527 peccatum,
1889 1473 1995 1509 ser-

422 1560 511 1598 vus
541 1555 613 1598 est
633 1548 840 1616 peccati.
871 1548 1189 1617 thuterant
1206 1548 1448 1617 accipere
1472 1548 1788 1610 libertatem,
1815 1556 1871 1600 nt
1893 1562 1995 1601 non

423 1634 616 1688 iaciant
665 1647 957 1704 peccatum,
1007 1638 1298 1692 clamantes
1338 1637 1404 1691 ad
1457 1653 1600 1699 eum,
1650 1638 1732 1691 cui
1781 1636 1994 1703 dicitur,

424 1724 742 1781 Itinera'mea
765 1730 924 1798 dirige
943 1730 1215 1783 secundum
1253 1729 1453 1782 verbum
1485 1737 1641 1792 tuum,
1661 1737 1710 1782 et
1739 1745 1800 1781 ne
1835 1728 1998 1782 domi-'-

422 1828 566 1871 netur
607 1821 729 1873 mihi
784 1822 947 1875 omnis
995 1821 1268 1892 iniquitas(
1299 1819 1441 1874 Psal.
1493 1820 1860 1891 cxvnt,133).
1891 1821 1999 1874 Cur

419 1916 593 1961 autem
623 1909 795 1970 illudis
837 1911 1080 1966 sensibus
1133 1911 1314 1975 tardis,
1363 1918 1417 1965 et
1458 1911 1528 1963 ita
1573 1910 1806 1964 insinuas
1839 1909 1996 1964 verba

422 1996 649 2062 Domini,
676 1999 824 2067 quasi
855 2000 1046 2054 dixerit
1090 2016 1300 2054 servum
1330 2015 1434 2054 non
1475 2015 1592 2054 esse
1633 2002 1856 2069 peccati,
1896 2000 1996 2054 nisi

419 2105 537 2141 eum
563 2089 652 2156 qui
672 2088 857 2144 fecerit
881 2091 991 2159 ipse
1015 2100 1285 2160 peccatum
1313 2091 1335 2144 ‘?
1365 2090 1570 2145 Fraude
1599 2092 1730 2160 agis,
1763 2105 1866 2143 non
1895 2089 1997 2144 hoc

418 2179 586 2233 dixit:
619 2195 721 2233 non
763 2182 903 2234 enim
931 2181 1025 2246 ait,
1069 2180 1237 2234 Nemo
1281 2189 1364 2234 est
1404 2195 1589 2242 servus
1639 2180 1861 2249 peccati,
1893 2179 1999 2234 nisi

417 2270 504 2338 qui
533 2270 655 2324 facit
681 2283 953 2340 peccatum
985 2287 998 2336 ;
1029 2272 1120 2326 sed
1149 2273 1240 2336 ait,
1263 2271 1439 2325 Otmtis
1463 2272 1551 2343 qui
1567 2271 1689 2340 facit
1708 2281 1989 2342 peccatum,

419 2376 588 2414 servus
612 2371 681 2418 est
709 2362 912 2431 peccati.
944 2359 1079 2416 Sunt
1120 2364 1260 2416 enim
1307 2365 1442 2417 servi
1474 2363 1672 2433 peccati
1697 2363 1990 2432 originalis,

419 2450 506 2518 qui
532 2460 796 2519 peccatum
819 2452 917 2521 ipsi
947 2452 1398 2508 nonduml‘aciunt
1424 2455 1442 2486 ί
1469 2471 1483 2519 ;
1512 2463 1566 2509 et
1595 2458 1662 2508 ab
1687 2453 1788 2508 hoc
1813 2454 1995 2508 vincu-

421 2540 470 2590 In
490 2541 758 2595 servitutis
782 2543 1181 2612 regeneratione
1203 2543 1498 2598 solvuntur.
1546 2543 1659 2599 Non
1705 2545 1862 2614 igitur
1877 2560 1992 2598 om-

422 2630 504 2686 nis
525 2631 614 2701 qui
639 2640 825 2687 servus
849 2642 932 2687 est
960 2643 1181 2703 peccati,
1209 2633 1334 2689 facit
1364 2645 1632 2705 peccatum
1658 2651 1671 2701 ;
1696 2634 1790 2690 sed
1819 2635 1994 2690 omnis

418 2723 507 2792 qui
535 2724 654 2778 iacit
675 2733 965 2792 peccatum,
985 2741 1170 2780 servus
1191 2735 1273 2780 est
1297 2727 1526 2796 peccati:
1546 2725 1680 2781 sicut
1710 2743 1815 2780 non
1834 2741 1995 2782 omne

418 2816 611 2870 animal
629 2831 800 2886 equus
826 2825 945 2882 est;
971 2816 1065 2872 sed
1085 2827 1258 2872 tamen
1283 2818 1643 2888 omnisequus
1665 2818 1861 2872 animal
1887 2829 1988 2873 est.

423 2905 516 2960 Ubi
542 2914 624 2960 est
649 2905 921 2963 dialectica
949 2916 1056 2971 tua,
1095 2923 1196 2977 qua
1228 2917 1278 2962 te
1311 2907 1495 2963 inﬂare
1520 2909 1836 2965 consuesti?
1863 2909 1992 2964 Tam

417 2995 628 3049 doctum
659 3005 712 3050 et
753 3005 962 3051 acutum
991 3012 1156 3066 quare
1199 3005 1250 3052 te
1300 2999 1397 3051 ista
1423 2998 1682 3069 fugiunt?
1715 3011 1804 3054 aut
1827 3016 1996 3070 quare

421 3083 682 3139 insidiaris
736 3085 962 3141 indoctis
991 3095 1044 3141 et
1083 3085 1265 3152 tardis,
1308 3087 1350 3142 si
1383 3096 1435 3142 te
1464 3088 1564 3142 ista
1594 3103 1699 3142 non
1743 3087 1994 3159 fugiunt?

420 3175 550 3238 Quis
563 3183 737 3230 autem
768 3186 1007 3231 nostrum
1048 3176 1195 3244 dicit,
1225 3177 1622 3234 universitatem
1663 3178 1935 3234 hominum
1962 3197 1994 3236 a

420 3265 631 3322 diabolo
677 3267 968 3337 possideri;
999 3284 1119 3324 cum
1153 3278 1456 3325 sanctorum
1506 3279 1645 3326 tanta
1673 3271 1780 3327 sint
1807 3273 1991 3341 millia,

421 3373 538 3427 quae
579 3372 684 3413 non
741 3359 1076 3430 possidentur
1103 3374 1134 3414 a
1177 3360 1437 3418 diabolo?
1467 3361 1570 3418 Sed
1608 3361 1852 3428 dicimus,
1903 3378 1996 3418 eos

421 3445 566 3502 solos
611 3462 653 3508 a,
685 3447 895 3504 diabolo
948 3464 1052 3506 non
1095 3450 1374 3519 possideri,
1404 3465 1538 3519 quos
1566 3450 1758 3507 Christi
1808 3453 2000 3508 liberat

421 3537 584 3604 gratia
612 3537 798 3606 ;cujus
849 3538 1031 3606 gratia:
1060 3553 1156 3592 vos
1181 3541 1306 3593 estis
1340 3539 1556 3594 inimici.
1591 3540 1646 3595 Si
1693 3543 1831 3596 enim
1860 3542 1998 3598 hanc

420 3627 642 3696 gratiam
675 3643 780 3682 non
807 3629 1202 3698 oppugnaretis,
1246 3629 1340 3684 sed
1385 3630 1784 3700 iutelligeretis;
1815 3632 1996 3701 procul

425 3717 586 3772 dubio
611 3717 770 3772 etiam
824 3728 946 3776 ante
991 3718 1153 3774 Vetus
1202 3719 1633 3786 Testamentum,
1677 3729 1731 3775 et
1758 3730 1997 3791 tempore

425 3805 636 3866 Veteris
661 3808 979 3870 Testamenti
997 3850 1012 3874 ,
1041 3825 1226 3864 omnes
1254 3820 1484 3875 sanctos,
1513 3827 1542 3866 a
1569 3826 1844 3868 servorum
1869 3829 1997 3870 con-

422 3897 624 3957 ditione
657 3911 944 3969 separatos,
983 3899 1166 3964 eadem
1210 3901 1460 3957 liberatos
1487 3901 1684 3958 Christi
1720 3905 1887 3974 gratia
1916 3905 1995 3960 vi—

421 3987 638 4047 deretis.

492 4097 776 4154 LXXXlX.
806 4099 922 4155 ιυι.
956 4100 1190 4169 Denique
1216 4112 1272 4155 ut
1300 4103 1580 4174 intelligas,
1611 4120 1719 4158 non
1744 4120 1864 4158 eum
1897 4122 1990 4158 na-

425 4200 556 4245 tura:
581 4207 764 4246 eorum
791 4193 1132 4260 exprobrare,
1157 4193 1248 4246 sed
1273 4196 1390 4246 vitae
1413 4210 1426 4258 ;
1450 4197 1706 4264 sequitur,
1739 4196 1858 4250 Scio
1878 4199 1996 4264 quia

423 4281 518 4350 filii
542 4281 757 4335 Abraha:
781 4283 916 4336 estis.
946 4283 1081 4336 Ecce
1109 4282 1176 4335 de
1204 4297 1305 4352 qua
1329 4284 1401 4338 illi
1442 4299 1500 4338 se
1541 4285 1736 4339 liberos
1755 4285 1998 4340 dixerant

423 4373 642 4442 originis
667 4372 919 4442 dignitate
943 4391 954 4424 :
983 4388 1122 4426 nunc
1143 4373 1224 4426 cui
1261 4374 1497 4428 servituti
1524 4375 1733 4428 obnoxii
1765 4375 1869 4428 sint
1898 4376 1995 4430 de.

425 4473 704 4530 monstrat,
741 4463 922 4517 dicens
947 4464 989 4528 ⁸,
1023 4462 1258 4528 Quwritis
1285 4480 1364 4516 me
1388 4461 1681 4531 interﬁcere,
1704 4467 1819 4530 quia
1839 4483 1998 4521 sermo

428 4571 564 4608 meus
594 4571 693 4607 non
711 4555 843 4623 capit
863 4557 913 4608 in
937 4554 1090 4608 vobis.
1127 4555 1233 4624 Ego
1261 4555 1394 4624 quod
1415 4557 1582 4609 audivi
1621 4559 1758 4628 apud
1794 4559 1998 4613 Patrem

427 4660 607 4708 nicum,
635 4646 841 4713 loquor;
867 4655 910 4697 et
931 4661 1015 4700 vos
1035 4662 1148 4713 qua:
1159 4647 1350 4702 vidistis
1370 4648 1510 4714 apud
1532 4659 1723 4718 patrem
1753 4662 1989 4719 vestrum,

426 4733 613 4801 facitis.

498 4827 631 4880 Anc.
653 4823 789 4892 Quid
813 4833 914 4886 est,
957 4825 1136 4879 Sermo
1175 4844 1313 4882 meus
1359 4845 1460 4884 non
1508 4832 1641 4901 capit
1665 4833 1715 4887 in
1744 4834 1923 4900 vobis;
1953 4837 1997 4891 si

419 4925 614 4971 natura
634 4917 794 4972 etiam
820 4918 956 4983 talis,
987 4919 1156 4987 qualis
1185 4935 1325 4975 nunc
1356 4921 1553 4992 indiget
1584 4925 1859 4993 liberante,
1885 4929 1994 4997 jam

414 5019 596 5075 capax
609 5016 692 5062 est
717 5008 978 5063 sermonis
996 5008 1130 5078 ejus.
1160 5011 1363 5065 etiamsi
1411 5027 1626 5069 sensum
1668 5031 1774 5071 non
1795 5021 1996 5087 aperiat

427 5099 591 5168 gratia
639 5099 773 5168 ejus,
803 5101 938 5155 sicut
983 5103 1187 5172 aperuit
1231 5105 1496 5173 Apostolis
1539 5117 1598 5162 ut
1652 5111 2001 5182 intelligerent

427 5190 729 5258 Scripturas
757 5191 774 5261 (
802 5191 928 5245 Luc.
980 5210 1101 5247 xxiv
1129 5235 1143 5257 ,
1191 5197 1503 5267 45);sicut
1547 5199 1620 5254 illi
1675 5205 1996 5271 purpurarize

431 5280 894 5352 Thyatirenornm,
925 5293 981 5343 ut
1004 5285 1304 5344 intenderet
1350 5289 1403 5348 in
1432 5305 1496 5343 ea
1525 5305 1641 5366 quae
1669 5307 1698 5344 a
1727 5293 1893 5348 Paulo
1913 5294 1997 5346 di—

494 5480 520 5552 ⁸.
538 5479 841 5552 vtgnierius,
877 5477 1037 5543 ipsimi
1081 5492 1173 5530 non
1208 5482 1408 5543 factum.
1447 5485 1730 5534 Emendatur
1770 5500 1795 5536 a
1831 5501 1998 5538 manu-

834 5599 978 5678 ,νὲἐθ
1263 5617 1315 5654 δε
1346 5604 1535 5677 “hem.
1554 5605 1774 5678 αἰτενηηι
1804 5609 2001 5678 erigaris

435 5658 849 5732 diqritatetnunc
880 5674 960 5731 cui
981 5658 1242 5732 servitutis
1293 5678 1460 5717 nomen
1519 5668 1742 5732 imputet,
1800 5658 1997 5722 mare»;

435 5720 521 5765 sed
561 5720 773 5773 immitis
811 5734 886 5771 me
921 5721 1219 5787 interﬁcere,
1249 5734 1345 5775 etc.

1079 343 1318 399 OPERIS
1353 339 1754 396 lMPERFlﬁC’t‘l
1791 337 1994 394 (ΗΝΤί

2105 337 2459 406 JULIANUM,
2503 340 2558 397 S.
2601 341 2964 398 AUGUSTINI

3550 349 3684 404 1108

2106 457 2361 512 cebantur
2387 460 2405 529 (
2429 461 2540 514 Act.
2569 477 2679 527 xw,
2719 464 2783 516 Η
2814 463 2833 532 )
2859 463 2884 515 ?

2175 546 2283 600 XC.
2307 549 2424 604 .IUL.
2453 550 2584 605 Vide
2607 567 2762 619 quam
2787 552 2991 606 diversa
3014 551 3084 606 sit
3107 561 3312 607 naturte
3345 555 3478 609 ratio
3507 566 3560 610 et
3582 573 3681 610 vo-

2104 635 2338 691 luntatis.
2370 639 2482 692 Non
2511 642 2717 710 negavit
2742 642 2916 703 Jesus,
2957 657 3173 697 carnem
3203 658 3388 700 eorum
3417 648 3683 715 pertinere

2105 727 2174 780 ad
2203 743 2384 783 semen
2415 730 2642 784 Abrahze
2677 749 2690 786 :
2721 733 2812 786 sed
2844 733 3072 786 inculcat
3094 733 3192 795 eis,
3221 735 3361 804 quod
3396 734 3462 790 ad
3493 737 3682 790 diabo-

2104 816 2211 869 lum
2238 830 2439 886 patrem
2471 821 2752 874 voluntatis
2769 822 3046 890 iniquitate
3059 823 3433 892 migraveriut;
3455 826 3544 894 qni
3562 826 3683 882 idm

2101 909 2306 973 genitor
2317 924 2502 963 eorum
2516 910 2868 979 dicitur,quod
2883 912 3166 966 criminum
3178 914 3414 983 arguitur.
3425 915 3682 971 eruditor.

2104 995 2509 1065 Responderunt,
2534 1001 2720 1070 inquit,
2740 1011 2786 1055 et
2801 1002 3036 1058 dixerunt
3055 1004 3099 1056 ei
3121 1003 3294 1058 Judtei
3308 1019 3328 1058 :
3351 1004 3505 1058 Pater
3517 1017 3686 1059 noster

2100 1086 2354 1140 Abraham
2373 1098 2461 1143 est.
2481 1089 2613 1143 Dicit
2631 1091 2700 1143 eis
2713 1089 2744 1142 J
2748 1108 2859 1144 esus
2872 1107 2891 1145 :
2905 1091 2966 1146 Si
2977 1093 3070 1161 filii
3082 1094 3300 1150 Abram:
3313 1095 3508 1156 essetis,
3528 1111 3684 1164 opera

2100 1177 2316 1232 Abram:
2343 1179 2568 1247 faceretis
2594 1195 2612 1233 :
2660 1196 2792 1234 nunc
2817 1191 2986 1236 autem
3027 1183 3248 1251 quaeritis
3273 1200 3354 1237 me
3372 1184 3670 1252 interficere,

2101 1268 2349 1320 hominem
2367 1270 2452 1338 qui
2471 1271 2727 1324 veritatem
2763 1272 2957 1326 locutus
2997 1289 3109 1326 sum
3156 1274 3313 1339 vobis,
3335 1290 3484 1342 quam
3512 1275 3685 1330 audivi

2099 1373 2130 1408 a
2150 1357 2258 1410 Deo
2279 1373 2298 1420 ;
2323 1359 2417 1410 hoc
2436 1359 2688 1412 Abraham
2710 1376 2809 1413 non
2837 1361 2951 1429 fecit
2977 1377 2997 1415 :
3021 1378 3106 1415 vos
3141 1373 3308 1416 autem
3329 1363 3501 1431 facitis
3526 1379 3682 1432 Opera

2101 1449 2258 1516 patris
2296 1449 2445 1502 vestri
2479 1449 2496 1519 (
2515 1447 2674 1502 Joan.
2703 1466 2816 1513 vm,
2867 1451 3027 1505 57-“
3057 1452 3099 1522 ).
3125 1453 3402 1520 ASpicisne
3442 1467 3573 1520 quas
3603 1452 3680 1505 fa-

2100 1537 2204 1589 ciat
2224 1537 2500 1591 verborum
2531 1538 2848 1594 divisiones'
2883 1540 3184 1609 Sapientia?
3208 1540 3372 1610 Negat
3389 1557 3481 1595 eos
3508 1542 3679 1596 Abra-

2102 1626 2183 1678 ha:
2208 1626 2345 1681 lilios
2377 1642 2516 1691 esse,
2555 1644 2689 1697 quos
2715 1643 2872 1698 supra
2893 1629 3098 1684 dixerat
3117 1645 3238 1684 esse
3267 1630 3402 1684 lilios
3419 1629 3675 1684 Abrahae:

2099 1717 2192 1770 sed
2232 1719 2478 1787 quoniam
2521 1719 2764 1774 diversus
2818 1730 2900 1774 est
2947 1721 3013 1774 de
3062 1733 3249 1776 natura
3299 1737 3363 1776 ac
3413 1724 3680 1778 voluntate

2101 1816 2389 1874 tractatus,
2438 1809 2672 1863 ostendit
2723 1811 2950 1864 alterum
3000 1826 3118 1865 esse
3151 1822 3473 1880 prosatorcm
3506 1815 3680 1868 carnis

2099 1897 2361 1965 innocuae,
2381 1901 2603 1955 alterum
2633 1902 2967 1956 seductorem
2999 1905 3206 1957 misera:
3237 1905 3539 1958 voluntatis.

2169 1991 2305 2046 Aac.
2341 1991 2530 2045 Verum
2558 1991 2693 2046 dicis
2737 1993 2996 2047 incautus.
3043 1994 3097 2046 ln
3131 1994 3373 2062 paradiso
3394 1995 3535 2049 enim
3567 1995 3679 2052 dia-

2098 2079 2250 2135 bolus
2266 2081 2514 2136 seductor
2531 2082 2697 2136 beata:
2723 2085 3006 2138 voluntatis
3035 2086 3148 2148 fuit,
3173 2101 3329 2154 quam
3358 2087 3670 2159 seducendo.

2099 2172 2345 2226 miseram
2391 2171 2515 2227 fecit
2543 2192 2554 2225 :
2584 2189 2725 2229 nunc
2770 2187 2968 2238 autem,
3015 2177 3151 2230 sicut
3193 2177 3394 2242 fateris,
3434 2177 3680 2232 seductor

2099 2272 2182 2316 est
2221 2264 2426 2318 misera:
2460 2265 2762 2320 voluntatis.
2787 2269 2868 2322 Ab
2910 2267 3008 2322 hac
3047 2284 3175 2338 ergo
3219 2267 3468 2334 miseria(
3499 2285 3564 2322 ne
3586 2285 3680 2337 per

2099 2351 2240 2406 illam
2259 2368 2399 2424 nunc
2413 2355 2638 2422 facilius,
2671 2372 2828 2427 quam
2855 2367 2977 2412 tunc
3015 2358 3080 2412 ad
3113 2359 3254 2412 illam
3279 2362 3298 2390 ¹
3327 2359 3542 2413 seducta
3573 2369 3676 2422 est,

2097 2442 2271 2498 adhuc
2319 2444 2606 2500 seducatur
2651 2462 2680 2499 a
2730 2447 2938 2502 diabolo
2969 2448 3112 2511 )non
3159 2464 3272 2501 eam
3315 2449 3524 2512 liberat,
3574 2450 3676 2504 nisi

2099 2533 2184 2589 ille
2209 2533 2276 2588 ad
2317 2551 2475 2604 quem
2518 2536 2752 2606 quotidie
2797 2546 2905 2592 tota
2934 2539 3127 2592 cLaniat
3175 2539 3431 2596 Ecclesia.
3475 2539 3558 2593 Ne
3582 2545 3678 2594 nos

2096 2624 2283 2694 inferas
2323 2626 2375 2679 in
2400 2629 2716 2682 tentatiouem
2739 2645 2755 2692 ;
2784 2628 2870 2683 sed
2895 2628 3050 2682 libera
3089 2645 3179 2682 nos
3206 2647 3240 2681 α
3280 2635 3413 2682 malo
3439 2629 3458 2702 (
3485 2630 3674 2684 Matth.

2100 2716 2340 2788 “.13).

2168 2804 2301 2860 XCI.
2332 2805 2451 2862 JvL.
2480 2806 2576 2862 llic
2596 2822 2723 2878 ergo
2748 2808 2837 2863 ubi
2865 2807 2997 2862 dixit
3015 2808 3289 2872 Dominus,
3316 2807 3377 2864 Si
3404 2825 3487 2864 vos
3513 2809 3679 2867 Filius

2099 2896 2399 2962 liberaverit,
2445 2913 2559 2952 vere
2599 2898 2742 2952 liberi
2783 2899 2961 2963 eritis;
2990 2900 3234 2968 promisit
3288 2899 3668 2970 indulgentiam

2098 2989 2225 3048 reis,
2253 2987 2342 3056 qui
2382 2997 2662 3056 peccantes
2690 3005 2794 3042 non
2838 2989 3040 3043 arbitrii
3073 2989 3390 3056 libertatem,
3425 2991 3517 3045 sed
3547 3007 3676 3046 con-

2097 3075 2371 3130 scientiam
2395 3077 2612 3145 justitia:
2642 3077 3006 3146 perdiderunt.
3051 3077 3296 3132 Liberum
3341 3088 3515 3133 autem
3537 3080 3678 3134 arbi-

2100 3166 2255 3219 trium
2285 3175 2340 3220 et
2366 3175 2483 3235 post
2509 3175 2721 3236 peccata
2750 3175 2854 3221 tam
2873 3168 3088 3236 plenum
3115 3178 3215 3232 est,
3240 3184 3396 3238 quam
3433 3169 3526 3223 fuit
3551 3179 3678 3226 ante

2098 3265 2350 3327 peccata:
2383 3256 2641 3326 siquidem
2663 3257 2832 3326 ipsius
2849 3273 3010 3328 opera
3028 3259 3116 3313 ﬂat
3141 3269 3196 3312 ut
3224 3259 3473 3314 abdicent
3514 3261 3675 3330 pleri-

2098 3362 2202 3418 que
2249 3348 2457 3404 occulta
2498 3348 2817 3414 dedecoris(
2835 3348 2876 3404 ll
2897 3350 3014 3405 Cor.
3045 3350 3171 3416 iv,2
3193 3361 3234 3421 ),
3263 3360 3318 3406 et
3352 3352 3669 3420 ﬂagitiorum

2099 3438 2316 3508 abjectis
2330 3429 2596 3504 sordibus,
2619 3439 2872 3494 virtutum
2901 3449 3178 3494 comantur
3210 3441 3525 3511 insignibus.

2169 3531 2305 3585 Auc.
2325 3530 2402 3584 Te
2425 3529 2546 3584 audi
2590 3530 2802 3597 saltem,
2859 3531 2947 3586 ubi
2987 3531 3120 3587 dicis
3145 3533 3162 3602 (
3191 3532 3383 3603 Supra,
3415 3551 3528 3603 cap.
3556 3533 3625 3589 69
3650 3535 3671 3606 )

2101 3629 2317 3688 propter
2357 3619 2790 3675 consuetudinem
2838 3631 3174 3690 peccatorum
3221 3625 3477 3692 scriptum
3511 3625 3630 3680 esse
3653 3665 3672 3691 ,

2103 3706 2223 3761 Non
2255 3709 2388 3777 quod
2431 3709 2544 3762 volo
2565 3750 2578 3775 ,
2601 3724 2742 3779 ago;
2771 3709 2857 3764 sed
2895 3711 3028 3780 quod
3071 3711 3177 3773 odi,
3209 3713 3302 3766 hoc
3347 3714 3498 3781 facio.
3526 3715 3674 3781 Quo-

2102 3798 2261 3854 modo
2309 3814 2438 3869 ergo
2477 3808 2596 3868 post
2641 3809 2854 3869 peccata
2898 3801 3118 3856 liberum
3149 3812 3249 3868 est,
3311 3821 3537 3873 quorum
3566 3807 3671 3861 etsi

2101 3905 2206 3943 non
2227 3890 2532 3959 propagine,
2555 3891 2678 3959 quia
2707 3906 2810 3944 nou
2835 3891 3008 3955 vultis,
3038 3903 3182 3947 certe
3234 3903 3408 3948 tamen
3448 3910 3677 3951 consue-

2102 3977 2304 4041 tudine,
2332 3993 2489 4047 quam
2514 3979 2683 4034 solam
2736 3977 2858 4034 huic
2899 3982 3195 4036 necessitati
3235 3984 3361 4038 victi
3409 3987 3673 4039 contorti-

2101 4085 2204 4139 que
2236 4069 2546 4133 conceditis,
2587 4071 2664 4124 sic
2713 4069 2941 4139 perdidit
2991 4072 3309 4138 libertatem,
3341 4084 3399 4130 ut
3447 4077 3679 4145 gemitus

2101 4162 2216 4230 ejus
2259 4162 2414 4216 feriat
2454 4175 2609 4216 aures
2651 4170 2876 4229 vestras,
2915 4163 3246 4235 frontemque
3281 4168 3674 4233 collidat;cum

2100 4250 2312 4314 auditis,
2339 4248 2456 4302 Non
2476 4249 2610 4319 quod
2629 4252 2761 4317 volo,
2801 4267 2898 4322 ago
2921 4265 2940 4313 ;
2960 4263 3032 4316 et,
3067 4253 3190 4309 Non
3227 4256 3362 4325 quod
3379 4258 3511 4323 volo,
3542 4260 3680 4328 facio

2102 4343 2315 4405 bonum;
2343 4341 2432 4395 sed
2473 4341 2606 4410 quod
2655 4343 2772 4396 uolo
2821 4343 3032 4411 malum,
3067 4345 3160 4399 hoc
3207 4362 3304 4416 ago
3331 4346 3350 4417 (
3377 4347 3528 4403 Rom.
3575 4364 3672 4417 vn,

2102 4433 2377 4503 55,19)?

2175 4524 2328 4580 XCII.
2359 4523 2478 4578 Jun.
2501 4523 2694 4579 Desine
2719 4524 2894 4595 itaque
2914 4525 3131 4595 impiare
3151 4535 3204 4582 te
3224 4527 3293 4596 (si
3315 4537 3488 4588 tamen
3511 4531 3676 4588 ullum

2103 4617 2194 4671 tibi
2223 4617 2300 4671 fas
2323 4625 2415 4670 aut
2439 4617 2587 4671 nefas
2615 4620 2853 4689 restat),
2882 4617 3080 4674 Christi
3105 4620 3263 4675 verba
3292 4623 3371 4676 sic
3397 4639 3677 4692 exponen-

2102 4706 2204 4772 do,
2233 4715 2290 4760 ut
2313 4706 2402 4760 ille
2427 4706 2708 4762 arbitrium
2744 4722 2968 4777 negasse
3012 4708 3236 4764 liberum
3265 4711 3524 4777 videatur,
3557 4713 3676 4766 sine

2101 4796 2250 4864 cujus
2279 4795 2579 4863 integritate
2607 4796 2831 4866 aequitas
2868 4798 2918 4852 ei
2963 4799 3161 4867 proprii
3199 4814 3304 4856 non
3345 4810 3518 4870 potest
3543 4819 3680 4856 con-

2102 4893 2244 4941 stare
2271 4884 2476 4953 judicii.

2174 4977 2307 5030 Aac.
2340 4976 2466 5039 lmo,
2493 4976 2614 5034 ideo
2634 4992 2794 5046 grave
2816 4978 2998 5047 jugum
3023 4988 3107 5032 est
3134 4994 3298 5048 super
3323 4981 3456 5038 tilias
3480 4983 3673 5049 Adam,

2103 5081 2134 5122 a
2171 5067 2257 5122 die
2290 5068 2462 5122 exitus
2489 5067 2558 5122 de
2582 5078 2771 5124 ventre
2800 5069 2982 5124 matris
3011 5084 3194 5124 eorum
3227 5070 3430 5142 (Eccti.
3460 5091 3565 5141 xu,
3599 5075 3677 5147 1),

2103 5158 2224 5227 quia
2250 5157 2298 5211 ei
2330 5166 2540 5211 constat
2564 5160 2783 5227 aequitas
2803 5159 2985 5228 judicii
3009 5161 3182 5230 :quod
3203 5164 3420 5218 omnino
3442 5165 3678 5235 iniquum

2103 5255 2264 5312 esset,
2296 5248 2338 5300 si
2375 5264 2480 5302 non
2511 5249 2783 5304 traherent
2811 5249 3065 5319 originale
3094 5261 3390 5320 peccatum,
3414 5269 3510 5323 per
3533 5258 3676 5327 quod

2105 5335 2266 5390 homo
2292 5337 2508 5390 vanitati
2536 5338 2723 5391 similis
2752 5337 2920 5393 factus
2946 5349 3028 5393 est
3061 5340 3228 5412 (Psal.
3258 5358 3438 5408 cum,
3469 5346 3551 5414 4).

2178 5424 2354 5480 XClll.
2383 5425 2501 5482 JuL.
2537 5427 2672 5481 Audi
2699 5427 2718 5458 ³
2745 5443 2874 5482 sane
2902 5428 2989 5484 ubi
3018 5431 3120 5485 vim
3147 5431 3391 5488 humana:
3415 5434 3680 5494 libertatis

2173 5554 2342 5664 'sctiditti,
2365 5553 2617 5613 divisiones
2635 5558 3109 5620 verborumsuorum.
3131 5566 3292 5625 Abest,
3307 5578 3520 5626 suontm,
3540 5581 3568 5615 a
3585 5582 3682 5618 uia-

2107 5629 2170 5666 nn
2227 5630 2300 5666 rm
2323 5630 2381 5664 ts.

2227 5630 2381 5678 rtpus.

2176 5677 2397 5743 ftia’Mss.
2426 5677 2538 5728 Editi
2562 5688 2741 5743 autem,
2766 5681 2826 5732 ab
2848 5681 2948 5738 illa.

2177 5737 2196 5769 ⁸
2219 5745 2299 5787 Ms.
2325 5746 2458 5798 itan,
2476 5739 2635 5796 audis.
