4010 6186
311 321 435 378 1109

309 434 536 491 ostendit
564 452 576 488 :
610 433 718 503 Ego
747 437 858 489 veni
885 433 936 486 in
965 433 1164 487 nomine
1193 428 1366 484 Patris
1392 430 1520 494 mei,
1558 439 1602 482 et
1633 447 1731 482 non
1761 446 1874 483 sus-

305 529 501 598 cepistis
532 543 641 588 me;
669 527 713 580 si
742 527 872 580 alius
909 526 1093 580 venerit
1134 526 1186 578 in
1221 527 1418 578 nomine
1454 541 1546 576 suo
1567 564 1580 586 ,
1620 523 1764 575 illum
1794 539 1879 574 ac-

307 619 496 688 cipietis
537 616 714 686 (Joan.
756 632 808 678 v,
835 616 976 685 45),
1019 615 1087 670 Ει
1126 615 1249 669 item
1295 615 1444 688 "Aut
1474 613 1625 682 facile
1653 611 1878 664 arborem

307 712 506 769 bonam,
539 716 584 759 et
615 706 833 772 fructum
855 706 966 774 ejus
990 705 1207 770 bonum;
1234 715 1321 757 aut
1351 705 1499 774 facile
1526 703 1751 756 arborem
1774 718 1878 754 uta-

307 800 430 861 lam,
449 809 496 852 et
522 803 740 869 fructum
760 799 872 866 ejus
902 797 1089 850 malum
1119 795 1333 865 (Matth.
1359 811 1454 858 xu,
1479 795 1593 864 55).
1627 796 1690 848 Ει
1719 795 1842 848 item
1867 811 1879 845 :

308 887 369 942 Si
397 888 522 942 milii
546 905 645 941 non
675 889 822 940 vultis
848 887 1077 954 credere,
1118 886 1349 954 operibus
1391 886 1579 938 credite
1617 883 1793 953 (Joan.
1830 901 1882 947 χ,

306 978 421 1046 58).
454 979 626 1046 Atque
654 976 902 1030 omnibus
930 976 1293 1030 vehementius
1323 1021 1334 1039 ,
1367 975 1505 1044 quod
1546 975 1673 1028 dicit
1708 975 1884 1027 inten-

308 1069 507 1124 tionem
557 1084 705 1123 suam
756 1068 985 1120 humana
1033 1069 1302 1122 voluntate
1349 1068 1654 1136 impeditam
1687 1067 1884 1121 fuisse:

303 1157 617 1224 Jerusalem,
644 1158 832 1226 inquit,
863 1157 1168 1217 Jerusalem.
1198 1158 1389 1228 quoties
1419 1159 1552 1211 volui
1582 1174 1888 1228 congregare

306 1248 442 1315 ﬁlios
483 1257 627 1311 tuos,
660 1249 788 1302 sicut
824 1249 1015 1318 gallina
1049 1247 1216 1318 pullos
1243 1265 1360 1302 suos
1399 1248 1486 1302 sub
1519 1251 1629 1301 alus
1657 1265 1776 1301 suas
1799 1288 1812 1309 ,
1845 1258 1898 1300 et

305 1336 556 1390 noluisti?
582 1337 709 1392 Post
731 1338 872 1407 quod
905 1353 1007 1391 non
1037 1339 1298 1408 sequitur,
1323 1338 1432 1392 Sed
1461 1347 1513 1392 te
1544 1339 1759 1392 nolente
1780 1339 1892 1392 col-

305 1426 410 1496 legi
437 1444 450 1480 :
477 1442 662 1480 verum
683 1467 699 1492 ,
733 1426 1063 1496 Relinquetur
1091 1429 1224 1482 vobis
1265 1430 1444 1503 domus
1488 1439 1650 1482 vestra
1694 1429 1892 1482 deserta

305 1514 525 1582 (Matth.
551 1533 698 1580 niti,
724 1519 811 1583 57,
841 1518 960 1589 58);
989 1529 1042 1572 ιιι
1075 1519 1192 1573 illos
1217 1507 1458 1573 Ostendat
1490 1537 1584 1588 pro
1613 1520 1752 1578 malo
1776 1521 1893 1590 qni-

301 1606 432 1660 dem
461 1623 629 1676 opere
649 1611 768 1677 jure
798 1610 990 1678 puniri,
1015 1610 1107 1664 sed
1134 1609 1200 1662 ab
1222 1610 1513 1664 intentione
1543 1612 1752 1679 propria
1783 1626 1894 1664 non

304 1695 563 1752 debuisse
590 1699 697 1752 ulla
747 1701 1061 1754 necessitate
1112 1700 1368 1753 revocari.
1411 1699 1498 1754 Sic
1527 1701 1666 1754 enim
1708 1709 1762 1754 ct
1801 1715 1892 1768 per

302 1788 621 1856 prophetam
653 1791 858 1846 locutus
881 1803 992 1846 erat
1017 1810 1029 1844 :
1055 1793 1116 1846 Si
1142 1793 1418 1858 volueritis,
1439 1802 1483 1845 et
1509 1794 1767 1847 audieritis
1789 1809 1886 1856 me,

295 1895 420 1948 qua
446 1880 578 1934 bona
606 1891 721 1936 sunt
754 1892 899 1937 terra:
926 1884 1229 1944 comedetis;
1264 1885 1307 1936 si
1351 1885 1619 1938 nolueritis
1641 1926 1655 1950 ,
1697 1895 1743 1938 et
1789 1901 1890 1937 non

294 1970 590 2031 audieritis,
607 1971 811 2042 gladius
835 1990 922 2026 vos
946 1975 1168 2026 comedet
1201 1971 1351 2045 (Isai.
1377 1991 1427 2037 ι,
1456 1975 1520 2028 19
1541 1985 1588 2027 et
1609 1976 1718 2044 '20).
1740 1975 1886 2042 Quu-

295 2061 468 2112 modo
491 2075 622 2128 ergo
651 2072 704 2112 tu
729 2061 1003 2115 arbitrium
1032 2062 1254 2115 liberum
1278 2079 1382 2116 non
1411 2077 1594 2131 negas,
1618 2062 1758 2130 quod
1784 2079 1889 2116 non

292 2147 520 2214 quidem
552 2164 800 2202 sermone
832 2161 942 2212 tuo,
967 2151 1060 2204 sed
1089 2150 1358 2220 Evangelii
1382 2151 1706 2216 testimonio,
1729 2165 1891 2205 sensu

291 2249 484 2293 autem
513 2249 626 2304 tuo,
660 2257 765 2293 non
797 2240 1023 2295 liberum
1053 2228 1444 2310 pronuntiasti?

369 2329 516 2383 Ave.
551 2329 933 2397 Ignosceudum
984 2338 1068 2384 cst
1089 2371 1104 2397 ,
1135 2332 1257 2401 quia
1302 2333 1352 2384 in
1385 2348 1442 2385 re
1468 2333 1688 2386 multum
1717 2332 1892 2386 abdita

293 2430 354 2472 ut
374 2419 542 2472 homo
562 2419 780 2474 falleris.
802 2421 954 2475 Absit
971 2431 1026 2476 ut
1047 2421 1365 2490 impediatur
1381 2424 1448 2475 ab
1475 2422 1691 2477 homine
1720 2423 1891 2476 omni-

293 2514 540 2582 potentis
571 2523 625 2566 et
652 2524 842 2567 cuncta
875 2513 1206 2581 praescicntis
1237 2515 1482 2568 intentio.
1515 2515 1707 2567 Parum
1736 2513 1802 2568 de
1831 2528 1891 2568 re

293 2613 449 2657 taiita
482 2605 740 2673 cogitant,
771 2605 853 2659 vel
881 2604 929 2658 ei
956 2603 1320 2674 excogitanda:
1345 2621 1450 2659 non
1477 2605 1770 2670 sufﬁciunt,
1800 2605 1887 2674 qui

294 2705 494 2764 putant
535 2695 700 2750 Deum
727 2697 1142 2765 omnipotentem
1167 2696 1364 2766 aliquid
1390 2697 1525 2751 velle
1545 2739 1560 2762 ,
1589 2706 1645 2751 et
1672 2697 1890 2752 homine

293 2785 518 2839 inﬁrmo
549 2786 903 2856 impediente,
935 2801 1040 2840 non
1069 2801 1246 2854 posse.
1277 2786 1426 2842 Sicut
1449 2798 1655 2843 certum
1682 2797 1765 2842 est
1789 2786 1888 2842 Je-

295 2876 539 2930 rusalem
564 2876 700 2930 ﬁlios
724 2893 850 2931 suos
877 2877 945 2931 ab
970 2877 1062 2931 illo
1090 2873 1269 2947 colligi
1297 2877 1553 2943 noluisse,
1585 2880 1658 2934 ita
1681 2889 1886 2934 certum

294 2976 387 3022 est
412 2983 534 3021 eum
565 2969 722 3022 etiam
750 2968 860 3037 ipsa
888 2969 1103 3022 nolente
1123 2984 1488 3039 quoscumque
1510 2986 1696 3025 eorum
1721 2971 1895 3025 voluit-

295 3056 607 3128 collegisse.
637 3059 773 3113 Deus
793 3059 954 3123 enim,
980 3059 1117 3113 sicut
1140 3059 1303 3114 homo
1323 3058 1440 3129 ejus
1457 3061 1471 3090 ¹
1501 3060 1636 3113 dixit
1663 3060 1892 3115 Ambro-

296 3151 452 3213 sius,
485 3163 620 3218 quos
661 3148 908 3219 dignatur
947 3158 1138 3213 vocat,
1175 3158 1232 3206 et
1257 3164 1416 3219 quem
1446 3149 1557 3204 vult
1583 3149 1890 3220 religiosum

303 3240 431 3295 facit
458 3239 597 3310 (Lib.
620 3238 657 3292 2
677 3242 727 3294 in
748 3240 874 3294 Luc.
894 3257 974 3308 ιι,
996 3241 1110 3313 58).
1135 3241 1398 3297 Convenit
1421 3250 1597 3297 autem
1619 3241 1894 3310 Scriptura

303 3331 626 3400 plerumque
655 3331 882 3386 hominis
908 3331 1270 3408 voluntatem,
1301 3342 1359 3386 ut
1383 3331 1524 3402 quod
1555 3347 1662 3386 non
1693 3332 1898 3399 habet,

305 3419 390 3473 vel
433 3436 540 3473 non
580 3429 758 3490 potest
781 3422 801 3452 ³
827 3462 841 3486 ,
873 3420 1177 3478 admonitus
1201 3423 1422 3488 sentiat;
1455 3433 1511 3478 et
1535 3423 1604 3478 ab
1630 3437 1696 3478 eo
1720 3439 1752 3478 a
1782 3438 1892 3493 quo

304 3519 431 3564 sunt
459 3511 598 3564 bona
627 3511 828 3578 omnia,
861 3511 1102 3583 indigens
1130 3522 1334 3583 poscat.
1354 3513 1410 3568 Si
1437 3515 1579 3568 enim
1605 3514 1894 3568 exauditus

308 3603 466 3657 fuerit
495 3604 550 3658 in
580 3619 648 3660 eo
677 3603 818 3674 quod
846 3604 1024 3659 dicere
1065 3604 1198 3674 jussi
1229 3621 1446 3682 sumus,
1477 3604 1562 3660 Ne
1584 3622 1676 3660 nos
1700 3607 1893 3676 inferas

305 3695 359 3746 in
384 3695 746 3758 tentationem;
786 3695 964 3764 procul
988 3694 1149 3748 dubio
1171 3695 1312 3748 nulla
1339 3694 1634 3765 decipietur
1661 3694 1890 3759 inscitia,

308 3785 454 3840 nulla
482 3785 772 3855 cupiditate
797 3785 1058 3840 vincetur.
1088 3785 1376 3854 Pmpterea
1397 3799 1524 3855 ergo
1544 3800 1640 3854 per
1665 3784 1894 3853 pr0phe-

311 3889 416 3934 tam
445 3877 646 3933 dictum
675 3886 789 3946 est,
817 3877 877 3933 Si
913 3878 1175 3932 nolueritis
1197 3919 1211 3942 ,
1245 3887 1292 3932 et
1337 3894 1438 3932 non
1475 3877 1737 3932 audieritis
1772 3894 1886 3942 me,

307 3972 511 4040 gladius
539 3986 627 4025 vos
653 3970 910 4034 comedet;
940 3979 996 4025 et
1040 3980 1231 4024 caetera
1279 3969 1580 4038 huiusmodi
1620 3989 1632 4024 :
1670 3981 1728 4026 ut
1764 3987 1886 4026 cum

308 4061 640 4116 invenissent
679 4061 732 4114 in
771 4075 830 4115 se
859 4060 986 4130 ipsis
1015 4061 1260 4116 victrices
1283 4061 1597 4130 cupiditates
1616 4103 1631 4127 ,
1663 4061 1728 4117 ad
1761 4078 1888 4132 pro-

309 4151 614 4219 pellendum
657 4151 855 4206 malum
878 4151 1122 4206 ’scirent
1162 4167 1192 4205 a
1227 4167 1332 4221 quo
1374 4151 1630 4207 deberent
1671 4169 1896 4221 poscere

308 4242 584 4296 auxilium.
631 4240 755 4296 Ideo
797 4249 972 4294 autem
1015 4240 1216 4294 dictum
1259 4250 1377 4306 est,
1419 4239 1552 4296 Ecce
1588 4243 1895 4313 relinquetur

309 4333 446 4385 vobis
471 4333 653 4386 domus
676 4341 832 4386 vestra
858 4332 1087 4395 deserta;
1110 4332 1230 4402 quia
1261 4333 1442 4402 plures
1461 4332 1532 4386 ibi
1561 4341 1732 4395 erant.
1759 4350 1898 4404 quos

310 4421 664 4477 obduratione
687 4430 742 4475 et
766 4420 1067 4476 desertione
1088 4421 1417 4490 judicaverat
1443 4421 1656 4492 dignos,
1685 4424 1894 4478 occulto

307 4513 529 4582 judicio.
548 4514 694 4584 justo
715 4523 914 4568 tamen.
941 4511 1068 4566 Nam
1091 4514 1158 4577 si,
1183 4523 1240 4584 ut
1265 4513 1417 4573 dicis,
1447 4533 1466 4564 ι
1503 4515 1571 4568 ab
1599 4515 1896 4576 intentione

316 4606 526 4675 propria
561 4625 580 4657 ι
615 4606 796 4675 utique
822 4606 981 4667 mala,
1016 4623 1034 4656 ι
1070 4620 1172 4658 non
1200 4604 1359 4660 debet
1387 4605 1546 4662 [ionio
1576 4605 1680 4660 ulla
1709 4621 1895 4661 neces-

312 4698 467 4750 sitate
495 4697 729 4751 revocari
760 4714 773 4726 ο
809 4714 828 4746 ι
855 4710 952 4751 cur
970 4695 1240 4763 apostolus
1261 4694 1460 4750 Paulus
1484 4694 1657 4749 adhuc
1677 4696 1898 4761 Saulus,

313 4789 515 4843 aedem
545 4788 758 4857 spirans
781 4796 834 4843 et
862 4787 1175 4857 sanguinem
1205 4786 1411 4850 sitiens,
1448 4786 1675 4842 violenta.
1700 4772 1896 4854 corpo-

319 4882 392 4933 ris
418 4880 685 4945 caecitate,
718 4889 766 4934 et
797 4879 1018 4934 terribili
1045 4880 1274 4947 desuper
1301 4893 1450 4943 voce,
1480 4895 1511 4934 a
1538 4895 1632 4934 sua
1663 4879 1901 4949 pessima

315 4971 611 5027 intentione
658 4979 969 5036 revocatur;
1016 4979 1070 5024 et
1109 4985 1176 5024 ex
1221 4976 1564 5040 persecutore
1602 4979 1892 5040 prostrato,

317 5063 454 5116 illius
481 5063 775 5131 Evangelii,
799 5061 938 5132 quod
965 5061 1321 5131 Oppugnabat,
1348 5060 1661 5115 laboriosior
1682 5062 1900 5116 caeteris

317 5151 525 5207 futurus
567 5151 882 5221 prmdicator
910 5151 1130 5221 erigitur
1159 5149 1312 5221 (Act.
1335 5149 1463 5220 ix)?
1506 5154 1902 5220 Agnoscegra-

317 5245 444 5296 tiam
475 5260 488 5293 :
518 5244 680 5296 alium
707 5243 804 5307 sic,
831 5241 993 5297 alarm
1019 5250 1195 5295 autem
1228 5241 1305 5294 sic
1336 5241 1495 5302 Deus.
1520 5257 1676 5309 quem
1704 5241 1896 5309 digna-

318 5343 422 5393 tur.
450 5343 637 5388 vocat:
669 5341 724 5388 et
749 5333 976 5401 Spiritus
1003 5332 1090 5386 ubi
1121 5331 1230 5386 vult
1261 5331 1426 5402 Spirat
1455 5331 1632 5402 (Joan.
1657 5348 1734 5396 ιιι,
1763 5333 1840 5397 8).

389 5423 568 5480 XCIV.
611 5424 730 5480 ιω..
759 5423 894 5478 Nam
923 5423 976 5478 in
1007 5423 1281 5493 illo.0pere
1301 5462 1317 5487 ,
1344 5421 1485 5492 quod
1517 5430 1569 5477 te
1596 5437 1752 5492 supra
1780 5422 1888 5476 disi

383 5557 493 5604 'Sic
518 5555 775 5613 ussEditi,
801 5552 924 5604 sicut
943 5555 1083 5604 homo
1115 5551 1205 5604 Dei
1227 5552 1372 5604 dixit.

383 5617 556 5678 finiti,
579 5623 624 5666 et
647 5629 739 5665 non
763 5622 924 5678 potest.

386 5677 494 5727 ’δίε
518 5674 718 5741 veteres
740 5674 910 5726 dumos
940 5675 1065 5741 libri.
1103 5682 1160 5741 At
1203 5675 1337 5732 editi,
1357 5674 1574 5726 victrices
1613 5677 1896 5741 cupiditates

327 5739 387 5790 at!
412 5737 770 5803 propcllendwu
794 5752 840 5788 m
863 5737 1062 5800 nmium,
1084 5735 1259 5789 scirent
1283 5750 1312 5787 a
1334 5750 1444 5802 quo,
1469 5746 1550 5788 etc

1709 310 1907 367 unua
1947 307 2210 380 ennius.

3425 315 3568 371 1110

1992 443 2159 498 nuper
2189 427 2409 482 [laruaut
2435 429 2663 519 misjsse,
2686 429 2940 485 audacius
2953 429 3080 501 quid
3099 429 3328 486 sentires
3351 432 3552 501 aperui-

1988 519 2076 572 sti.
2125 519 2178 572 la
2223 519 2392 587 primo
2428 519 2567 573 enim
2615 520 2780 584 libro,
2816 535 2936 573 cum
2966 521 3057 574 tibi
3086 520 3330 576 similiter
3361 536 3555 592 propo-

1989 609 2187 663 suisses
2228 609 2369 679 quod
2413 626 2509 663 nos
2553 610 2868 678 obiicimus,
2897 611 3178 666 arbitrium
3201 627 3296 666 vos
3335 612 3560 667 liberum

1990 699 2275 773 denegare,
2300 701 2367 752 ita
2390 699 2608 754 disseris
2627 699 3089 756 constantissimus
3112 711 3163 756 ct
3183 702 3566 757 subtilissimus

1991 790 2304 859 disputator.
2337 809 2354 842 ι
2382 790 2510 858 Quis
2535 802 2712 845 autem
2751 802 2990 846 nostrum
3035 792 3212 857 dicat,
3240 797 3379 862 quod
3410 793 3568 862 primi

1994 877 2222 932 hominis
2249 889 2463 948 peccato
2496 880 2712 948 perierit
2743 880 2970 935 liberum
2990 881 3264 936 arbitrium
3287 882 3352 936 de
3373 897 3568 951 genere

1997 969 2264 1024 humano?
2296 969 2536 1024 Libertas
2559 970 2772 1040 quidem
2815 973 2972 1041 periit
3011 988 3108 1042 per
3133 983 3405 1043 peccatum
3426 1014 3444 1040 ,
3476 973 3567 1028 sed

1994 1061 2082 1114 illa
2107 1077 2225 1131 qua:
2249 1061 2300 1114 in
2329 1062 2570 1131 paradiso
2590 1061 2707 1127 fuit,
2728 1063 2954 1117 habendi
2977 1064 3184 1132 plenam
3201 1079 3320 1119 cum
3347 1064 3565 1118 immor-

1997 1154 2196 1208 talitate
2213 1154 2501 1223 justitiam;
2529 1163 2746 1224 propter
2765 1155 2905 1225 quod
2931 1165 3116 1210 natura
3143 1157 3369 1210 humana
3391 1156 3566 1211 divina

1997 1244 2196 1314 indiget
2231 1247 2398 1315 gratia
2421 1288 2436 1312 ,
2465 1247 2674 1301 dicente
2705 1248 2927 1300 Domino
2955 1249 3004 1300 in
3032 1248 3320 1317 Evangelio
3346 1263 3477 1315 suo,
3511 1248 3573 1304 Si

1995 1351 2080 1388 vos
2105 1334 2266 1388 Filius
2288 1336 2584 1400 liberaverit,
2613 1345 2729 1390 tunc
2752 1353 2862 1390 uere
2877 1337 3018 1391 liberi
3040 1338 3176 1392 eritis
3209 1357 3227 1389 ι
3255 1337 3433 1409 (Joan.
3458 1354 3570 1404 vlu,

1996 1423 2084 1493 56)
2111 1441 2122 1475 :
2154 1442 2174 1474 ε
2203 1425 2382 1493 utique
2401 1425 2547 1479 liberi
2575 1425 2640 1479 ad
2671 1426 2806 1480 bene
2827 1425 3077 1495 justeque
3108 1427 3416 1482 vivendmn.
3441 1428 3573 1481 Nam

1996 1515 2222 1570 liberum
2246 1516 2520 1570 arbitrium
2545 1532 2711 1586 usque
2732 1517 2866 1572 adeo
2889 1517 2942 1571 in
2966 1528 3243 1588 peccatore
3268 1533 3371 1573 non
3395 1519 3571 1588 periit,

2002 1616 2062 1658 ut
2093 1621 2188 1674 per
2217 1607 2388 1675 ipsum
2421 1618 2660 1675 peccent,
2688 1608 2918 1662 maxime
2946 1621 3135 1664 omnes
3163 1609 3252 1679 qui
3279 1623 3397 1662 cum
3427 1609 3575 1663 dele-

1995 1697 2227 1750 ctatione
2260 1707 2481 1765 peccant
2505 1706 2554 1752 et
2584 1713 2770 1752 amore
2795 1699 3019 1767 peccati,
3045 1709 3100 1752 et
3125 1700 3204 1754 eis
3233 1699 3406 1769 placet
3433 1699 3575 1769 quod

1995 1802 2087 1841 eos
2116 1787 2266 1840 libet.
2295 1787 2445 1842 Unde
2472 1787 2760 1855 Apostolus
2779 1829 2793 1851 ,
2827 1789 2953 1842 Cum
2978 1789 3147 1843 essetis
3165 1829 3180 1856 ,
3214 1789 3420 1859 inquit,
3447 1790 3577 1843 servi

1995 1880 2220 1950 peccati,
2253 1879 2392 1932 liberi
2420 1879 2588 1948 fuistis
2609 1881 2843 1950 justitiat.
2874 1880 3010 1936 Ecce
3039 1881 3390 1936 ostenduntur
3414 1883 3574 1936 etiam

1999 1981 2214 2038 peccato
2243 1972 2461 2025 minime
2490 1973 2724 2040 potuisse
2744 2013 2759 2036 ,
2785 1972 2888 2027 nisi
2917 1973 3023 2027 alia
3054 1973 3319 2039 libertate,
3346 1974 3569 2030 servire.

1995 2060 2170 2116 Liberi
2193 2076 2320 2131 ergo
2344 2078 2372 2114 a
2396 2061 2599 2130 justitia
2633 2077 2738 2116 non
2767 2072 2923 2128 sunt,
2955 2064 3057 2118 nisi
3091 2065 3310 2118 arbitrio
3353 2064 3575 2120 liberta-

1999 2151 2064 2204 tis
2087 2152 2103 2181 ⁸
2131 2168 2144 2204 :
2177 2150 2328 2203 liberi
2375 2161 2554 2204 autem
2597 2168 2628 2205 a
2672 2160 2892 2221 peccato
2932 2169 3036 2206 non
3079 2153 3244 2218 ﬁunt,
3278 2157 3378 2209 nisi
3408 2158 3576 2226 gratia

1995 2238 2302 2296 Salvatoris.
2348 2239 2574 2309 Propter
2613 2241 2754 2310 quod
2801 2241 3130 2298 admirabilis
3175 2244 3379 2299 Doctor
3416 2247 3574 2300 etiam

1996 2331 2158 2386 verba
2200 2332 2312 2400 ipsa
2356 2331 2640 2387 discrevit:
2673 2332 2796 2386 Cum
2826 2337 2964 2388 enim
2987 2335 3114 2388 servi
3138 2336 3308 2390 essetis
3328 2378 3341 2400 ,
3372 2336 3573 2406 inquit,

1996 2423 2184 2490 peccati
2203 2462 2218 2484 ,
2251 2422 2397 2475 liberi
2419 2424 2845 2493 fuistisjustitite.
2888 2424 3047 2490 Quem
3070 2441 3188 2496 ergo
3214 2437 3331 2480 tunc
3356 2430 3576 2498 fructum

1994 2511 2239 2566 habuistis
2266 2513 2320 2565 in
2347 2512 2426 2566 liis
2444 2553 2460 2579 ,
2488 2513 2541 2566 in
2565 2513 2744 2581 quibus
2772 2531 2906 2568 nunc
2935 2515 3260 2570 erubescitis?
3291 2516 3431 2572 Nam
3457 2519 3576 2588 finis

1992 2601 2199 2655 illorum
2230 2619 2364 2656 mors
2393 2613 2465 2656 est
2494 2619 2512 2658 :
2539 2619 2674 2657 nunc
2701 2613 2865 2657 autent
2893 2605 3086 2659 liberati
3113 2623 3146 2658 a
3172 2617 3378 2676 peccato
3397 2651 3412 2672 ,
3450 2610 3577 2662 servi

1996 2702 2159 2746 autem
2187 2694 2308 2763 facti
2333 2692 2423 2747 Dei
2446 2695 2489 2760 ',
2513 2694 2702 2747 habetis
2724 2695 2944 2762 fructum
2970 2707 3187 2750 vestrum
3213 2698 3263 2750 in
3291 2699 3579 2767 sancti/ica-

1994 2782 2196 2845 tionem,
2215 2782 2367 2852 ﬁnem
2397 2799 2509 2836 vero
2535 2784 2686 2837 vitam
2709 2793 2949 2838 ceternam
2987 2805 3005 2836 ι
3032 2785 3211 2852 (Rom.
3237 2802 3312 2852 Vt,
3333 2787 3427 2853 20,
3452 2787 3570 2858 22).

2000 2891 2019 2924 ι
2043 2871 2266 2927 Liberos
2291 2873 2418 2926 dixit
2440 2873 2680 2942 justitiaa,
2697 2888 2804 2929 non
2824 2873 3147 2930 liberatosza
3168 2887 3387 2946 peccato
3399 2887 3577 2934 autem

1994 2979 2098 3018 non
2125 2965 2342 3028 liberos,
2367 2981 2432 3018 ne
2458 2965 2557 3020 sibi
2585 2964 2686 3020 hoc
2713 2967 3029 3031 tribuerent,
3053 2967 3149 3022 sed
3170 2967 3574 3039 vigilantissime

1994 3054 2375 3109 maluitdicere
2398 3054 2684 3119 liberatos;
2709 3053 2948 3110 referens
2973 3055 3076 3111 hoc
3095 3055 3162 3111 ad
3195 3057 3342 3111 illam
3369 3058 3576 3113 Domini

1994 3145 2350 3210 sententiam,
2380 3143 2441 3198 Si
2468 3161 2551 3197 vos
2577 3143 2748 3199 Filius
2774 3145 3094 3212 liberaverit,
3123 3155 3243 3200 tunc
3286 3163 3398 3201 vere
3435 3147 3579 3202 liberi

1995 3233 2153 3288 eritis.
2181 3233 2311 3288 Cum
2341 3233 2520 3302 itaque
2545 3248 2651 3286 non
2677 3234 2857 3287 vivant
2880 3233 3018 3288 bene
3041 3233 3133 3288 ﬁlii
3157 3233 3450 3300 hominum,
3475 3237 3579 3292 nisi

1995 3324 2170 3381 eﬂ'ecti
2195 3319 2288 3378 lilii
2319 3323 2433 3386 Dei,
2457 3323 2582 3392 quid
2611 3332 2696 3378 est
2727 3323 2868 3392 quod
2897 3325 2998 3379 iste
3023 3325 3196 3380 libero
3221 3326 3443 3381 arbitrio
3467 3329 3579 3383 vult

1995 3413 2131 3469 bene
2154 3412 2363 3467 vivendi
2395 3412 2628 3468 tribuere
2655 3421 3002 3483 potestatem;
3027 3428 3146 3469 cum
3170 3415 3316 3470 enim
3344 3415 3456 3471 hac
3485 3433 3580 3486 po-

1996 3512 2162 3559 testas
2188 3520 2294 3559 non
2320 3504 2476 3560 detur
2504 3505 2604 3558 nisi
2633 3504 2800 3575 gratia
2833 3505 2953 3571 Dei,
2982 3520 3077 3575 per
3099 3505 3280 3560 Jesum
3309 3507 3581 3565 Christum

1997 3595 2276 3650 Dominum
2307 3607 2548 3652 nostrum
2579 3593 2692 3666 (Id.
2718 3611 2789 3652 vu
2814 3639 2826 3661 ,
2854 3597 2948 3666 25)
2969 3636 2984 3663 ,
3013 3596 3225 3652 dicente
3253 3597 3540 3668 Evangelio
3559 3641 3577 3665 ,

1998 3689 2251 3760 Quotquot
2293 3699 2454 3743 autem
2499 3697 2792 3758 receperunt
2833 3705 2979 3750 eum,
3009 3689 3146 3742 dedit
3181 3689 3250 3743 eis
3289 3698 3582 3760 potestatem

1997 3781 2129 3848 ﬁlios
2151 3779 2244 3832 Dei
2275 3779 2386 3848 ﬁeri
2413 3798 2433 3832 ι
2472 3777 2647 3848 (Joan.
2671 3795 2709 3843 ι,
2735 3779 2856 3849 12).
2881 3779 2949 3833 Ει
2979 3781 3103 3833 item
3131 3790 3251 3847 post
3275 3781 3576 3835 modicum:

2004 3892 2023 3925 ι
2046 3873 2210 3926 Datur
2235 3887 2382 3941 ergo,
2413 3892 2433 3924 ι
2463 3873 2667 3942 inquis,
2696 3890 2714 3922 ι
2740 3881 2976 3940 potestas
3005 3880 3059 3924 ut
3089 3872 3179 3924 ﬁlii
3207 3873 3295 3926 Dei
3327 3873 3471 3937 ﬁant,
3491 3873 3580 3941 qui

1995 3965 2219 4019 credunt
2242 3978 2387 4017 eum.
2415 3962 2547 4028 Quze
2578 3971 2813 4030 potestas
2835 4003 2848 4024 ,
2887 3961 2986 4015 nisi
3013 3962 3170 4014 detur
3201 3977 3231 4014 a
3262 3963 3368 4016 Deo
3389 4005 3404 4028 ,
3438 3964 3579 4016 nulla

1996 4071 2116 4111 esse
2158 4063 2331 4124 potest
2375 4069 2438 4107 ex
2486 4053 2652 4107 libero
2693 4051 2913 4105 arbitrio
2942 4069 2956 4105 :
2984 4051 3104 4120 quia
3142 4068 3240 4105 nec
3275 4053 3498 4106 liberum
3527 4055 3580 4107 in

1997 4146 2140 4200 bono
2159 4146 2280 4206 erit,
2307 4143 2447 4215 quod
2475 4143 2725 4198 liberator
2747 4157 2853 4196 non
2877 4141 3215 4207 liberaverit;
3241 4142 3335 4197 sed
3361 4143 3413 4196 in
3441 4144 3583 4196 malo

1998 4237 2222 4291 liberum
2267 4234 2424 4290 habet
2464 4233 2777 4298 arbitrium,
2816 4231 2900 4286 cui
2927 4231 3336 4287 delectationem
3363 4233 3582 4289 malitia:

1999 4329 2084 4382 vel
2103 4327 2344 4383 occultus
2363 4327 2444 4382 vel
2468 4324 3058 4394 manifestus-deceptor
3079 4324 3276 4380 insevlt‘
3295 4326 3340 4392 ³,
3372 4326 3454 4380 vel
3476 4325 3580 4383 sibi

1999 4417 2115 4488 ipse
2143 4417 2423 4486 persuasit.
2461 4415 2577 4495 Noq
2628 4416 2805 4484 itaque
2825 4455 2839 4479 ,
2867 4415 3012 4468 sicut.
3029 4414 3218 4468 dicunt
3241 4430 3340 4470 nos
3365 4415 3579 4484 quidam

1999 4511 2200 4577 dicere,
2227 4519 2284 4566 et
2309 4511 2412 4565 iste
2437 4509 2598 4564 audet
2627 4509 2848 4577 insuper
2877 4506 3136 4572 scribere,
3167 4521 3355 4562 omnes
3376 4508 3426 4561 in
3452 4521 3582 4577 pec.

1999 4609 2199 4664 catum,
2229 4602 2374 4656 velut
2399 4598 2572 4663 inviti,
2601 4599 2780 4652 carnis
2803 4611 2914 4652 suze
2944 4597 3261 4652 necessitate
3283 4608 3578 4669 coguntur:

2001 4692 2094 4747 sed
2119 4692 2164 4746 si
2185 4691 2292 4758 jam
2325 4690 2378 4744 in
2405 4705 2468 4744 ea
2491 4697 2649 4743 aetate
2677 4696 2833 4752 sunt,
2866 4697 2922 4742 ut
2950 4689 3395 4758 propr-immeritis
3420 4700 3578 4743 utan-

2004 4794 2087 4837 tur
2107 4783 2344 4846 arbitrio,
2368 4792 2422 4836 et
2443 4782 2494 4834 in
2524 4789 2742 4850 peccato
2767 4795 2860 4834 sua
2887 4781 3160 4835 voluntate
3189 4782 3502 4841 retinentur.
3528 4794 3581 4834 ιιι

2002 4888 2031 4925 a
2058 4881 2274 4941 peccato
2313 4871 2364 4924 in
2403 4878 2676 4940 peccatum
2718 4885 2811 4924 sua
2852 4869 3124 4923 voluntate
3163 4871 3577 4938 prtecileitanlur.

2002 4961 2108 5018 Sed
2141 4962 2252 5015 haec
2277 4962 2556 5026 voluntas,
2586 4975 2705 5030 qua:
2733 4961 2898 5014 libera
2927 4969 3009 5012 est
3039 4960 3091 5012 in
3121 4960 3302 5026 malis,
3329 4961 3451 5029 quia
3483 4960 3579 5014 de-

2003 5053 2226 5106 lectatur
2245 5051 2418 5112 malis.
2447 5050 2566 5104 ideo
2595 5051 2758 5104 libera
2783 5049 2835 5103 in
2867 5049 3020 5102 bouis
3041 5065 3144 5104 non
3171 5057 3272 5111 est,
3297 5052 3419 5120 quia
3454 5052 3584 5105 libe-

2003 5150 2118 5196 rata
2143 5158 2246 5195 non
2273 5150 2374 5195 est.
2393 5140 2504 5195 Nec
2524 5148 2699 5208 potest
2722 5138 2884 5193 homo
2907 5138 3028 5193 boni
3057 5138 3256 5210 aliquid
3281 5142 3443 5203 velle,
3477 5140 3583 5194 nisi.

2004 5233 2283 5302 adjuvetur
2310 5231 2378 5285 ab
2402 5246 2468 5284 eo
2494 5231 2583 5298 qui
2614 5230 2809 5283 malum
2834 5245 2938 5283 non
2963 5239 3136 5298 potest
3157 5230 3294 5285 velle
3328 5250 3345 5282 ι
3373 5230 3579 5300 (Contra

2006 5323 2150 5378 Duas
2184 5323 2443 5392 Epistolas
2479 5319 2889 5392 Pelagianorum,
2916 5319 3003 5375 lib.
3031 5337 3078 5388 ι,
3107 5340 3196 5376 nn.
3221 5320 3363 5390 5-7).
3403 5319 3458 5376 In
3501 5321 3580 5387 bis

2070 5497 2085 5527 ί
2111 5497 2184 5544 sic
2206 5495 2340 5552 \ign.
2366 5502 2418 5542 et
2458 5492 2692 5551 “ouant;
2735 5502 2784 5542 at
2807 5496 3013 5544 Menard.
3042 5497 3088 5544 in
3112 5494 3326 5553 margine
3365 5493 3476 5545 fert.
3504 5508 3580 5544 t‘u—

2007 5557 2214 5612 luntatis,
2241 5556 2368 5618 quod
2394 5555 2676 5618 vocabulum
2714 5557 2918 5604 exhibet
2940 5558 3044 5618 ipse
3063 5556 3352 5616 Augustinus
3374 5556 3421 5603 in
3447 5554 3532 5607 lib.
3554 5561 3582 5608 ι

2007 5615 2311 5685 contraduas
2334 5615 2560 5677 Epistolas
2585 5615 2971 5678 Pelagianorum.‘
3017 5624 3081 5685 at.

2071 5681 2090 5710 ¹
2117 5680 2252 5734 aditi,
2285 5686 2392 5726 neo.
2419 5685 2520 5726 mss.
2549 5686 2671 5725 Pori.
2708 5686 2757 5724 ot
2785 5686 2872 5724 κίειν
2897 5712 2910 5735 ,
2945 5680 3046 5726 Μ.

2077 5740 2100 5772 ⁸
2118 5737 2482 5796 Etliti,_insrruit.
2522 5745 2650 5794 Mss...
2674 5737 2856 5788 inserit.
