4010 6186
418 275 547 329 illi

413 383 663 441 omnibus
684 385 863 442 verbis
891 388 1014 454 tuis,
1039 404 1158 460 qum
1186 393 1359 460 posui,
1391 394 1472 459 ita
1489 393 1648 450 video
1672 395 1852 465 gratiae
1877 408 1975 449 no-

415 488 536 528 men
562 489 683 529 cum
708 476 858 531 liberi
885 477 1089 533 arbitrii
1119 481 1400 550 negatione
1424 493 1726 539 consertum
1747 525 1762 549 ,
1789 492 1847 541 ut
1877 501 1982 540 non

417 574 520 619 tam
555 566 687 621 mala
717 581 903 623 sensus
933 569 1005 623 lui
1040 571 1451 643 appellationum
1483 577 1500 607 ¹
1530 575 1684 630 bouis
1724 576 1982 630 vindicari

413 667 643 727 queant,
670 673 826 727 quam
855 658 1085 728 dignitas
1112 663 1387 719 nominum
1425 665 1730 738 dogmatqu
1774 676 1982 721 tuorum

412 745 716 799 adluesione
757 746 994 827 vilescat.
1033 748 1149 803 Non
1178 767 1305 822 ergo
1335 761 1384 807 te
1413 753 1493 809 his
1519 756 1854 810 sermonibus
1884 756 1954 811 hc

414 836 630 890 nestasti
651 876 667 902 ,
697 837 789 891 sed
818 851 1129 896 ornamenta
1161 842 1275 913 ipsa
1304 846 1547 915 turpasti.
1590 847 1694 901 Nos
1722 858 1893 902 tamen
1922 863 1986 903 ea

411 943 529 1007 qum
558 943 588 982 a
619 937 671 983 te
701 929 883 998 juncta
910 942 1032 987 sunt
1059 949 1368 1002 separamus
1387 979 1403 1004 ,
1433 945 1487 991 ut
1514 939 1697 1008 gratia:
1733 939 1980 994 divinitas

413 1000 480 1074 ab
506 1020 689 1075 screvis
713 1022 735 1052 ³
763 1021 1188 1092 colligationibus
1217 1027 1441 1082 enodata
1464 1070 1479 1093 ,
1508 1044 1607 1084 nec
1637 1031 1986 1099 responsione

409 1110 709 1179 quatiatur;
735 1115 1067 1182 etgravitate
1094 1114 1508 1182 Catholicorum,
1532 1133 1640 1172 non
1669 1118 1985 1175 Manichaeo-

411 1214 528 1252 rum
557 1200 862 1257 adulatione
891 1203 1150 1259 laudetur.
1177 1206 1411 1261 Gratiam
1437 1224 1569 1278 ergo
1587 1207 1781 1262 Christi
1809 1208 1988 1263 multi-

412 1289 606 1357 plicem
648 1292 978 1347 confitemur.
1031 1294 1264 1349 Primum
1292 1313 1484 1351 munus
1510 1299 1625 1366 ejus
1650 1297 1672 1329 ³
1700 1307 1811 1363 est,
1842 1298 1984 1369 quod

412 1379 538 1435 facti
568 1397 633 1437 ex
662 1383 833 1439 nihilo
856 1401 1058 1441 sumus.
1085 1386 1407 1456 Secundum,
1435 1390 1575 1459 quod
1603 1401 1659 1446 ut
1685 1392 1983 1447 viventibus

409 1483 569 1525 sensu
588 1513 602 1536 ,
646 1472 713 1526 ita
757 1475 1107 1530 sentientibus
1134 1478 1340 1535 ratione
1366 1487 1707 1559 praestamus;
1737 1497 1855 1551 qum
1883 1482 1986 1536 im-

413 1572 591 1626 pressa
613 1571 696 1616 est
713 1564 912 1630 animo,
937 1574 994 1619 ut
1016 1566 1317 1623 Conditoris
1338 1569 1509 1640 imago
1528 1569 1807 1626 doceretur
1829 1569 1887 1623 δε
1914 1570 1981 1627 ad

411 1651 562 1721 cujus
583 1668 731 1723 :rque
754 1655 969 1726 respicit
990 1651 1296 1728 dignitatem
1316 1661 1521 1715 arbitrii
1541 1677 1793 1717 concessa
1824 1663 1984 1718 liber-

412 1748 513 1795 tas.
547 1742 653 1811 ipsi
677 1744 835 1798 etiam
859 1746 1043 1815 gratize
1065 1790 1080 1815 ,
1114 1748 1487 1804 beneﬁciorum
1513 1767 1629 1820 qua:
1654 1752 1807 1807 nobis
1841 1767 1981 1822 prie.

407 1839 551 1886 stare
580 1849 684 1887 non
715 1834 943 1901 desinit,
975 1849 1256 1909 augmenta
1289 1832 1610 1912 reputemus.
1657 1841 1777 1913 Ipsa
1810 1843 1979 1913 gratia

408 1920 581 1990 legem
609 1923 660 1976 in
689 1924 1006 1994 adjutorium
1035 1929 1176 1984 misit
1202 1929 1353 2003 (Ioui.
1381 1947 1471 1986 vni
1492 1971 1508 1997 ,
1536 1932 1627 1993 ‘20.
1645 1949 1746 1987 sec.
1776 1933 1978 2003 LXX):

408 2008 475 2062 ad
515 2010 631 2079 ejus
669 2015 940 2081 spectabat
966 2017 1198 2071 cilicium
1219 2058 1235 2083 ,
1266 2027 1320 2073 ut
1347 2022 1565 2075 rationis
1594 2022 1771 2076 lumen
1795 2063 1807 2085 ,
1838 2022 1979 2092 quod

413 2103 685 2169 pravitatis
704 2107 943 2175 exempla
969 2108 1283 2163 hebetabant
1298 2120 1352 2165 et
1367 2112 1694 2167 consuetudo
1711 2113 1978 2179 vitiorum,

413 2191 741 2248 multimodis
764 2195 1149 2254 eruditionibus
1168 2201 1438 2266 excitaret,
1467 2211 1625 2273 atque
1648 2204 1864 2259 invitatu
1884 2220 1981 2260 suo

407 2282 610 2338 foveret
638 2285 681 2340 ⁸.
709 2286 789 2339 Ad
821 2287 974 2343 istius
1001 2304 1129 2359 ergo
1153 2291 1358 2361 gratiae,
1390 2291 1440 2345 id
1470 2301 1570 2355 est,
1599 2293 1792 2349 divina:
1820 2296 1981 2351 bene-

406 2374 670 2438 volenti-.e,
696 2393 814 2446 qua:
836 2377 997 2433 rebus
1024 2394 1237 2435 causam
1263 2381 1426 2446 dedit,
1461 2384 1838 2450 plenitudinem
1861 2402 1980 2456 spc-

406 2461 566 2515 ctavit
587 2503 601 2527 ,
637 2473 693 2517 ut
724 2463 958 2519 Verbum
987 2482 1113 2522 caro
1141 2468 1325 2535 fieret,
1359 2479 1414 2525 et
1436 2470 1697 2527 habitaret
1735 2474 1785 2529 in
1827 2476 1979 2532 nobis

407 2549 586 2617 (Joau.
609 2567 647 2618 i,
684 2552 794 2623 is).
825 2555 1129 2625 Iieposcens
1168 2557 1310 2614 enim
1350 2560 1490 2615 Deus
1528 2562 1595 2616 ab
1635 2563 1863 2633 imagine
1883 2578 1976 2619 sua

405 2642 603 2695 amoris
625 2642 813 2710 vicem,
839 2646 1011 2714 palam
1030 2646 1157 2703 fecit
1174 2664 1330 2718 quam
1355 2658 1522 2706 totum
1546 2653 1567 2684 ⁸
1589 2654 1644 2707 in
1668 2670 1763 2708 nos
1784 2656 1981 2711 intesti-

404 2731 583 2785 mabili
608 2733 807 2803 egisset
835 2734 1046 2803 affectu,
1078 2746 1133 2792 ut
1162 2738 1244 2793 vel
1261 2755 1394 2815 sero
1418 2741 1812 2798 redamaremus
1831 2759 1975 2811 eum,

407 2821 496 2891 qui
520 2823 904 2880 commendans
932 2825 1242 2883 charitatem
1270 2843 1419 2884 suam
1451 2831 1604 2886 nobis
1632 2832 1805 2903 (Rom.
1824 2849 1876 2900 v,
1893 2832 1974 2907 8),

408 2910 542 2966 Filio
568 2927 666 2967 suo
695 2930 800 2969 non
832 2918 1091 2986 pepercit,
1125 2918 1217 2973 sed
1247 2935 1341 2989 pro
1367 2921 1520 2976 nobis
1549 2922 1697 2976 illum
1727 2923 1972 2980 tradidit:

404 3004 662 3071 pollicens
690 3008 810 3076 quia
837 3009 883 3063 si
909 3010 1260 3066 voluissemus
1284 3012 1535 3085 deinceps
1558 3017 1816 3072 voluntati
1857 3019 1974 3089 ejus

400 3093 618 3150 obedire
640 3139 654 3162 ,
686 3096 953 3167 Unigeniti
980 3101 1060 3156 sui
1093 3111 1368 3173 praestaret
1396 3121 1492 3162 uos
1520 3122 1643 3166 esse
1665 3112 1973 3171 cohaeredes

400 3181 509 3252 (Id.
540 3199 653 3245 vtu.
682 3186 770 3252 32,
798 3189 909 3258 l7).
1254 3194 1259 3197 ’

469 3276 601 3331 Ave.
632 3277 801 3332 ilomo
830 3279 1127 3352 Pelagiane,
1150 3284 1379 3342 eharitas
1400 3289 1513 3343 vult
1531 3290 1752 3355 bonum,
1773 3303 1828 3348 et
1846 3294 1973 3350 cha—

398 3364 530 3419 ritas
555 3381 618 3421 ex
647 3367 755 3422 Deo
785 3378 895 3436 est;
922 3387 1028 3427 non
1058 3389 1157 3443 per
1185 3376 1318 3446 legis
1347 3378 1598 3447 litteram,
1622 3383 1713 3437 sed
1746 3400 1840 3454 per
1865 3388 1971 3456 spi-

397 3454 556 3508 ritum
582 3459 783 3525 gratiae.
814 3458 868 3512 In
898 3460 998 3516 hnc
1018 3473 1098 3517 est
1125 3467 1513 3533 prmdestinatis
1540 3472 1857 3539 adjutorium
1887 3454 1971 3531 ht.

397 3554 530 3607 tera,
564 3549 683 3616 quia
709 3550 945 3617 iubendo
966 3562 1020 3607 et
1046 3570 1150 3609 non
1177 3558 1431 3624 jnvando,
1455 3562 1705 3619 admonet
1733 3567 1969 3624 iniirmos

396 3632 686 3704 confugere
714 3638 779 3691 ad
807 3639 1049 3707 spiritum
1075 3645 1279 3712 gratiae.
1302 3646 1390 3702 Sic
1419 3648 1531 3719 iege
1560 3652 1792 3722 legitime
1813 3665 1969 3710 utun-

395 3730 482 3776 tur
501 3724 543 3789 ⁷,
566 3724 756 3793 quibus
802 3726 938 3781 bona
977 3740 1062 3784 est
1098 3731 1312 3798 (lTim.
1356 3753 1409 3803 ι,
1448 3738 1547 3811 8),
1574 3741 1629 3796 id
1655 3754 1764 3807 est,
1796 3747 1963 3803 utilis:

397 3813 633 3885 alioquin
662 3832 757 3886 per
782 3832 841 3874 se
871 3819 1036 3889 ipsnm
1068 3822 1239 3879 littera
1266 3829 1457 3883 occidit
1499 3831 1574 3903 (ll
1606 3832 1721 3888 Cor.
1751 3852 1804 3890 ιιι
1823 3879 1838 3902 ,
1871 3836 1962 3907 6);

392 3904 512 3973 quia
550 3904 788 3975 jubendo
830 3908 1029 3965 bonum
1051 3953 1065 3977 ,
1094 3921 1147 3969 et
1176 3930 1281 3970 non
1313 3917 1586 3988 largiendo
1613 3904 1926 3981 charitatem
1946 3968 1961 3993 ,

389 4010 511 4065 qua:
535 3997 649 4052 sols
675 3999 787 4054 vult
818 3999 1032 4067 bonum,
1062 4020 1185 4060 reos
1212 4011 1662 4076 praevaricationis
1687 4014 1829 4072 facit.

460 4084 619 4141 XCV.
645 4087 763 4143 ιω..
789 4089 912 4144 Haec
931 4107 1059 4161 ergo
1078 4098 1265 4164 gratia,
1291 4114 1411 4168 quae
1434 4100 1486 4154 in
1515 4102 1835 4172 Baptismate
1856 4124 1961 4163 non

386 4175 559 4230 solum
605 4188 819 4245 peccata
863 4181 1162 4248 condonat,
1189 4186 1283 4240 sed
1322 4203 1444 4242 cum
1490 4191 1591 4246 hoc
1624 4193 1963 4266 indulgentize

388 4264 672 4334 beneﬂcio,
691 4276 747 4323 et
781 4270 1044 4340 provehit,
1064 4282 1118 4327 et
1137 4274 1355 4346 adoptat
1370 4279 1414 4344 ³,
1433 4289 1486 4335 et
1505 4264 1809 4342 consecrat:
1825 4289 1958 4357 haec,

385 4353 624 4425 inquam,
647 4358 839 4427 gratia,
864 4361 1111 4418 meritum
1140 4373 1311 4421 mutat
1334 4381 1572 4441 reorum,
1598 4388 1707 4430 non
1736 4353 1959 4435 liberum

384 4444 569 4500 condit
603 4447 911 4515 arbitrium;
940 4451 1083 4522 quod
1125 4468 1193 4509 eo
1234 4456 1527 4528 accipimus
1552 4470 1824 4535 tempore,
1855 4486 1963 4540 quo

384 4547 631 4591 creamur
654 4553 672 4589 :
691 4537 890 4593 utimur
907 4551 1104 4610 autem,
1127 4559 1234 4614 quo
1251 4549 1273 4581 ⁸
1296 4549 1583 4608 volentiam
1604 4554 1743 4612 inter
1763 4537 1960 4617 bonum

383 4631 441 4676 et
463 4624 660 4677 malum
689 4624 1027 4686 discretionis
1053 4634 1416 4703 adipiscimur.
1460 4640 1624 4699 Bona:
1653 4646 1831 4719 itaque
1861 4667 1959 4707 vo-

384 4709 572 4774 luntati
603 4712 910 4775 innumeras
930 4718 1179 4789 adjutorii
1202 4724 1372 4805 divini
1396 4728 1585 4789 adesse
1610 4709 1821 4806 species
1849 4756 1958 4797 non

375 4910 569 5021 “ozesic
598 4919 799 4964 veteres
835 4914 965 4966 libri.
989 4923 1046 4969 At
1084 4919 1228 4983 editi,
1266 4924 1395 4976 uicta
1429 4940 1595 4983 scmus
1632 4932 1704 4985 tui
1740 4935 1957 5001 appetiu-

439 5213 647 5277 f't'orte,
665 5215 926 5269 diceretur.

438 5276 460 5356 ς
473 5283 593 5356 ιρῗέ
892 5289 1035 5344 Port.,
1058 5283 1264 5356 imitatos
1284 5305 1394 5343 suos
1413 5295 1607 5356 foveret.

438 5329 615 5403 ngiu,
638 5329 1217 5403 “Mamaeae:

436 5397 460 5475 ’ί
699 5402 815 5475 i’diti
844 5397 962 5475 vero
986 5419 999 5475 ξ
1020 5406 1070 5457 Si
1091 5397 1192 5475 lege
1437 5422 1648 5469 utantur.

439 5457 587 5533 mss.
613 5462 734 5533 Civ.
761 5471 889 5533 ttat-3
907 5473 959 5516 et
980 5457 1297 5533 ρονι.;·¹άρὶὶὶἱζ

435 5519 726 5601 :Menardus
756 5538 769 5575 :
809 5524 997 5601 [λείπειν
1032 5519 1200 5601 autem:
1216 5519 1371 5593 quod.
1410 5538 1707 5601 \‘ignierius:
1760 5552 1779 5591 ι
1799 5544 1944 5595 timur

370 5585 529 5630 autem
547 5594 604 5630 eo
621 5617 636 5640 ,
659 5585 866 5647 quando.
914 5594 1017 5638 Mss.
1065 5603 1076 5637 :
1125 5585 1306 5643 utimur
1348 5585 1706 5662 σαιρῆιξ-ᾦιῖί
1727 5585 1937 5668 siﬁié",

371 5649 577 5668 ..ηηηηνρ

369 5649 577 5702 tremore
583 5676 594 5688 ο

1082 278 1325 337 οΡΕιιιε
1363 281 1773 338 IMPERFECTI
1811 279 2080 337 CONTRA
2120 281 2477 353 JULlANUM,
2519 286 2573 340 S.
2615 285 2983 349 AUGUSTINI

3520 305 3659 366 Ηΐὲ

2096 430 2375 484 negamus;
2406 418 2501 472 sed
2539 421 2605 473 ita
2646 432 2704 476 ut
2742 439 2846 479 non
2874 427 2889 457 ¹
2925 443 3019 495 per
3057 431 3303 501 adjutorii
3347 452 3539 507 genera
3566 456 3663 502 aut

2092 504 2375 562 fabricetur
2397 522 2515 580 qua:
2543 511 2698 568 fuerit
2723 517 2924 571 arbitrii
2951 519 3221 579 destructa
3264 504 3481 587 libertas
3506 573 3520 598 ,
3560 548 3655 592 aut

2092 594 2374 666 aliquando
2401 614 2463 654 ea
2489 603 2718 670 exclusa,
2751 606 2833 661 vel
2863 608 2986 664 boui
3017 612 3103 666 vei
3130 614 3253 670 mali
3282 621 3524 688 cuiquam
3556 643 3658 681 nc-

2090 687 2313 742 cessitas
2355 689 2600 746 credatur
2635 694 2967 763 incumbere;
2994 712 3176 758 verum
3224 687 3445 765 arbitrio
3491 715 3666 773 iibero

2092 789 2251 830 omne
2276 777 2593 846 adjutorium
2622 794 2958 855 cooperatur.

2162 870 2297 924 Avo.
2328 868 2382 923 Si
2414 887 2516 924 non
2550 877 2823 943 prazvenit,
2848 888 2907 933 ut
2933 892 3183 950 operetur
3208 901 3355 953 eam,
3384 892 3480 946 sed
3522 890 3668 963 prius

2090 955 2293 1011 existen
2305 959 2341 1012 ti
2363 960 2617 1016 voluntati
2638 967 2800 1033 gratia
2818 982 3162 1039 eooperatur;
3193 981 3459 1047 quomodo
3479 955 3665 1041 verum

2089 1055 2192 1112 est,
2230 1046 2373 1102 Deus
2401 1049 2453 1105 in
2480 1052 2614 1108 vobis
2641 1068 2878 1124 operatur
2902 1069 2949 1114 et
2977 1061 3105 1117 uelle
3136 1064 3156 1137 (
3177 1064 3403 1140 Philipp.
3434 1088 3468 1126 ιι
3488 1115 3501 1135 ,
3538 1072 3672 1145 i3)?

2088 1138 2355 1204 quomodo
2373 1181 2388 1204 ,
2419 1139 2751 1213 Prwparatur
2777 1149 3004 1205 voluntas
3027 1169 3058 1205 a
3076 1152 3296 1211 Domino
3316 1138 3504 1228 C(CProv.
3532 1138 3623 1219 vui
3644 1206 3661 1233 ,

2088 1226 2179 1291 35,
2205 1243 2305 1281 sec.
2323 1229 2520 1302 LXX)?
2545 1236 2829 1303 quomodo,
2847 1239 3078 1296 Charitas
3106 1261 3169 1299 ea:
3192 1245 3298 1301 Deo
3326 1226 3397 1304 est
3429 1251 3448 1321 (
3464 1251 3484 1305 I
3506 1226 3664 1308 Joan'.

2090 1330 2168 1381 tv,
2200 1317 2277 1387 7),
2301 1336 2419 1389 qua:
2448 1322 2559 1377 sola
2585 1326 2695 1381 vult
2717 1327 3019 1386 beatiﬁcum
3041 1333 3275 1391 bonum?
3294 1340 3400 1395 Aut
3419 1317 3463 1396 si
3486 1344 3665 1399 scien-

2089 1407 2162 1462 tia
2204 1410 2334 1482 legis
2377 1423 2432 1468 et
2471 1416 2801 1486 eloquiorum
2843 1422 2934 1477 Dei
2979 1424 3293 1484 cbaritatem
3326 1444 3579 1502 operatur
3605 1436 3661 1492 in

2090 1497 2266 1565 nobis,
2299 1511 2355 1556 ut
2386 1518 2491 1558 non
2523 1521 2617 1574 per
2643 1507 2841 1564 donum
2871 1512 2982 1579 Dei,
3014 1514 3105 1570 sed
3136 1532 3233 1588 per
3256 1497 3452 1577 nosirze
3473 1524 3664 1579 volun-

2087 1588 2213 1641 tatis
2236 1589 2511 1647 arbitrium
2538 1594 2853 1667 diligamus,
2880 1604 3020 1672 quod
3046 1620 3168 1662 esse
3192 1608 3514 1680 diligendum
3553 1615 3666 1672 Deo

2087 1673 2313 1733 docente
2331 1684 2732 1751 cognoscimus;
2755 1691 3021 1759 quomodo
3040 1710 3127 1749 res
3153 1673 3328 1753 minor
3351 1715 3414 1756 ex
3439 1701 3547 1758 Deo
3567 1720 3665 1759 no-

2085 1763 2169 1820 bis
2206 1776 2323 1835 est,
2353 1779 2408 1824 et
2447 1773 2618 1842 major
2655 1792 2721 1831 ex
2762 1779 2948 1835 nobis?
2976 1785 3096 1852 quia
3125 1786 3243 1842 sine
3287 1789 3396 1845 Deo
3432 1792 3665 1850 donante

2085 1856 2387 1927 scientiam,
2416 1860 2515 1917 hoc
2542 1873 2627 1919 est
2647 1865 2895 1937 docente,
2921 1888 3081 1929 nosse
3102 1891 3206 1931 non
3230 1894 3541 1949 possumus;
3572 1886 3665 1940 illo

2084 1957 2260 2003 autem
2291 1950 2603 2010 charitatem
2628 1972 2748 2026 qua:
2773 1965 3131 2030 supereminet
3159 1968 3398 2024 scientia:
3424 1971 3442 2041 (
3464 1972 3654 2040 Ephes.

2085 2050 2167 2103 ιιι,
2194 2037 2308 2108 i9),
2341 2056 2447 2094 non
2472 2042 2723 2110 donante,
2746 2047 2970 2120 diligere
3002 2068 3304 2122 possumus.
3336 2037 3553 2119 Sicino’u
3576 2080 3664 2119 sa-

2084 2126 2254 2197 piunt,
2282 2129 2382 2185 nisi
2407 2134 2527 2187 novi
2555 2133 2591 2189 h
2609 2138 2789 2193 cretici
2814 2152 2866 2195 et
2892 2145 3075 2212 gratiae
3103 2145 3193 2201 Dei
3226 2150 3385 2206 nimis
3407 2153 3630 2210 inimici.

2155 2216 2339 2272 XCVI.
2379 2220 2494 2276 Jun.
2540 2223 2650 2280 iloc
2676 2242 2803 2298 ergo
2836 2231 3108 2289 arbitrium
3152 2236 3407 2306 liberum,
3438 2255 3655 2313 propter

2082 2307 2222 2376 quod
2250 2308 2419 2364 solum
2443 2327 2541 2367 nos
2564 2316 2891 2375 manifestari
2916 2333 3040 2379 ante
3065 2326 3289 2382 tribunal
3315 2307 3662 2398 Christi,-Ma-

2082 2397 2245 2465 gister
2271 2398 2520 2456 Gentium
2549 2406 2759 2474 scribit,
2792 2419 2850 2463 ut
2875 2422 3110 2481 reportet
3134 2419 3501 2489 unusquisque
3522 2397 3658 2491 dpro-

2084 2488 2194 2556 pria
2221 2490 2479 2559 corporis,
2505 2504 2663 2563 prout
2686 2501 2881 2568 gessit,
2912 2503 3024 2557 sive
3049 2505 3243 2561 bonum
3265 2550 3281 2575 ,
3309 2510 3421 2565 sive
3455 2514 3658 2569 malum

2082 2575 2157 2646 (ll
2181 2577 2298 2633 Cor.
2330 2597 2381 2645 v,
2413 2583 2502 2654 lli)
2522 2625 2537 2648 ,
2565 2587 2701 2640 sicut
2727 2589 2980 2646 Catholici
3008 2595 3219 2663 quidem
3246 2599 3568 2656 conﬁtentur
3595 2605 3655 2667 ἰ

2082 2666 2152 2720 ita
2180 2684 2275 2724 vos
2308 2686 2409 2725 non
2440 2675 2611 2728 solum
2653 2692 2771 2732 cum
2816 2681 3103 2737 Manicbzeo
3124 2685 3166 2750 ³,
3194 2687 3286 2741 sed
3328 2689 3485 2759 etiam
3532 2707 3656 2747 cum

2079 2753 2379 2827 Joviniano,
2401 2778 2558 2832 quem
2592 2767 2744 2821 nobis
2770 2770 2934 2825 audes
2962 2772 3271 2845 impingere,
3298 2756 3516 2835 diverso
3540 2784 3660 2852 qui-

2080 2846 2201 2902 dem
2225 2865 2440 2920 genere,
2472 2856 2565 2910 sed
2594 2858 2863 2928 impietate
2888 2862 3049 2918 simili
3079 2865 3373 2937 denegatis.
3413 2846 3570 2936 Quod
3596 2884 3654 2929 ut

2081 2938 2289 3008 planius
2318 2941 2408 2996 ﬂat
2426 2987 2440 3009 ,
2470 2946 2788 3003 divisionum
2816 2952 3133 3009 adhibeatur
3158 2973 3402 3014 examen.
3437 2962 3543 3016 Nos
3570 2965 3654 3019 di-

2079 3030 2250 3086 cimus
2287 3044 2502 3103 peecato
2532 3037 2796 3106 hominis,
2828 3058 2931 3097 non
2970 3056 3170 3100 natura:
3200 3058 3391 3104 statum
3426 3057 3650 3123 mutari,

2078 3120 2170 3175 sed
2193 3124 2364 3177 meriti
2387 3128 2719 3195 qualitatem;
2744 3130 2795 3185 id
2816 3144 2917 3199 est,
2941 3143 2994 3188 et
3019 3135 3069 3189 in
3097 3151 3348 3206 peccante
3373 3140 3508 3198 haue
3528 3120 3651 3200 esse

2078 3211 2240 3268 iiberi»
2271 3216 2474 3271 arbitrii
2515 3229 2754 3276 naturam
2774 3264 2790 3289 ,
2822 3239 2918 3294 per
2950 3241 3104 3295 quam
3148 3238 3321 3298 potest
3357 3248 3388 3287 a
3432 3246 3651 3303 peccato

2075 3300 2342 3369 desinere,
2367 3320 2485 3385 qure
2506 3308 2604 3364 fuit
2629 3312 2678 3365 in
2709 3326 2775 3367 eo
2804 3323 2859 3367 ut
2887 3326 3071 3383 posset
3094 3333 3123 3372 a
3146 3318 3345 3388 justitia
3372 3300 3607 3381 deviare.

2146 3394 2282 3450 Ave.
2315 3395 2525 3453 Scimus
2555 3414 2649 3455 vos
2675 3402 2796 3457 ideo
2820 3403 3017 3472 dicere,
3052 3421 3268 3477 peccato
3297 3412 3527 3470 hominis
3552 3433 3651 3470 na-

2075 3494 2205 3541 turre
2227 3497 2419 3543 statum
2449 3505 2550 3545 non
2572 3494 2785 3560 mutari,
2809 3498 2930 3566 quia
2956 3498 3267 3557 deseruistis
3289 3504 3443 3559 tidem
3465 3507 3652 3562 catho-

2073 3574 2254 3643 licam,
2278 3594 2394 3647 qua:
2414 3578 2540 3634 dicit
2564 3582 2786 3650 primum
2819 3586 3087 3643 hominem
3119 3591 3197 3644 sic
3226 3592 3441 3659 factum,
3463 3606 3519 3650 ut
3542 3614 3648 3652 non

2072 3664 2293 3723 haberet
2333 3670 2589 3725 moriendi
2636 3675 3039 3744 necessitatem;
3085 3693 3303 3750 peccato
3354 3695 3529 3741 autem
3576 3687 3648 3743 ita
3708 3690 3709 3697 “

2070 3754 2210 3811 hunc
2235 3769 2428 3814 statum
2458 3770 2659 3819 natura:
2686 3763 2848 3821 fuisse
2876 3777 3154 3837 mutatum,
3180 3781 3236 3827 ut
3257 3773 3525 3831 hominem
3549 3794 3648 3834 ne-

2069 3860 2220 3902 cesse
2246 3850 2315 3903 sit
2342 3852 2497 3918 mori,
2524 3870 2687 3923 usque
2712 3857 2846 3913 adeo
2873 3868 2932 3914 ut
2957 3862 3117 3916 etiam
3146 3865 3331 3933 spiritu
3357 3866 3466 3936 jam
3496 3884 3649 3941 rege-

2070 3940 2271 3993 neratis
2299 3951 2458 4012 atque
2487 3946 2760 4002 viviticatis
2786 3950 3075 4020 Apostolus
3103 3954 3247 4011 dicat
3276 3975 3288 4010 :
3326 3959 3387 4014 Si
3416 3940 3648 4017 Christus

2068 4025 2124 4080 in
2150 4029 2288 4084 vobis
2311 4042 2405 4097 est,
2431 4050 2614 4103 corpus
2635 4038 2836 4106 quidem
2858 4054 3109 4098 mortuum
3134 4056 3205 4100 est
3233 4060 3439 4119 propter
3467 4068 3648 4120 pecca-

2067 4126 2201 4182 tum,
2230 4121 2439 4187 spiritus
2462 4135 2629 4178 autem
2655 4129 2757 4181 vita
2784 4140 2855 4183 est
2899 4143 3105 4202 propter
3130 4136 3382 4205 justitiam
3399 4156 3418 4193 :
3439 4142 3487 4195 si
3527 4159 3647 4213 ergo

2068 4209 2278 4277 spiritus
2304 4213 2414 4284 ejus
2436 4216 2521 4284 qui
2544 4220 2799 4275 suscitavit
2823 4223 3000 4278 Iesum
3026 4242 3088 4281 ea:
3114 4232 3343 4297 mortuis,
3373 4233 3563 4287 habitat
3582 4209 3645 4290 in

2069 4299 2209 4354 vobis
2221 4315 2244 4364 ;
2270 4304 2357 4372 qui
2381 4307 2638 4362 suscitavit
2660 4309 2840 4367 Iesum
2859 4312 3121 4372 Christum
3141 4335 3173 4373 a
3198 4323 3409 4377 mortuis
3427 4364 3443 4391 ,
3480 4325 3646 4403 vivifi-

2064 4388 2197 4444 cabit
2221 4400 2268 4446 et
2294 4397 2532 4451 mortalia
2557 4414 2773 4471 corpora
2800 4414 2965 4459 vestra
2990 4424 3080 4477 per
3105 4388 3466 4468 inhabitatum
3491 4388 3646 4486 spiri-

2064 4488 2170 4535 tum
2183 4484 2293 4555 ejus
2310 4486 2363 4540 in
2380 4488 2515 4544 vobis
2529 4490 2702 4561 (Rom.
2731 4508 2846 4562 vut,
2867 4496 2936 4551 to
2953 4506 3000 4551 et
3020 4499 3130 4570 ιι).
3146 4499 3271 4557 ideo
3291 4504 3470 4583 utique
3482 4484 3643 4575 dixit,

2072 4569 2354 4643 Vioi/icabit
2380 4586 2427 4631 et
2454 4583 2690 4636 mortalia
2714 4600 2931 4656 carpam
2955 4597 3118 4643 uestra
3135 4631 3151 4655 ,
3191 4591 3337 4660 quod
3374 4569 3431 4648 in
3462 4569 3643 4658 carnis

2062 4666 2453 4723 resurrectione
2471 4685 2769 4739 speramus,
2781 4676 2904 4746 quia
2919 4677 3146 4743 dixerat,
3165 4679 3363 4752 Corpus
3385 4695 3643 4747 mortuum

2061 4758 2136 4803 est
2155 4763 2361 4823 propter
2379 4756 2680 4825 peccatum’:
2698 4771 2753 4816 et
2769 4778 2863 4820 vos
2884 4780 2990 4820 non
3017 4769 3177 4824 vultis
3200 4784 3422 4839 peccato
3441 4783 3645 4831 statum

2059 4850 2317 4898 mutatura
2358 4860 2480 4904 esse
2518 4861 2742 4908 naturas.
2774 4854 3152 4916 Verumtamen
3193 4861 3407 4935 Pelagio
3432 4880 3553 4921 cum
3586 4867 3640 4925 in

2058 4927 2343 4989 Palaestino
2354 4935 2616 5004 judiciofu
2625 4942 2752 4999 isset
2772 4945 3062 5015 objectum,
3081 4952 3220 5019 quod
3242 4927 3445 5009 diceret
3467 4955 3638 5011 infau-

2058 5027 2139 5074 tes
2164 5037 2333 5093 nuper
2359 5039 2512 5082 natos
2540 5031 2592 5083 in
2618 5049 2683 5086 eo
2708 5043 2849 5089 statu
2873 5051 3027 5109 esse,
3075 5040 3126 5093 in
3170 5056 3277 5110 quo
3321 5043 3489 5099 Adam
3539 5046 3638 5101 fuit

2055 5121 2182 5169 ante
2198 5125 2490 5183 peceatum,
2509 5126 2723 5191 negavit
2752 5141 2810 5180 se
2828 5126 3027 5195 dicere,
3055 5130 3212 5200 idque
3237 5133 3511 5191 damnavit
3532 5138 3631 5209 (η).

2278 5255 2557 5331 pagticulatn
2575 5266 3048 5331 negantem__outittit
3066 5269 3357 5331 Vignierius.
3383 5272 3471 5321 Sed
3492 5273 3636 5331 infra.

2052 5309 2406 5398 ξῖιὲιυηιιξιάάὶι
2417 5331 2489 5398 f0
2511 5309 2729 5398 1000,31“
2744 5309 3634 5398 -έιιὸξίἱξῖιιὶιξῖεὶ

2052 5367 2506 5451 ἓὲς-ξξοξξιξιιετόιιε
3047 5367 3633 5451 ai‘iiét'iiiiisirii‘éia‘ii‘f

2049 5430 2220 5511 vertas.
2241 5430 2539 5511 castigantur
2558 5430 2614 5491 ad
2640 5430 3002 5511 ambagum};

2049 5492 2269 5600 (“3515s.
2311 5492 2419 5548 ita}.
2469 5510 2520 5551 et
2566 5511 2710 5564 Port.,
2758 5492 2895 5558 seu
2914 5492 3155 5562 ’ἓῖιὶιιοιξά
3203 5513 3287 5577 qui
3343 5522 3439 5565 Deo
3481 5516 3630 5579 con/i-

2138 5568 2220 5600 ΗΓ.

2138 5569 2220 5602 [ιη’.

2112 5615 2132 5681 ξ
2157 5618 2229 5681 sic
2248 5624 2362 5681 Mss.
2391 5622 2526 5681 Fditt,
2556 5626 2851 5679 Maniclm’is.

2113 5675 2184 5737 (α)
2211 5680 2321 5727 γιιιυ
2344 5675 2600 5737 ιιιπωιίιιε
2623 5675 2777 5740 uestis
2795 5675 2995 5755 Fetagii,
3020 5707 3101 5745 nu.
3127 5696 3206 5757 25.
3229 5695 3308 5757 Si.
3333 5698 3405 5752 ξιτ.
