4010 6186
284 347 408 405 ma

277 459 414 527 Quod
441 459 482 513 si
513 456 724 513 fecisset
744 455 906 512 corde
928 456 1122 521 veraci,
1140 455 1250 525 jam
1278 453 1500 509 fortasse
1525 464 1698 507 vestra
1723 453 1824 506 hae-

276 551 402 606 resis
431 549 712 604 interiisset
735 566 750 604 :
774 557 1042 617 postremo
1081 547 1193 615 ipse
1219 544 1621 601 saltcmfuisset
1646 546 1713 598 ab
1741 546 1829 598 illa

275 651 412 710 peste
446 649 678 694 sanatus.
722 639 922 692 Deinde
963 653 1144 707 quan-0
1168 646 1343 691 utrum
1366 637 1494 690 vitio
1521 647 1700 690 careat
1732 651 1830 689 na-

273 741 378 785 tura
400 730 652 799 peccatrix
677 728 847 799 :quod
869 729 914 784 si
935 729 1373 782 absurdissimum
1395 737 1496 794 est,
1522 726 1682 781 habet
1702 743 1828 794 ergo

270 822 478 882 vitium;
522 821 564 875 si
611 821 768 874 habet
803 819 1023 882 vitium,
1058 817 1240 888 procul
1281 817 1442 871 dubio
1488 817 1671 870 vitiata
1723 824 1827 868 est.

269 908 533 978 Quomodo
550 923 676 978 ergo
695 917 892 963 mutata
914 923 1020 962 non
1049 916 1150 974 est,
1178 923 1296 976 quae
1320 921 1442 962 cum
1467 905 1650 960 fuisset
1675 920 1826 967 sana,

267 1003 436 1055 vitiata
462 1010 544 1055 est
566 1003 619 1054 ‘l
646 1002 722 1055 Ac
751 1016 848 1070 per
877 1001 996 1067 hoc,
1027 1001 1187 1055 etiam
1215 1008 1438 1068 excepto
1463 1007 1681 1068 peccato
1712 998 1822 1064 illo,

265 1091 330 1150 de
371 1107 477 1162 quo
520 1093 750 1147 Joannes
793 1093 1406 1162 Constantinopolitanus
1453 1093 1565 1155 ait,
1605 1111 1623 1141 ι
1653 1090 1822 1144 Adam

265 1186 493 1253 peccavit
509 1183 634 1237 illud
651 1183 851 1253 grande
877 1185 1171 1254 peécatum,
1187 1195 1242 1237 et
1259 1198 1448 1238 omnes
1467 1183 1520 1236 in
1541 1197 1826 1237 commune

264 1275 526 1329 damnavit
556 1291 575 1326 ι
604 1274 869 1346 (Humilia
901 1274 965 1328 de
997 1274 1192 1328 Lazaro
1234 1274 1565 1344 resuscitato)
1591 1291 1606 1326 :
1633 1283 1688 1328 et
1727 1274 1824 1328 illo

261 1378 380 1432 ergo
406 1375 663 1434 excepto,
691 1364 759 1419 de
795 1377 900 1434 quo
935 1364 1323 1419 damnationem
1371 1364 1598 1418 humana
1637 1373 1822 1418 natura

261 1454 584 1522 originaliter
604 1454 782 1521 trahit,
801 1457 1069 1524 quomodo
1087 1455 1262 1510 sobrie
1281 1455 1384 1510 dici
1409 1464 1600 1524 potest,
1626 1464 1820 1510 statum

261 1555 454 1598 natura:
480 1546 534 1598 in
561 1544 774 1599 homine
804 1561 906 1598 non
937 1545 1100 1599 fuisse
1125 1554 1380 1599 mutatum
1409 1546 1496 1614 qui
1525 1546 1684 1609 dicit,
1715 1544 1850 1599 Lee

257 1635 526 1704 spiritualis
555 1646 649 1700 est,
679 1649 774 1706 ego
794 1644 961 1689 autem
986 1636 1207 1689 carnalis
1227 1652 1356 1700 sum,
1383 1636 1712 1689 venumdatus
1730 1637 1822 1690 sub

257 1737 446 1798 pereuto
472 1743 492 1782 :
517 1728 654 1791 quod
690 1729 825 1781 enim
867 1743 1064 1799 operor,
1109 1729 1284 1798 ignoro
1302 1743 1322 1792 ;
1369 1745 1469 1781 non
1507 1728 1640 1780 enim
1679 1729 1812 1797 quod

255 1821 373 1884 solo,
404 1836 505 1889 ago
532 1819 707 1886 (Rom.
732 1834 826 1885 vn,
861 1821 925 1873 14
953 1828 1000 1872 et
1028 1818 1113 1890 15')
1135 1835 1150 1884 ;
1174 1827 1226 1872 et
1251 1829 1439 1874 czntera
1463 1818 1768 1889 bujusmodi
1800 1838 1814 1874 :

253 1912 397 1965 etiam
439 1913 486 1966 si
531 1911 665 1966 hanc
692 1911 1036 1966 mutationem
1065 1927 1170 1965 non
1200 1911 1249 1965 in
1281 1928 1347 1966 eo
1373 1913 1622 1966 nascendi
1655 1915 1814 1968 traxit

250 2000 476 2055 conditio
498 2043 514 2065 ,
540 2001 631 2054 sed
656 2043 670 2065 ,
701 2013 758 2055 ut
784 2001 944 2056 vultis
967 2042 983 2068 ,
1011 2003 1273 2056 contraxit
1312 2003 1644 2058 consuetudo
1689 2019 1816 2072 pec-

251 2089 428 2141 mndi?
458 2090 759 2144 Cernitisne
779 2132 796 2156 ,
827 2106 1021 2144 vanum
1051 2105 1170 2146 esse
1196 2091 1334 2160 quod
1365 2092 1573 2156 dicitis,
1603 2103 1820 2160 peccato

256 2179 480 2233 hominis
512 2197 618 2234 non
649 2189 851 2232 natm-te
879 2188 1074 2233 statum
1100 2181 1312 2242 mutari,
1335 2183 1428 2234 sed
1453 2182 1626 2236 meriti
1651 2182 1821 2251 quali-

251 2270 434 2322 tatem?
465 2269 580 2323 Nisi
620 2269 758 2323 forte
797 2268 988 2323 dicatis
1008 2309 1022 2331 ,
1055 2283 1160 2323 non
1188 2279 1430 2324 naturam
1461 2283 1676 2340 peccato
1704 2287 1822 2326 mu-

253 2361 351 2423 tari,
375 2359 480 2413 sed
509 2359 802 2412 hominem.
835 2359 901 2412 Et
918 2358 1044 2428 quid
1065 2359 1290 2425 esthoc,
1312 2361 1414 2414 nisi
1437 2361 1703 2416 hominem
1726 2376 1821 2416 ne-

251 2465 356 2517 gare
383 2464 514 2504 esse
545 2452 821 2502 naturam?
849 2447 1071 2514 Quando
1100 2449 1202 2503 ista
1232 2449 1480 2505 diceretis
1500 2491 1514 2516 ,
1547 2451 1590 2505 si
1616 2452 1820 2521 cogita-

251 2544 361 2596 retis
390 2556 529 2595 sana
561 2550 740 2596 mente
764 2541 904 2611 quod
931 2541 1140 2596 dicitis?

305 2633 518 2687 XCVII.
559 2632 677 2688 Jun.
719 2633 1042 2688 Manichacus
1070 2634 1231 2698 dicit,
1259 2634 1580 2690 voluntatem
1619 2637 1812 2692 malam

250 2725 304 2777 ab
327 2742 386 2779 ea
418 2726 674 2795 inspirari
702 2735 908 2789 natura,
940 2742 1060 2796 quae
1082 2727 1280 2781 bonum
1311 2728 1447 2782 velle
1469 2743 1574 2782 non
1603 2739 1810 2799 potest;

248 2816 567 2870 vnlnntatem
608 2831 736 2870 vero
773 2815 966 2870 bonam
1009 2815 1079 2870 ab
1107 2831 1168 2870 ea
1200 2815 1404 2871 infundi
1445 2827 1628 2871 natura
1650 2861 1665 2884 ,
1694 2835 1814 2890 quae

247 2906 425 2959 malum
448 2905 596 2960 velle
621 2919 724 2960 nou
750 2913 923 2973 potest
936 2923 956 2960 ~:
979 2905 1048 2959 ita
1070 2905 1252 2976 utique
1271 2906 1474 2960 naturis
1489 2908 1812 2977 singularum

247 3008 408 3048 rerum
440 2995 673 3062 imponit
704 2995 1098 3060 necessitatem,
1129 3003 1188 3048 ut
1217 2996 1443 3064 propriae
1464 2997 1768 3051 voluntates
1791 2999 1812 3030 ³

248 3098 338 3137 non
374 3084 591 3152 possint
615 3084 754 3138 Velle
778 3084 1066 3138 contraria.
1113 3083 1256 3139 lnter
1286 3099 1386 3138 nos
1411 3093 1465 3139 et
1494 3086 1638 3139 illum
1668 3096 1816 3142 certe

247 3175 426 3241 grande
469 3173 645 3229 chaos
683 3184 766 3229 est
787 3193 800 3228 :
825 3173 1100 3229 videamus
1128 3189 1269 3229 nunc
1292 3183 1546 3244 quantum
1573 3177 1640 3230 ab
1661 3192 1727 3231 eo
1757 3185 1813 3231 tu

248 3265 550 3319 recesseris.
575 3265 716 3320 Dicis
736 3280 856 3320 esse
881 3266 1104 3320 liberam
1132 3267 1480 3332 voluntatem,
1511 3269 1602 3324 sed
1628 3278 1684 3324 ut
1705 3285 1816 3324 ma-

247 3355 338 3410 lum
370 3355 746 3410 tznnummodo
777 3355 954 3423 faciat,
982 3371 1088 3410 non
1112 3366 1290 3413 autem
1319 3374 1440 3414 esse
1470 3359 1520 3413 in
1549 3359 1654 3415 hoc
1683 3361 1816 3416 libe-

248 3460 342 3496 ram
362 3487 377 3511 ,
400 3456 453 3498 ut
483 3445 689 3499 malum
717 3447 940 3501 desistat
965 3448 1174 3517 operari
1199 3489 1214 3514 ,
1243 3448 1345 3503 nisi
1375 3450 1422 3503 ei
1451 3449 1608 3505 fuerit
1636 3452 1812 3521 impo-

246 3538 331 3590 sita
360 3539 660 3594 necessitas
687 3538 894 3593 volendi
922 3540 1141 3606 bonum,
1170 3541 1238 3595 ab
1262 3555 1324 3597 ea
1351 3550 1557 3608 natura,
1581 3559 1720 3613 (luat,
1752 3552 1810 3598 ut

248 3629 336 3681 tuis
351 3640 462 3683 utar
478 3630 843 3693 sermonibus,
863 3648 884 3682 ‹
902 3630 1096 3685 malum
1110 3647 1214 3686 non
1232 3644 1404 3701 potest
1417 3635 1553 3689 velle
1575 3655 1594 3686 ι
1623 3635 1757 3705 (Lib.
1782 3637 1806 3690 l

245 3731 400 3774 contra
443 3721 595 3775 Duas
651 3721 908 3791 Epistolas
952 3721 1345 3794 Pelagianorum
1371 3767 1386 3790 ,
1427 3744 1480 3780 n.
1525 3729 1556 3781 7
1584 3725 1624 3797 ).
1676 3729 1813 3782 Defi-

247 3811 317 3863 nis
334 3828 478 3881 ergo,
515 3827 683 3880 genus
714 3813 983 3866 hominum
1015 3829 1108 3883 per
1135 3815 1358 3870 liberum
1382 3818 1656 3872 arbitrium
1680 3819 1812 3874 nihil

249 3883 374 3952 aliud
395 3916 564 3970 quam
595 3915 834 3968 peccare,
864 3917 964 3958 nec
981 3903 1120 3957 aliud
1145 3918 1304 3973 posse
1324 3905 1518 3960 facere.
1549 3907 1650 3962 Per
1672 3909 1810 3977 quod

249 3989 469 4046 absolute
515 3994 830 4060 pronuntias
851 4035 865 4057 ,
898 3993 1180 4049 humanam
1211 4007 1454 4052 naturam
1482 4016 1640 4053 unum
1668 4015 1812 4055 sem-

255 4093 338 4146 per
358 4097 559 4150 cnpcre
584 4082 724 4151 quod
757 4085 952 4138 malum
979 4095 1083 4149 est,
1110 4095 1162 4140 et
1191 4088 1330 4142 velle
1359 4104 1462 4143 non
1489 4105 1646 4158 posse
1676 4106 1808 4146 con-

253 4172 454 4224 trarium
483 4191 497 4225 :
522 4181 768 4226 naturam
789 4181 965 4228 autem
996 4175 1091 4229 Dei
1114 4177 1309 4232 malum
1333 4193 1436 4234 non
1466 4195 1621 4249 posse
1644 4181 1808 4246 velle;

249 4267 296 4310 et
320 4259 450 4324 ideo,
475 4263 580 4315 nisi
603 4263 934 4317 necessitatis
955 4277 1066 4318 suae
1086 4267 1395 4337 participem
1419 4268 1598 4324 fecerit
1616 4272 1808 4326 malam

250 4345 507 4404 hominum
552 4359 792 4406 naturam
815 4392 830 4415 ,
858 4353 1054 4408 bonum
1097 4355 1150 4408 in
1190 4371 1252 4410 ea
1291 4359 1514 4413 actionis
1547 4375 1669 4414 esse
1703 4376 1809 4416 non

254 4451 412 4502 posse.
443 4439 578 4494 Post
603 4439 719 4496 haec
746 4441 923 4510 itaque
947 4452 1123 4498 utrum
1149 4458 1252 4499 non
1277 4447 1500 4501 multum
1525 4464 1674 4504 ames
1702 4450 1812 4506 Ma-

251 4525 522 4594 ttichamm,
547 4529 600 4584 in
624 4531 804 4586 cordis
825 4532 899 4587 tui
921 4542 1132 4590 secreto
1159 4535 1302 4590 Deus
1318 4537 1809 4610 viderit:quantum

252 4625 412 4674 tamen
453 4636 522 4676 ex
563 4621 866 4693 dogmatum
907 4627 1260 4694 germanitate
1299 4639 1650 4698 monstratur,
1679 4633 1812 4690 nihil

249 4706 378 4763 aliud
405 4726 628 4779 prorsus
647 4713 824 4783 egisti,
842 4731 1002 4783 quam
1031 4725 1089 4770 ut
1113 4717 1300 4774 ordine
1321 4731 1644 4777 commutato
1668 4723 1811 4780 idem

251 4797 378 4864 quod
409 4798 500 4854 ille
527 4800 818 4856 aflirmarat
848 4803 1174 4860 adstrueres.

314 4889 441 4943 Aea.
475 4887 690 4945 Utinam
723 4892 1067 4948 Manicharum
1099 4894 1307 4952 fortiter
1331 4900 1636 4957 destrueres
1656 4943 1672 4968 ,
1703 4919 1810 4959 non

254 4977 462 5042 lttrpilt'l'
491 4979 788 5048 adjuvares.
841 4983 931 5036 Ille
963 4999 1192 5054 namque
1216 4988 1378 5041 nimia
1413 5005 1697 5059 perversos
1725 4992 1806 5046 in-

251 5067 383 5120 sauia
413 5085 519 5122 non
545 5071 673 5126 dicit
700 5083 942 5128 naturam
969 5077 1090 5130 mali
1118 5079 1233 5148 cogi
1264 5081 1400 5135 bene
1421 5081 1595 5138 facere
1621 5085 1687 5139 ab
1707 5087 1810 5142 alia

249 5167 423 5211 natura
456 5161 598 5228 boni,
629 5179 748 5231 quae
778 5165 976 5220 malum
1002 5184 1109 5221 non
1141 5180 1312 5237 potest
1338 5173 1506 5238 velle;
1539 5177 1631 5230 sed
1660 5188 1812 5232 natu-

254 5262 354 5338 ram
395 5249 517 5304 boni
554 5251 669 5322 cogi
706 5255 842 5311 male
869 5255 1042 5312 facere
1073 5260 1140 5314 ab
1169 5277 1230 5314 ea
1263 5275 1448 5317 natura
1491 5268 1652 5332 mali,
1693 5285 1811 5338 qua:

252 5334 436 5392 bonum
483 5358 582 5395 non
628 5354 798 5412 potest
838 5348 973 5401 velle
999 5366 1012 5401 :
1036 5365 1098 5404 ac
1127 5367 1222 5419 per
1252 5353 1353 5407 hoc
1381 5355 1693 5413 mirabiliter
1712 5334 1814 5416 de-

251 5437 392 5481 mens
415 5441 651 5486 naturam
673 5435 792 5488 mali
812 5437 920 5489 vnit
938 5439 1056 5493 esse
1074 5441 1474 5511 immutabilem,
1497 5451 1807 5504 mutabilem

308 5540 770 5621 sententiam
802 5548 929 5598 illam
969 5564 1251 5605 revocamus
1291 5571 1352 5606 ex
1390 5565 1496 5608 Mss.
1531 5569 1669 5621 ttae,
1691 5566 1808 5613 Clar.

253 5608 734 5688 .::3t_ton3orlo
747 5622 869 5688 ergo
906 5621 1088 5664 mutata
1123 5629 1216 5666 non
1237 5626 1305 5670 est
1323 5655 1336 5678 ,
1369 5634 1477 5683 qua:
1509 5608 1814 5688 aeithali)

249 5672 372 5718 una,
400 5669 559 5717 vitiata
580 5681 670 5716 non
693 5669 804 5720 est?

309 5724 324 5753 ³
359 5734 459 5775 tum.
491 5734 594 5777 star.
623 5736 765 5790 t‘ort.,
791 5742 842 5782 et
877 5732 1121 5786 voluntatis

1630 337 1825 392 Lllltlll
1867 337 2133 394 PRIMUS.

3374 350 3510 404 HM

1941 469 2070 509 vero
2094 463 2332 509 naturam
2355 455 2498 509 boni.
2529 456 2771 521 Proinde,
2797 459 3118 516 voluntatem
3144 462 3332 515 malam
3355 465 3422 518 ab
3445 483 3504 518 ea

1937 542 2182 613 inspirari
2204 555 2404 606 natura,
2429 561 2547 614 quas
2571 546 2766 601 bonum
2792 549 2929 602 velle
2952 566 3055 603 non
3085 560 3276 620 potest,
3299 563 3502 607 certum

1935 642 2017 687 est
2035 633 2210 687 dicere
2231 633 2574 688 Manichaaum
2599 653 2612 686 :
2643 638 2964 692 voluntatem
2989 655 3116 693 vero
3138 640 3327 694 bonam
3347 642 3414 694 ab
3438 658 3499 695 ea

1932 722 2136 777 infundi
2164 733 2370 786 natura,
2401 740 2520 793 qua:
2547 727 2741 780 malum
2767 729 2905 782 velle
2931 745 3034 783 non
3063 741 3254 798 potest,
3285 747 3390 784 non
3417 733 3500 783 di-

1932 812 2006 866 cit
2030 811 2371 878 Manichzeus,
2394 814 2527 868 sicut
2558 825 2611 868 tu
2637 816 2704 869 de
2729 817 2819 870 illo
2845 818 3025 871 mitius
3045 821 3331 888 suspicaris
3348 839 3359 872 :
3376 838 3506 890 quo-

1931 899 2073 957 niam
2103 904 2119 936 ¹
2149 903 2272 958 boni
2303 913 2545 958 naturam
2569 907 2714 959 nullo
2736 908 2893 962 modo
2911 910 3289 965 immutabilem
3312 912 3497 974 credit,

1931 1007 2050 1061 quae
2081 995 2274 1047 malmn
2308 995 2444 1048 velle
2475 1012 2578 1049 non
2613 997 2796 1065 possit,
2830 1000 2911 1051 cui
2944 999 3112 1054 credit
3137 1001 3379 1070 inspirari
3407 1017 3500 1054 vo-

1929 1081 2183 1137 luntatcm
2212 1084 2403 1138 malam
2425 1085 2492 1139 ab
2513 1101 2572 1140 ea
2603 1095 2811 1152 natura,
2835 1104 2953 1157 quae
2981 1089 3175 1143 iunium
3199 1107 3300 1144 non
3330 1101 3502 1160 potest

1927 1175 2091 1239 velle;
2122 1176 2300 1246 itaque
2327 1177 2441 1231 fieri
2481 1193 2576 1247 per
2605 1179 2728 1232 mali
2759 1189 2998 1235 naturam
3018 1222 3032 1245 ,
3055 1191 3114 1236 ut
3149 1183 3347 1238 malum
3377 1185 3524 1239 velit.

1927 1265 2051 1319 boni
2075 1277 2280 1333 natura,
2303 1283 2460 1336 quam
2483 1268 2614 1323 nihil
2635 1270 2750 1324 vult
2769 1286 2890 1326 esse
2910 1272 3051 1326 aliud
3074 1289 3230 1343 quam
3257 1283 3497 1329 naturam

1927 1357 2042 1412 Dei.
2074 1357 2153 1411 Tu
2182 1373 2308 1426 ergo
2337 1357 2476 1413 hunc
2502 1359 2720 1429 adjuvas
2739 1401 2756 1427 ,
2788 1361 3029 1432 negando
3060 1363 3342 1417 humanam
3372 1381 3498 1434 pec—

1923 1460 2044 1503 cato
2075 1451 2226 1518 primi
2257 1449 2486 1506 hominis
2513 1453 2750 1506 vitiatam
2774 1468 2893 1508 esse
2915 1465 3181 1521 naturam,
3215 1465 3271 1509 ut
3296 1467 3500 1510 natura:

1924 1538 2047 1592 mali
2076 1555 2230 1609 quam
2262 1539 2428 1610 fingit,
2458 1542 2710 1596 attribuat
2730 1543 2982 1614 quidquid
3013 1545 3270 1599 malorum
3299 1547 3349 1599 in
3379 1563 3498 1599 ma-

1922 1630 2263 1688 nifestissima
2295 1634 2492 1688 invenit
2521 1636 2736 1690 miseria
2770 1636 3129 1736 parvulorum.
3153 1638 3354 1692 Deinde
3374 1653 3494 1691 cum

1921 1724 2168 1793 displicet
2196 1725 2310 1790 tibi,
2344 1727 2612 1780 hominem
2641 1743 2744 1780 non
2779 1724 2944 1796 possc'
2973 1727 3169 1781 bonum
3199 1729 3364 1794 velle,
3397 1729 3496 1782 nisi

1920 1815 2198 1884 adjuvetur
2225 1817 2291 1870 ab
2317 1832 2381 1870 eo
2410 1818 2499 1886 qui
2531 1818 2726 1871 malum
2762 1833 2867 1870 non
2915 1827 3088 1886 potest
3117 1818 3251 1872 velle
3271 1833 3496 1883 ,_nonne

1921 1906 2140 1975 respicis
2160 1907 2206 1960 ei
2234 1915 2284 1959 te
2304 1906 2698 1972 contradicere,
2718 1908 2806 1976 qui
2827 1907 2979 1971 dixit,
3010 1907 3136 1961 Sine
3155 1923 3232 1960 me
3252 1907 3379 1959 nihil
3404 1926 3496 1977 ρον

1921 1996 2056 2048 testis
2085 1999 2249 2065 facere
2279 1993 2452 2067 (Joan.
2478 2012 2566 2060 xv,
2591 1997 2660 2063 5)
2691 2013 2702 2047 :
2737 2006 2789 2049 ct
2815 1996 3104 2065 chipturtc
3123 2038 3138 2061 ,
3164 1997 3248 2049 ubi
3282 1997 3489 2064 legitur,

1922 2084 2145 2138 Paratur
2169 2086 2399 2138 voluntas
2422 2103 2454 2138 a
2482 2086 2694 2139 Domino
2727 2085 3033 2156 (Prov.vttt,
3064 2087 3264 2150 5‘5,sec.
3288 2086 3492 2153 LXX);

1922 2185 1974 2227 et
2014 2174 2104 2227 ttbi
2144 2174 2334 2244 legitur
2354 2215 2369 2236 ,
2401 2174 2541 2227 Deus
2571 2185 2639 2227 est
2666 2177 2796 2226 enim
2823 2177 2907 2242 qui
2937 2186 3176 2244 operatur
3203 2177 3255 2228 in
3283 2178 3422 2228 nobis
3449 2186 3496 2228 et

1921 2263 2047 2316 velle
2075 2261 2327 2333 (Philipp.
2353 2279 2408 2328 ιι,
2436 2264 2553 2333 15);
2579 2272 2632 2317 ct
2651 2264 2737 2317 ubi
2761 2263 2970 2333 legitur,
2997 2265 3038 2316 A
3059 2263 3276 2317 Domino
3296 2282 3497 2334 gressus

1921 2353 2137 2408 hominis
2177 2356 2477 2425 dirigentur,
2508 2366 2553 2409 et
2597 2357 2726 2409 viam
2766 2357 2874 2427 ejus
2915 2357 3042 2408 valet
3086 2355 3270 2425 (Psal.
3299 2373 3492 2420 xxxvi,

1919 2447 2050 2517 25)?
2083 2447 2178 2502 Ubi
2211 2448 2340 2502 nihil
2373 2448 2556 2511 miror,
2586 2449 2686 2503 nisi
2717 2449 2854 2503 unde
2882 2459 2932 2504 te
2959 2449 3303 2504 christianum
3327 2451 3491 2514 dicas,

1917 2552 2036 2592 cum
2072 2538 2152 2592 his
2180 2539 2374 2593 divinis
2403 2549 2478 2594 tot
2505 2548 2559 2594 ct
2589 2549 2693 2593 tam
2723 2541 2881 2596 claris
2903 2542 3118 2595 vocibus
3139 2542 3488 2596 contradicas.

1988 2627 2216 2684 XCVIII.
2245 2628 2363 2684 JUL.
2388 2629 2670 2684 Joviniano
2692 2642 2868 2684 autem
2899 2632 2948 2684 in
2973 2647 3073 2684 una
3107 2639 3254 2700 parte
3273 2631 3494 2698 Cttlljttn-

1917 2720 2057 2790 geris
2081 2737 2093 2773 :
2119 2735 2239 2773 nam
2267 2721 2396 2774 dicit
2424 2721 2476 2774 in
2507 2721 2740 2775 secundo
2760 2721 2938 2790 operis
2959 2722 3041 2775 sui
3075 2722 3229 2786 libro,
3254 2723 3495 2791 Baptiza-

1917 2818 2028 2865 tum
2063 2811 2331 2864 hominem
2361 2827 2466 2866 non
2495 2827 2654 2882 posse
2679 2827 2932 2881 peccare;
2960 2822 3084 2867 ante
3113 2813 3376 2880 Baptisma
3398 2829 3495 2866 au-

1918 2910 2022 2955 tcm
2070 2911 2123 2956 et
2169 2917 2388 2972 peccare
2430 2912 2485 2958 et
2526 2919 2632 2956 non
2676 2919 2900 2973 peccare
2940 2918 3116 2973 posse.
3146 2904 3339 2958 Tecum
3366 2920 3494 2973 ergo

1917 3000 2097 3061 putat,
2127 3008 2156 3044 a
2189 3001 2428 3062 tempore
2467 2994 2806 3063 Baptismatis
2832 2995 3032 3064 imponi
3063 2995 3364 3049 hominibus
3395 3009 3489 3046 ne-

1917 3084 2216 3136 cessitatem
2260 3084 2384 3137 boni
2409 3101 2422 3135 :
2457 3083 2598 3152 quod
2624 3099 2774 3152 atque
2800 3083 2990 3137 falsum
3017 3094 3134 3148 est,
3159 3099 3320 3152 quam
3351 3085 3490 3150 quod

1920 3182 1970 3225 tn
2004 3181 2184 3241 putas,
2217 3183 2340 3228 ante
2371 3174 2637 3241 Baptisma
2665 3176 2839 3229 inesse
2867 3175 3172 3229 hominibus
3200 3175 3489 3228 necessita-

1917 3273 2023 3319 tem
2066 3264 2288 3318 faciendi
2330 3265 2476 3318 mali.
2514 3265 2642 3318 Nam
2664 3281 2783 3320 cum
2815 3266 2947 3320 dicis
2979 3277 3032 3319 tu
3057 3307 3072 3328 ,
3110 3284 3129 3316 ι
3162 3265 3274 3318 Νοη
3322 3274 3494 3332 potest

1918 3355 2079 3409 homo
2101 3357 2220 3408 boni
2241 3355 2438 3425 aliquid
2463 3356 2620 3421 velle,
2649 3357 2746 3410 nisi
2773 3355 3056 3425 adjuvetur
3078 3356 3146 3410 ab
3170 3370 3236 3409 eo
3263 3356 3349 3423 qui
3377 3371 3492 3407 ma-

1916 3448 2022 3501 lum
2052 3462 2158 3501 non
2191 3455 2366 3516 potest
2392 3448 2568 3502 velle:
2610 3467 2628 3498 ι
2664 3448 3070 3517 participatione
3098 3447 3282 3516 utique
3310 3447 3493 3516 gratia:

1916 3547 1968 3592 et
1995 3547 2194 3592 natura:
2223 3539 2375 3592 home
2399 3540 2479 3592 vis
2507 3538 2775 3593 hominem
2807 3538 3208 3608 possibilitatem
3237 3539 3491 3606 consequi

1916 3627 2141 3683 faciendi
2171 3628 2324 3693 boni;
2351 3629 2490 3698 quod
2517 3629 2648 3684 dicis
2679 3639 2851 3684 tamen
2873 3645 2902 3682 a
2927 3630 3168 3698 tempore
3192 3629 3492 3696 Baptisma-

1916 3720 1982 3772 tis
2010 3735 2162 3788 posse
2190 3722 2518 3789 contingcre.
2568 3722 2709 3775 Inter
2741 3722 3066 3791 impietatem
3100 3722 3258 3790 igitur
3283 3721 3489 3774 medius

1916 3818 1970 3863 et
1996 3810 2259 3871 timorem,
2295 3809 2360 3862 ad
2395 3809 2656 3864 Joviniaui
2685 3813 3009 3865 consortium
3039 3811 3357 3879 confugisti,
3395 3810 3488 3865 sed

1915 3901 2187 3955 Manichzci
2242 3901 2464 3968 lupanar
2503 3901 2728 3955 necdum
2781 3903 3058 3969 reliquisti.
3112 3901 3488 3955 Verumtamen

1876 4015 1878 4017 ν
1916 4001 2062 4044 tanto
2085 4001 2134 4044 te
2155 3991 2488 4043 innocentior
2503 3991 2831 4049 Jovinianus,
2851 4000 3048 4057 quanto
3065 3990 3346 4043 .loviniano
3371 4006 3491 4057 pro-

1917 4081 2087 4134 fanior
2118 4079 2455 4135 Maniclneus.
2497 4080 2562 4136 Ut
2586 4081 2728 4134 enim
2761 4081 2934 4133 adhuc
2960 4081 3174 4134 brevius
3202 4081 3340 4149 quod
3372 4082 3485 4149 egi-

1917 4189 2034 4227 mus
2059 4172 2354 4241 colligatur,
2384 4171 2704 4226 Mauichwus
2728 4171 2856 4226 dicit
2881 4189 2892 4224 :
2917 4170 2974 4224 In
3021 4171 3266 4225 omnibus
3314 4171 3484 4224 homi-

1915 4267 2069 4321 nibus
2107 4265 2406 4335 in-epiratrix
2435 4266 2586 4319 mala:
2615 4266 2899 4318 voluntatis
2943 4264 3275 4318 tenebrarum
3305 4272 3488 4316 natura

1914 4357 2201 4425 delinquit,
2236 4365 2289 4410 et
2327 4355 2469 4410 aliud
2514 4355 2689 4410 facere
2729 4371 2831 4408 non
2879 4365 3071 4423 potest.
3122 4353 3200 4407 Tu
3236 4353 3368 4406 dicis
3393 4372 3406 4406 :
3431 4352 3487 4406 lu

1915 4449 2120 4502 cunctis
2161 4448 2460 4502 hominibus
2499 4447 2652 4516 primi
2695 4446 2897 4516 peccati
2924 4445 3157 4500 tenebris
3183 4443 3408 4509 infecta,-
3439 4455 3492 4498 ct

1917 4555 2011 4609 per
2053 4540 2154 4593 hoc
2186 4539 2339 4594 malas
2361 4539 2649 4594 voluntatis
2673 4547 2860 4592 auctor
2886 4548 3070 4591 natura
3103 4537 3397 4606 delinquit,
3437 4547 3492 4592 et

1915 4631 2114 4686 bonum
2139 4631 2276 4685 velle
2315 4644 2421 4685 non
2465 4637 2659 4700 potest.
2689 4629 3002 4684 Iovinianus
3028 4628 3156 4684 dicit
3183 4647 3199 4684 :
3231 4629 3492 4684 Voluntas

1915 4719 2127 4790 quidem
2153 4720 2463 4788 hominum,
2488 4719 2581 4774 sed
2607 4735 2774 4789 usque
2801 4719 2865 4772 ad
2897 4720 3163 4788 Baptisms
3192 4719 3489 4789 delinquit;

1917 4819 2099 4881 postea
2123 4825 2299 4864 autem
2329 4810 2426 4864 nisi
2459 4809 2654 4864 bonum
2687 4811 2824 4866 velle
2851 4826 2955 4864 non
2991 4820 3182 4879 potest.
3209 4811 3487 4872 Catholici,

1917 4901 1968 4957 id
2013 4910 2096 4958 est
2136 4915 2268 4966 nos,
2297 4900 2556 4966 dicimus,
2588 4901 2728 4970 quod
2761 4903 2828 4957 ab
2859 4903 3008 4955 initio
3037 4917 3203 4978 usque
3226 4902 3291 4955 ad
3332 4903 3491 4956 tinent

1917 4993 2030 5047 sine
2057 4993 2234 5061 aliquo
2262 4993 2578 5047 naturalium
2603 5004 2790 5047 coactu
2812 5034 2826 5057 ,
2858 4993 3099 5046 voluntas
3131 5002 3185 5047 et
3223 5003 3344 5047 ante
3385 4994 3488 5046 Bt-

1918 5084 2106 5152 ptisma
2129 5083 2180 5136 iu
2204 5099 2520 5153 unoquoque
2541 5083 2820 5152 delinquit,
2848 5098 2967 5151 quae
2995 5083 3086 5136 illo
3113 5082 3227 5152 ipso
3253 5091 3494 5150 tempore

1916 5190 2021 5244 quo
2049 5184 2248 5244 peccat,
2282 5184 2595 5245 potestatem
2627 5175 2786 5230 habet
2813 5174 3066 5229 recedere
3090 5191 3118 5228 a
3147 5176 3308 5242 malo,
3333 5184 3386 5229 et
3418 5175 3492 5226 fa-

1917 5281 2037 5321 cere
2063 5267 2281 5332 bonum,
2311 5276 2372 5322 ut
2395 5275 2604 5322 constet
2632 5268 2767 5321 ratio
2797 5267 3076 5323 libertatis.
3105 5267 3351 5322 Vestrum
3383 5266 3483 5318 ita-

1916 5371 2019 5426 que
2061 5359 2188 5411 nulli
2237 5359 2448 5427 quidem
2473 5359 2668 5413 veritas
2690 5359 2994 5428 dogmatum
3035 5364 3482 5413 constat:tameu

1918 5465 2035 5503 cum
2063 5451 2128 5502 ab
2159 5466 2262 5503 uno
2294 5451 2547 5520 principio
2572 5453 2769 5505 erroris
2800 5454 3001 5506 fueritis
3025 5455 3246 5520 egressi.
3274 5451 3352 5500 vel
3383 5449 3482 5500 mi-

1921 5555 2018 5592 nus
2040 5540 2368 5593 inhonesttmt
2388 5549 2519 5606 erat,
2539 5542 2580 5594 si
2601 5557 2717 5611 qua)
2734 5551 3130 5612 consequuntur
3147 5540 3480 5600 mlmittcrcs,

1985 5759 1996 5785 ¹
2025 5761 2074 5802 tn
2108 5757 2265 5814 editis,
2292 5757 2432 5814 quod.
2461 5759 2771 5808 Emend-amns
2796 5771 2857 5808 cx
2885 5765 2984 5806 uss.
