4008 6178
419 313 550 367 lilii

415 436 466 477 et
497 422 617 489 quia
661 436 779 474 cum
819 418 1106 473 Manicha-o
1144 415 1310 473 dicis.
1341 422 1527 466 natura
1559 409 1758 473 mala‘,
1792 407 1843 462 id
1881 416 1994 468 est,

421 527 606 566 manca
649 509 892 564 libertate
917 506 1154 572 delinqui
1177 547 1190 566 ,
1218 505 1426 557 diceres
1453 519 1573 556 cum
1601 500 1820 561 eodem,
1854 495 1999 551 nullo

420 606 564 656 illam
599 612 752 672 pacto
779 615 934 668 posse
961 597 1206 650 mundari
1239 614 1252 648 :
1287 594 1426 664 quod
1455 591 1668 662 quidem
1697 591 1819 644 alibi
1850 587 1998 642 afﬁr-

421 710 572 758 mas;
601 697 692 747 sed
724 691 864 760 quod
889 689 1190 743 necessario
1215 685 1638 751 consequebatur
1658 681 1996 751 adjungeres,

421 785 540 836 ideo
561 784 605 836 ei
627 796 878 848 opusnon
901 794 1019 832 esse
1043 777 1382 844 Baptismatis
1397 772 1743 828 sacramentis
1767 773 1810 821 ³.
1835 772 1938 824 Αυι
1957 769 2001 822 si

421 889 539 926 cmn
574 873 873 935 Joviniano,
907 887 933 922 a
968 879 1206 939 tempore
1227 877 1486 936 susceptae
1513 866 1633 920 fidei
1662 865 1892 935 imprimi
1917 877 2004 917 as-

423 965 559 1018 seris
599 963 764 1016 bonas
793 960 1139 1030 cupiditates;
1173 959 1384 1014 diceres
1404 972 1524 1011 cum
1551 955 1742 1011 eodem
1764 1000 1779 1019 ,
1810 954 2004 1034 bona-tt

425 1065 478 1109 et
519 1068 642 1108 ante
683 1053 954 1123 Baptisms
997 1051 1158 1105 fuisse
1197 1061 1463 1108 naturam.
1488 1063 1606 1116 qua:
1635 1047 1758 1100 licet
1786 1045 2007 1099 haberet

429 1144 828 1212 possibilitatem
853 1143 996 1200 mali,
1019 1157 1122 1194 non
1151 1151 1323 1193 tamen
1349 1139 1590 1192 habuerit
1607 1136 2003 1199 necessitatem,

425 1251 488 1288 ac
533 1251 628 1304 per
673 1235 772 1288 hoc
815 1234 881 1287 ad
931 1231 1419 1287 indissimulabile'
1448 1231 1646 1284 bonum
1696 1234 2006 1282 consecrata

429 1327 748 1394 pervenerit.
778 1325 890 1378 Hoc
917 1324 1060 1378 enim
1089 1323 1266 1388 modo,
1298 1322 1397 1376 etsi
1429 1320 1644 1385 rationi,
1674 1332 2004 1388 nequaquam

431 1427 608 1470 tamen
637 1432 857 1482 eorum,
887 1430 1025 1484 quos
1059 1413 1301 1483 sequeris
1319 1453 1333 1476 ,
1361 1411 1700 1481 dogmatibus
1725 1418 2009 1464 contrave-

433 1520 596 1559 llll'L‘S.

504 1595 638 1649 Atio.
682 1592 892 1648 Oblitus
916 1607 976 1646 es
1004 1591 1128 1660 quid
1159 1591 1398 1645 dicamus
1427 1607 1440 1645 :
1473 1588 1776 1652 recordare,
1807 1600 2011 1656 quiest).

433 1687 544 1742 Nos
573 1702 757 1740 sumus
785 1687 874 1753 qui
905 1663 1055 1738 Vobis
1099 1683 1514 1737 reclamantibus
1550 1681 1776 1734 dicimus
1795 1717 1812 1744 ,
1852 1678 2030 1731 etiam

432 1778 608 1846 justis,
637 1775 884 1845 quamdiu
911 1784 1034 1828 sunt
1059 1775 1109 1827 itt
1143 1774 1240 1826 hac
1265 1774 1391 1838 vita,
1421 1789 1524 1825 non
1555 1771 1762 1834 deesse,
1796 1769 1936 1822 unde
1965 1767 2018 1822 in

437 1868 674 1921 oratione
700 1882 793 1920 sua
816 1867 882 1920 de
911 1881 969 1918 se
997 1866 1124 1932 ipsis
1145 1865 1404 1918 veraciter
1428 1863 1625 1926 dicant,
1649 1861 1856 1913 Dimitte
1877 1859 2030 1911 nobis-

438 1957 602 2011 debita
631 1969 802 2010 nostra
833 1956 1044 2027 (Matth.
1077 1971 1144 2016 vt,
1179 1954 1299 2025 12).
1329 1955 1589 2022 Quoniam
1619 1953 1664 2007 si
1706 1952 1934 2005 dixerint
1963 1966 2023 2005 se

439 2064 544 2100 non
577 2047 776 2100 habere
807 2056 1111 2114 peccatum,
1140 2061 1198 2099 se
1244 2047 1390 2112 ipsos
1417 2045 1712 2112 decipiunt,
1745 2051 1800 2096 et
1827 2042 2030 2094 veritas

441 2141 494 2192 in
517 2139 594 2191 eis
619 2156 722 2191 non
749 2148 833 2191 est
860 2141 876 2203 (
902 2139 919 2191 l
943 2137 1099 2191 Joan.
1136 2154 1171 2198 ι.
1205 2137 1295 2206 8).
1327 2136 1462 2204 Quid
1488 2144 1570 2189 est
1596 2151 1721 2204 ergo
1747 2134 1885 2202 quod
1914 2134 2027 2186 ina-

443 2229 583 2282 niter
609 2228 878 2297 loqueris.
912 2243 1000 2282 tne
1027 2227 1308 2282 Joviniano
1337 2227 1387 2280 in
1421 2242 1480 2280 ea
1513 2234 1662 2294 parte
1703 2225 1952 2293 conjungi
1982 2223 2024 2284 ⁸,

441 2335 543 2387 qua
573 2317 702 2372 dicit
745 2317 1066 2386 baptizatum
1109 2317 1380 2371 hominem
1425 2332 1530 2370 non
1565 2331 1720 2384 posse
1770 2314 2032 2387 peccare?-

445 2384 598 2466 ttbsit
623 2417 679 2462 ιιι
708 2384 828 2462 tam
854 2409 1023 2463 simus
1061 2408 1206 2461 surdi
1248 2417 1302 2461 et
1331 2408 1460 2460 muti
1486 2448 1501 2472 ,
1531 2416 1590 2459 ut
1617 2420 1722 2459 non
1751 2384 2030 2458 audiamus

445 2515 628 2553 eorum
659 2499 748 2568 qui
780 2498 1029 2568 baptizati
1057 2509 1182 2551 sunt
1208 2511 1420 2561 vocem,
1457 2497 1537 2550 vel
1570 2510 1672 2548 non
1701 2510 1820 2549 cum
1848 2494 1927 2548 eis
1951 2492 2038 2546 di~

446 2607 649 2655 camus,
673 2590 877 2644 Dimitte
896 2591 1038 2645 nobis
1058 2590 1222 2643 debita
1239 2599 1431 2643 nostra.
1460 2589 1532 2642 Ex
1551 2604 1656 2657 quo
1676 2597 1852 2640 autem
1871 2585 2032 2640 homo

449 2683 630 2750 incipit
658 2683 731 2735 uti
760 2682 1046 2736 voluntatis
1071 2682 1312 2744 arbitrio,
1343 2688 1397 2734 et
1427 2693 1649 2748 peccare
1686 2686 1743 2732 et
1771 2693 1876 2730 non
1904 2692 2032 2746 pec-

449 2789 572 2828 care
599 2783 772 2843 potest
798 2791 811 2827 :
841 2774 942 2828 sed,
965 2775 1191 2827 alterum
1221 2773 1421 2828 horum.
1442 2786 1546 2825 non
1574 2769 1721 2834 facit,
1752 2768 1851 2823 nisi
1882 2769 2036 2837 adju-

454 2866 620 2920 tnsah
640 2881 706 2920 eo
728 2866 816 2936 qui
843 2865 996 2931 dixit,
1023 2865 1149 2920 Sine
1174 2881 1252 2919 me
1280 2865 1409 2917 nihil
1439 2863 1644 2933 potestis
1669 2863 1835 2930 facere
1852 2860 2032 2927 (Joan.

452 2973 553 3022 xv,
586 2957 649 3020 5)
683 2974 698 3012 :
728 2957 956 3012 alterum
997 2971 1126 3010 vero
1165 2955 1377 3026 propria
1409 2958 1680 3010 voluntate
1704 2995 1721 3021 ,
1751 2953 1870 3008 sive
1914 2968 1944 3006 a
1979 2967 2039 3008 se

454 3052 599 3120 ipso,
635 3051 750 3106 sive
786 3050 854 3105 ab
891 3050 997 3104 alio
1039 3050 1328 3118 decepture
1377 3048 1664 3112 seductus,
1695 3046 1788 3100 vel
1821 3052 2041 3114 peccato

456 3144 592 3195 sicut
619 3157 807 3196 servus
843 3141 1105 3195 addictus.
1138 3141 1368 3210 Adjutos
1391 3149 1582 3194 autem.
1611 3139 1857 3193 homines
1881 3137 2040 3191 novi-

455 3249 575 3288 mus
600 3234 690 3288 Dei
713 3233 922 3302 Spiritu,
953 3244 1005 3286 ιιι
1036 3248 1097 3288 ea
1129 3233 1330 3287 vellent
1351 3248 1470 3302 qua:
1500 3232 1590 3286 Dei
1617 3239 1774 3296 sunt,
1798 3241 1920 3284 ante
1939 3227 2044 3282 Ba-

459 3325 734 3394 ptismnm,
778 3325 914 3379 sicut
942 3323 1246 3380 Cornelium
1285 3325 1436 3394 (Act.
1469 3323 1536 3394 ιι)
1566 3341 1580 3376 :
1611 3323 1868 3392 quosdam
1909 3334 2041 3374 vero

461 3428 559 3466 nec
577 3423 692 3480 post
714 3413 1066 3480 Baptismum,
1087 3413 1224 3466 sicut
1243 3411 1515 3467 Simonem
1538 3411 1746 3480 Magum
1771 3409 1882 3482 (ltl.
1900 3407 2042 3480 viti).

455 3501 658 3558 ludit-ia
681 3503 820 3555 enim
847 3502 939 3556 Dei
966 3503 1102 3556 sicut
1124 3503 1291 3576 multa
1313 3502 1536 3572 abyssus
1562 3499 1731 3571 (Psal.
1758 3515 1926 3563 xxxv,
1945 3499 2001 3568 7)
2025 3516 2042 3554 :

456 3603 509 3647 et
526 3592 692 3661 gratia
713 3590 829 3661 ejus
851 3607 953 3645 non
975 3608 1040 3645 ex
1061 3592 1343 3660 operibus;
1369 3591 1603 3660 alioquin
1626 3591 1790 3659 gratia
1803 3591 1914 3661 jam
1937 3606 2043 3646 non

457 3692 540 3738 est
560 3683 726 3750 gratia
749 3685 765 3751 (
786 3683 932 3736 Rom.
957 3698 1031 3749 XI,
1057 3681 1149 3752 6).
1181 3681 1373 3735 Desine
1399 3681 1558 3750 igitur
1581 3682 1863 3735 conviciari
1891 3681 2046 3736 nobis

458 3773 528 3830 de
553 3773 842 3828 llaniclttco
865 3784 918 3828 et
937 3773 1217 3828 Joviniano
1244 3789 1257 3824 :
1281 3773 1474 3842 quibus
1496 3774 1634 3827 enim
1655 3773 1972 3827 convicieris
1993 3773 2046 3827 in

459 3865 648 3930 nobis,
677 3879 810 3934 quos
835 3863 1101 3918 subsecuti
1130 3879 1322 3932 negare
1349 3877 1456 3916 non
1485 3878 1766 3932 possumus
1791 3863 2049 3934 originale

459 3966 756 4026 peccatum,
778 3955 984 4010 videres
1013 3956 1055 4008 si
1083 3957 1264 4010 oculos
1288 3954 1530 4020 haberes,
1548 3964 1604 4009 et
1619 3964 1823 4010 taeercs
1842 3956 1886 4009 si
1905 3953 2051 4009 fron-
2082 3973 2091 3981 ·

461 4046 834 4101 tcmhahercs.
867 4045 957 4100 Sic
980 4055 1155 4098 autem
1181 4044 1540 4098 calumniosus
1561 4059 1641 4110 es,
1667 4053 1723 4097 ut
1750 4044 1875 4097 alibi
1898 4042 2048 4097 afor-

462 4156 638 4194 tnassc
666 4156 752 4193 me
779 4139 946 4205 dicas,
976 4154 1003 4190 a
1032 4138 1260 4207 peccatis
1287 4138 1554 4191 hominem
1583 4153 1688 4190 non
1717 4152 1872 4206 posse
1897 4153 2052 4191 mun-

465 4231 576 4284 dari
610 4250 622 4285 :
649 4247 768 4284 cum
802 4231 868 4284 ita
899 4230 1071 4284 dicam
1100 4244 1274 4297 posse,
1305 4239 1361 4281 ut
1383 4243 1448 4283 eo
1473 4245 1682 4300 quoque
1710 4229 2046 4298 perducatur,

467 4323 552 4377 tibi
585 4322 918 4375 beatissimus
951 4336 1170 4388 peccare
1200 4336 1303 4374 non
1332 4321 1517 4388 possit.

537 4414 722 4469 XCIX.
756 4415 874 4469 «Ιυι.
905 4413 1055 4468 Nunc
1075 4423 1250 4467 autem
1275 4413 1520 4466 omnibus
1542 4411 1794 4481 perﬁdus,
1819 4412 1953 4466 dicis
1976 4411 2053 4465 fa—

467 4517 606 4559 ctam
633 4506 683 4558 in
715 4515 900 4558 natura
931 4506 1128 4568 carnis,
1162 4504 1361 4572 peccati
1389 4502 1788 4557 necessitatem.

540 4599 676 4652 Ace.
716 4597 794 4649 Tn
824 4612 954 4663 nega
983 4597 1183 4650 dixisse
1210 4596 1542 4664 Apostolum.
1573 4595 1701 4648 Cum
1721 4595 1894 4648 essetis
1923 4595 2053 4648 serui

469 4687 680 4756 peccati,
713 4686 854 4739 liberi
882 4686 1050 4754 fuistis
1067 4687 1298 4756 justitic.
1330 4688 1433 4740 Aut
1463 4688 1520 4740 si.
1539 4687 1639 4740 hoc
1665 4685 1826 4739 abeo
1849 4685 2052 4741 dictum

469 4791 592 4831 esse
621 4793 725 4829 non
765 4790 924 4845 negas
944 4816 958 4838 ,
992 4793 1095 4830 tton
1126 4791 1246 4830 eum
1278 4785 1424 4831 recte
1463 4777 1663 4832 dixisse
1689 4777 1964 4846 redargue.
1997 4779 2050 4833 Si

471 4878 772 4922 autemnon
791 4867 977 4932 audes,
1006 4883 1160 4937 nega,
1185 4867 1228 4922 si
1257 4877 1432 4937 potes,
1457 4884 1552 4923 eos
1574 4870 1766 4937 quibus
1789 4873 1888 4924 hoc
1905 4871 2050 4933 dicit.

472 4958 720 5014 habuisse
760 4961 812 5015 in
845 4960 997 5015 malis
1028 4961 1244 5015 liberam
1273 4960 1597 5014 voluntatem
1624 5001 1638 5024 ,
1665 4962 1878 5030 quando
1923 4961 2044 5015 l‘ue-

472 5059 600 5102 runt
629 5048 776 5101 liberi
803 5050 1020 5115 iustitia:
1051 5067 1065 5103 :
1098 5060 1188 5104 aut
1217 5049 1466 5104 habuisse
1493 5051 1514 5082 ⁵
1543 5049 1762 5104 liberam
1795 5052 1845 5104 in
1877 5052 2051 5116 bonis,

475 5140 691 5210 quando
713 5137 924 5195 luerunt
945 5143 1082 5196 servi
1113 5143 1316 5212 peccati
1348 5161 1360 5195 :
1391 5151 1445 5196 ct
1468 5143 1537 5197 ab
1561 5143 1660 5198 hac
1676 5145 1933 5198 servitute
1958 5158 2055 5199 eos

537 5252 557 5323 ξ
582 5250 718 5323 editi,
739 5251 1176 5323 natat-mmmam.
1199 5255 1498 5317 castigantur
1511 5253 1570 5304 ad
1593 5255 1958 5316 manuscriptos.

535 5314 558 5344 ²
584 5314 876 5374 \‘iguierius,
896 5321 1210 5374 manente.

537 5373 856 5450 {stertat-dus,
935 5373 1349 5450 addizsiqtilabile:
1365 5377 1653 5450 vignierius:
1730 5374 2053 5450 mantissibile.

478 5443 526 5482 Αι
683 5433 804 5484 ctar.
842 5444 952 5485 Mar.
976 5444 1028 5485 et
1055 5443 1201 5496 Port.,
1234 5438 1298 5487 ad
1330 5433 1744 5489 indiSsimulabile.
1785 5445 1880 5487 noc
1908 5440 2059 5487 verbo

476 5510 595 5568 “59S
608 5505 691 5568 est
711 5497 926 5568 Julianus
947 5511 1108 5568 supra,
1134 5512 1246 5568 cap.
1270 5501 1312 5548 l.

540 5557 1102 5628 ‘.!tl.enardu_s,_.lm'iniani
1116 5557 1332 5623 opinione
1345 5567 1508 5620 aperte
1523 5559 2056 5628 ronjttngixignicrius,

487 5619 711 5684 _'m1'ui:mi
737 5620 954 5689 opinione
982 5621 1031 5689 in
1069 5635 1127 5672 ea
1145 5619 1287 5685 parte
1311 5619 1549 5689 conjungi.
1580 5619 1631 5672 at
1657 5619 1781 5682 Μέθη
1815 5619 2059 5672 ,Ιοιὶηὲτιηί

477 5683 524 5730 ιι
551 5695 604 5726 ru
629 5689 761 5740 parte
787 5683 1021 5744 conjungi.

540 5745 557 5773 ε
587 5750 738 5802 forte,
761 5743 918 5795 (msere
941 5743 1156 5797 habuisse

1128 304 1369 359 OPrililS
1407 296 1810 354 illPEliFECTI
1849 294 2117 349 CONTRA
2159 293 2518 361 JULIANUM,
2561 296 2619 350 S.
2661 290 3028 352 AUGUSTINI

3531 294 3668 348 1116

2105 407 2240 460 aude
2264 405 2442 460 dicere
2483 424 2576 477 per
2604 423 2662 462 se
2693 409 2835 476 ipsos
2855 450 2870 472 ,
2905 425 3007 462 non
3043 424 3135 476 per
3165 406 3256 460 Dei
3285 405 3508 475 gratiam
3541 406 3679 462 libe-

2102 508 2279 562 ratos,
2310 501 2502 567 quibus
2539 499 2750 563 dicitur,
2780 497 2835 552 Ν
2840 515 2934 551 unc
2960 508 3124 550 autent
3149 496 3344 550 liberati
3369 514 3401 548 ιι
3433 507 3636 566 peccato
3659 536 3675 563 ,

2103 591 2230 642 servi
2242 591 2360 659 facti
2377 590 2493 644 estis
2510 590 2716 655 iustitia:
2735 589 2888 658 (Rom
2932 606 3003 650 vt,
3021 588 3113 654 20,
3127 588 3240 655 2'2).
3258 587 3313 642 Si
3329 597 3506 640 autem
3522 587 3679 653 dicis,

2105 694 2135 732 a
2161 689 2308 734 reatu
2337 680 2726 748 prieteritortnn
2753 680 3033 741 malorum,
3066 691 3169 732 non
3195 693 3224 730 ιι
3250 676 3522 731 dominatu
3556 692 3679 745 pec-

2106 771 2243 836 cati,
2277 789 2382 840 qtto
2420 773 2644 840 quisque
2665 771 2841 840 justus
2865 787 2984 825 esse
3010 786 3116 824 non
3146 770 3368 834 sinitur,
3397 785 3493 824 eos
3521 771 3682 825 fuisse

2108 862 2200 916 Dei
2230 863 2395 932 gratia
2424 863 2709 928 liberatos;
2739 872 2794 915 ut
2823 872 3000 915 autent
3027 862 3106 914 eis
3137 877 3240 915 non
3267 859 3638 915 dominaretur
3665 864 3679 894 ¹

2108 963 2412 1021 peccatum,
2444 953 2587 1021 ipsos
2614 951 2786 1007 facere
2817 953 3053 1021 potuisse
3091 952 3134 1004 si
3165 951 3388 1012 vellent,
3421 965 3595 1019 neque
3621 952 3685 1004 ad

2109 1041 2210 1098 hoc
2237 1043 2525 1112 indiguisse
2565 1043 2734 1113 gratia
2775 1042 3064 1096 Salvatoris
3094 1059 3108 1094 :
3142 1041 3230 1094 ubi
3261 1041 3418 1110 ponis
3451 1057 3571 1095 eum
3598 1043 3687 1109 qtti

2109 1135 2255 1198 dicit,
2283 1134 2412 1190 Non
2434 1138 2570 1205 quod
2596 1136 2728 1197 volo,
2760 1135 2893 1206 facio
2919 1135 3140 1197 bonum;
3168 1133 3256 1187 sed
3285 1133 3421 1203 quod
3443 1135 3560 1187 nolo
3583 1149 3692 1185 ma-

2111 1227 2234 1288 lum,
2259 1227 2352 1280 hoc
2375 1244 2470 1297 ago
2499 1226 2607 1296 (Id.
2627 1242 2720 1288 vn,
2754 1226 2877 1296 l9)?
2909 1225 2963 1280 Si
2989 1225 3131 1280 enim
3157 1224 3256 1278 sub
3280 1223 3428 1293 lege,
3455 1239 3560 1276 non
3589 1223 3692 1276 sub

2109 1318 2279 1386 gratia
2297 1318 2615 1371 constitutus
2639 1316 2756 1372 htce
2782 1315 3016 1386 loquitur
3039 1334 3052 1368 :
3077 1315 3235 1368 istum
3264 1329 3395 1382 nega
3421 1313 3521 1368 sub
3539 1312 3687 1382 gravi

2113 1409 2444 1464 necessitatis
2469 1409 2705 1478 pondere
2732 1409 3039 1476 ingemere;
3083 1407 3224 1460 hunc
3250 1405 3315 1458 ad
3343 1406 3479 1460 bene
3505 1405 3695 1458 viven-

2023 1541 2026 1543 Α
2107 1500 2240 1554 dum
2274 1511 2328 1554 et
2370 1499 2436 1553 ad
2478 1511 2622 1555 recte
2661 1499 2924 1569 agendum
2963 1514 3058 1568 per
3095 1497 3380 1551 voluntatis
3417 1495 3696 1549 arbitrium

2115 1605 2298 1647 assere
2313 1590 2562 1656 liberum,
2583 1591 2900 1644 clamantem
2925 1589 3041 1654 tibi,
3064 1588 3322 1653 Mentiris,
3345 1593 3439 1640 aut
3462 1585 3694 1648 falleris;

2116 1698 2217 1736 non
2253 1681 2389 1752 quod
2423 1682 2569 1748 uolo,
2605 1698 2724 1753 age.
2771 1679 2829 1734 Si
2875 1689 3086 1744 autem,
3132 1679 3270 1732 sicut
3307 1677 3496 1732 melius
3532 1676 3704 1731 sensit

2120 1771 2453 1835 Ambrosius,
2478 1772 2577 1824 hoc
2598 1772 2759 1824 etiam
2786 1769 2854 1823 de
2875 1784 2933 1823 se
2961 1769 3076 1837 ipso
3101 1768 3229 1822 dicit
3256 1766 3575 1835 Apostolus;
3603 1780 3704 1819 nec

2117 1859 2378 1930 iustorum
2400 1870 2481 1915 est
2502 1861 2553 1914 in
2577 1859 2678 1914 hac
2701 1860 2808 1912 vita
2831 1858 2900 1912 ad
2925 1855 3304 1927 perliciendum
3333 1856 3530 1910 bonum
3559 1863 3703 1907 tanta

2121 1954 2340 2009 libertas
2368 1955 2594 2024 propriae
2623 1953 2910 2008 voluntatis
2929 1994 2944 2016 ,
2977 1961 3178 2021 quanta
3216 1953 3320 2006 erit
3361 1952 3413 2005 iii
3441 1951 3529 2005 illa
3559 1950 3662 2004 vita
3686 1993 3704 2016 ,

2124 2047 2212 2100 ubi
2238 2047 2586 2111 non-dicetur,
2619 2045 2739 2100 Non
2765 2047 2904 2114 quod
2927 2046 3060 2108 volo,
3091 2062 3208 2114 ago.

2196 2135 2258 2190 C.
2299 2137 2415 2192 ιυι.
2455 2136 2524 2192 Ut
2563 2137 2901 2205 possessione
2937 2136 3250 2190 aeternitatis
3281 2135 3486 2189 anxissa.
3511 2136 3709 2204 (quam

2127 2227 2338 2298 quidem
2372 2244 2640 2296 nunquam
2673 2245 2788 2282 eam
2833 2243 2933 2298 per
2959 2237 3202 2282 exortum
3242 2228 3322 2282 sui
3361 2237 3568 2280 constat
3609 2226 3712 2279 ha-

2129 2318 2307 2372 buisse
2323 2319 2362 2383 ),
2387 2319 2629 2371 voluntas
2653 2319 2963 2387 appetenda:
2981 2318 3180 2387 jugiter
3203 2319 3476 2384 pravitatis
3505 2319 3718 2372 incum-

2130 2409 2296 2462 beret.
2324 2409 2385 2461 Et
2405 2408 2665 2478 adjungis,
2702 2427 2727 2459 ι-
2758 2409 3014 2462 Voluntas
3036 2424 3154 2477 qum
3179 2409 3340 2462 libera
3359 2411 3508 2462 estin
3533 2411 3717 2474 malis,

2133 2499 2297 2554 libera
2322 2501 2370 2553 in
2396 2500 2548 2552 bonis
2569 2515 2673 2552 non
2702 2510 2784 2554 est
2818 2516 2831 2555 :
2869 2518 2890 2551 ι
2926 2514 3028 2552 non
3059 2501 3264 2553 minore
3293 2501 3446 2567 plane
3469 2501 3722 2556 stultitia:

2132 2592 2480 2660 professione,
2509 2609 2665 2663 quam
2694 2591 3087 2664 profanitatis’;
3113 2592 3338 2647 liberum
3370 2605 3548 2657 vocas,
3567 2591 3718 2662 quod

2133 2683 2280 2738 dicis.
2299 2685 2586 2738 uisionum
2617 2685 2760 2738 velle
2789 2699 2904 2738 non
2933 2697 3108 2752 posse.

2208 2776 2342 2830 Atto.
2389 2774 2444 2829 Si
2494 2775 2736 2828 liberum.
2769 2789 2890 2828 non.
2920 2783 3023 2840 est,
3071 2773 3172 2827 nisi
3214 2773 3358 2843 quod
3391 2771 3496 2827 duo
3542 2782 3728 2842 potest

2137 2865 2306 2932 velle,
2355 2865 2405 2920 id
2435 2873 2539 2928 est,
2577 2875 2632 2920 et
2679 2865 2882 2919 bonum
2909 2873 2974 2918 et.
3006 2863 3206 2918 malum
3231 2881 3246 2920 :
3277 2863 3413 2917 liber
3441 2863 3580 2916 Deus
3609 2878 3728 2918 non

2136 2968 2222 3014 est
2243 3000 2257 3022 ,
2287 2959 2374 3028 qui
2409 2958 2606 3012 malum
2627 2972 2734 3013 non
2762 2966 2943 3027 potest
2969 2955 3128 3020 velle,
3174 2954 3245 3009 de
3273 2968 3379 3024 quo
3407 2954 3568 3008 etiam
3607 2954 3730 3024 ipse

2138 3051 2352 3117 dixisti,
2385 3066 2675 3118 verumque
2699 3050 2901 3114 dixisti,
2937 3067 2958 3100 ι
2987 3049 3130 3103 Deus
3153 3061 3272 3102 esse
3294 3045 3394 3101 nisi
3416 3046 3592 3116 justus
3615 3061 3727 3102 non

2140 3152 2315 3215 potest
2351 3161 2370 3194 ι
2411 3143 2609 3214 (Supra
2631 3183 2645 3206 ,
2688 3157 2804 3213 cap.
2831 3141 2951 3210 25).
2999 3139 3208 3195 Siccine
3237 3139 3400 3192 Deum
3431 3137 3634 3202 laudas,
3666 3147 3731 3193 ut

2142 3237 2190 3292 ei
2220 3235 2434 3290 auferas
2486 3234 2925 3289 libertatem2an
2983 3233 3159 3302 potius
3216 3231 3510 3300 intelligere
3559 3229 3730 3285 debes

2143 3342 2264 3382 esse
2287 3326 2571 3397 quamdam
2603 3326 2814 3380 beatam
2845 3323 3240 3386 necessitatem,
3269 3335 3370 3392 qua
3396 3321 3534 3376 Deus
3563 3320 3732 3390 injus-

2145 3427 2230 3472 tus
2259 3434 2362 3472 non
2393 3425 2566 3486 potest
2593 3416 2757 3472 esse?

2215 3508 2301 3562 Cl.
2331 3508 2450 3562 JUL.
2481 3507 2585 3563 Sed
2632 3507 2755 3561 licet
2781 3506 2925 3560 nulla
2947 3520 3012 3560 ex
3056 3513 3205 3575 parte.
3233 3513 3448 3560 constes
3473 3503 3514 3570 ³,
3547 3513 3728 3558 tamen

2145 3598 2273 3668 quid
2302 3599 2547 3652 attuleris
2575 3597 2809 3667 prudens
2841 3597 3016 3651 lector
3039 3595 3296 3651 attendat.
3317 3594 3732 3650 Consentiamus

2147 3689 2730 3741 voluntatemliberam
2757 3686 2862 3740 diei
2885 3699 3066 3756 posse,
3095 3701 3213 3755 qua:
3239 3687 3435 3738 benum
3457 3684 3594 3739 velle
3620 3698 3727 3738 non

2151 3787 2359 3846 potest:
2385 3776 2523 3832 hanc
2548 3787 2734 3830 autem-
2752 3777 3080 3830 voluntatetn
3108 3776 3159 3828 in
3183 3774 3506 3843 Baptismate
3533 3775 3732 3829 asseris

2151 3871 2383 3926 liberari.
2417 3870 2729 3938 Interrogo,
2763 3868 2827 3922 ad
2880 3883 3039 3937 quem
3093 3867 3308 3920 modum
3340 3866 3629 3921 liberatur?
3659 3876 3720 3921 ut

2152 3963 2350 4017 bonum
2379 3976 2593 4029 semper
2631 3959 2776 4014 velle
2825 3968 3047 4028 cogatur
3070 3999 3084 4023 ,
3116 3968 3171 4012 et
3200 3959 3396 4012 malum
3443 3958 3577 4011 velle
3619 3974 3727 4012 non

2154 4052 2366 4122 possit?
2393 4067 2459 4103 an
2509 4059 2566 4103 ut
2611 4059 2896 4119 utrumque
2927 4049 3088 4118 possit
3143 4048 3441 4118 appetere?
3476 4047 3572 4102 llic
3601 4057 3657 4100 tu
3686 4049 3733 4102 si

2152 4143 2517 4213 responderis,
2549 4141 2619 4197 Ut
2655 4142 2851 4196 bonum
2887 4155 3102 4209 semper
3126 4140 3264 4194 velle
3290 4148 3544 4208 cogatur:
3574 4155 3731 4206 quam

2152 4236 2227 4288 sis
2257 4233 2635 4295 Joviniauista,
2668 4231 2827 4286 etiam
2853 4233 2964 4300 ipse
2992 4230 3292 4299 cognoscis.
3319 4229 3374 4284 Si
3396 4229 3736 4283 autemdixe-

2153 4327 2248 4389 ris,
2279 4323 2555 4390 Quomodo
2582 4331 2774 4393 potest
2821 4337 2941 4376 esse
2968 4322 3211 4374 voluntas
3240 4321 3429 4384 libera,
3461 4320 3505 4373 si
3535 4319 3734 4373 bonum

2153 4433 2366 4486 semper
2390 4417 2528 4470 velle
2553 4414 2814 4484 cogatur?
2841 4412 3163 4480 respondeo,
3213 4410 3494 4477 Quomodo
3517 4409 3735 4464 diceba-

2155 4519 2240 4562 tur
2263 4517 2384 4562 ante
2411 4507 2656 4560 voluntas
2683 4506 2871 4569 lihera,
2901 4505 2944 4558 si
2977 4504 3175 4557 malum
3205 4503 3343 4556 velle
3370 4499 3736 4556 tantummodo

2153 4599 2484 4669 cogebatur?
2509 4598 2564 4653 Si
2591 4612 2720 4665 ergo
2757 4595 3130 4666 responderis,
3163 4593 3242 4648 sic
3269 4592 3381 4646 ﬂeri
3419 4603 3534 4661 post
3560 4591 3740 4661 Bapti-

2155 4705 2278 4746 sma-
2296 4690 2516 4744 liberam
2537 4689 2886 4750 voluntatem,
2911 4695 2967 4739 ut
2991 4695 3044 4739 et
3067 4700 3286 4755 peccare
3312 4693 3366 4739 et
3393 4699 3495 4738 non
3515 4697 3740 4752 peccare

2157 4782 2320 4850 possit
2350 4798 2364 4840 ;
2394 4781 2494 4834 ltoc
2526 4781 2641 4849 ipso
2674 4776 3041 4849 pronuntiabis
3072 4777 3294 4830 liberum
3324 4775 3602 4830 arbitrium
3627 4789 3732 4828 non

2157 4875 2316 4928 fuisse
2337 4914 2351 4937 ,
2386 4887 2507 4927 cum
2535 4881 2821 4942 utrumque
2855 4886 2960 4923 non
3004 4877 3230 4940 poterat.
3274 4866 3549 4921 Clauderis
3575 4865 3731 4918 undi-

2155 4981 2258 5034 que
2282 4964 2654 5032 disputatiouis
2677 4973 2778 5016 tu.'e
2804 4961 3007 5030 laqueis
3042 4977 3055 5012 :
3093 4959 3367 5013 arbitrium
3395 4967 3518 5011 ante
3548 4955 3729 5026 Bapti-

2157 5072 2269 5112 suta
2310 5057 2544 5110 liberttm
2571 5054 2698 5117 fuit;
2748 5052 3050 5108 facultatem
3081 5049 3268 5103 habuit
3310 5046 3532 5102 faciendi
3566 5047 3688 5101 boni
3711 5086 3726 5110 ,

2157 5153 2296 5204 sicut
2321 5149 2619 5203 facultatem
2647 5147 2828 5201 habuit
2854 5145 3074 5198 faciendi
3104 5143 3226 5196 mali
3253 5159 3268 5208 ;
3300 5151 3352 5196 et
3373 5141 3547 5195 omnis
3610 5139 3744 5210 dog-

2159 5248 2328 5298 tnalis-
2347 5243 2441 5304 tui,
2471 5255 2576 5310 quo
2603 5239 2800 5292 malum
2829 5235 3068 5290 naturale
3098 5233 3408 5304 persuades,
3439 5247 3596 5288 scena
3627 5230 3728 5285 col-

2161 5335 2368 5390 labitur.

2233 5427 2365 5480 Ave.
2399 5425 2471 5478 De
2496 5421 2783 5477 Maniclneo
2803 5431 2857 5475 et
2883 5419 3286 5488 Jovinianojam
3315 5432 3399 5472 me
3440 5418 3531 5472 tibi
3577 5428 3734 5484 supe-

2226 5561 2240 5590 ί
2277 5557 2708 5611 Mss..dominetur.
3532 5609 3550 5616 Δ
3614 5607 3624 5616 ,

2226 5623 2244 5650 ¹
2271 5609 2536 5675 Menardus,
2572 5633 2666 5682 qua
2690 5617 2968 5682 pro/imitus.
2995 5616 3264 5677 \ignierius
3283 5649 3295 5670 ,
3318 5626 3411 5674 qua
3435 5609 3733 5673 propritim.

2166 5682 2482 5729 l-‘tnettdantur
2508 5694 2567 5727 ex
2596 5681 2944 5740 tnattumiptis.
3157 5685 3162 5688 “

2229 5745 2248 5774 ³
2272 5743 2404 5801 Editi,
2433 5750 2620 5792 (violet.
2653 5751 2753 5790 \‘ss.
2782 5755 2912 5798 vero,
2939 5744 3136 5789 constes.
