4008 6178
308 354 445 410 1117

307 465 424 520 rius
444 461 676 520 inveniet
702 463 1061 532 respondisse,
1105 465 1192 532 qui
1221 463 1444 532 legerit:
1471 463 1734 530 quomodo
1777 473 1870 512 auo

311 567 424 615 rem
441 555 589 614 dicas
629 570 772 614 eum,
801 556 951 622 cujus
989 555 1308 610 voluntatem
1335 569 1432 608 nos
1455 555 1676 615 dicimus
1717 567 1747 605 a
1773 553 1876 606 Do-

249 706 256 714 .
314 644 467 697 mino
487 643 794 712 praeparari,
819 644 887 696 ita
917 645 1027 696 fieri
1052 644 1202 698 bona:
1242 644 1529 696 voluntatis
1552 683 1568 708 ,
1596 652 1651 696 ttt
1679 641 1897 705 bonum~

311 735 448 789 velle
477 744 695 803 eligatur
715 735 879 801 (quod
899 735 1036 790 absit
1061 745 1116 788 ut
1155 735 1360 788 dicatur
1387 751 1416 787 a
1457 735 1656 801 nobis),
1689 731 1878 786 viderit

304 825 560 893 pneclara
595 825 1065 892 intelligentiaqtua.
1090 825 1144 880 Si
1169 827 1310 879 enim
1332 826 1558 894 cogitur.
1591 839 1694 877 non
1718 823 1828 875 vult
1862 840 1876 876 :

301 925 359 967 et
383 915 508 984 quid
532 914 807 970 absurdius
831 956 846 979 ,
879 931 1035 982 quam
1064 927 1119 968 ut
1138 916 1342 970 dicatur
1366 917 1550 969 nolens
1573 915 1707 969 velle
1733 912 1876 982 quod

301 1006 502 1066 bonum
532 1005 656 1059 est?
695 1006 767 1059 De
809 1017 992 1060 natura
1029 1007 1188 1061 etiam
1233 1007 1324 1062 Dei
1351 1006 1469 1061 vide
1506 1006 1630 1074 quid
1652 1011 1874 1069 sentias,

305 1095 469 1148 homo
489 1097 578 1163 qui
601 1095 735 1148 dicis
755 1097 870 1164 cogi
896 1096 1159 1149 hominem
1183 1105 1243 1152 ut
1263 1097 1459 1150 bonum
1500 1096 1626 1152 velit
1649 1136 1664 1159 ,
1695 1095 1739 1149 si
1761 1110 1877 1148 ma-

309 1183 417 1237 lum
442 1186 580 1240 velle
622 1203 725 1239 non
778 1187 960 1254 possit.
988 1185 1252 1254 Numquid
1295 1189 1437 1241 enim
1487 1187 1624 1241 Deus
1671 1185 1876 1256 cogitur

305 1274 447 1329 velle
469 1276 663 1328 bonum
690 1315 704 1337 ,
734 1275 855 1342 quia
885 1275 1018 1330 velle
1059 1292 1162 1329 nott
1187 1287 1358 1344 potest
1378 1277 1594 1340 malum,
1623 1275 1874 1345 quoniam

303 1372 392 1416 est
409 1363 627 1417 omnino
659 1363 1041 1418 immutabilis?
1066 1364 1264 1419 Natura
1304 1381 1430 1420 vero
1453 1365 1680 1420 humana
1701 1381 1878 1434 quam-

305 1453 388 1504 vis
412 1453 698 1516 mutabilis,
723 1463 974 1523 quantum
1017 1455 1082 1509 ad
1133 1455 1183 1510 id
1226 1457 1452 1524 pertinet
1491 1456 1632 1525 quod
1660 1456 1872 1510 condita

304 1553 410 1606 εει,
432 1544 566 1598 bona
591 1558 701 1610 est;
737 1561 855 1614 qua:
877 1561 982 1599 non
1007 1547 1176 1599 solum
1219 1548 1333 1602 sine
1360 1549 1484 1600 vitio
1508 1548 1639 1602 facta
1662 1557 1763 1612 est,
1788 1563 1877 1600 ve-

304 1650 424 1688 rum
447 1636 601 1688 etiam
624 1653 741 1689 cutn
772 1652 866 1706 per
901 1638 1080 1691 vitium
1106 1640 1240 1692 mala
1283 1648 1386 1700 est.
1417 1655 1580 1708 capax
1609 1649 1691 1693 est
1728 1640 1872 1704 boni,

303 1739 411 1792 quo
438 1725 610 1778 'bona
657 1726 744 1778 sit.
791 1727 910 1780 llaec
938 1743 1060 1780 vera
1115 1728 1372 1781 sententia
1424 1726 1660 1782 fallacem
1706 1728 1877 1782 Mani-

301 1814 572 1868 cha‘orum
616 1816 805 1872 evertit
851 1815 1127 1869 insaniam.
1189 1816 1244 1870 In
1273 1817 1538 1886 Baptismo
1579 1829 1752 1872 autem
1805 1819 1876 1871 ita

303 1913 522 1970 peccata
551 1905 725 1958 otnnia
754 1904 1088 1966 dimittuntur
1108 1906 1158 1959 in
1194 1908 1284 1961 Dei
1322 1909 1508 1976 gratia,
1539 1910 1691 1978 qua,‘
1715 1917 1770 1960 et
1808 1907 1872 1961 ad

303 1994 476 2061 ipsum
506 1995 828 2062 Baptisntum
859 1997 1018 2052 homo
1047 2008 1335 2067 pra-parata
1362 2001 1430 2054 ab
1475 2000 1565 2053 illo
1607 2001 1874 2054 voluntate

303 2085 628 2151 perducitur.
657 2097 713 2140 ιιι
736 2087 985 2157 deinceps
1013 2091 1257 2159 quamvis
1299 2091 1640 2159 concupiscat
1659 2093 1878 2159 spiritus

300 2173 419 2239 ejus
467 2175 725 2228 adversus
753 2191 989 2241 carnem,
1018 2194 1084 2232 ne
1113 2178 1134 2210 ³
1160 2181 1454 2234 consentiat
1484 2181 1760 2249 iniquitati,
1797 2191 1877 2234 ta-

302 2279 423 2316 men
454 2274 511 2318 et
551 2281 678 2318 caro
724 2269 1062 2336 concupiscat
1086 2269 1339 2324 adversus
1363 2273 1641 2340 spiritum,
1687 2282 1744 2327 ut
1774 2289 1878 2328 non

305 2352 462 2419 faciat
492 2365 541 2407 et
593 2355 679 2409 ille
704 2357 843 2424 quod
899 2359 1026 2412 vult.
1087 2361 1207 2413 Vult
1247 2362 1388 2414 enim
1427 2374 1480 2416 et
1525 2364 1677 2417 istam
1705 2366 1879 2418 carnis

303 2445 788 2511 concupiscentiam
820 2464 922 2501 non
953 2448 1146 2502 habere
1175 2467 1188 2501 :
1221 2452 1314 2504 sed
1344 2467 1447 2504 non
1480 2463 1650 2520 potest
1694 2469 1832 2507 nunc
1859 2471 1873 2518 ;

302 2542 519 2601 propter
537 2535 676 2602 quod
699 2536 869 2591 adhuc
897 2538 947 2590 iu
971 2554 1030 2592 se
1054 2538 1168 2607 ipso
1190 2540 1505 2609 ingemiscit,
1537 2543 1874 2611 adoptionem

303 2631 618 2691 exspectans
635 2625 1050 2695 redemptiOnem
1067 2632 1304 2697 corporis
1320 2631 1401 2686 sui
1423 2630 1594 2700 (Rom.
1621 2649 1730 2696 vnt,
1756 2633 1876 2705 25),

304 2716 392 2770 ubi
434 2717 515 2771 sic
543 2717 739 2774 habeat
785 2735 1000 2775 carnem
1023 2762 1039 2786 ,
1085 2733 1142 2776 ut
1164 2722 1273 2791 jam
1303 2738 1524 2792 peccare
1554 2740 1658 2779 non
1689 2727 1874 2794 possit.

304 2805 454 2860 Nunc
478 2823 638 2878 ergo,
670 2825 775 2864 non
807 2811 977 2865 solum
1026 2821 1200 2880 potest
1250 2829 1469 2882 peccare
1520 2825 1639 2884 post
1683 2817 1875 2887 Bapti-

301 2911 508 2959 staum,
537 2913 718 2952 verum
750 2899 908 2954 etiam
935 2903 1055 2970 quia
1085 2912 1136 2955 et
1161 2902 1299 2958 bene
1339 2905 1601 2959 reluctans
1623 2909 1876 2976 concupi-

301 2989 526 3048 scentia:
552 2991 728 3046 carnis
755 2992 1040 3064 aliquando
1081 2993 1149 3050 ab
1176 3010 1241 3048 ea
1270 2995 1494 3052 trahitur
1517 2997 1593 3050 ad-
1634 3012 1864 3052 consen-

301 3078 512 3134 sionem
542 3090 632 3141 :et
656 3082 900 3149 quamvis
927 3084 1150 3138 venialia
1183 3082 1224 3149 ‘,
1251 3094 1426 3139 tamen
1455 3086 1631 3156 aliqua
1663 3097 1874 3156 peccata

303 3173 594 3227 committit
621 3191 634 3227 ;
667 3174 830 3231 habet
860 3191 961 3231 cur
1004 3191 1219 3247 semper
1247 3177 1334 3232 hic
1361 3177 1521 3244 dicat,
1553 3177 1760 3233 Dimitte
1788 3197 1880 3236 no-

302 3261 378 3316 bis
398 3262 568 3316 debita
597 3275 772 3319 nostra
793 3264 1003 3337 (Matth,
1038 3283 1114 3334 vr,
1149 3267 1258 3338 12).
1293 3268 1416 3324 Haec
1457 3285 1669 3339 quoque
1693 3271 1878 3325 catho-

304 3352 404 3406 lica
435 3354 914 3416 veritasloviniani
943 3358 1212 3428 redarguit
1237 3359 1539 3414 vanitatem.
1586 3360 1879 3432 Utrumque

303 3453 482 3496 autem
508 3485 522 3505 ,
559 3444 606 3497 id
633 3455 736 3510 est,
767 3454 823 3500 et
847 3447 986 3516 quod
1017 3459 1197 3502 contra
1247 3449 1611 3516 Manichtcum,
1657 3460 1711 3506 et
1735 3453 1877 3521 quod

303 3543 492 3595 contra
541 3532 876 3589 Jovinianum
929 3537 1174 3603 dicimus,
1206 3538 1451 3597 heresim
1477 3551 1708 3596 vestram
1728 3543 1878 3597 calu-

301 3624 582 3694 mniasque
607 3625 884 3681 subvertit.

377 3713 494 3776 Cll.
525 3715 643 3770 Jun.
671 3715 763 3776 Sin
789 3726 968 3780 autem
997 3717 1218 3776 liberum
1247 3728 1370 3783 ante
1391 3721 1456 3774 ad
1485 3721 1508 3754 '
1529 3722 1729 3781 bonum
1774 3739 1877 3780 non

305 3805 426 3869 fuit,
455 3805 736 3866 etfactum
761 3820 841 3864 est
869 3810 1274 3878 postBaptisma
1305 3812 1374 3871 ita
1407 3812 1653 3877 liberum.
1685 3825 1740 3866 ιιι
1769 3828 1882 3866 ma—

303 3897 416 3951 lum
445 3895 620 3958 facere
676 3915 795 3962 non.
819 3900 987 3968 possit
1016 3918 1029 3954 :
1059 3917 1325 3970 nunquam
1354 3903 1585 3972 quidem
1615 3903 1663 3956 ei
1714 3903 1892 3968 adfuit

303 3987 512 4042 arbitrii
544 3988 778 4054 libertas,
809 3999 862 4044 et
884 3990 1138 4059 probatur
1169 3993 1284 4046 sine
1310 4005 1458 4046 reatu
1478 4004 1641 4054 antea
1662 4009 1878 4062 peccas-

303 4094 399 4144 se,
427 4091 481 4132 et
510 4087 692 4148 postea
719 4081 836 4135 sine
855 4097 981 4136 cura
1010 4082 1306 4137 sanctitatis
1335 4084 1558 4152 gloriam
1583 4085 1876 4153 possidere.

385 4171 495 4224 Anc
540 4169 680 4237 Ergo
712 4185 809 4225 nec
853 4171 904 4226 in
940 4171 1048 4224 Deo
1098 4180 1179 4225 est
1230 4173 1431 4230 arbitrii
1471 4175 1706 4240 libertas,
1759 4176 1879 4244 quia

305 4259 504 4312 malum
534 4260 707 4314 facere
738 4276 842 4314 non
871 4270 1044 4330 potest
1067 4302 1081 4323 ,
1113 4262 1249 4318 sicut
1277 4279 1469 4333 negare
1493 4281 1550 4318 se
1575 4266 1746 4332 ipsum
1775 4281 1880 4320 non

305 4361 485 4420 potest
510 4352 573 4424 (ll
599 4352 729 4406 Tim.
763 4369 821 4412 II,
846 4353 934 4425 15)
976 4371 990 4408 :
1018 4354 1106 4424 qui
1127 4363 1180 4408 et
1204 4355 1354 4414 nobis
1383 4371 1594 4410 summo
1625 4357 1716 4410 illo
1738 4371 1880 4426 prte-

306 4441 419 4498 mio
447 4443 725 4510 largiturus
749 4454 851 4507 est,
883 4455 938 4497 ut
969 4461 1073 4498 non
1111 4445 1326 4513 quidem
1356 4445 1455 4514 ipsi
1507 4446 1615 4501 Deo
1635 4487 1650 4511 ,
1678 4447 1770 4500 sed
1801 4456 1881 4500 ta-

305 4546 430 4586 men
461 4533 674 4600 Angelis
693 4533 810 4601 ejus
828 4533 1078 4601 aequales,
1104 4549 1202 4588 nec
1222 4550 1317 4589 nos
1348 4549 1567 4604 peccare
1593 4536 1878 4604 possimus.

308 4627 424 4681 Hoc
467 4627 606 4682 enim
653 4627 732 4682 eis
779 4636 897 4696 post
926 4627 1130 4695 lapsum
1159 4627 1354 4682 diaboli
1385 4643 1481 4697 pro
1511 4629 1702 4682 merito
1731 4628 1882 4684 bona:

306 4716 596 4770 voluntatis
619 4756 636 4781 ,
669 4733 773 4784 qua
813 4717 864 4769 in
898 4716 1118 4771 veritate
1160 4725 1457 4780 steterunt,
1488 4717 1720 4772 donasse
1765 4733 1883 4773 cre-

305 4805 519 4860 dendus
544 4817 644 4869 cst,
678 4816 734 4860 ut
772 4814 954 4874 postea
986 4806 1163 4866 nullus
1207 4821 1301 4876 per
1327 4806 1553 4862 liberum
1600 4809 1880 4864 arbitrium

307 4913 477 4951 novus
501 4897 744 4951 diabolus
771 4896 943 4958 ﬁeret.

380 4988 513 5040 (IIII.
540 4987 660 5044 ⁴Ιιιι..
691 4988 807 5056 Quo
835 4987 1061 5042 collecto
1088 4989 1422 5044 convinceris
1470 4988 1693 5045 inliciari
1724 5005 1880 5059 pror-

305 5094 401 5132 sus
431 5079 662 5148 dogmati
697 5079 874 5140 tuo“;
901 5086 958 5132 ιιι
981 5079 1257 5147 promittas
1277 5086 1330 5133 te
1351 5079 1572 5134 liberum
1599 5080 1875 5135 arbitrium

306 5186 414 5226 non
439 5184 656 5238 negare,
679 5167 821 5237 quod
836 5177 992 5224 antea
1018 5167 1139 5222 mali
1163 5209 1178 5233 ,
1208 5178 1387 5237 postea
1411 5169 1533 5224 boni
1558 5171 1878 5226 necessitate

305 5261 573 5315 subvertis

375 5434 1283 5508 Ῐ,¹ἓ⁶ίίίνι1³ἕο4ν9¹¹ὶ³³⁴ῗ⁸ω²ἒξ·ἠ¹ἐ⁰·..
1392 5507 1415 5508 κν
1536 5496 1546 5508 .

371 5499 394 5590 ς
418 5495 799 5606 Μειιυείῐίιθιὶνιίήη
817 5495 902 5545 Dei
915 5495 1087 5559 gratia,
1113 5495 1160 5544 ει
1180 5495 1244 5545 ad
1264 5495 1437 5558 ipsum,
1455 5496 1648 5559 omisso,
1676 5511 1785 5562 qua.

417 5565 500 5606 ιε.
529 5566 588 5605 I'o
639 5593 672 5616 .,
697 5569 799 5606 nec.

375 5619 396 5685 ξ
422 5622 551 5685 Idem
577 5627 674 5685 u_s.,
699 5625 743 5667 et
765 5617 977 5685 ᾳιιαηιυίε
997 5616 1198 5685 ιεςηὶαιὶα
1219 5617 1404 5680 aliqua,
1430 5625 1585 5670 tamen
1608 5619 1785 5685 aliqua.

374 5681 394 5712 ⁸
421 5679 716 5734 ιδςιτιιριιΙςιιιι,
741 5678 823 5735 ait,
843 5678 1140 5728 restituitntts
1163 5693 1222 5727 ex
1262 5678 1363 5728 ηεε.
1393 5678 1397 5679 ν
1689 5678 1700 5694 ²

376 5742 395 5772 ⁸
446 5743 516 5800 sic
543 5751 643 5790 uss.
673 5741 786 5797 [αλια
812 5754 945 5800 vero,
969 5740 1186 5804 dogmata
1203 5748 1298 5791 tua.

1685 345 1883 405 LIBER
1923 343 2188 402 PRIMUS.

3427 359 3553 410 1118

2058 458 2190 516 AUC.
2225 457 2463 511 Dicturus
2482 473 2560 523 es,
2589 471 2645 514 ut
2671 459 2820 513 video
2838 502 2851 521 ,
2885 460 3048 514 Deum
3081 463 3402 517 necessitate
3431 483 3550 532 pre-

1988 547 2078 607 mi.
2115 558 2170 602 ut
2228 565 2446 618 peccare
2495 566 2598 603 non
2643 553 2851 620 possit:
2884 553 2972 621 qui
3018 555 3198 624 utique
3239 572 3336 609 nec
3383 566 3555 623 potest

1984 639 2122 692 velle
2146 679 2162 702 ,
2188 655 2288 692 nec
2309 641 2419 692 vult
2450 655 2605 709 posse
2652 657 2891 709 peccare.
2927 644 3035 696 lmo
3065 661 3218 709 vero,
3251 646 3296 699 si
3326 649 3554 700 necessi-

1985 736 2065 782 tas
2091 728 2312 782 dicenda
2337 740 2439 794 est,
2473 746 2572 799 qua
2601 745 2816 785 neceSse
2843 743 2925 786 est
2949 733 3146 802 aliquid
3173 735 3254 790 vel
3282 752 3399 790 esse
3422 780 3434 799 ,
3466 738 3547 790 vel

1985 818 2125 882 fieri;
2157 818 2459 872 beatissima
2488 829 2570 873 est
2603 820 2698 874 ista
2727 823 2942 876 omnino
2972 825 3263 878 necessitas
3285 866 3301 890 ,
3329 842 3432 895 qua
3455 843 3551 881 ne-

1981 921 2132 962 cesse
2157 918 2239 962 est
2265 907 2490 964 feliciter
2515 911 2690 964 vivere
2712 951 2728 974 ,
2763 922 2817 965 ει
2865 913 2915 965 in
2947 913 3132 968 eadem
3183 916 3286 968 vita
3339 932 3555 973 necesse

1982 1005 2065 1050 est
2091 1013 2198 1051 non
2243 1000 2376 1052 mori
2401 1039 2416 1064 ,
2452 1015 2670 1054 necesse
2700 1009 2783 1056 est
2827 1002 2878 1055 in
2909 1001 3147 1058 deterius
3177 1021 3281 1058 nou
3333 1007 3548 1059 mutari.

1983 1088 2091 1143 Hac
2116 1092 2452 1157 necessitate,
2481 1091 2524 1146 si
2559 1091 2848 1146 necessitas
2872 1093 3030 1146 etiam
3059 1094 3170 1162 ipsa
3199 1093 3421 1148 dicenda
3449 1105 3548 1158 est,

1981 1197 2088 1234 non
2128 1192 2438 1250 premuntur
2463 1183 2633 1237 sancti
2679 1185 2866 1254 Angeli
2890 1225 2904 1248 ,
2933 1185 3027 1239 sed
3073 1183 3320 1240 fruuntur
3359 1187 3556 1242 :nobis

1980 1281 2156 1328 autem
2187 1283 2268 1327 est
2295 1273 2466 1328 futura
2486 1315 2503 1341 ,
2534 1290 2639 1329 non
2661 1291 2915 1344 prmsens.

2049 1361 2182 1416 CIV.
2223 1363 2340 1417 Jun.
2373 1364 2744 1419 Verumtamen
2765 1406 2781 1433 ,
2815 1366 2880 1420 ad
2909 1366 3322 1422 destructionem
3353 1371 3550 1423 totam‘

1979 1453 2240 1524 dogmatis
2265 1456 2336 1510 tui
2367 1455 2588 1524 prolicit,
2615 1465 2670 1511 ut
2693 1458 2850 1512 etiam
2873 1460 2892 1488 ²
2923 1459 3265 1514 recordemur
3288 1459 3555 1514 definitio-

1980 1560 2105 1598 num
2135 1547 2488 1611 superiorum.
2534 1546 2588 1600 Si
2621 1557 2891 1615 peccatum
2932 1563 3035 1602 non
3078 1559 3158 1603 est
3184 1550 3283 1602 nisi
3313 1551 3555 1603 voluntas

1978 1635 2241 1688 retinendi
2270 1645 2324 1689 et
2361 1636 2673 1690 admitteudi
2718 1637 2856 1705 quod
2899 1637 3103 1706 justitia
3146 1649 3306 1703 vetat,
3336 1646 3390 1692 et
3416 1640 3555 1693 unde

1979 1723 2204 1778 liberttm
2232 1733 2314 1778 est
2340 1725 2637 1791 abstinere;
2663 1726 2872 1791 nullum
2892 1739 3160 1795 peccatum
3197 1728 3246 1782 in
3279 1730 3438 1782 rebus
3461 1745 3553 1797 pe-

1980 1814 2120 1868 nitus
2149 1815 2430 1869 invenitur.

2053 1907 2182 1958 Auc.
2215 1903 2314 1957 Ista
2340 1905 2580 1960 deﬁnitio
2608 1907 2805 1975 peccati
2835 1907 2948 1975 ejus
2976 1915 3079 1972 est,
3109 1908 3258 1978 quod.
3279 1918 3550 1979 peccatum

1982 1993 2346 2050 tantummodo
2391 2004 2511 2060 εει,
2555 2013 2662 2049 non
2707 1997 2849 2065 quod
2891 1998 3049 2050 etiam
3098 2013 3250 2066 poma
3308 2001 3506 2067 peccati
3538 2041 3551 2063 ,

1981 2099 2085 2150 qua
2141 2084 2296 2150 periit
2343 2083 2559 2136 libertas
2593 2103 2694 2138 non
2749 2085 3001 2154 pecastndi
3032 2104 3044 2138 :
3074 2103 3102 2138 a
3131 2103 3237 2156 quo
3269 2089 3410 2141 man
3443 2106 3549 2142 nott

1981 2174 2192 2237 liberat,
2229 2172 2326 2226 nisi
2377 2175 2488 2236 ille,
2517 2177 2599 2228 cui
2647 2191 2750 2228 non
2798 2185 2997 2229 tantum
3045 2177 3310 2241 dicimus,
3342 2178 3550 2232 Dimitte

1983 2265 2123 2317 nobis
2153 2265 2316 2318 debita
2343 2277 2512 2318 nostra
2535 2282 2555 2329 ,'
2600 2282 2781 2320 verum
2826 2268 3009 2331 etiam,
3043 2266 3123 2320 Ne
3149 2285 3239 2321 nos
3284 2269 3472 2339 inferas
3503 2271 3558 2323 in

1983 2357 2322 2432 tentationem,
2346 2358 2433 2408 sed
2454 2347 2612 2412 libera
2633 2375 2722 2411 nos
2743 2376 2774 2410 a
2805 2360 2937 2412 mulo
2968 2359 3179 2425 (Matth.
3201 2377 3288 2425 vr,
3315 2362 3381 2416 1⁸2
3401 2404 3414 2426 ,
3444 2365 3554 2432 15).

2049 2426 2300 2501 CV..JUL.
2328 2447 2457 2500 Nam
2497 2449 2540 2501 si
2585 2464 2688 2502 non
2724 2448 2946 2517 imputat
2973 2451 3174 2516 justitia
3203 2451 3244 2514 ³,
3289 2453 3386 2505 nisi
3417 2426 3553 2506 unde

1980 2535 2201 2588 liberum
2231 2546 2313 2590 est
2351 2538 2644 2601 abstinere;
2688 2548 2741 2592 et
2787 2551 2908 2594 ante
2951 2539 3218 2607 Baptisma
3269 2545 3557 2597 necessitas

1979 2626 2101 2681 mali
2127 2636 2228 2692 εει,
2252 2627 2501 2696 quoniam
2530 2628 2795 2694 voluntas,
2828 2631 2966 2684 sicut
3009 2630 3209 2696 dixisti,
3250 2631 3314 2684 ad
3359 2633 3555 2686 facien-

1978 2715 2103 2769 dum
2133 2716 2326 2770 bonum
2351 2731 2452 2770 non
2479 2727 2561 2771 est
2588 2718 2774 2784 libera,
2817 2735 3015 2789 perque
3063 2721 3164 2774 hoc
3212 2721 3352 2776 aliud
3399 2738 3558 2790 agere

1979 2820 2084 2858 non
2115 2814 2288 2875 potest
2317 2808 2414 2860 nisi
2444 2808 2638 2862 malum
2671 2825 2684 2861 :
2733 2809 2799 2862 ab
2844 2810 3054 2864 infamia
3102 2813 3222 2866 mali
3262 2813 3372 2880 ipsa
3399 2828 3557 2882 quam

1979 2899 2174 2965 patitur
2217 2899 2534 2953 necessitate
2577 2899 2910 2967 defenditur;
2959 2903 3207 2971 quoniam
3257 2905 3392 2972 apud
3439 2920 3557 2958 eam

1974 2985 2230 3054 justitiam
2256 2989 2459 3057 gravari
2483 2991 2732 3058 operibus
2759 2992 2874 3044 suis
2916 3007 3019 3044 non
3062 3001 3269 3062 potest,
3301 3011 3419 3062 qua:
3449 3011 3555 3048 non

1981 3079 2202 3148 imputat
2246 3080 2462 3144 malum,
2506 3082 2605 3136 nisi
2645 3098 2674 3135 a
2722 3098 2828 3151 quo
2873 3083 3096 3138 liberum
3144 3095 3226 3138 est
3267 3085 3554 3140 abstinere.

1980 3168 2106 3222 Post
2134 3169 2400 3238 Baptisma
2428 3181 2602 3225 autem
2624 3213 2640 3236 ,
2669 3173 2711 3225 si
2743 3177 3031 3229 necessitas
3061 3176 3181 3230 botti
3211 3184 3295 3230 est
3316 3215 3332 3239 ,
3358 3178 3556 3230 nulhnn

1981 3259 2161 3328 utique
2193 3267 2365 3327 potest
2393 3275 2512 3314 esse
2541 3271 2839 3329 peceatum.
2876 3263 3006 3318 Vide
3047 3265 3204 3333 igitur
3242 3280 3398 3334 quam
3433 3267 3558 3320 illud

1980 3349 2120 3418 quod
2163 3365 2282 3404 esse
2319 3360 2592 3419 peccatum
2623 3351 2756 3404 ratio
2795 3351 3141 3416 demonstrat,
3190 3353 3412 3408 inveniri
3466 3371 3560 3409 ne-

1981 3448 2141 3508 queat
2177 3440 2228 3493 in
2276 3440 2586 3504 seminibus,
2630 3441 2842 3510 quando
2889 3445 3178 3500 secundum
3224 3445 3560 3501 definitiones

1982 3540 2097 3584 tuas
2112 3529 2223 3600 jam
2256 3547 2352 3584 nec
2383 3533 2433 3585 in
2461 3532 2693 3588 moribus
2725 3533 3009 3587 invenitur.

2050 3623 2186 3677 Asc.
2226 3621 2443 3676 Multum
2489 3638 2672 3689 erras,
2717 3625 2805 3694 qui
2840 3627 2922 3680 vel
2959 3627 3330 3681 necessitatem
3361 3629 3556 3682 nullam

1983 3722 2136 3781 putas
2158 3728 2278 3768 esse
2307 3715 2580 3782 peccandi,
2609 3716 2690 3770 vel
2720 3732 2836 3770 eam
2868 3731 2971 3772 non
2999 3717 3248 3788 intelligis
3270 3719 3410 3773 illius
3439 3735 3559 3788 pec-

1982 3805 2084 3857 cati
2111 3819 2228 3858 esse
2264 3819 2474 3873 pinnam
2497 3846 2512 3870 ,
2540 3807 2680 3874 quod
2705 3809 2847 3863 nulla
2879 3812 3195 3865 necessitate
3219 3813 3562 3866 commissum
3589 3809 3602 3853 (

1983 3906 2083 3950 εει.
2111 3893 2165 3949 Si
2193 3897 2333 3952 enim
2361 3897 2652 3950 necessitas
2680 3898 2822 3954 nulla
2853 3900 3106 3967 peccandi
3145 3910 3226 3960 est
3269 3901 3362 3969 (ut
3398 3901 3558 3954 omit.-

1985 3993 2090 4037 tam
2135 3986 2240 4036 vim
2292 3984 2414 4037 mali
2455 3983 2570 4052 ejus
2615 3985 2756 4055 quod
2800 3986 3128 4054 originaliter
3159 3988 3432 4052 trahitur;
3462 3989 3563 4044 hoc

1983 4074 2125 4129 enim
2155 4075 2356 4130 nullum
2382 4089 2502 4130 esse
2523 4091 2620 4130 vos
2639 4074 2843 4146 vultis).
2867 4077 2992 4147 quid
3017 4078 3336 4147 patiebatur,
3355 4096 3558 4148 quaeso,

1983 4165 2072 4234 qui
2095 4164 2386 4220 secundum
2408 4174 2642 4218 vestrum
2666 4179 2900 4229 sensum,
2925 4174 3067 4222 mnta
3094 4168 3234 4222 mole
3260 4169 3411 4222 mala:
3431 4185 3564 4224 cons

1983 4255 2272 4310 suetudinis
2286 4257 2640 4324 premebatur,
2665 4265 2720 4309 ut
2739 4256 2956 4323 diceret,
2983 4255 3033 4310 Ν
3037 4275 3099 4312 an
3121 4257 3255 4326 quod
3275 4258 3404 4325 volo,
3428 4261 3568 4327 facio,

1986 4349 2206 4410 bonum;
2231 4347 2318 4400 sed
2347 4348 2482 4416 quod
2507 4347 2623 4400 nolo
2654 4349 2864 4412 malum,
2896 4349 2989 4402 hoc
3008 4367 3103 4420 ago
3122 4351 3297 4419 (Rom.
3325 4367 3417 4415 vtt,
3444 4352 3573 4420 l9)?-

1987 4436 2188 4494 Deinde
2211 4437 2444 4507 cogitare
2475 4447 2527 4492 te
2551 4439 2800 4492 existimo
2821 4479 2835 4502 ,
2863 4441 2990 4509 quid
3018 4443 3370 4510 appetendum
3392 4443 3560 4512 ,quid

1983 4526 2255 4582 vitandum
2289 4528 2361 4581 sit
2398 4529 2448 4580 in
2488 4527 2691 4597 agenda
2718 4529 2841 4593 vita,
2875 4541 3072 4598 quanto
3099 4531 3278 4585 labore
3305 4532 3556 4586 discatur.

1985 4615 2085 4683 Qui
2111 4626 2287 4672 autem
2318 4618 2419 4672 hoc
2439 4617 2845 4686 nesciunt,,ipsa
2868 4619 2992 4673 boni
3023 4621 3301 4689 appetendi
3330 4611 3558 4691 malique

1986 4707 2184 4762 vitandi
2217 4708 2516 4778 ignorantia
2535 4706 2558 4738 ⁸⁵
2588 4709 2856 4777 patiuntur
2885 4713 3133 4780 peccandi
3163 4715 3554 4768 necessitatem.

1984 4797 2215 4854 Necesse
2239 4808 2320 4852 est
2343 4798 2482 4852 enim
2511 4809 2565 4852 ut
2590 4809 2793 4870 peccet,
2817 4803 2905 4871 qui
2933 4805 3215 4858 nesciendo
3238 4807 3359 4875 quid
3388 4807 3566 4861 facere

1985 4888 2198 4952 debeat,
2225 4888 2400 4957 quod”
2431 4904 2533 4944 non
2560 4890 2718 4944 debet
2757 4891 2898 4946 facit.
2929 4893 2999 4947 De
3029 4911 3133 4960 quo
3161 4911 3356 4964 genere
3389 4899 3556 4952 tnalo-
3620 4913 3632 4948 t

1985 4995 2103 5033 rum
2150 4979 2287 5032 Deus
2333 4989 2576 5050 rogatur,
2613 4983 2700 5035 ttbi
2747 4983 3196 5046 t_licitur,_Delicla
3216 4988 3488 5055 juventutis
3511 4998 3558 5040 et

1984 5068 2282 5140 ignorantia:
2313 5086 2436 5123 mea:
2474 5088 2536 5125 ne
2572 5072 2854 5125 memineris
2911 5071 3076 5133 (Psal.
3129 5090 3274 5140 xxw,
3306 5077 3378 5148 '7).
3407 5079 3557 5145 Quod

1984 5176 2152 5233 genus
2183 5161 2494 5216 delictorum
2539 5163 2583 5230 si
2612 5178 2716 5217 non
2749 5164 3028 5232 imputaret
3063 5165 3198 5219 Deus
3221 5167 3414 5237 justus.
3451 5186 3554 5220 non

2051 5315 2068 5347 ί
2093 5319 2142 5362 ιιι
2175 5321 2279 5363 Mss.
2309 5315 2430 5362 Clar.
2457 5321 2508 5363 et
2527 5319 2656 5372 Man,
2677 5318 2839 5362 totum.

2050 5375 2404 5438 {mdex‘ttarn
2421 5388 2531 5424 cum
2558 5374 2778 5438 editione
2799 5376 3024 5438 ttenardi,
3046 5377 3189 5431 enim.

2051 5434 2459 5504 faditiJustt'tiw.
2487 5434 3020 5504 tteliusttssnjustitia.’
3102 5497 3112 5504 ,
3223 5501 3229 5504 _
3465 5496 3474 5504 .

2051 5497 2292 5560 ‘sicttss.
2329 5504 2436 5546 Mar.
2474 5504 2682 5560 et‘Port.
2731 5497 2940 5550 At'editi
2972 5513 2985 5560 ς
3025 5497 3112 5560 (mi
3148 5501 3306 5560 mitem
3341 5497 3556 5560 nescium

1987 5557 2140 5622 ipsam
2165 5558 2272 5608 boui
2292 5556 2544 5623 appetendi
2565 5558 2773 5622 titulique
2795 5559 2980 5611 vitandi
2999 5555 3316 5624 ignorantiam
3336 5592 3348 5613 ,
3372 5555 3550 5619 potiun-

1987 5628 2082 5671 ων.
2108 5629 2202 5670 etc.

2051 5655 2369 5746 δἐἷέῖιξιτῴιε,
2391 5678 2528 5746 quid.
2553 5687 2670 5730 Tum
2710 5682 2814 5742 ipse
2848 5695 2904 5732 ac
2944 5681 3230 5744 viguierius,
3273 5692 3362 5729 non
3386 5681 3553 5744 debent

1991 5743 2166 5811 facere,
2185 5743 2313 5800 facit.
2338 5743 2653 5793 l-ztuendantur
2677 5756 2740 5793 ex
2768 5753 2868 5793 Mss.
