4008 6178
418 347 555 404 1119

417 477 479 516 ea
505 458 605 515 sibi
626 458 818 514 dimitti
840 466 1080 527 posceret
1095 455 1253 510 homo
1279 453 1468 509 ﬁdelis.
1492 451 1643 509 Unde
1667 453 1796 509 dicit
1819 463 1871 506 et
1889 452 2009 509 Dei

418 549 647 604 famulus
670 548 790 614 Job,
824 546 1055 617 Signasti
1075 555 1279 612 peccata
1306 561 1417 598 mea
1440 545 1492 598 in
1520 543 1739 607 sacculo,
1762 555 1808 598 et
1829 561 1993 598 auuo-

418 641 535 695 tasti
556 640 601 693 si
623 639 746 709 quid
767 638 949 692 invitus
974 637 1199 691 commisi
1228 635 1350 706 (Job
1388 650 1505 701 xw,
1530 635 1625 701 47,
1668 653 1767 690 sec.
1801 634 1991 706 LXX).

419 730 498 785 'l‘u
528 744 740 800 quoque
776 730 888 797 ipse
917 729 968 782 in
997 728 1132 782 libro
1160 726 1447 782 novissimo
1477 737 1565 781 tuo
1604 742 1788 782 eorum
1813 768 1827 790 ,
1859 741 1992 796 quos

417 828 604 874 contra
634 835 794 873 ttnum
822 833 999 874 meum
1025 828 1252 889 quatuor
1279 817 1510 882 edidisti,
1536 834 1601 873 ex
1628 817 1995 873 affectionibus

419 920 579 980 atque
630 910 963 980 passionibus
1009 909 1168 964 animi
1207 908 1340 963 dicis
1393 928 1412 961 ι
1439 910 1651 964 evenire
1693 907 1995 963 hominibus

418 999 808 1054 all‘ectionalem
847 1000 1153 1070 qualitatem
1197 1009 1355 1070 atque
1397 999 1467 1054 ita
1510 999 1879 1065 inha‘rescere,
1938 1008 1997 1053 ut

420 1100 512 1146 aut
536 1092 742 1162 magnis
769 1090 1128 1147 molitionibus
1152 1133 1167 1154 ,
1195 1100 1287 1146 aut
1313 1091 1470 1145 nullis
1509 1099 1785 1160 separetur
1826 1090 1996 1145 omni-

421 1196 491 1235 no
522 1198 542 1234 ι
577 1180 673 1254 (a).
697 1182 951 1253 Quisquis
973 1196 1102 1253 ergo
1126 1198 1188 1238 ea
1219 1182 1496 1237 timiditate
1531 1181 1846 1252 peccaverit,
1877 1196 1996 1251 qua:

421 1272 490 1326 ab
519 1257 611 1326 illo
634 1288 736 1328 non
767 1283 940 1343 potest
966 1272 1223 1343 separari,
1253 1273 1378 1344 quid
1404 1273 1544 1327 aliud
1571 1288 1727 1355 quam
1756 1270 1995 1326 necessi-

422 1374 530 1420 tate
560 1365 843 1434 peccabit?
880 1365 985 1422 Sed
1030 1382 1124 1420 vos
1167 1366 1265 1421 ista
1298 1375 1510 1435 peccata
1558 1381 1625 1420 ex
1666 1365 1770 1419 illis
1816 1364 1998 1417 venire

427 1457 681 1525 peccatis,
709 1473 828 1527 qum
855 1457 999 1513 nulla
1030 1458 1343 1512 necessitate
1362 1458 1644 1512 commissa
1668 1468 1809 1517 sunt,
1835 1454 1884 1508 in
1909 1455 1999 1508 illo

425 1547 615 1603 saltem
642 1548 954 1616 conceditis,
983 1549 1073 1619 qui
1098 1550 1244 1612 dicit,
1290 1548 1440 1616 Quod
1480 1549 1596 1603 nolo
1640 1549 1861 1613 malum,
1907 1548 2002 1601 hoc

422 1656 537 1709 ago.
567 1638 665 1708 Qui
703 1641 867 1707 enim,
899 1648 958 1696 ut
996 1640 1150 1695 istam
1200 1641 1427 1710 patiatur
1470 1640 1863 1701 necessitatem,
1895 1652 1999 1691 non

422 1731 527 1786 nisi
570 1732 820 1801 peccandi
849 1732 1235 1788 consuetudine
1274 1732 1569 1802 premitur;
1616 1731 1797 1799 procul
1839 1730 2002 1785 dubio

424 1823 727 1892 priusquam
757 1825 1062 1893 peccaret‘,
1093 1824 1325 1879 nondum
1369 1826 1685 1879 necessitate
1721 1831 2006 1877 consuetu-

422 1913 563 1968 dinis
580 1914 1015 1983 premebatur.Ac
1029 1932 1124 1987 per
1140 1915 1260 1979 hoc,
1276 1917 1433 1970 etiam
1452 1915 1741 1971 secundum
1760 1929 1874 1980 vos,
1890 1928 2005 1981 pec-

422 2003 577 2057 candi
595 2005 881 2060 necessitas
897 2006 1039 2062 unde
1067 2008 1335 2062 abstinere
1353 2007 1573 2059 liberant
1603 2021 1707 2060 non
1734 2012 1836 2071 est,
1863 2005 2004 2057 illius

423 2095 623 2163 peccati
644 2110 800 2166 pcena
826 2104 927 2161 est,
944 2111 1091 2166 aquo
1112 2096 1377 2152 abstinere
1405 2096 1624 2150 liberum
1651 2092 1766 2161 fuit,
1794 2094 2009 2164 quando

423 2184 623 2239 nullum
646 2185 851 2254 pondus
874 2186 1205 2241 necessitatis
1233 2185 1470 2257 urgebat.
1491 2186 1600 2240 Cur
1620 2200 1747 2255 ergo
1766 2200 1872 2239 non
1897 2200 2006 2240 crc-

422 2272 546 2327 ditis
562 2282 765 2329 tantum
783 2277 973 2330 saltem
988 2272 1219 2331 valuisse
1233 2276 1359 2330 illud
1377 2275 1529 2345 primi
1562 2275 1794 2329 hominis
1818 2273 2001 2329 inell‘a-

423 2363 806 2433 hilitergrande
823 2373 1118 2434 peccatum,
1139 2374 1270 2420 uteo
1284 2365 1558 2419 vitiaretur
1573 2364 1801 2417 humana
1818 2373 1940 2431 natu
1950 2378 2002 2417 ra

424 2453 689 2516 universa,
721 2464 975 2523 quantmn
1012 2455 1150 2508 valet
1180 2470 1319 2509 nunc
1357 2455 1407 2508 in
1439 2454 1654 2508 homine
1681 2470 1785 2508 uno
1811 2468 2004 2508 secun-

422 2542 491 2597 da
518 2544 747 2597 natura?
768 2543 843 2599 sic
871 2545 1011 2598 enim
1042 2559 1071 2597 a
1098 2544 1269 2598 doctis
1290 2544 1545 2612 appellari
1567 2543 2002 2599 consuetudinem

422 2648 521 2688 nos
546 2635 1043 2688 commemorandos
1081 2635 1271 2703 putasti
1317 2634 1513 2705 (Supra
1533 2676 1546 2697 ,
1577 2651 1689 2705 cap.
1732 2632 1843 2706 69).
1870 2633 2001 2688 Cum

424 2725 583 2794 igitur
604 2734 657 2780 et
679 2725 768 2780 illa
796 2725 1056 2781 fateamur
1080 2727 1130 2781 in
1161 2727 1464 2782 hominibus
1486 2743 1606 2782 esse
1628 2735 1859 2797 peccata,
1888 2742 2005 2795 qua:

422 2816 844 2880 committuntur,
878 2832 980 2871 non
1013 2818 1332 2873 necessitate
1353 2861 1366 2881 ,
1411 2817 1503 2870 sed
1548 2818 1853 2883 voluntate,
1885 2810 2004 2887 qua:

426 2906 791 2963 tantummodo
821 2918 1032 2976 peccata
1062 2916 1223 2973 sunt,
1257 2906 1396 2962 unde
1424 2908 1492 2962 ab
1533 2909 1611 2963 eis
1658 2909 1895 2963 liberum-
1925 2916 2006 2962 est

424 2998 726 3064 abstinere;
757 3006 812 3052 et
850 2999 1081 3067 peccatis
1118 2999 1185 3054 de
1224 2997 1533 3068 ignorantia;
1560 2999 1642 3053 vel
1669 2997 2004 3053 all'ectionum

426 3087 744 3144 necessitate
772 3088 1129 3152 venientibus,
1159 3105 1276 3158 qure
1297 3094 1406 3157 jam
1434 3103 1538 3142 non
1567 3089 1738 3143 solum
1767 3071 2016 3158 peccata,-

426 3195 611 3233 verum
631 3180 789 3235 etiam
808 3194 979 3250 pix-nm
999 3187 1116 3233 sunt
1137 3188 1493 3249 peccatorum,
1517 3179 1727 3248 plenum
1754 3179 1820 3234 sit
1841 3194 2007 3250 genus

426 3268 764 3322 humanum:
796 3269 1061 3338 quomodo
1088 3268 1222 3323 dicis
1249 3268 1640 3323 definitionibus
1667 3270 1861 3325 nostris
1883 3285 2007 3338 pec-

428 3367 603 3413 catum
633 3374 730 3414 nec
758 3358 810 3413 in
834 3360 1071 3414 moribus
1100 3359 1369 3413 inveniri?
1388 3359 1492 3413 Sed
1524 3359 1665 3429 quod
1695 3376 1797 3412 non
1829 3359 2004 3423 vultis,

429 3448 627 3503 audite.
680 3449 724 3502 A
773 3450 1003 3518 peccatis
1046 3448 1291 3503 omnibus
1332 3450 1444 3505 sive
1490 3450 1852 3519 originalihus,
1897 3451 2009 3506 sive

430 3540 736 3602 moralibus,
767 3541 850 3594 vel
876 3555 994 3609 quae
1012 3540 1156 3594 facta
1183 3550 1341 3606 sunt,
1369 3541 1451 3593 vel
1479 3556 1546 3595 ne
1573 3541 1717 3605 liant,
1744 3556 1846 3594 non
1873 3541 2008 3595 libe-

430 3638 514 3682 rat
540 3628 638 3681 nisi
668 3631 835 3698 gralia
867 3629 958 3682 Dei
984 3644 1082 3698 per
1107 3628 1286 3682 .lesum
1310 3627 1576 3682 Christum
1607 3629 1886 3682 Dominum
1915 3645 2010 3682 no-

431 3726 602 3772 strum
623 3758 637 3781 ,
669 3719 721 3772 in
747 3733 852 3788 quo
880 3720 1175 3788 regenerati
1204 3734 1415 3785 sumus,
1448 3728 1501 3774 et
1544 3735 1572 3772 a
1600 3735 1705 3789 quo
1732 3719 2010 3774 didicimus

433 3808 634 3863 orando
654 3808 852 3872 dicere,
877 3824 981 3863 non
1005 3808 1201 3875 solum,
1236 3807 1442 3862 Dimitte
1466 3808 1607 3863 nobis
1632 3808 1795 3862 debita
1816 3819 2008 3876 nostra,

437 3901 487 3956 id
509 3911 610 3968 est,
641 3902 759 3972 quia
792 3902 1159 3970 peccavimus;
1185 3916 1368 3957 verum
1391 3902 1571 3967 etiam,
1608 3899 1690 3957 Ne
1715 3919 1804 3956 nos
1824 3902 2013 3972 inferas

434 3991 488 4044 in
511 3993 851 4056 tentationem‘,
880 3991 931 4046 id
960 3998 1063 4058 est,
1087 4007 1155 4047 ne
1184 4006 1481 4061 peccemus.

506 4081 637 4136 CVI.
666 4083 785 4138 ιω..
819 4081 1010 4138 Verum
1032 4083 1336 4153 consignata
1363 4082 1462 4137 hac
1485 4080 1853 4151 disputationis
1871 4095 2017 4135 sum-

437 4189 522 4229 ma
549 4172 822 4243 prudentis
848 4174 1026 4227 animo
1051 4173 1289 4239 lectoris,
1318 4173 1646 4228 excutiamus
1674 4173 1796 4240 quid
1840 4172 2017 4241 Bapti-

438 4279 552 4318 sma
593 4274 761 4327 tuum,
808 4262 949 4333 quod
998 4271 1215 4332 propter
1242 4262 1408 4316 solam
1440 4262 1745 4331 genitalium
1775 4277 2016 4316 commo-

442 4357 639 4411 tionem
677 4355 811 4411 dicis
862 4355 1021 4409 fuisse
1073 4354 1363 4423 provisum,
1411 4353 1597 4407 crediti
1642 4353 1741 4407 sibi
1784 4352 2018 4408 muneris

440 4457 779 4516 exsequatur.
813 4446 1096 4502 Profitetur
1119 4461 1177 4500 se
1201 4462 1231 4500 a
1254 4445 1484 4517 peccatis
1506 4442 1747 4500 homines
1768 4447 2016 4515 expiare:

442 4540 535 4595 sed
565 4556 685 4594 cum
725 4539 862 4610 apud
887 4538 1143 4609 justitiam
1168 4553 1324 4593 causa
1351 4540 1525 4607 agitur
1547 4537 1834 4593 voluntatis
1856 4580 1872 4605 ,
1914 4554 2018 4593 non

445 4629 814 4699 pronuntiatur
837 4644 949 4693 rea,
974 4644 1092 4697 quze
1116 4627 1257 4682 aliud
1286 4627 1423 4683 velle
1448 4642 1552 4682 non
1584 4628 1772 4697 potuit.
1806 4629 2020 4683 Evane-

444 4726 628 4775 sccnte
653 4726 832 4773 autem
858 4718 1050 4773 invidia
1078 4727 1275 4782 reatus,
1301 4718 1461 4774 etiam
1487 4733 1680 4790 pompa
1707 4718 2023 4791 indulgentis

444 4811 659 4866 evanuit
691 4827 706 4864 :
745 4809 865 4880 quia
896 4825 998 4863 non
1037 4817 1208 4878 potest
1257 4809 1549 4880 ignoscere,
1575 4809 1715 4879 quod
1750 4810 1871 4881 jure
1918 4825 2022 4866 non

446 4909 620 4973 potest
648 4900 927 4968 imputare.
961 4901 1037 4953 Ac
1076 4913 1170 4968 per
1197 4898 1331 4963 hoc,
1365 4900 1727 4968 promissionis
1761 4915 1872 4955 suae
1912 4898 2024 4955 fru-

446 4980 646 5048 st’ratur
671 4990 987 5047 eﬂ'ectibus'
1018 5007 1032 5045 :
1072 4991 1318 5060 quoniam
1357 5004 1456 5045 nec
1497 4989 1691 5045 invenit
1736 4992 1957 5046 crimina
1979 4988 2022 5057 ³,

449 5098 675 5153 quorum
699 5083 1011 5137 remissione
1037 5081 1317 5147 laudetur;
1347 5096 1444 5136 nec
1469 5080 1625 5136 habet
1647 5081 1800 5151 hujus
1827 5083 2028 5137 benefi-

449 5175 515 5228 cii
543 5171 832 5239 debitores,
863 5186 969 5242 quo
991 5179 1328 5241 peccatorum
1351 5171 1519 5224 vincla
1550 5171 1853 5226 solvantur"
1874 5173 2027 5241 :quia

452 5267 505 5320 in
530 5264 859 5320 necessitatis
881 5262 1028 5333 asylo
1054 5262 1340 5317 collocatos
1376 5276 1478 5317 non
1510 5271 1682 5332 potest
1717 5263 1868 5316 malze
1897 5277 2026 5316 con-

378 5378 379 5381 η
449 5356 662 5409 vincere
692 5352 975 5408 voluntatis
1004 5369 1019 5405 :
1054 5366 1150 5421 per
1173 5367 1293 5422 qua:
1317 5352 1492 5407 omnia
1520 5366 1899 5422 supervacuum
1931 5352 2020 5405 de-

515 5467 534 5499 ³
559 5474 609 5515 In
631 5472 757 5523 Mss,
780 5462 916 5525 prius
936 5474 1048 5525 eum
1063 5466 1295 5525 peccaret.

514 5521 1129 5597 ξμβχέιποιςῐῖᾳαίωωὶμ
1164 5596 1167 5597 ί
1534 5583 1543 5592 .
1601 5582 1610 5592 .

520 5588 633 5649 Psie
652 5593 760 5635 Mss.
784 5584 919 5649 aditi,
944 5584 1137 5649 quando
1158 5595 1251 5632 non
1276 5584 1448 5633 mveuit
1471 5584 1688 5634 crimina.

515 5647 539 5679 δ
561 5655 612 5695 tn
636 5654 761 5704 ttss.,
779 5645 1037 5698 solvuntur.

516 5706 589 5770 (α)
615 5708 727 5757 Vide
750 5722 911 5771 supra,
937 5708 1018 5757 lib.
1041 5707 1072 5757 6
1093 5713 1256 5757 contra
1277 5704 1529 5766 Juliautnn,
1557 5719 1601 5754 ιι.
1628 5705 1702 5754 Sil.

1121 342 1361 403 OPERIS
1397 337 1806 396 IMPERFECTI
1845 339 2113 397 CONTRA
2150 340 2508 412 JULlA-NUM,
2548 345 2605 400 S.
2647 342 3018 403 AUGUSTINI
3104 396 3118 406 .

3532 344 3672 406 ltili

2099 454 2460 525 prehenditur.
2492 455 2683 513 Verum
2705 460 2823 529 quia
2844 461 3010 529 gratia
3034 470 3151 530 qua:
3176 474 3205 513 a
3233 458 3448 515 Christo
3469 465 3679 531 provisa

2097 554 2199 609 est,
2232 560 2555 615 supervacua
2598 562 2702 601 non
2733 557 2846 613 est;
2878 547 3201 603 rationabilis
3228 548 3345 617 ejus
3372 551 3679 607 muniﬁcen-
3708 568 3713 575 ν

2102 637 2169 689 tia
2202 645 2464 702 teneatur,
2496 653 2594 707 per
2611 638 2750 708 quod
2773 655 2860 693 rea
2884 640 3125 694 voluntas
3143 640 3474 696 convincitur
3493 657 3683 711 pecea-
3763 692 3777 703 .

2101 726 2250 790 toris,
2283 742 2400 797 quae
2431 728 2600 796 potuit
2634 728 2818 798 utique
2844 738 2946 781 tam
2976 728 3169 782 bonum
3196 729 3352 792 velle,
3382 745 3540 800 quam
3562 747 3677 786 mae

2101 817 2209 872 lum
2234 819 2416 872 voluit.
2450 819 2639 874 Totum
2668 835 2796 888 ergo
2823 821 3130 891 figmentum
3176 823 3511 877 necessitatis
3555 840 3678 880 eva-

2099 908 2211 963 nuit
2237 927 2249 962 :
2275 924 2336 963 ac
2362 924 2458 977 per
2481 911 2612 975 hoc,
2657 913 2854 976 nullum
2901 921 2983 967 est
3026 912 3094 969 de
3134 922 3335 969 naturae
3373 897 3677 973 conditione

2100 1009 2408 1067 peccatum;
2436 999 2531 1055 sed
2560 1000 2782 1055 liberum
2808 1002 3081 1056 arbitrium
3113 1004 3164 1058 in
3193 1014 3376 1059 natura
3404 1007 3677 1065 hominum

2103 1098 2445 1157 perseverat:
2474 1090 2614 1160 quod
2644 1099 2699 1144 ut
2727 1100 2780 1145 tu
2806 1107 2925 1144 eum
2951 1090 3252 1148 Manichaeis
3279 1110 3458 1164 negas,
3484 1099 3553 1152 ita
3579 1113 3677 1153 nos

2100 1192 2220 1235 cum
2252 1181 2518 1250 Apostolis
2545 1190 2600 1237 et
2627 1183 2872 1237 omnibus
2897 1181 3184 1238 Catholieis
3211 1186 3545 1241 conﬁtemur.

2172 1272 2306 1326 Ave.
2346 1271 2575 1326 Necesse
2601 1280 2683 1326 est
2707 1281 2763 1325 ut
2788 1282 2987 1341 peccet,
3021 1287 3050 1325 a
3079 1287 3184 1342 quo
3213 1274 3486 1343 ignoratur
3516 1277 3677 1344 justi-

2104 1363 2173 1416 tia
2205 1379 2218 1415 :
2245 1363 2497 1430 numquid
2544 1363 2663 1417 ideo
2708 1378 2827 1416 cum
2877 1364 3133 1432 justitiam
3175 1366 3514 1434 cognoverit,
3572 1380 3676 1422 non

2103 1452 2288 1505 suntei
2318 1452 2632 1507 remittenda
2662 1463 2894 1521 peccata,
2941 1466 3058 1523 qua:
3101 1455 3407 1524 ignorantia:
3444 1458 3676 1511 necessi-

2107 1551 2211 1596 tate
2233 1543 2536 1598 connnisit?
2553 1545 2657 1597 Aut
2676 1543 2795 1612 quia
2823 1544 2931 1614 jam
2959 1546 3207 1613 cegnovit
3232 1547 3675 1614 quemadmodum

2104 1632 2282 1686 vivere
2310 1632 2524 1698 debeat,
2556 1632 2622 1687 de
2653 1649 2710 1688 se
2734 1633 2850 1701 ipso
2874 1634 2922 1687 ei
2953 1635 3372 1701 prmsumeudum
3402 1645 3484 1690 est
3511 1647 3565 1690 ut
3590 1637 3679 1706 ju-

2104 1731 2186 1776 ste
2214 1722 2373 1786 vivat,
2405 1738 2510 1776 non
2537 1723 2605 1778 de
2655 1724 2749 1777 illo
2790 1723 2875 1777 cui
2914 1723 3125 1788 dicitur,
3169 1723 3250 1778 Ne
3286 1740 3375 1779 nos
3411 1726 3599 1795 inferas
3626 1729 3679 1780 in

2105 1813 2468 1866 tentationcm?
2491 1812 2602 1865 Non
2629 1822 2710 1867 est
2756 1814 2912 1883 igitur
2960 1814 3284 1883 impunitatis
3331 1816 3588 1870 securitas
3625 1816 3677 1869 in

2106 1903 2422 1958 necessitate
2447 1902 2728 1973 peccandi:
2751 1902 2843 1958 scd
2872 1911 2931 1957 ut
2951 1919 3054 1957 non
3080 1904 3219 1958 obsit
3243 1904 3342 1959 ista
3369 1907 3676 1969 necessitas,

2105 1991 2266 2045 donat
2297 1992 2384 2045 ille
2410 1993 2494 2046 cui
2522 1992 2718 2047 dicitur
2741 2033 2755 2056 ,
2786 1992 2860 2046 De
2887 1992 3262 2048 necessitatibus
3299 1996 3422 2048 meis
3449 2010 3566 2049 erue
3603 2012 3682 2051 me

2108 2084 2275 2154 (Psal.
2306 2100 2447 2153 xxiv,
2472 2085 2580 2157 l7).
2602 2084 2773 2138 Donat
2797 2094 2972 2140 autem
3000 2085 3208 2140 duobus
3233 2087 3402 2140 modis
3429 2104 3442 2140 :
3470 2095 3524 2142 et
3550 2102 3684 2157 prae-

2110 2176 2314 2230 teritam
2342 2175 2657 2230 ditnittendo
2695 2176 3042 2245 iniquitatem,
3072 2185 3126 2231 et
3150 2176 3454 2246 opitulando
3494 2192 3562 2233 ne
3602 2178 3684 2231 in-

2109 2274 2310 2320 tremus
2349 2268 2399 2319 in
2443 2266 2809 2320 tentatiouem.
2839 2265 3212 2336 Unusquisque
3242 2282 3367 2322 vero
3394 2276 3628 2322 tentatur
3650 2284 3680 2322 a

2107 2355 2533 2424 eoneupiseentia
2557 2370 2652 2409 sua
2667 2356 2964 2410 abstractus
2982 2366 3036 2411 et
3056 2357 3263 2412 illectus
3291 2354 3490 2427 (Jacobi
3507 2373 3544 2424 ι,
3567 2357 3679 2427 li).

2107 2446 2236 2512 Qua:
2264 2454 2506 2512 suscepta
2533 2454 2619 2499 tua
2647 2454 2750 2499 tam
2782 2446 2872 2500 tibi
2912 2454 3059 2514 grata
3088 2457 3167 2499 est
3192 2488 3207 2511 ,
3253 2457 3311 2500 ut
3352 2463 3471 2500 cum
3501 2449 3568 2503 ab
3596 2448 3683 2502 illa

2107 2534 2162 2587 in
2191 2533 2599 2587 consensionem
2631 2533 2854 2602 quisque
2881 2548 2985 2587 non
3018 2532 3242 2587 trahitur
3263 2574 3279 2600 ,
3323 2535 3487 2603 ipsam
3532 2544 3686 2603 putes

2106 2638 2227 2678 esse
2254 2623 2598 2688 laudandam;
2619 2623 2770 2692 quasi
2799 2622 2994 2677 malum
3020 2638 3123 2677 non
3149 2626 3218 2678 sit
3243 2638 3328 2678 res
3353 2639 3472 2694 qua:
3497 2624 3686 2694 impel-

2107 2715 2169 2770 lit
2202 2716 2252 2769 in
2289 2715 2483 2768 malum
2507 2754 2521 2778 ,
2551 2715 2728 2769 sinon
2757 2714 2808 2769 ei
2846 2714 3030 2780 cedat,
3082 2714 3175 2769 sed
3215 2715 3427 2770 resistat
3463 2715 3551 2769 ille
3593 2716 3683 2785 qui

2108 2805 2411 2875 impellitur.
2432 2806 2682 2872 Quamvis
2708 2815 2761 2859 tu
2779 2846 2793 2869 ,
2823 2805 3031 2862 etiamsi
3057 2805 3106 2859 ei
3134 2806 3515 2867 consentiatur,
3534 2804 3683 2860 illum

2105 2899 2194 2967 qui
2224 2896 2430 2961 cecidit,
2474 2909 2582 2949 non
2609 2895 2775 2963 ipsam
2802 2909 2920 2964 qua:
2957 2895 3198 2964 impulit;
3228 2895 3376 2948 illum
3402 2896 3491 2964 qui
3517 2901 3684 2949 attra-

2107 2998 2224 3043 ctus
2261 2995 2371 3053 est,
2420 3001 2524 3040 non
2563 3000 2729 3056 ipsam
2773 3000 2892 3056 quae
2933 2986 3178 3050 attraxit;
3230 2985 3376 3038 illum
3423 2985 3512 3054 qui
3563 2985 3684 3039 ille-

2109 3088 2224 3133 ctus
2250 3088 2370 3144 est,
2403 3091 2507 3131 non
2554 3077 2725 3144 ipsam
2752 3090 2871 3145 qua:
2899 3075 3098 3139 illexit;
3146 3088 3338 3143 magno
3386 3074 3688 3144 vaniloquio

2109 3168 2397 3223 contendas
2425 3181 2546 3222 esse
2570 3165 2891 3235 culpandum
2926 3183 2940 3219 :
2970 3164 3091 3234 quia
3119 3164 3350 3228 scilicet,
3381 3172 3439 3217 ut
3461 3152 3683 3226 delinis,

2109 3259 2248 3314 male
2277 3273 2402 3313 usus
2439 3266 2521 3313 est
2543 3257 2685 3311 bono
2714 3275 2728 3311 :
2764 3256 2924 3310 habes
2944 3255 3140 3326 quippe
3163 3265 3269 3309 tam
3299 3255 3496 3309 malum
3522 3256 3681 3324 spiri-

2112 3357 2243 3413 tum,
2273 3356 2331 3402 ut
2353 3346 2779 3416 concupiscentia
2808 3345 2947 3399 bona
2990 3345 3085 3399 tibi
3126 3345 3385 3407 videatur,
3433 3360 3533 3413 qua
3562 3360 3688 3398 caro

2110 3440 2440 3508 concupiscit
2467 3438 2721 3493 adversus
2751 3437 3014 3505 Spiritum.
3059 3435 3165 3491 Sed
3201 3436 3473 3506 eleganter
3498 3445 3551 3489 te
3575 3438 3685 3489 exi-

2112 3532 2295 3584 stimas
2337 3531 2563 3584 irrisisse
2612 3529 2681 3583 de
2730 3529 2999 3597 Baptismo
3044 3529 3369 3582 sententiam
3409 3538 3640 3580 nostram
3671 3570 3685 3591 ,

2112 3621 2518 3676 mendacissime
2562 3619 2833 3674 afﬁrmans
2872 3618 3013 3689 quod
3059 3628 3274 3689 propter
3298 3618 3463 3672 solam
3489 3618 3691 3687 genita-

2068 3725 2075 3729 ‘
2113 3713 2241 3767 lium
2280 3711 2687 3766 commotionem
2728 3711 3051 3781 Baptismum
3077 3710 3316 3764 dicamus
3350 3724 3473 3765 esse
3513 3710 3690 3778 provi-

2115 3818 2252 3856 sum.
2283 3801 2400 3857 Non
2438 3801 2539 3856 hoc
2565 3801 2791 3856 dicimus
2822 3819 2837 3856 :
2867 3800 2962 3855 sed
2992 3800 3120 3855 illud
3149 3799 3289 3869 quod
3334 3814 3428 3854 vos
3468 3813 3604 3854 nova
3637 3808 3693 3855 et

2116 3893 2365 3949 haeretica
2409 3894 2752 3963 perversitate
2791 3894 3097 3949 subvertere
3124 3893 3413 3959 conamini,
3443 3892 3695 3956 dicimus,

2116 3983 2238 4038 ideo
2275 3982 2526 4037 divinitus
2548 3997 2669 4038 esse
2692 3982 2963 4052 provisum
2991 3980 3239 4036 secundae
3276 3981 3571 4050 spiritualis
3597 3997 3693 4034 na-

2120 4072 2338 4127 tivitatis
2364 4070 2638 4135 auxilium,
2660 4086 2816 4140 quam
2845 4069 2957 4124 lleri
2988 4071 3039 4123 in
3065 4084 3125 4125 se
3146 4071 3261 4140 ipso
3284 4070 3523 4124 Christus
3548 4069 3698 4123 iusti.

2121 4165 2254 4228 tnit,
2285 4163 2535 4234 quoniam
2577 4162 2868 4217 secundum
2913 4161 3081 4216 Adam
3123 4162 3407 4216 carnaliter
3434 4163 3542 4215 nati
3569 4175 3697 4215 eon-

2122 4255 2338 4309 trahunt
2379 4254 2566 4308 mortis
2610 4254 2840 4323 antiqua:
2881 4254 3047 4322 prima
3092 4254 3367 4307 nativitate
3395 4252 3696 4322 contagium

2128 4344 2451 4416 (Cyprianus,
2468 4343 2633 4415 Epist.
2654 4342 2744 4407 64,
2766 4343 2832 4396 ad
2850 4341 3079 4413 Fidum).
3098 4342 3237 4398 Ecce
3252 4342 3427 4397 verbis
3442 4357 3569 4397 usus
3580 4356 3698 4397 sum

2125 4436 2276 4491 Pceni
2306 4435 2537 4505 episcopi
2576 4434 2846 4505 Cypriani,
2889 4442 3070 4488 contra
3097 4450 3253 4502 quem
3284 4442 3338 4487 tu
3370 4433 3530 4488 etiam
3558 4448 3702 4487 mar-

2126 4535 2295 4598 tyrem
2319 4526 2499 4591 latras,
2521 4540 2642 4579 eum
2670 4525 2922 4579 Ecclesiae
2952 4523 3370 4578 fundatissimam
3400 4523 3581 4587 fidem,
3603 4537 3702 4591 pro

2126 4632 2229 4688 qua
2258 4618 2494 4672 Ecclesia
2526 4618 2671 4672 lusus
2699 4626 2781 4671 est
2807 4616 2924 4684 ejus
2948 4615 3161 4685 sanguis
3180 4657 3195 4681 ,
3225 4629 3516 4686 oppugnas.
3555 4615 3703 4669 Sicut

2126 4709 2269 4764 enim
2296 4709 2489 4763 Paulus
2516 4710 2786 4777 apostoius
2812 4707 2963 4772 dixit,
2994 4705 3097 4761 Per
3116 4722 3272 4760 unum
3298 4707 3547 4761 honiinem
3583 4722 3703 4775 paco

2129 4810 2295 4854 catum
2318 4799 2522 4852 intravit
2547 4798 2599 4851 in
2628 4797 2891 4860 mundum,
2938 4805 2985 4849 et
3028 4812 3117 4866 per
3164 4804 3422 4864 peccatum
3465 4811 3632 4858 mors;
3657 4805 3704 4848 et

2130 4893 2201 4946 ita
2226 4893 2279 4944 in
2307 4907 2477 4944 omnes
2506 4889 2730 4943 homines
2758 4887 3084 4959 pertransiit,
3112 4889 3166 4940 in
3192 4903 3293 4957 quo
3334 4902 3505 4940 outnes
3530 4902 3707 4955 pecca-

2131 4992 2305 5037 verunt
2324 4981 2479 5051 (Rom
2529 4996 2583 5044 v,
2612 4978 2699 5050 12)
2730 4997 2743 5033 :
2773 4980 2842 5033 ita
2872 4989 2923 5033 et
2944 4977 3243 5050 Cyprianus
3282 4978 3591 5047 eplscopus,
3622 4978 3706 5031 in-

2135 5075 2380 5129 tellector
2427 5072 2583 5140 hujus
2616 5070 2904 5140 apostoli‘,
2934 5070 3210 5124 confessus
3251 5078 3373 5133 est,
3418 5068 3707 5123 secundum

2136 5165 2303 5220 Adam
2360 5164 2642 5218 carnaliter
2691 5171 2844 5215 natos
2896 5159 3196 5228 contagiqu
3245 5156 3432 5213 mortis
3479 5159 3707 5227 antiqua:

2136 5257 2301 5326 prima
2347 5254 2616 5308 nativitate
2661 5251 2998 5304 contrahere.
3040 5249 3174 5315 Quid
3225 5259 3307 5303 est
3336 5263 3464 5317 ergo
3491 5248 3629 5316 qttod
3659 5257 3710 5303 te

2138 5348 2402 5414 Apustolis
2451 5356 2503 5399 et
2551 5343 2797 5398 oumibus
2855 5340 3138 5395 Catholicis
3190 5339 3443 5393 fallacuer
3500 5338 3709 5406 jungis;

2137 5437 2560 5509 quandoquidem
2607 5433 2861 5504 Apostnlo
2899 5430 3281 5493 fraudulenter,
3325 5428 3587 5482 catholico
3614 5442 3711 5480 au-

2202 5639 2214 5667 ι
2243 5638 2313 5683 sic
2338 5642 2441 5683 \zes.
2481 5635 2596 5683 t-xliti
2624 5646 2767 5690 vero,
2798 5637 2866 5682 ita
2891 5636 2932 5679 ct
2958 5625 3248 5692 ('ypiiunus,
3276 5632 3326 5674 ut
3362 5621 3623 5674 intellectus
3644 5625 3716 5671 est

2135 5699 2277 5758 lmjus
2302 5695 2511 5756 ttjmstolt'.
