4008 6178
267 340 379 392 1121
1626 326 1818 383 LIBER

1931 328 2135 384 llMUS.

266 464 362 507 tein
389 451 643 521 Episcopo
662 460 714 504 et
731 448 965 520 Martyri,
989 448 1040 502 in
1065 462 1131 502 eo
1154 446 1292 515 quod
1314 444 1479 500 sensit
1507 457 1627 498 cum
1648 443 1823 497 orien-

265 543 344 595 tali
392 551 445 594 ct
486 540 793 593 occidentali
843 538 1101 593 catholica
1141 536 1375 593 Ecclesia
1401 536 1442 602 ί,
1491 534 1824 603 apertissime

3354 331 3494 386 1193

1936 444 2022 499 ille
2045 444 2310 498 diceretur
2326 459 2452 501 esse
2488 446 2618 502 liber
2646 448 2730 502 cui
2768 450 3074 518 operabatur
3103 464 3222 521 ipsa
3265 448 3502 507 libertas.

1931 532 1987 587 Si
2011 534 2153 587 enim
2178 534 2342 601 placet
2368 534 2527 590 etiam
2553 551 2768 591 casuum
2796 552 3022 607 pensare
3050 546 3350 605 momenta,
3383 540 3507 597 huic

265 629 600 683 contradicis?

326 718 471 772 ωτιι.
510 718 626 773 JeL.
689 718 961 787 Expositio
1011 733 1160 784 sane,
1211 732 1366 787 quam
1411 714 1559 771 Pauli
1597 712 1823 783 apostoli

258 811 582 865 sermonibus
608 810 885 866 admovisti
907 852 923 877 ,
950 827 1072 865 cum
1103 812 1208 871 t'jsu
1249 819 1388 864 esset
1431 805 1820 877 praetereunda,

256 898 351 952 nisi
373 900 760 969 Scripturarum
782 909 1009 956 terreret
1033 904 1265 971 ignaros.
1293 898 1420 953 Cum
1438 899 1629 961 essetis,
1654 897 1825 966 inquit

256 991 529 1059 Apostolus
548 1032 563 1053 .
593 993 721 1045 servi
750 994 963 1061 peccati,
994 991 1134 1045 liberi
1162 992 1333 1063 fuistis
1361 990 1596 1061 justitite.
1633 988 1821 1043 Dicere

257 1083 427 1151 utique
457 1100 563 1138 non
592 1093 832 1154 poterat,
881 1084 1152 1139 Liberatos
1183 1101 1198 1136 :
1237 1082 1486 1152 quoniam
1528 1080 1615 1134 hic
1642 1092 1822 1133 sermo

252 1171 570 1226 liberationis
599 1184 723 1228 tunc
764 1174 1019 1229 decenter
1057 1174 1279 1228 infertur
1320 1180 1375 1226 et
1419 1169 1653 1240 proprie,
1698 1182 1819 1224 cum

251 1258 403 1314 homo
438 1275 469 1313 a
518 1263 690 1316 noxiis
734 1262 1028 1328 liberatur;
1073 1262 1222 1317 liberi
1266 1271 1445 1316 autem
1482 1274 1513 1312 s
1541 1258 1821 1313 virtutibus

248 1347 343 1402 dici
388 1359 635 1419 possunt,
666 1350 758 1422 qui
783 1351 1076 1408 decernunt
1121 1350 1249 1406 niihil
1290 1351 1488 1406 debere
1513 1348 1816 1404 virtutibus.

250 1437 400 1493 Liber
427 1456 560 1510 ergo
597 1450 651 1496 et
678 1457 707 1495 a
736 1443 878 1499 bono
901 1452 956 1500 et
981 1460 1010 1498 a
1034 1444 1174 1498 malo
1198 1442 1301 1498 dici
1330 1448 1523 1511 potest.
1553 1439 1642 1509 qui
1667 1439 1818 1494 alteri

204 1590 211 1599 Δ
245 1528 513 1594 serviens,
544 1530 695 1584 alteri
725 1531 900 1586 studet
926 1532 1056 1586 nihil
1096 1531 1291 1587 debere
1319 1548 1332 1585 :
1363 1530 1615 1584 liberatus
1641 1537 1818 1582 autem

245 1617 335 1670 nisi
357 1633 384 1670 a
416 1620 563 1693 malo
589 1620 690 1674 dici
718 1637 827 1675 non
858 1633 1068 1692 potest;
1094 1622 1217 1693 quia
1246 1621 1468 1676 verbum
1494 1620 1594 1674 hoc
1624 1618 1816 1673 libera-

244 1708 390 1761 tiouis
418 1710 473 1762 in
506 1725 569 1764 se
593 1711 751 1766 habet
792 1713 1045 1768 indicium
1075 1712 1217 1769 illius
1238 1712 1325 1782 qui
1352 1710 1691 1782 propulsatur
1717 1724 1815 1762 an-

240 1801 392 1866 goris.
414 1803 550 1867 Quae
576 1805 735 1873 igitur
761 1804 845 1859 hic
883 1806 1107 1874 quaestio
1132 1804 1386 1874 Apostolo
1410 1802 1479 1857 de
1507 1801 1683 1856 verbis
1705 1800 1816 1854 suis

242 1891 345 1946 ﬁeri
373 1897 567 1962 potuit,
612 1912 734 1952 cum
780 1896 872 1953 ille
913 1912 1064 1952 more
1104 1897 1315 1967 generis
1352 1895 1591 1959 humani,
1615 1908 1645 1946 a
1677 1888 1816 1946 bene

243 1982 425 2037 liberos
448 2025 464 2047 ,
499 2000 529 2039 a
561 1988 700 2040 man
726 1987 918 2043 dixerit
958 1987 1240 2043 liberatos?
1269 1986 1393 2041 Cum
1428 1999 1578 2055 ergo,
1623 1983 1812 2053 inquit,

241 2074 358 2126 tenvi
404 2078 583 2130 essetis
621 2080 830 2147 peccati,
878 2079 1021 2137 liberi
1050 2079 1219 2147 fuistis
1254 2078 1509 2148 justitiat:
1537 2091 1681 2144 quem
1707 2076 1816 2142 {ru-

240 2171 358 2215 ctum
387 2165 637 2220 habuistis
665 2177 782 2221 tunc
821 2169 875 2225 in
903 2169 1014 2231 Itis,
1040 2170 1091 2221 in
1110 2167 1299 2238 quibus
1328 2183 1458 2221 nunc
1486 2162 1816 2219 erubescitis?

241 2256 328 2311 Sed
355 2274 424 2312 ne
459 2269 518 2315 tu
547 2261 847 2315 aestimares
870 2274 1056 2314 servos
1082 2274 1181 2314 nos
1213 2266 1428 2327 peccato
1453 2256 1565 2312 ﬁeri
1603 2271 1696 2324 per
1721 2270 1815 2309 na-

245 2356 428 2412 tnratn,
463 2349 592 2405 audi
618 2351 787 2418 ipsum
819 2351 1129 2418 Apostolum
1158 2350 1210 2407 in
1237 2347 1422 2403 iisdem
1448 2347 1579 2401 locis
1599 2348 1817 2414 loquen-

243 2447 373 2492 tem:
417 2438 505 2492 An
551 2440 754 2494 nescitis
794 2440 1034 2510 quouiam
1089 2440 1173 2491 cui
1217 2437 1456 2492 exhibetis
1495 2435 1816 2503 vosmetipsos

240 2543 387 2581 servos
409 2527 485 2579 ad
513 2527 862 2592 obcdieudum,
896 2529 1025 2585 servi
1052 2528 1170 2581 estis
1206 2527 1321 2594 ejus
1336 2526 1421 2579 cui
1457 2525 1686 2589 obeditis,
1712 2524 1815 2579 sive

241 2619 431 2686 peccati,
458 2619 571 2673 sive
610 2620 945 2681 obauditionis
979 2619 1191 2691 justitia:
1221 2618 1393 2688 (Rom.
1439 2631 1527 2681 γι,
1579 2615 1669 2677 20,
1716 2614 1808 2677 21,

242 2710 355 2779 lli)?
381 2710 775 2780 VosmetipSOs‘,
806 2711 995 2780 inquit,
1023 2709 1336 2767 exhibuistis
1356 2717 1572 2777 peccato
1591 2720 1808 2771 servos;

246 2801 680 2871 utinle‘lligeres,
708 2816 829 2854 eum
869 2800 1159 2860 voluntati,
1196 2814 1302 2852 non
1349 2797 1606 2852 nativitati
1638 2797 1811 2864 impu-

241 2897 337 2947 tare
372 2900 677 2960 peccatum.
716 2890 796 2945 Ob
828 2889 933 2944 hoc
957 2905 1084 2959 ergo
1116 2888 1291 2945 solum
1321 2902 1415 2941 eos
1450 2888 1586 2942 dixit
1616 2886 1811 2941 liberos

240 2979 387 3035 fuisse
409 2981 640 3051 justitiae
660 3021 675 3047 ,
705 2984 825 3051 quia
855 2982 1242 3036 detrectassent
1265 2981 1381 3048 ejus
1408 2989 1668 3049 praecepta
1692 2993 1811 3033 ser-

240 3089 367 3128 vare.
1058 3114 1061 3117 .

297 3165 424 3221 Anc.
466 3164 534 3220 Si
573 3165 643 3220 ob
678 3167 780 3219 hoc
819 3165 989 3219 solum
1036 3163 1161 3218 dicti
1202 3171 1325 3216 sunt
1365 3160 1610 3216 homines
1655 3158 1812 3214 liberi

241 3252 661 3325 luissejuslitize,
684 3255 822 3324 quod
851 3256 1237 3310 detrectassent
1263 3253 1382 3319 ejus
1409 3258 1668 3319 praecepta
1692 3263 1812 3303 ser—

240 3360 376 3411 vare;
408 3362 549 3417 ergo
591 3356 873 3415 antequam
913 3346 1215 3412 acciperent
1251 3349 1516 3412 pmepts
1542 3339 1770 3409 justitiac
1794 3380 1809 3404 ,

241 3449 343 3503 qua:
373 3437 743 3491 detrectarent
775 3450 991 3491 servare
1011 3476 1024 3498 ,
1057 3448 1162 3487 non
1196 3441 1349 3486 erant
1375 3430 1525 3485 liberi
1556 3429 1809 3497 justitite,

242 3527 464 3597 servique
492 3526 703 3596 peccati
721 3526 745 3578 ?
763 3527 882 3595 quis
910 3525 1009 3579 hoc
1046 3524 1284 3579 dixerit?
1315 3522 1396 3587 Ab
1424 3522 1522 3576 hac
1549 3536 1678 3590 ergo
1719 3536 1813 3574 ne-

243 3619 465 3674 cessitate
506 3618 785 3675 servitutis
828 3616 917 3671 ille
958 3616 1181 3679 liberat,
1208 3615 1298 3683 qui
1347 3628 1451 3668 non
1502 3611 1673 3666 solum
1722 3610 1816 3664 dat
1872 3624 1879 3635 ‘

244 3720 491 3781 percepta
528 3725 622 3779 per
646 3710 816 3779 legem
841 3722 1057 3770 ;\'el'lllll
1083 3706 1243 3760 etiam
1267 3704 1432 3757 donat
1450 3717 1545 3771 per
1557 3701 1813 3767 Spiritum

244 3800 583 3863 cbaritatem,
627 3797 781 3867 cujus
810 3796 1167 3851 delectatione
1231 3793 1471 3846 vincatur
1528 3787 1816 3843 delectatio

244 3891 426 3956 peccati
471 3907 487 3943 :
553 3888 783 3955 alioquin
813 3893 1134 3956 perseverat
1176 3882 1370 3937 invicta
1410 3882 1455 3945 ³,
1494 3888 1550 3935 et
1598 3893 1811 3934 servum

246 3994 383 4035 suum
421 3987 596 4034 tenet.
626 3982 667 4032 A
710 3993 816 4048 quo
853 3977 993 4030 enim
1036 3974 1156 4043 quis
1197 3971 1438 4027 devictus
1470 3977 1592 4036 est,
1620 3968 1744 4023 huic
1762 3976 1818 4022 et

245 4082 416 4125 servus
439 4069 689 4124 addictus
707 4076 791 4122 est
814 4065 881 4137 (ll
907 4065 1047 4118 Petr.
1069 4080 1128 4128 ιι,
1157 4062 1266 4134 19).

309 4159 477 4216 CVIII.
515 4158 635 4215 Jun.
665 4157 900 4228 Denique
943 4155 1120 4209 statim
1151 4153 1330 4217 addit,
1377 4152 1445 4206 ita
1490 4164 1585 4206 eos
1632 4164 1816 4204 servos

249 4266 355 4305 esse
375 4250 626 4321 justitiae,
671 4248 810 4302 sicut
850 4246 1057 4301 Inerant
1084 4244 1223 4298 servi
1262 4252 1390 4297 ante
1439 4241 1659 4310 peccati.
1713 4239 1818 4299 Per

252 4340 377 4410 quod
404 4350 558 4412 potes
597 4354 691 4395 eos
711 4339 820 4406 jam
850 4346 903 4391 tu
922 4376 939 4398 ,
967 4336 1010 4390 si
1039 4335 1241 4403 placet,
1270 4334 1465 4387 liberos
1487 4331 1665 4386 dicere
1695 4346 1819 4400 pec-

252 4442 380 4498 cato,
403 4448 521 4487 cum
545 4431 785 4485 serviunt
808 4427 1026 4498 justitizc
1051 4442 1066 4491 ;
1097 4426 1235 4480 sicut
1264 4425 1333 4479 ab
1363 4424 1453 4478 illo
1490 4422 1615 4478 dicti
1643 4431 1765 4476 sunt
1787 4438 1817 4476 a

252 4521 435 4590 iustitia
466 4522 657 4585 liberi,
681 4534 802 4574 cum
832 4517 1093 4572 servirent
1115 4515 1330 4570 delicto.
1357 4512 1692 4582 lneptissime
1722 4512 1821 4566 ita-

254 4625 349 4678 que
371 4610 694 4680 simplicitati
721 4606 1028 4679 apostolicae
1057 4604 1264 4657 voluisti
1308 4601 1624 4657 calumniam
1666 4617 1818 4656 com-

256 4714 474 4756 movere.
504 4700 688 4770 Neque
712 4696 995 4760 enimille,
1019 4702 1077 4748 ut
1103 4701 1275 4763 putas,
1297 4690 1696 4770 vigilatttissime
1721 4690 1820 4746 hoc

255 4790 385 4859 quod
424 4768 657 4857 :esttmas
700 4787 960 4842 intimavit
1007 4803 1021 4840 :
1073 4783 1165 4837 sed
1215 4792 1267 4835 tu
1314 4768 1822 4837 somniculosissime

257 4880 384 4946 quod
415 4879 505 4953 ille
527 4878 742 4948 protulit
769 4876 1012 4930 intueris.
1035 4872 1435 4942 Argutnentaris
1460 4870 1676 4942 quippe,
1703 4870 1823 4925 ideo

259 4966 391 5021 illum
419 4967 668 5021 liberatos
694 4965 869 5019 dicere
898 4963 1170 5029 maluisse,
1192 4975 1349 5030 quam
1380 4960 1597 5023 liberos,
1636 4968 1695 5013 ut
1736 4959 1822 5014 in-

258 5057 604 5126 telligeremus
644 5054 848 5109 arbitrii
895 5053 1138 5108 libertate
1180 5051 1318 5106 male
1357 5050 1568 5120 quidem
1623 5064 1821 5120 posse,

257 5152 382 5208 bene
406 5164 584 5209 autem
623 5152 733 5207 ﬁeri
773 5166 877 5205 non
905 5164 1082 5220 posse.
1117 5148 1309 5203 Verum
1341 5147 1454 5216 ipse
1495 5145 1587 5201 tibi
1632 5145 1824 5200 verbo-

258 5258 365 5297 rum
392 5244 512 5313 ejus
537 5242 668 5297 ordo
687 5242 954 5297 renititur.
984 5239 1113 5294 Nam
1142 5238 1185 5293 si
1217 5237 1338 5300 hoc,
1368 5236 1509 5306 quod
1533 5244 1609 5300 tu,
1641 5245 1822 5304 putas-

258 5345 332 5389 set
347 5335 388 5396 ³,
416 5336 537 5405 quia
564 5335 807 5389 libertate
834 5334 1005 5387 solum
1037 5339 1376 5400 peccaretur;
1398 5327 1582 5383 debuit
1621 5326 1822 5392 dicere,

260 5424 424 5481 Liberi
456 5427 623 5482 fuistis
646 5433 897 5497 peccato;
928 5440 1053 5488 non,
1084 5421 1251 5476 Liberi
1287 5420 1454 5491 fuistis
1481 5418 1698 5487 justitite
1719 5433 1738 5471 :
1769 5426 1827 5472 ut

324 5643 339 5672 ι
359 5649 478 5700 vox,
503 5639 725 5700 Ecclesia,
761 5640 1032 5689 restituitur
1057 5649 1120 5685 ex
1153 5634 1504 5700 manuscriptis.

317 5703 337 5732 ι
361 5693 498 5761 aditi,
520 5698 677 5753 invita.
702 5693 806 5761 atss.
831 5707 941 5749 Mar.
964 5706 1022 5761 et
1054 5702 1176 5746 Port.
1193 5731 1207 5756 ,
1231 5693 1422 5761 nam.

321 5763 342 5795 ³
358 5756 494 5824 aditi,
515 5771 629 5813 Nam
658 5762 700 5813 si
716 5760 820 5823 hoc,
846 5759 973 5824 quod
996 5765 1047 5809 tu
1070 5764 1228 5822 putas,
1247 5756 1325 5805 sit.
1363 5763 1487 5815 Mss,
1513 5759 1731 5813 mttasset

1930 625 2050 679 illos
2062 626 2279 693 justitia:
2299 626 2432 681 dixit
2453 642 2573 683 esse
2606 630 2799 684 liberos
2818 672 2833 695 ,
2865 647 2972 685 non
3000 633 3070 687 ab
3092 632 3194 688 hac
3214 634 3414 702 iustitia
3445 634 3508 687 li-

1926 715 2107 771 heros.
2148 713 2574 787 Consc'quentius
2612 736 2737 789 ergo
2775 721 2874 775 hac
2901 723 3196 778 elocutione
3225 740 3323 779 nos
3354 724 3504 793 adju-

1928 823 2192 874 varemur,
2222 809 2268 863 si
2313 811 2471 864 etiam
2502 820 2608 865 tam
2635 813 2777 868 leves
2824 829 2908 869 res
2955 830 3194 883 premere
3224 817 3500 870 vellemus.

1926 896 2028 953 Sed
2054 898 2193 951 absit
2220 897 2359 953 hoc:
2388 913 2604 954 sensum
2632 901 2970 971 intelligimus
3003 905 3265 972 Apostoli,
3298 915 3351 959 et
3383 905 3500 959 elo-

1924 991 2194 1044 cutiouum
2254 991 2565 1060 simpliciter
2628 993 2952 1062 prolatarum
3018 994 3197 1051 oﬂicio
3261 996 3499 1049 contenti

1925 1095 2127 1135 sumus;
2155 1079 2295 1135 Nihil
2323 1080 2463 1139 aliud
2503 1081 2640 1136 dixit
2675 1082 2923 1152 Magister
2946 1081 3230 1151 Gentium,
3259 1084 3382 1148 nisi,
3414 1084 3500 1138 Li-

1910 1181 2040 1236 «beri
2061 1181 2251 1247 fuistis,
2272 1197 2381 1237 non
2400 1183 2659 1244 servistis,
2673 1180 2894 1250 justiti:e
2922 1198 2938 1234 :
2962 1180 3170 1236 liberati
3196 1182 3344 1246 estis,
3373 1195 3501 1251 pec-

1915 1280 2165 1329 catorum
2178 1274 2385 1330 veniam
2397 1272 2725 1344 suscepistis,
2739 1280 2987 1328 manente
2996 1272 3199 1327 arbitrii
3218 1272 3495 1337 libertate;

1923 1378 2189 1434 perquam
2211 1374 2494 1436 potuerunt
2517 1374 2573 1421 et
2590 1372 2716 1420 ante
2735 1371 2974 1434 peccato,
2995 1372 3054 1420 et
3076 1372 3258 1435 postea
3276 1364 3499 1421 obedire

1916 1454 2157 1524 justitize.

1990 1545 2126 1601 Anc.
2168 1544 2248 1599 Ex
2275 1545 2377 1598 isto
2402 1543 2652 1600 haeretica
2676 1559 2835 1599 sensu
2858 1584 2874 1609 ,
2902 1558 3008 1613 quo
3035 1543 3210 1600 dicitis
3236 1558 3342 1599 non
3378 1543 3497 1599 ﬁeri

1921 1651 2018 1704 per
2041 1636 2264 1707 gratiam
2286 1635 2652 1690 liberationem
2673 1650 2703 1688 a
2731 1644 2970 1704 peccato,
3000 1635 3102 1689 nisi
3123 1650 3246 1689 cum
3275 1633 3342 1689 de
3358 1648 3496 1703 prte-

1922 1727 2081 1782 terito
2103 1727 2360 1795 accipitur
2377 1726 2559 1789 venia;
2587 1740 2689 1779 non
2709 1734 2885 1779 autem
2913 1726 3071 1779 etiam
3100 1740 3167 1779 ne
3194 1724 3497 1779 dominetur

1917 1826 2216 1886 peccatum,
2249 1831 2367 1871 cum
2397 1817 2622 1888 quisque
2643 1832 2675 1871 ιι
2695 1816 3119 1885 concupiscentia
3149 1830 3242 1870 sua
3270 1805 3496 1871 trahitur

1915 1908 1969 1962 in
1996 1908 2111 1978 ejus
2136 1922 2442 1973 assensum;
2469 1908 2627 1963 etiam
2666 1915 2969 1962 sanctorum
2997 1906 3325 1961 orationibus
3359 1920 3491 1961 con-

1915 1998 2192 2053 tratlicitis.
2222 1998 2418 2068 thnid
2442 1998 2583 2052 enim
2616 1998 2724 2052 Deo
2746 1997 2959 2059 dicitur,
2995 1996 3079 2051 Ne
3105 2013 3198 2051 nos
3220 1997 3412 2066 inferas
3437 1998 3493 2050 in

1918 2090 2273 2152 tentationem;
2296 2090 2360 2154 si,
2385 2097 2447 2143 ut
2462 2090 2564 2143 hoc
2579 2103 2682 2142 non
2711 2088 2820 2153 liat,
2844 2090 2897 2142 in
2916 2089 3068 2143 liberi
3095 2088 3298 2143 arbitrii
3324 2088 3490 2143 nostri

1917 2185 2000 2231 est
2029 2185 2306 2244 potestate,
2330 2178 2470 2247 quod
2492 2178 2645 2231 nobis
2668 2177 2978 2232 naturaliter
2997 2178 3211 2232 insitum
3236 2179 3359 2231 est?
3391 2177 3491 2233 Ut-

1916 2266 2043 2336 quid
2072 2266 2199 2321 dicit
2239 2267 2546 2336 Apostolus,
2603 2266 2821 2321 Oramus
2868 2276 3035 2321 autem
3078 2267 3147 2319 ad
3195 2266 3378 2330 Deum,
3431 2284 3495 2321 ne

1916 2354 2038 2426 quid
2064 2359 2262 2426 faciatis
2291 2358 2413 2413 ntali
2441 2359 2462 2431 (
2485 2354 2670 2413 Il'Cor.
2698 2373 2811 2420 xm,
2839 2360 2870 2412 Ἰ
2893 2361 2947 2426 );
2977 2358 3023 2412 si
3063 2359 3199 2412 Deus
3225 2373 3330 2413 non
3360 2359 3493 2413 libe-

1916 2456 2047 2502 rata
2080 2450 2329 2517 peccatis.
2360 2451 2459 2504 nisi
2486 2450 2693 2505 veniam
2724 2450 2902 2504 dando
2929 2449 3247 2519 prmteritis?

1982 2538 2117 2593 CIX.
2146 2540 2262 2594 Jun.
2306 2541 2541 2610 Denique
2565 2540 2691 2610 quid
2731 2540 3032 2595 exhortatio
3056 2540 3222 2610 ipsius
3249 2548 3452 2594 teneret
3473 2582 3488 2605 ,

1912 2629 2164 2694 ostendit,
2194 2630 2557 2699 praemittens:
2583 2629 2877 2684 Humanum
2897 2639 2969 2683 est
2985 2630 3118 2699 quod
3132 2630 3265 2695 dico,
3290 2639 3493 2701 propter

1913 2719 2252 2785 inﬁrmitatem
2267 2721 2434 2773 carnis
2450 2730 2626 2774 restria
2645 2736 2663 2774 :
2682 2712 2811 2774 siEut
2825 2720 2959 2773 enim
2971 2719 3263 2774 exhibuistis
3274 2720 3492 2773 menrbra

1912 2825 2076 2867 rostra
2100 2813 2284 2868 servire
2322 2812 2652 2866 immunditiis
2676 2823 2723 2866 et
2745 2811 2998 2877 iniquitati
3034 2810 3104 2864 ad
3142 2811 3493 2881 iniquitatem;

1912 2904 1984 2957 ita
2008 2920 2143 2957 nunc
2171 2904 2395 2958 exhibete
2416 2904 2638 2959 membra
2662 2912 2825 2956 vestra
2852 2902 3035 2956 servire
3058 2902 3263 2968 iustitia
3293 2902 3347 2955 in
3369 2918 3493 2956 san-

1914 2995 2263 3063 cti/irationem
2293 3010 2312 3048 :
2357 3011 2470 3047 cum
2514 2994 2645 3046 enim
2691 2993 2818 3045 servi
2863 2992 3032 3045 essetis
3079 2992 3304 3059 peccati,
3351 2991 3495 3045 liberi

1916 3088 2083 3159 fuistis
2100 3088 2309 3158 iustitiae
2334 3085 2507 3158 (Rom.
2535 3101 2605 3145 γι.
2630 3085 2697 3139 19
2719 3095 2763 3137 rt
2781 3083 2895 3155 20).
2918 3083 3321 3138 Ordinatissime
3340 3098 3494 3151 pror-

1915 3192 2006 3233 sus
2032 3180 2175 3247 Ipsos
2194 3177 2322 3231 dicit
2345 3178 2539 3231 liberos
2562 3176 2727 3229 fuisse
2748 3174 2986 3240 justitiie,
3013 3188 3147 3242 quos
3172 3184 3495 3228 convenerat

1915 3278 1974 3324 nt
2023 3268 2256 3323 membra
2310 3279 2403 3320 sua
2444 3269 2499 3320 in
2539 3267 2682 3319 omni
2729 3266 3144 3319 sanctiﬁcatione
3172 3265 3489 3318 retinerent.

1915 3359 2109 3414 Verum
2136 3358 2254 3428 quia
2280 3374 2385 3412 non
2408 3373 2590 3426 parum
2617 3356 2700 3410 hic
2723 3354 2985 3410 immersti
3008 3369 3213 3421 sumus,
3241 3364 3300 3409 ut
3316 3366 3499 3410 osten-

1914 3450 2164 3505 der-emus
2208 3448 2560 3503 certissimum
2613 3462 2734 3501 esse
2780 3445 2920 3515 quod
2973 3445 3213 3500 dixeram
3262 3445 3493 3515 (Supra,

1918 3563 2030 3613 mp.
2059 3546 2182 3616 75),
2212 3546 2333 3616 quia
2384 3556 2636 3615 negarent
2674 3545 2893 3598 liberum
2933 3543 3205 3599 arbitrium
3253 3543 3498 3596 homines

1914 3639 2004 3708 qui
2035 3645 2214 3693 vestro
2244 3637 2465 3693 fuissent
2502 3650 2750 3692 sermone
2791 3635 3068 3703 deterriti,
3119 3642 3175 3689 et
3214 3635 3266 3687 in
3312 3648 3496 3687 verum
3553 3636 3578 3655 ⁹

1884 3729 2135 3782 ‘cxitium
2165 3743 2298 3781 vana
2339 3726 2621 3780 formidine
2662 3725 3036 3791 truderentur;
3078 3732 3240 3793 atque
3283 3730 3335 3776 le
3379 3734 3499 3777 esse

1918 3818 2243 3887 praecipuum
2267 3815 2470 3869 arbitrii
2506 3815 2659 3869 lib’eri
2696 3823 3004 3884 negatorem
3033 3830 3047 3866 :
3076 3821 3409 3867 revertamur
3431 3810 3497 3864 ad

1919 3908 2066 3962 illum
2093 3906 2311 3971 librant,
2341 3905 2430 3974 qni
2456 3913 2537 3958 est
2563 3903 2628 3957 ad
2658 3903 2927 3957 Valerium
2955 3902 3269 3966 destinatus,
3296 3910 3353 3953 ut
3370 3914 3499 3969 pro-

1918 3999 2106 4053 bemus
2131 3997 2305 4066 primo
2334 4004 2388 4051 te
2408 4009 2630 4064 negasse
2648 3993 2978 4048 conditorem
3004 3992 3173 4046 Deum
3200 4006 3215 4054 ;
3244 4004 3383 4043 nunc
3406 4004 3501 4042 au-

1920 4095 2051 4154 tem,
2080 4087 2204 4141 alibi
2233 4085 2444 4156 quidem
2472 4099 2687 4154 negare,
2709 4081 2834 4136 alibi
2855 4081 3129 4135 scelestius
3147 4080 3316 4133 multo
3343 4093 3500 4148 quam

1920 4191 2210 4249 negaveras
2235 4176 2498 4231 confiteri.
2529 4174 2596 4229 Et
2624 4173 2836 4243 quidem
2863 4186 3018 4242 quam
3049 4171 3101 4225 in
3137 4170 3229 4225 illo
3254 4169 3390 4224 libro
3411 4177 3502 4222 tuo

1919 4272 2099 4344 priore
2144 4269 2385 4324 absolute
2422 4267 2591 4322 Deum
2637 4265 2914 4336 negaveris
2958 4262 3285 4317 conditorem
3329 4259 3502 4313 homi-

1922 4379 2073 4429 num,
2096 4362 2225 4417 satis
2248 4374 2369 4415 cum
2395 4359 2749 4414 discuteretur
2773 4354 3055 4425 apparuit:
3083 4352 3261 4408 dixisti
3282 4350 3495 4421 quippe,

1923 4452 2063 4524 quod
2099 4470 2118 4503 ι
2149 4465 2315 4521 genus
2340 4450 2627 4504 humanum
2657 4445 2901 4501 diabolus
2939 4442 3088 4514 quasi
3134 4440 3353 4512 plurumi
3381 4456 3411 4493 ι
3436 4455 3504 4495 le

1925 4545 2130 4600 fruticis
2155 4543 2380 4598 fructum
2408 4540 2527 4608 jure
2551 4538 2862 4605 decerperet
2889 4553 2908 4586 ι
2930 4532 3033 4605 (De
3052 4530 3261 4601 Nuptiis
3289 4539 3336 4583 et
3365 4528 3503 4583 Con-

1925 4634 2247 4706 cupisccutia,
2277 4630 2362 4683 lib.
2390 4630 2441 4695 1,
2480 4645 2534 4681 n.
2573 4626 2699 4693 26);
2726 4624 2996 4693 tnnltaque
3025 4621 3125 4675 alia
3153 4634 3272 4690 quae
3313 4619 3432 4673 loco
3470 4633 3503 4673 a

1924 4731 2428 4796 teargumentorum
2470 4719 2639 4788 posita
2668 4717 2789 4771 huic
2827 4724 3182 4782 coeperantur
3215 4712 3405 4767 errori.
3445 4710 3502 4767 In

1926 4817 2029 4871 hoc
2055 4828 2180 4869 vero
2209 4809 2445 4866 secundo
2466 4809 2620 4872 libro,
2654 4807 2752 4860 etsi
2783 4805 3124 4859 universitate
3148 4801 3407 4871 dogmatis
3429 4801 3502 4855 tui

1927 4906 2065 4960 idem
2098 4917 2252 4973 agas;
2284 4908 2462 4954 tamen
2490 4897 2835 4969 perniciosius
2858 4895 3043 4949 niteris
3068 4890 3349 4947 emendare
3373 4903 3505 4946 scn-

1930 4994 2169 5058 tentiam,
2200 5005 2356 5061 quam
2385 4998 2511 5044 ante
2535 4985 2819 5059 protulisti.

2000 5087 2134 5139 Anc.
2165 5082 2224 5137 Si
2264 5080 2356 5135 tibi
2402 5094 2584 5150 parum
2613 5085 2696 5132 est
2726 5074 3032 5145 Apostolus,
3076 5072 3166 5141 qui
3212 5071 3361 5139 dicit,
3407 5071 3508 5126 Per

1930 5191 2084 5229 unum
2115 5173 2364 5226 hominem
2393 5178 2647 5240 peccatum
2688 5164 2892 5220 intravit
2932 5164 2984 5216 in
3025 5163 3302 5228 vitandum,
3332 5172 3381 5216 et
3416 5178 3508 5230 per

1931 5274 2187 5337 peceatum
2212 5278 2381 5327 mors;
2409 5271 2454 5314 et
2481 5260 2552 5312 ita
2579 5258 2631 5311 in
2656 5273 2827 5310 antnes
2855 5256 3078 5309 homines
3116 5253 3424 5324 pertransiit,
3454 5253 3508 5305 in

1930 5373 2029 5425 quo
2074 5369 2244 5408 omnes
2290 5358 2611 5424 peccaverunt
2638 5364 2656 5402 :
2688 5347 2995 5402 Ambrosius
3037 5346 3252 5414 utique,
3302 5356 3405 5395 non
3451 5348 3507 5394 ut

1931 5445 2273 5510 Manichmus,
2302 5456 2407 5512 quo
2428 5434 2647 5494 nomine
2676 5438 2829 5504 tales,
2856 5436 3029 5505 qualis
3058 5434 3147 5488 ille
3173 5433 3341 5485 fuerat
3359 5428 3503 5494 ﬁdei,

1933 5534 2258 5596 criminaris;
2306 5530 2399 5587 sed
2446 5539 2504 5583 ut
2541 5528 2830 5582 catholicus
2874 5518 3131 5579 intellexit
3170 5518 3505 5587 Apostolutu,

1932 5643 2159 5697 eumque
2186 5624 2482 5692 intelligens
2503 5625 2595 5685 ait,
2629 5641 2647 5672 ι
2675 5620 2870 5675 Omnes
2898 5615 3138 5670 homines
3165 5609 3262 5664 sub
3287 5622 3508 5680 peccato

1937 5720 2220 5784 poscimur,
2243 5731 2463 5785 quorum
2493 5715 2602 5783 ipse
2628 5723 2779 5790 ortus
2803 5710 2853 5763 in
2882 5705 3007 5760 vitio
3031 5712 3113 5756 est
3136 5719 3156 5754 ι
3190 5698 3290 5771 (De
3328 5701 3507 5757 Presi-
