4008 6178
449 315 584 369 “'23

442 434 599 476 tentia
622 460 638 482 ,
669 421 757 474 lib.
799 420 851 481 l,
879 434 992 483 cap.
1014 415 1050 467 ἓ
1071 416 1111 483 ).
1161 411 1300 466 Ecce
1327 408 1394 463 de
1421 422 1527 477 quo
1550 418 1798 474 tauquam
1825 400 1893 455 de
1919 411 2019 453 suo

441 515 633 570 frutice
651 511 893 567 diabolus
915 507 1138 561 fructum
1154 504 1274 573 jure
1290 500 1590 568 decerpsit;
1617 510 1720 550 non
1741 493 1811 549 de
1832 501 2022 546 natura

441 621 601 674 quam
628 604 767 657 Deus
789 598 1049 657 condidit,
1070 594 1162 649 sed
1187 593 1257 647 de
1282 591 1410 645 vitio
1426 588 1572 659 quod
1598 588 1713 656 ipse
1738 580 2016 654 plantavit.

442 676 625 764 Neque
671 692 814 745 enim
867 687 958 757 qui
1003 694 1293 740 nascuntur
1343 680 1442 735 sub
1484 686 1738 747 peccato,
1796 677 2019 764 possunt

448 762 553 841 nisi
587 783 689 838 sub
722 790 941 835 auctore
977 791 1095 832 esse
1124 774 1358 846 peccati,
1387 771 1434 827 si
1458 784 1566 825 non
1593 773 1937 823 renascantur
1966 762 2020 816 in

442 878 677 933 Christo.

511 965 624 1020 CX.
640 962 667 1018 J
674 979 757 1018 ω..
776 961 969 1015 Verum
990 975 1051 1014 su
1060 957 1331 1026 pplearnus
1344 954 1578 1008 breviter
1590 945 2016 1017 responsionem,

443 1068 559 1126 quae
580 1056 734 1123 capiti
756 1063 864 1116 tuo,
889 1051 1033 1121 quod
1063 1064 1222 1117 supra
1251 1046 1520 1116 posuimus
1547 1040 1697 1113 (Cap.
1728 1038 1842 1107 74),
1859 1035 2024 1090 debe-

453 1159 557 1201 tun
577 1149 893 1199 Constanter
911 1144 1087 1212 itaque
1107 1140 1432 1205 ﬁdeliterque
1453 1128 1901 1202 resptuldeomuia
1916 1138 2024 1183 non

446 1234 781 1291 invideamus
814 1233 1150 1287 liberatorem
1180 1226 1485 1283 hominibus
1524 1222 1809 1277 Dominum
1832 1217 2018 1274 losum

440 1329 752 1390 Christum;
790 1340 927 1394 quos
961 1322 1308 1377 convenimus
1331 1359 1372 1384 ,.
1401 1332 1471 1372 ne
1514 1314 1666 1368 vobis
1704 1309 1984 1366 credentes
2004 1347 2021 1370 ,

446 1417 832 1472 emendationis
852 1413 1223 1482 desperatione
1252 1408 1577 1477 frangantur,
1600 1415 1654 1458 et
1682 1399 1935 1457 recedant
1958 1397 2027 1452 ab

446 1509 746 1565 eruditione
772 1507 994 1570 Christi,
1023 1504 1174 1574 quasi
1199 1518 1260 1557 ea
1288 1498 1664 1571 praecipientis,
1686 1509 1807 1565 qua:
1834 1504 2027 1561 capere

450 1596 753 1651 mortalium
780 1603 966 1649 natura
993 1606 1100 1646 non
1129 1590 1333 1661 possit,
1365 1588 1561 1659 quippe
1584 1585 1724 1639 malo
1745 1590 2026 1652 aggravata

443 1688 750 1757 congenito.
1760 1678 1769 1689 ’

520 1778 658 1833 Atto.
689 1774 792 1831 Sed
817 1781 873 1829 et
913 1769 1360 1841 morseongenita
1407 1776 1525 1832 est;
1573 1772 1630 1820 et
1664 1772 1842 1818 tamen
1871 1759 1940 1815 ab
1963 1772 2026 1814 ea

450 1865 662 1927 liberat,
715 1864 806 1934 qui
855 1877 988 1933 quos
1029 1862 1144 1916 vult
1186 1860 1418 1915 vivificat
1459 1856 1648 1929 (loco.
1683 1869 1741 1918 v,
1783 1847 1891 1921 21)
1920 1847 2029 1905 :ad

448 1971 609 2025 quem
638 1954 837 2010 debent
864 1950 1174 2022 confugere,
1203 1949 1292 2019 qui
1318 1948 1502 2003 volunt
1523 1960 1553 2000 a
1582 1944 1723 2000 malo
1749 1938 2030 2010 congenito

433 2045 697 2107 liberari;
725 2042 864 2113 quod
892 2050 955 2096 ut
976 2042 1189 2108 faciant,
1214 2038 1339 2109 quis
1360 2036 1631 2101 attrahat,
1662 2035 1717 2091 in
1744 2030 2031 2101 Evangelia

450 2136 568 2207 lege
592 2134 701 2205 (Id.
726 2151 796 2197 vr,
824 2134 941 2203 tt).
989 2172 996 2185 .

518 2226 655 2282 CXI.
683 2225 803 2281 ιω..
829 2222 937 2280 Sed
962 2229 1183 2278 currant
1218 2220 1284 2276 ad
1319 2234 1442 2275 eum
1470 2217 1562 2289 qui
1584 2217 1801 2282 clamat,
1838 2213 2034 2284 legum

448 2331 616 2372 meum
640 2331 793 2371 suave
814 2323 910 2380 est,
941 2323 989 2367 et
1015 2327 1141 2367 onus
1158 2327 1327 2365 mutu
1349 2309 1453 2363 leue
1473 2316 1544 2361 est
1567 2305 1779 2378 (Matth.
1800 2318 1876 2367 ιι,
1899 2301 1990 2372 50)
2015 2319 2030 2357 :

449 2407 541 2477 qui
567 2416 622 2461 et
644 2404 796 2459 mala:
810 2403 1070 2459 voluntati
1091 2404 1109 2434 ί
1128 2401 1339 2456 veniam
1351 2414 1452 2470 pro
1467 2395 1817 2452 inaestimabili
1843 2393 2036 2448 libera.

449 2500 598 2555 litate
639 2496 859 2568 largitur
878 2536 895 2562 ,
922 2505 977 2551 et
1002 2492 1392 2557 innocentiam,
1422 2503 1581 2560 quam
1610 2495 1761 2543 creat
1798 2484 1991 2539 bonam
2010 2523 2027 2549 ,

450 2588 577 2645 facit
602 2585 902 2643 innovando
929 2580 1340 2653 adoptandoque
1368 2578 1665 2632 meliorem.

519 2679 657 2734 Avo.
675 2677 785 2745 Ipsi
797 2683 924 2730 sunt
943 2673 1206 2733 homines.
1228 2669 1420 2740 quibus
1450 2666 1652 2723 invides
1673 2665 2031 2727 liberatorem,

450 2784 586 2839 quos
612 2767 809 2822 habere
837 2764 1060 2826 malum,
1092 2776 1122 2816 a
1163 2775 1272 2831 quo
1310 2759 1626 2825 liberentur,
1670 2770 1851 2826 negas.
1893 2754 2036 2821 Quo-

451 2858 611 2914 modo
653 2871 782 2925 ergo
822 2862 1130 2910 constanter
1171 2850 1502 2917 fideliterque
1540 2847 1864 2917 respondes,
1892 2844 2034 2915 quod

451 2964 559 3004 non
589 2945 866 3002 invideatis
893 2944 1231 2999 liberatorem
1273 2940 1580 2996 hominibus
1619 2938 1898 2993 Dominum
1939 2935 2034 2991 Je-

451 3054 571 3092 sum
603 3036 903 3098 Christum;
930 3047 1052 3088 cum
1081 3032 1255 3101 potius
1276 3029 1617 3101 pertinaciter
1656 3038 1711 3081 et
1750 3024 2035 3081 iniideliter

452 3141 608 3195 agas,
644 3140 712 3179 ne
744 3123 811 3178 ah
846 3123 937 3177 illo
960 3122 1089 3177 salvi
1136 3121 1248 3175 iicri
1290 3119 1579 3174 credantur
1621 3117 1859 3186 parvuli,
1900 3115 2037 3169 sicut

451 3218 655 3270 salvum
697 3213 825 3269 facit
860 3213 1111 3283 populum
1151 3225 1306 3264 suum
1343 3224 1373 3262 a
1406 3207 1638 3276 peccatis
1664 3218 2037 3273 eorum;~pro-

456 3317 571 3377 pter
594 3306 733 3376 quod
761 3321 904 3371 eum,
935 3301 1227 3371 Evangeiio
1251 3301 1517 3370 loquente,
1557 3296 1835 3351 didicimus
1858 3294 2038 3364 appel-

454 3397 617 3451 latum
654 3411 773 3449 esse
797 3394 975 3449 Jesum
1009 3391 1119 3463 (Id.
1143 3406 1179 3454 ι,
1211 3389 1346 3459 2|)?
1375 3387 1490 3442 Non
1528 3388 1684 3456 igitur
1722 3386 1913 3440 docere
1939 3401 2037 3452 po-

457 3487 628 3540 teritis
652 3485 987 3538 liberatorem
1016 3480 1282 3535 Christum
1313 3493 1408 3531 vos
1436 3475 1737 3530 hominibus
1774 3489 1878 3528 non
1905 3471 2046 3527 invi-

380 3610 397 3621 -
457 3575 617 3639 dere,
648 3574 768 3643 quia
810 3571 1058 3642 parvulos
1103 3585 1210 3624 non
1249 3583 1369 3622 esse
1410 3566 1659 3621 homines
1696 3564 1842 3618 nullo
1880 3562 2039 3617 modo
2066 3568 2085 3591 ⁸

458 3665 679 3735 potestis
705 3662 1008 3718 ostendere.

529 3753 686 3808 CXII.
713 3752 835 3809 Jun.
868 3752 1112 3807 Demiror
1156 3751 1336 3821 itaque
1362 3764 1551 3804 ausum
1579 3756 1632 3803 te
1658 3746 1816 3802 fuisse
1838 3760 2041 3818 ponere

460 3844 841 3906 testimonium,
863 3858 969 3912 quo
990 3841 1201 3903 dicitur,
1224 3840 1270 3894 Α
1291 3856 1391 3910 quo
1409 3840 1541 3893 enim
1565 3839 1676 3908 quis
1704 3837 1923 3893 devictus
1946 3846 2038 3904 est,

462 3934 577 3987 huic
595 3943 644 3987 et
668 3948 840 3989 servus
870 3931 1107 3985 addictus
1130 3940 1200 3984 est
1229 3928 1293 3993 (II
1316 3928 1455 3983 Petr.
1479 3945 1537 3994 tt,
1563 3928 1672 3998 19).
1696 3926 1848 3994 Quod
1874 3926 2042 3981 mani-

462 4022 748 4078 festi~sime
795 4035 893 4091 pro
937 4020 1094 4075 nobis
1130 4019 1288 4082 facit,
1336 4019 1695 4074 asscrentihus
1736 4033 1842 4071 non
1887 4031 2044 4086 posse

461 4127 782 4183 quemquam
807 4112 1098 4166 obnoxium
1117 4126 1237 4167 esse
1255 4110 1492 4175 diabolo,
1514 4109 1615 4163 nisi
1635 4110 1724 4178 qui
1742 4108 1900 4163 fuerit
1922 4116 2044 4178 post

461 4216 732 4262 certamen
764 4202 1052 4258 voluntatis
1079 4201 1331 4270 degeneri
1367 4200 1640 4255 deditione
1669 4209 1969 4268 superatus.
1997 4200 2043 4253 Α

464 4309 513 4353 te
537 4308 712 4354 autem
741 4296 983 4364 usurpari
1019 4310 1124 4348 non
1151 4293 1374 4359 debuit,
1401 4294 1487 4349 cui
1516 4292 1859 4348 vehementer
1883 4307 2043 4361 repu-

464 4397 612 4458 gnat,
640 4385 985 4456 persuadenti
1010 4385 1063 4440 in
1091 4398 1261 4454 regno
1276 4383 1471 4440 diaboli
1488 4397 1607 4439 esse
1633 4392 1930 4446 nascentes,
1952 4381 2045 4452 qui

464 4480 579 4534 sine
607 4481 876 4535 voluntate
910 4478 1123 4548 propria
1162 4492 1271 4531 nec
1289 4475 1427 4531 vinci
1459 4478 1658 4546 utique,
1689 4490 1793 4529 nec
1821 4489 2045 4544 peccare

469 4577 776 4637 potuerunt.

539 4660 676 4714 Anc.
704 4659 846 4726 Quos
869 4659 1002 4719 dicis
1037 4668 1318 4714 nascentes
1350 4673 1449 4714 nec
1484 4659 1622 4713 vinei
1644 4698 1662 4726 ,
1688 4673 1803 4738 .nec
1837 4668 2045 4715 certare

471 4750 727 4819 potuisse,
756 4749 825 4803 ab
852 4749 942 4802 illo
970 4749 1227 4818 originem
1255 4749 1476 4812 ducunt,
1506 4749 1558 4804 in
1586 4764 1693 4819 quo
1716 4765 1902 4804 omnes
1924 4764 2048 4819 pec.

470 4846 725 4894 caverunt
751 4857 767 4893 :
791 4839 880 4908 qui
903 4839 1065 4895 homo
1081 4878 1105 4905 ,
1125 4838 1267 4909 quod
1295 4846 1378 4893 est
1401 4840 1552 4909 pejus
1570 4880 1589 4906 ,
1619 4840 1734 4893 sine
1758 4839 2047 4894 certamine

474 4932 645 4984 victus
674 4940 775 4984 est.
806 4929 926 4984 Fuit
946 4932 1087 4985 enim
1117 4931 1306 4991 Adam,
1332 4940 1387 4984 et
1414 4930 1469 4984 in
1490 4931 1580 4984 illo
1602 4930 1793 4984 fuimus
1817 4945 2005 4986 omnes
2028 4949 2044 4986 :

473 5021 627 5089 periit
662 5021 850 5087 Adam,
878 5029 931 5075 et
970 5021 1020 5081 in
1052 5021 1141 5076 illo
1164 5036 1353 5075 omnes
1383 5021 1653 5090 perierunt
1673 5020 1927 5091 (Ambros.
1956 5021 2042 5074 lib.

470 5113 501 5166 7
532 5113 582 5164 in
616 5110 740 5164 Luc.
780 5128 898 5182 cap.
930 5112 1016 5176 i5,
1046 5130 1098 5166 η.
1144 5111 1301 5183 23$).
1338 5112 1507 5168 Sinite
1539 5127 1668 5182 ergo
1695 5113 1942 5180 parvulos
1968 5112 2046 5171 in.

476 5203 643 5258 veniri
669 5203 738 5257 ah
762 5217 849 5263 eo,
880 5203 968 5270 qui
1011 5204 1156 5256 venit
1195 5218 1435 5272 qumrere
1463 5202 1603 5272 quod
1636 5199 2043 5271 perierat(Luc.

471 5311 589 5359 six,
636 5293 719 5364 ιο)
758 5312 770 5346 :
801 5294 1034 5364 alioquin
1077 5294 1414 5350 liberatorem
1453 5294 1655 5355 Jesum,
1706 5293 1957 5362 quoniam
1993 5301 2048 5348 et

473 5387 575 5457 ipsi
598 5386 841 5441 homines
860 5395 1005 5449 sunt,
1028 5401 1245 5455 prorsus
1265 5385 1567 5442 hominibus
1588 5385 1852 5450 invidetis,
1882 5399 2049 5454 quaso

540 5561 556 5590 ¹
583 5561 655 5609 sic
692 5566 796 5609 Mss.
825 5567 878 5608 Αι
900 5558 1014 5609 editi
1033 5595 1047 5614 .
1083 5557 1226 5608 nulla:
1247 5557 1512 5608 voluntatis.
1538 5559 1707 5608 Marius
1729 5564 1974 5614 Mercator.
1999 5559 2050 5607 in

473 5621 837 5683 tzomntouitorio
857 5622 1242 5683 subnotatiouum
1266 5623 1512 5683 inscripta
1528 5620 1717 5674 Juliani,
1741 5617 1941 5683 legebat
1959 5619 2051 5669 hoc

471 5686 579 5744 ipso
600 5681 721 5741 ιοω,
740 5682 822 5743 qui
843 5688 889 5731 et
910 5681 1031 5732 ntale
1053 5681 1209 5745 agenti
1233 5680 1432 5731 tertiam.

1086 300 1328 359 OPERIS
1365 292 1772 353 IiIPERFECTl
1808 286 2078 345 CONTRA
2118 283 2473 349 JULIANUM,
2515 286 2571 343 S.
2613 284 2982 342 AUGUSTINI

3555 292 3689 348 Ilii

2129 404 2410 466 utcumque
2439 398 2756 469 loquacitate
2783 400 3151 458 crudelitatem
3177 412 3341 460 vestri
3364 408 3519 473 inqua
3540 421 3691 462 erro-

2128 487 2204 541 ris
2231 487 2579 558 ohtegendam
2609 505 2727 545 esse
2756 492 3007 548 credatis.

2199 579 2377 635 CXIII.
2405 581 2522 636 Jun.
2551 582 2702 651 Quod
2735 584 2944 653 quidem
2989 583 3176 640 videns
3213 592 3399 641 contra
3442 596 3495 644 te
3523 590 3699 648 valere

2129 670 2434 740 plurimum,
2481 673 2630 742 quasi
2677 674 2791 743 ipso
2835 675 3141 730 testimonio
3184 676 3557 747 interrogatus,
3602 681 3699 737 Per

2129 760 2254 828 quid
2271 775 2403 828 ergo
2430 762 2629 828 parvuli
2651 763 2702 816 in
2730 778 2897 833 regno
2922 775 3046 819 sunt
3064 765 3381 821 adversariae
3400 772 3695 837 poteStatis,

2110 849 2176 905 si
2206 850 2491 919 Scriptum:
2528 852 2763 906 creditur
2783 893 2799 917 ,
2829 869 3276 925 unumquemque,
3304 872 3424 911 cum
3452 859 3697 927 vincitur,

2130 948 2258 994 tunc
2282 955 2498 995 servum
2524 956 2646 997 esse
2686 942 2904 998 victoris
2921 985 2936 1006 ,
2963 953 3018 999 et
3043 955 3248 998 constat
3276 944 3548 1002 infantiam
3587 950 3703 1005 sine

2129 1045 2230 1086 usu
2250 1032 2472 1085 rationis
2496 1041 2553 1087 et
2575 1033 2857 1087 voluntatis
2886 1049 2986 1089 nec
3012 1034 3298 1105 conﬂigere
3325 1038 3580 1106 potuisse,
3605 1050 3703 1096 nec

2130 1121 2367 1176 cedere?
2393 1122 2543 1176 addis
2575 1122 2674 1193 (De
2702 1122 2910 1192 Nuptiis
2947 1135 2995 1178 et
3031 1126 3439 1196 Coucupiscentia
3462 1170 3477 1191 ,
3527 1130 3615 1182 lib.
3645 1130 3701 1194 2,

2131 1227 2186 1265 tt.
2216 1212 2273 1282 8)
2300 1229 2317 1266 :
2352 1231 2373 1265 ι
2400 1211 2504 1266 Per
2539 1228 2696 1266 unum
2713 1215 2908 1283 quippe
2933 1214 3182 1268 hominem
3209 1228 3463 1284 peccatum
3501 1219 3704 1272 intravit

2136 1303 2190 1355 in
2210 1303 2475 1368 mundum,
2496 1313 2543 1356 et
2571 1319 2656 1373 per
2687 1312 2942 1373 peccatum
2966 1320 3139 1371 mors;
3166 1316 3213 1360 et
3236 1308 3308 1359 ita
3334 1308 3387 1360 in
3424 1324 3594 1362 omnes
3615 1310 3708 1363 Ita-

2143 1393 2302 1446 mines
2325 1394 2631 1462 pertransiit,
2653 1401 2707 1447 tn
2725 1408 2826 1462 quo
2849 1409 3022 1448 eomes
3045 1404 3369 1465 peroraverant
3404 1418 3423 1450 ι
3449 1397 3625 1466 (Rom.
3647 1414 3705 1465 v,

2134 1481 2250 1553 £2).
2283 1501 2303 1534 ι
2339 1483 2427 1538 Sic
2460 1494 2544 1539 est
2586 1492 2763 1538 autem
2811 1485 2952 1539 Deus
2993 1488 3320 1541 nascentium
3343 1489 3621 1554 conditor,
3650 1501 3733 1544 ut

2136 1587 2324 1628 omnes
2346 1589 2409 1629 ex
2437 1588 2544 1627 uno
2565 1581 2690 1629 eant
2720 1575 2775 1629 in
2798 1576 3317 1643 condemnationem,
3349 1594 3570 1648 quorum
3601 1597 3709 1636 non

2135 1662 2291 1717 fuerit
2315 1664 2703 1719 renascendum
2734 1665 3013 1720 liberator.
3042 1666 3160 1736 Ipse
3197 1668 3392 1738 quippe
3418 1668 3591 1724 dictus
3626 1680 3711 1726 est

2134 1752 2326 1823 figulus
2344 1768 2410 1807 ex
2440 1755 2626 1809 eadem
2655 1768 2828 1809 massa
2848 1754 3048 1811 faciens
3068 1772 3181 1822 vas,
3206 1758 3350 1814 aliud
3372 1760 3424 1813 in
3451 1759 3709 1817 honorem

2136 1843 2425 1898 secundum
2454 1845 2909 1912 misericordiam,
2939 1848 3084 1903 aliud
3110 1849 3161 1902 in
3205 1851 3579 1906 contumeliam
3622 1867 3712 1907 se.

2130 1935 2366 1990 cundum
2383 1936 2639 2006 judicium
2664 1956 2687 1991 ι
2710 1936 2821 2009 (Id.
2845 1954 2919 2006 rx,
2940 1939 3033 2011 2i)
3055 1959 3068 1995 :
3093 1959 3112 1992 σ
3135 1942 3221 1996 cui
3245 1952 3424 1997 cantat
3449 1944 3710 2012 Ecclesia,

2147 2027 2549 2084 Misericordth
2567 2041 2614 2084 et
2621 2032 2877 2103 judicium
2898 2050 2919 2086 ι
2946 2031 3116 2104 (Psal.
3139 2048 3192 2099 c,
3216 2033 3294 2105 l).
3326 2034 3436 2091 Hoc
3459 2037 3602 2106 quod
3628 2038 3715 2093 di-

2137 2119 2235 2183 cis,
2260 2133 2359 2189 per
2382 2135 2543 2175 unum
2568 2121 2837 2177 hominem
2866 2123 3092 2179 intrasse
3116 2133 3411 2194 peceatum,
3433 2141 3539 2196 quo
3562 2128 3717 2182 testi-

2138 2211 2322 2266 monio
2381 2212 2623 2282 Apostoli
2675 2214 3024 2282 plurimorum
3089 2215 3472 2271 ineruditorum
3534 2225 3715 2273 tamen

2140 2312 2355 2370 pectora
2379 2304 2761 2367 eommovistis,
2810 2305 2935 2360 licet
2974 2306 3041 2359 in.
3069 2316 3259 2376 quarto
3300 2308 3436 2362 libr-0
3478 2309 3721 2365 breviter

2137 2392 2407 2460 quomodo
2435 2393 2830 2459 intelligendum
2853 2406 2996 2449 esset
3010 2396 3330 2451 ostenderim
3354 2398 3456 2468 (Ad
3473 2397 3717 2455 Turbon-

2137 2478 2306 2553 titon),
2335 2489 2510 2534 tamen
2530 2480 2810 2550 adjuvante
2828 2482 3061 2549 Christo,
3084 2484 3136 2538 in
3160 2484 3260 2540 hoc
3294 2499 3458 2554 opere
3497 2489 3725 2555 plenius

2138 2585 2484 2641 exponemus,
2504 2571 2574 2625 ita
2592 2571 2723 2626 utin
2749 2572 2983 2628 secundo
3002 2573 3158 2640 libro,
3182 2576 3552 2644 praetermissis
3568 2579 3721 2646 aliis,

2142 2660 2294 2715 locus
2323 2660 2436 2730 ipse
2457 2661 2779 2731 apostolicus
2797 2672 3049 2719 contextu
3074 2679 3176 2719 suo
3208 2666 3516 2735 plenissime
3541 2667 3726 2725 disse-

2140 2760 2305 2808 I‘illlll’.

2209 2842 2343 2898 Ave.
2383 2841 2463 2896 Ad
2486 2841 2543 2920 id.
2557 2842 2697 2913 quod
2717 2843 2769 2897 in
2794 2850 2985 2913 quarto
3005 2844 3143 2900 libro
3164 2853 3256 2899 tuo
3278 2846 3510 2901 breviter
3527 2856 3722 2903 osten-

2141 2932 2287 2988 disse
2326 2943 2378 2990 te
2421 2934 2576 3000 dicis,
2627 2935 2681 2989 in
2726 2945 2884 2990 sexto
2916 2948 3103 2991 nostro
3144 2938 3237 2992 tibi
3275 2953 3588 3006 responsum
3632 2948 3722 2995 est

2143 3024 2366 3094 (Contra
2409 3022 2696 3091 lulianum,
2745 3027 2831 3081 lib.
2881 3028 2935 3092 6,
2979 3044 3033 3081 η.
3076 3028 3163 3091 75,
3209 3029 3354 3098 sqq.)
3385 3046 3399 3083 :
3428 3029 3569 3099 quod
3618 3044 3721 3085 att-

2144 3125 2250 3171 tem
2293 3117 2347 3170 in
2387 3117 2488 3171 hoc
2525 3130 2688 3187 Opere
2726 3117 3012 3186 polliceris,
3044 3132 3164 3172 cum
3208 3117 3429 3173 reddere
3465 3121 3717 3189 cmperis,

2143 3207 2213 3262 ibi
2238 3222 2393 3277 quam
2415 3209 2490 3263 sis
2514 3209 2825 3278 vaniloquus
2852 3210 3145 3278 apparebit.

2147 3334 2155 3341 ι
2213 3296 2394 3352 CXIV.
2432 3297 2550 3352 ιω..
2593 3298 2689 3352 llic
2712 3309 2887 3355 autem
2913 3300 3143 3355 breviter
3168 3301 3555 3366 admonuerim,
3582 3317 3722 3372 quo-

2145 3389 2288 3443 niam
2312 3388 2591 3457 suffragari
2624 3389 2714 3443 tibi
2746 3405 2849 3443 non
2877 3398 3053 3460 potest
3070 3391 3133 3443 ad
3157 3392 3271 3458 ejus
3286 3394 3562 3446 sententia:
3586 3408 3720 3447 con-

2146 3480 2517 3543 firmationem,
2556 3495 2719 3550 quam
2763 3482 2938 3535 omnis
2971 3482 3221 3547 eruditio,
3262 3484 3437 3536 omnis
3472 3484 3622 3547 ratio,
3666 3488 3723 3539 et

2145 3570 2230 3625 lex
2259 3571 2349 3624 Dei
2387 3571 2652 3625 convincit
2682 3571 3090 3641 iniquissimam.
3130 3572 3365 3643 Diligens
3401 3588 3529 3643 ergo
3557 3574 3724 3627 lector

2146 3657 2383 3713 intendat
2412 3658 2553 3728 quod
2579 3661 2949 3727 pronuntiasti,
2983 3661 3146 3716 Deum
3174 3677 3294 3716 esse
3322 3660 3577 3718 factorem
3605 3678 3722 3717 ma~

2148 3751 2356 3814 lorum;
2384 3760 2437 3805 et
2465 3752 2596 3805 tales
2615 3764 2735 3805 eum
2755 3751 3008 3817 condere,
3039 3754 3129 3822 qui
3156 3754 3270 3808 sine
3291 3749 3481 3824 aliqud
3495 3756 3724 3824 propriae

2147 3842 2341 3896 merito
2376 3841 2664 3896 voluntatis
2698 3852 2821 3896 eant
2870 3843 2922 3896 in
2961 3844 3458 3899 condemnationem
3505 3856 3724 3914 prorsus

2147 3942 2352 3987 Omnes.

2220 4025 2352 4080 Avo.
2387 4024 2498 4080 Hoc
2528 4025 2634 4079 dixi
2669 4025 2827 4093 :quia
2862 4026 2986 4080 facit
3021 4026 3291 4081 hominum
3326 4036 3601 4091 naturam,
3632 4018 3725 4096 qui

2149 4116 2277 4168 vitio
2305 4115 2430 4168 mali
2466 4116 2785 4184 sunt,-qnod
2826 4116 2939 4184 ipse
2977 4133 3080 4170 non
3111 4118 3263 4182 fecit;
3294 4128 3349 4173 et
3374 4119 3440 4172 de
3474 4134 3580 4188 quo
3611 4119 3727 4188 ipse

2150 4202 2286 4258 bene
2310 4202 2459 4266 facit,
2490 4205 2646 4257 etiam
2676 4220 2795 4257 cum
2829 4205 2949 4258 mali
2967 4216 3089 4259 sunt
3123 4206 3363 4261 homines
3398 4222 3531 4277 quos
3557 4206 3679 4262 facit
3707 4224 3723 4261 :

2152 4297 2272 4365 quia
2300 4296 2353 4348 in
2383 4303 2632 4365 quantum
2662 4296 2902 4351 homines
2930 4307 3069 4360 sunt,
3102 4308 3204 4351 nun
3235 4298 3287 4352 in
3316 4309 3569 4368 quantum
3602 4297 3726 4352 mali

2151 4394 2293 4451 sunt,
2324 4372 2416 4442 eos
2443 4385 2585 4441 facit.
2616 4385 2800 4457 Neque
2827 4387 2967 4441 enim
2997 4403 3118 4441 vasa
3150 4389 3201 4442 in
3229 4390 3605 4443 contumeliam
3634 4389 3729 4445 ﬁe-

2150 4488 2291 4539 rent,
2323 4479 2421 4532 nisi
2453 4478 2572 4531 mali
2602 4487 2782 4532 essent
2808 4495 2821 4530 :
2855 4479 2942 4546 qui
2975 4488 3148 4533 tamen
3178 4495 3273 4547 per
3301 4482 3537 4532 naturam
3568 4494 3726 4548 quam

2153 4572 2275 4625 facit
2296 4573 2313 4602 ²
2346 4572 2504 4634 Deus,
2536 4572 2716 4640 utique
2746 4570 2869 4624 boni
2897 4579 3054 4635 sunt;
3083 4570 3205 4623 mali
3235 4580 3411 4624 autem
3437 4570 3725 4624 secundum

2151 4660 2357 4721 vitium,
2390 4658 2528 4726 quod
2559 4666 2741 4712 contra
2770 4667 3009 4711 naturam
3039 4658 3271 4727 quidem,
3304 4658 3396 4712 sed
3426 4667 3601 4712 tamen
3633 4672 3729 4712 na-

2155 4761 2286 4804 πῖπτε
2329 4750 2519 4803 insevit
2556 4748 2832 4812 inimicus;
2862 4756 2919 4801 ut
2944 4763 3006 4802 ex
3046 4747 3146 4802 hoc
3175 4758 3314 4801 esset
3346 4757 3530 4801 natura
3561 4748 3727 4812 maia,

2154 4841 2258 4895 hoc
2284 4849 2397 4902 est,
2436 4839 2603 4892 malus
2644 4840 2820 4891 homo.
2858 4837 2971 4891 Non
3011 4838 3150 4891 enim
3195 4847 3367 4906 potest
3405 4849 3524 4891 esse
3564 4838 3728 4891 ullum

2154 4933 2350 4987 malum
2381 4930 2482 4985 nisi
2514 4931 2563 4981 in
2595 4929 2772 4999 aiiqu‘o
2805 4930 2977 4991 bono;
3007 4929 3127 4998 quia
3157 4943 3260 4982 non
3292 4937 3461 4996 potest
3485 4943 3604 4982 esse
3631 4927 3730 4982 nisi

2156 5026 2207 5079 in
2247 5024 2417 5093 aliqua
2464 5030 2649 5075 natura
2681 5041 2694 5076 :
2725 5021 2896 5074 omnis
2934 5030 3108 5074 autem
3146 5028 3360 5085 natura,
3395 5020 3444 5072 in
3479 5029 3731 5088 quantum

2154 5125 2338 5168 natura
2367 5123 2468 5176 est,
2497 5113 2692 5167 bonum
2719 5121 2819 5166 est.
2852 5110 3141 5181 Diligenter
3163 5111 3437 5174 attendite,
3465 5109 3733 5179 quomodo

2154 5208 2417 5268 dicantur,
2447 5222 2563 5276 qua:
2594 5206 2735 5259 velut
2773 5203 3033 5259 contraria
3074 5203 3215 5257 inter
3248 5218 3307 5257 se
3336 5202 3435 5257 dici
3466 5202 3723 5265 videntur,

2153 5307 2208 5353 et
2234 5313 2337 5352 non
2364 5306 2488 5352 sunt
2511 5315 2523 5350 :
2547 5298 2591 5349 si
2616 5304 2793 5349 tamen
2816 5308 2918 5348 non
2948 5293 3156 5362 penitus
3178 5293 3319 5347 fumo
3343 5291 3585 5361 superba:
3604 5304 3725 5346 corr

2128 5389 2404 5459 ,tentionis
2431 5387 2611 5440 oculos
2642 5384 2963 5454 perdidistis.

2224 5479 2382 5535 CXV.
2412 5479 2529 5533 Jun.
2559 5480 2634 5532 Ac
2664 5492 2729 5530 ue
2763 5475 3091 5530 nesciremus
3110 5474 3131 5504 ⁸
3157 5472 3225 5527 de
3251 5487 3355 5542 quo
3380 5480 3620 5540 tempore
3650 5470 3733 5523 lo-

2221 5617 2237 5647 ί
2259 5614 2394 5671 Editi,
2419 5609 2549 5674 ferit.
2578 5617 2705 5674 ηεξ..
2730 5606 2874 5674 facit.
3020 5665 3034 5674 _
3101 5671 3110 5674 _
3452 5664 3463 5674 Δ
3512 5660 3523 5672 ,

2220 5679 2241 5708 ι
2264 5661 2397 5735 mm;
2419 5661 2481 5723 'ac
2503 5685 2562 5723 ne
2583 5661 2830 5723 sciremus.
2856 5665 3177 5717 timendantur
3201 5674 3264 5714 ex
3289 5661 3641 5725 maniplis.
