4010 6186
267 347 381 405 {125

269 454 524 529 umeris;
562 452 632 507 ab
665 452 863 517 Adam,
893 464 1050 520 quem
1082 447 1161 503 eis
1196 460 1359 501 unum
1400 459 1590 500 omnes
1626 444 1822 512 fuisse,

1615 336 1816 393 LIBER
1857 334 2125 394 PRIMUS.

3364 345 3501 402 ωδ

1932 454 2186 500 eruantur
2214 443 2282 500 de
2320 455 2578 515 potestate
2615 449 2947 505 tenebrarum
2966 491 2982 517 ,
3008 460 3065 507 et
3092 454 3144 507 in
3176 468 3393 523 regnum
3420 459 3503 512 sui

277 561 420 614 mque
444 543 505 598 ad
533 542 714 607 tinem,
740 542 829 613 qui
853 539 1101 610 baptizati
1128 553 1233 593 non
1259 546 1401 601 sunt,
1422 535 1747 590 damnationi
1772 544 1828 591 et
1920 534 2216 590 Salvatoris
2235 545 2288 590 et
2308 536 2518 591 Domini
2540 538 2925 594 transferantur
2944 542 3159 611 (Colon.
3182 559 3220 607 ι,
3245 545 3353 614 13).
3371 546 3506 615 Quo-

276 637 465 693 diabolo
489 635 750 690 obnoxios
787 633 1094 703 pronuntias
1121 630 1365 685 inveniri.
1398 629 1454 683 In
1478 642 1580 698 qua
1608 635 1824 681 senten-

275 733 336 787 tia
359 730 514 784 ntulto
542 738 596 784 te
633 727 979 797 perniciosius
1005 740 1193 780 curare
1230 723 1445 788 niteris,
1473 737 1633 791 quam
1668 730 1825 775 autut

273 819 557 874 vtdoerasti.
602 818 733 872 Nam
772 825 836 872 ut
877 829 1183 871 removeres
1226 813 1474 869 invidiam
1512 826 1633 881 qua:
1675 810 1730 865 in
1772 818 1825 865 te

270 913 457 976 ruebat,
480 911 618 981 quod
643 911 846 965 diceres
870 908 1135 963 diabolum
1162 905 1491 961 conditorem
1519 902 1820 966 hominum;

266 1009 522 1056 correctus
558 997 834 1054 conﬁteris
880 998 1043 1051 Deum
1086 995 1453 1059 conditorem,
1500 991 1593 1047 sed
1642 992 1825 1045 talium

270 1091 434 1161 quales
456 1090 712 1146 adscribit
738 1088 1058 1144 Manichacus
1092 1087 1315 1156 principi
1349 1083 1687 1139 tenebrarum
1708 1083 1751 1136 ι.

324 1187 453 1239 Atto.
484 1200 506 1234 ι
536 1181 736 1236 Omnes
755 1181 999 1235 homines
1016 1179 1120 1234 sub
1144 1188 1357 1247 peccato
1375 1175 1662 1239 nascimur;
1687 1186 1823 1242 quo-

258 1288 371 1329 rum
388 1272 505 1340 ipse
529 1282 675 1327 otius
703 1271 761 1324 in
786 1272 913 1324 vitio
935 1279 1038 1324 est.
1069 1287 1088 1321 ι
1114 1267 1226 1322 Hoc
1251 1280 1361 1321 non
1380 1266 1515 1320 dixit
1541 1264 1822 1319 hereticus

256 1360 549 1417 nitnmundus
568 1360 907 1420 Manichaee.
922 1358 1024 1414 sed
1043 1358 1574 1413 catholimsmctns
1598 1354 1824 1408 Ambro-

258 1450 359 1504 sius
383 1447 485 1517 (De
514 1446 831 1511 Pwnitentia,
859 1447 948 1502 lib.
974 1448 1024 1512 l,
1053 1463 1166 1516 cap.
1190 1447 1226 1501 2
1248 1445 1327 1499 vel
1350 1447 1425 1515 ὅ).
1453 1444 1620 1499 Porro
1644 1454 1821 1498 autem

256 1539 568 1596 Manicbzcus
597 1554 695 1593 nec
721 1554 934 1593 omnem
966 1546 1205 1592 naturam
1224 1577 1241 1602 ,
1271 1536 1321 1589 in
1345 1544 1602 1605 quantum
1636 1541 1820 1587 natura

256 1643 358 1697 est,
386 1631 521 1686 dicit
552 1631 782 1695 bonam;
810 1644 908 1685 nec
943 1644 1060 1685 eam
1095 1643 1253 1698 quam
1282 1627 1412 1681 dicit
1435 1634 1679 1680 naturam
1706 1639 1821 1678 ma-

256 1721 369 1787 lam,
389 1721 501 1775 ullo
521 1720 680 1775 modo
699 1719 829 1774 dicit
848 1719 1021 1774 sanari
1046 1732 1202 1788 posse
1219 1732 1282 1772 ac
1303 1717 1414 1772 lteri
1433 1716 1623 1771 bonam
1646 1732 1659 1768 :
1680 1714 1821 1785 quod

250 1812 499 1867 atbolica
527 1812 663 1867 ﬁdes
688 1811 817 1867 dicit
842 1811 909 1866 de
931 1818 1120 1866 natura
1146 1808 1377 1865 humana
1402 1807 1711 1877 pusillorum
1737 1813 1819 1860 at-

249 1918 343 1971 que
368 1918 708 1974 magnorum,
734 1910 793 1957 et
819 1911 999 1956 contra
1024 1900 1344 1955 Maniehaeos
1369 1907 1425 1953 et
1451 1905 1635 1953 contra
1665 1895 1819 1950 Pela-

247 1992 728 2064 gianos,,utrosque
751 1993 978 2047 diversis
1002 1990 1224 2057 morbis,
1246 1989 1339 2044 sed
1365 1989 1561 2057 pariter
1581 1988 1817 2042 insanos.

306 2082 495 2139 CXVI.
523 2083 643 2140 Jun.
672 2083 957 2138 Enimvero
978 2081 1204 2138 credens
1231 2081 1400 2135 malos
1427 2093 1548 2134 esse
1576 2079 1821 2133 homines

245 2172 547 2228 conditione
588 2172 837 2227 nascendi
858 2212 874 2235 ,
904 2171 1054 2225 illum
1090 2172 1170 2226 eis
1207 2170 1482 2239 depmavit
1516 2176 1818 2232 auctorem,

247 2275 325 2328 per
338 2277 511 2331 quem
537 2261 660 2315 mali
682 2261 859 2331 operis
876 2260 1080 2315 crimen
1100 2274 1130 2311 a
1149 2259 1264 2313 Dee
1284 2258 1423 2313 bono
1446 2262 1818 2327 separaretur:

246 2351 562 2421 etquoniam
583 2360 855 2405 erraverat
884 2350 935 2403 in
959 2348 1266 2404 deﬁnitione
1288 2346 1511 2417 peccati,
1533 2354 1591 2400 ut
1613 2353 1822 2415 putaret

246 2442 478 2497 naturale
503 2456 645 2504 esse,
668 2440 813 2510 quod
836 2441 936 2494 nisi
963 2439 1316 2493 voluntarium
1337 2451 1456 2492 esse
1476 2451 1582 2490 non
1610 2443 1815 2505 potest;

244 2541 625 2602 consequenter
647 2531 899 2599 deinceps
926 2529 1079 2583 malua
1099 2528 1319 2598 originis
1345 2528 1538 2580 malum
1562 2535 1644 2581 est
1664 2539 1817 2581 com-

246 2631 439 2677 mentus
468 2619 771 2684 artiﬁcem;
803 2619 890 2673 hic
914 2617 1215 2688 religiosior
1241 2617 1292 2670 in
1322 2615 1509 2676 Deum.
1536 2622 1815 2669 contuma-

246 2712 341 2767 cior
369 2711 421 2766 in
451 2720 723 2766 naturam.
750 2710 830 2765 ’l‘u
855 2724 991 2767 γαπ
1006 2709 1140 2765 dicis
1158 2748 1176 2774 ,
1205 2708 1375 2761 malos
1396 2707 1611 2777 quidem
1636 2705 1812 2771 nasci,

243 2800 325 2856 sed
361 2802 537 2857 Deum
574 2815 697 2856 esse
733 2809 1005 2856 auctorem
1036 2799 1295 2852 malorum
1324 2812 1338 2849 :
1368 2795 1734 2850 contumacior
1760 2804 1814 2849 tu

243 2889 286 2945 in
320 2891 492 2946 Deum
513 2931 530 2957 ,
573 2888 1011 2946 honoriﬁcentior
1051 2888 1109 2941 in
1144 2897 1390 2940 naturam
1423 2903 1439 2938 :
1471 2884 1586 2939 iure
1620 2883 1816 2953 quippe

240 2980 455 3036 auctoris
500 2981 775 3048 maiestate
803 2978 1122 3043 defenditur,
1153 2986 1339 3031 auctor
1368 2984 1545 3030 autem
1581 2974 1816 3030 lmditate

241 3070 401 3132 operis
421 3079 733 3125 accusatur.

297 3157 423 3214 Atta.
454 3159 674 3214 Accusa
695 3174 821 3228 ergo
842 3158 1031 3220 Deum,
1053 3156 1097 3211 si
1124 3156 1319 3224 placet,
1341 3155 1519 3224 (meris
1538 3153 1774 3208 foeditate
1799 3170 1813 3208 :

240 3247 663 3318 quandoquidem
688 3248 864 3317 aliqua
883 3261 1110 3315 corpora
1132 3255 1236 3301 tam
1265 3244 1403 3299 [teda
1425 3254 1729 3307 nascuntur,
1760 3252 1818 3297 ut

241 3339 469 3397 nonnulla
514 3339 567 3392 in
602 3340 682 3393 eis
710 3339 871 3393 nimia
897 3337 1238 3396 deformitate
1272 3336 1432 3391 etiam
1471 3343 1704 3389 monstra
1733 3334 1815 3388 di.

245 3438 433 3484 cantur.
461 3429 588 3485 Non
616 3430 756 3483 enim
787 3428 1100 3488 alius-deus,
1131 3428 1268 3485 sicut
1295 3426 1616 3481 Manichacus
1645 3424 1812 3493 lingit,

247 3529 322 3573 aut
341 3519 408 3573 dii
431 3522 696 3584 minores,
721 3519 858 3575 sicut
884 3518 1031 3573 Plato
1051 3527 1215 3581 errat,
1236 3526 1663 3585 suntcorporum
1687 3531 1816 3569 con-

247 3607 428 3667 ditores
458 3629 473 3665 :
506 3610 610 3677 sed
653 3610 835 3678 utique
862 3609 1014 3667 Deus
1058 3607 1229 3663 bonus
1267 3615 1323 3665 et
1354 3606 1530 3675 justus
1564 3616 1815 3674 operatur

247 3698 387 3754 etiam
413 3714 647 3769 corpora
679 3700 871 3762 talia';
900 3714 1020 3768 qua:
1045 3698 1089 3751 si
1116 3697 1318 3753 referas
1342 3697 1408 3751 ad
1435 3710 1596 3765 grave
1628 3695 1814 3764 iugum

247 3802 390 3860 super
426 3793 572 3846 tilias
602 3790 771 3847 Adam
801 3789 1000 3861 (Eccli.
1034 3804 1135 3851 ιι,
1168 3786 1267 3856 1),
1297 3787 1534 3841 invenies
1566 3800 1686 3840 eum
1717 3800 1816 3841 nec

250 3882 447 3950 malum,
472 3884 689 3953 qualem
716 3882 1033 3937 Maniclunus
1053 3878 1375 3937 fabricandis
1394 3878 1703 3947 corporibus
1721 3878 1817 3932 δᾶν

250 3968 409 4037 bibet;
448 3988 553 4029 nec
594 3974 788 4027 victum
824 3972 1081 4042 malisque
1121 3969 1447 4039 implicatum
1473 3977 1633 4036 atque
1663 3981 1815 4022 cotu-

244 4062 453 4117 mixtum
473 4105 498 4137 ,ι
523 4063 670 4134 quod
701 4063 1017 4118 Mauichmus
1041 4061 1108 4116 de
1140 4060 1249 4115 Deo
1289 4058 1430 4115 bono
1461 4057 1680 4112 credere
1708 4072 1816 4111 non

249 4152 417 4218 timet;
442 4154 541 4209 sed
575 4154 729 4223 plane
749 4153 950 4223 justum
983 4161 1199 4222 propter
1230 4149 1482 4219 originale
1510 4159 1813 4217 peccatum,

249 4244 443 4311 qualem
467 4245 607 4301 ﬁdes
630 4244 888 4300 catholica
915 4244 1079 4310 novit,
1100 4260 1131 4296 ιι
1154 4255 1261 4312 qua
1287 4252 1461 4296 reeter
1482 4255 1634 4295 error
1656 4253 1816 4294 exer-

251 4334 435 4399 bitavit.
462 4337 654 4407 Neque
676 4337 816 4391 enim
838 4377 852 4399 ,
881 4335 927 4389 si
958 4350 1116 4389 nemo
1151 4342 1456 4401 peccasset,
1490 4329 1627 4385 [teda
1655 4338 1816 4400 atque

252 4437 535 4483 monstrosa
560 4429 724 4496 etiam
753 4427 806 4481 in
837 4423 1081 4495 paradiso
1106 4438 1330 4491 corpora
1360 4429 1722 4477 nascerentur.

310 4516 509 4572 CXVII.
538 4517 661 4572 ιω..
689 4516 803 4572 Νοη
836 4513 1075 4579 timuisti,
1106 4512 1501 4574 scelestissime,
1531 4510 1634 4565 hoc
1657 4509 1818 4579 appli-

251 4620 359 4661 care
382 4609 511 4672 Deo,
533 4606 678 4677 quod
700 4622 766 4660 ne
785 4606 832 4660 ei
858 4605 1169 4658 admoveret
1191 4600 1531 4664 Manichacus,
1551 4613 1818 4655 commen-

251 4702 328 4749 tus
344 4706 421 4750 est
441 4698 607 4753 alium
626 4695 994 4753 conditorem:
1008 4693 1175 4753 ambo
1193 4691 1407 4761 quidem
1427 4690 1557 4746 estis
1580 4690 1817 4744 veritatis

252 4784 457 4854 inimici,
480 4787 580 4844 sed
608 4788 889 4856 putabatur
914 4794 1039 4839 ante
1059 4793 1111 4839 te
1131 4799 1236 4838 non
1264 4797 1418 4853 posse
1439 4782 1527 4836 ille
1547 4780 1819 4850 impietate

249 4879 494 4946 superari.
1217 4934 1223 4945 ,

310 4972 444 5026 Atto.
473 4972 614 5024 Ante
641 4983 725 5022 me
749 4976 865 5023 erat
891 4966 1223 5030 Ambrosius,
1251 4964 1341 5034 qui
1379 4979 1483 5018 non
1509 4971 1625 5021 erat
1648 4963 1817 5018 Mani-

249 5054 453 5123 ebzeus;
483 5068 605 5111 ante
631 5058 802 5126 ipsum
829 5056 1077 5119 Hilarius,
1101 5054 1424 5135 Gregorius;
1451 5062 1574 5108 ante
1602 5053 1699 5109 llos
1722 5052 1819 5125 Cy-

251 5147 458 5214 prianus
476 5189 493 5212 ,
523 5158 577 5203 et
602 5148 781 5203 caueri
799 5187 816 5213 ,
847 5160 982 5216 quos
1013 5159 1434 5205 commemorare
1460 5144 1675 5212 longum
1700 5152 1814 5209 est,

251 5236 334 5304 qui
364 5252 470 5292 non
496 5246 650 5293 erant
675 5236 969 5301 Manicbxei.
1002 5236 1067 5290 Et
1096 5243 1269 5290 tamen
1299 5233 1593 5288 Ecclesium
1617 5232 1819 5287 docue-

251 5336 396 5393 runt,
429 5329 572 5397 quod
611 5330 661 5383 in
704 5328 940 5385 Ecclesia
967 5326 1297 5388 didicerunt,
1335 5324 1821 5394 trahere-parvulos

251 5419 501 5489 originale
539 5429 832 5490 peccatum,
860 5430 912 5475 et
937 5418 1299 5474 exsumandos
1325 5418 1376 5473 in
1401 5416 1732 5479 exorcismis,
1762 5425 1820 5475 ut

308 5594 326 5623 ‘
348 5595 422 5657 Sic
458 5606 633 5657 omnes
659 5602 764 5643 mss.
789 5592 905 5643 β’Δὶιὶ
944 5600 1133 5657 autem,
1160 5592 1246 5643 sed
1269 5593 1421 5644 alium
1443 5592 1631 5657 qualem
1652 5588 1820 5642 scribit

254 5653 537 5719 meridiana
558 5655 822 5719 principem
852 5654 1173 5719 tenebrarum.

311 5717 330 5746 ³
352 5723 459 5765 uss.
484 5714 593 5765 nui.
619 5725 673 5768 et
704 5714 850 5775 βοη..
872 5714 1157 5774 corporalia.

1918 626 2071 679 Iniam
2093 624 2335 680 Christus
2360 627 2402 681 si
2428 628 2590 683 etiam
2620 645 2714 697 pro
2738 631 2866 701 ipsis
2888 643 3131 689 mortuus
3157 644 3258 703 est,
3286 639 3424 706 quod
3450 648 3504 694 et

1930 723 1985 769 tu
2004 725 2225 771 coactus
2247 731 2307 771 es
2332 717 2593 785 conﬁteri,
2621 735 2740 790 ergo
2766 738 2935 777 omnes
2960 726 3140 777 mortui
3162 737 3278 779 sunt
3303 742 3321 779 :
3339 737 3385 781 et
3411 745 3503 798 pro

1930 800 2158 854 omnibus
2177 811 2400 856 mortuus
2419 813 2521 867 est;
2558 806 2694 872 quod
2725 807 2798 860 ait
2821 808 3106 875 Apostolus
3127 811 3192 880 (ll
3216 811 3331 865 Cor.
3354 828 3409 875 v,
3435 814 3503 869 η

1922 899 1976 944 et
1994 890 2091 958 15)
2123 908 2136 944 :
2165 892 2252 960 qui
2277 891 2514 961 profecto
2542 896 2586 948 si
2612 896 2901 950 secundum
2923 899 3082 953 verba
3104 907 3191 955 tua
3212 902 3371 956 etiam
3391 904 3502 972 ipse

1924 981 2245 1036 Ianichzeus
2268 984 2390 1050 erit,
2414 983 2522 1054 jam
2553 994 2608 1039 tu
2642 986 2765 1056 quid
2795 988 2939 1042 eris?

1996 1072 2225 1128 CXVIII.
2249 1074 2371 1130 Jun.
2398 1075 2477 1130 Tu
2506 1090 2635 1131 vero
2665 1077 2998 1147 justiticasti,
3031 1090 3089 1135 ut
3112 1083 3365 1152 prepheta
3395 1086 3499 1147 ait.

1916 1177 2164 1217 sororem
2202 1172 2345 1218 tuam
2385 1166 2670 1220 Sodomam
2707 1166 2930 1235 (Exeat.
2970 1185 3092 1236 xvt,
3131 1173 3222 1242 5|)
3253 1190 3267 1225 :
3298 1175 3500 1229 absolvi

1918 1255 2193 1324 potabitur
2213 1256 2552 1323 Manichacus,
2568 1257 2619 1310 si
2640 1259 2755 1312 tuis
2774 1258 3116 1329 blasphemiis
3142 1273 3499 1331 comparetur.

1926 1343 2192 1401 Gloriatus
2218 1346 2270 1401 in
2296 1347 2471 1415 primo
2498 1348 2677 1417 operis
2704 1349 2809 1403 mei
2844 1350 2979 1404 libro
3005 1350 3209 1407 fueram
3226 1386 3243 1415 ,
3268 1354 3410 1422 quod
3436 1368 3503 1409 eo

1920 1449 2018 1490 ore
2044 1436 2327 1503 lacerarer,
2355 1451 2461 1507 quo
2488 1448 2541 1492 et
2569 1439 2810 1506 Apostoli
2838 1440 3083 1510 iniuriam
3108 1442 3457 1511 pertulissent
3483 1460 3498 1495 :

1923 1541 2068 1580 nunc
2094 1541 2221 1581 vero
2256 1540 2552 1596 expavesco
2584 1529 3001 1597 magnitudinem
3033 1531 3296 1587 felicitatis
3327 1546 3498 1597 metu;

1920 1615 1992 1670 ab
2018 1631 2084 1670 eo
2109 1615 2396 1685 vituperor,
2429 1617 2520 1687 qui
2545 1618 2859 1674 criminatur
2886 1620 3074 1675 Deum.

1995 1708 2132 1763 Anc.
2163 1707 2247 1763 Ab
2270 1723 2337 1763 eo
2358 1709 2679 1778 vituperaris
2695 1752 2711 1778 ,
2738 1712 2827 1781 qui
2855 1727 2976 1767 eum
3009 1712 3289 1771 Ambrosio
3306 1723 3366 1769 et
3391 1728 3500 1770 αε-

1922 1797 2055 1852 teris
2079 1798 2239 1853 sociis
2262 1798 2408 1868 ejus,
2437 1799 2597 1855 etiam
2624 1802 2962 1871 parvulorum
2990 1803 3328 1859 liberatorem
3362 1818 3500 1875 pm

1922 1886 2066 1942 dicat
2085 1887 2356 1945 Christum
2388 1907 2404 1944 :
2428 1906 2586 1961 quem
2615 1901 2671 1947 tu
2706 1908 2812 1948 non
2848 1894 3023 1949 solum
3051 1896 3352 1952 criminaris
3377 1904 3499 1951 tan-

1916 1991 2083 2045 quam
2128 1980 2509 2048 mentientem,
2551 1983 2641 2038 ubi
2679 1983 2808 2038 dicit
2847 1998 2907 2039 se
2950 1986 3163 2041 venisse
3202 1986 3407 2041 salvere
3445 1996 3503 2042 et

1924 2081 2164 2137 quaerere
2190 2072 2329 2140 quod
2365 2072 2597 2142 perierat
2625 2072 2785 2145 (Luc.
2814 2090 2928 2141 xu,
2959 2074 3055 2144 10)
3082 2093 3099 2142 ;
3126 2090 3310 2133 verum
3337 2079 3501 2134 etiam

1923 2158 2244 2213 eontradicis
2266 2160 2337 2226 ei,
2369 2175 2437 2215 ne
2462 2162 2743 2218 salvandos
2771 2166 3019 2233 parvulos
3042 2175 3264 2236 quaerat.

1995 2246 2180 2302 CXIX.
2203 2247 2323 2304 Jun.
2350 2249 2500 2305 Unde
2521 2251 2649 2306 mihi
2672 2253 2864 2307 accidit
2888 2262 3047 2308 tanta
3066 2257 3402 2313 contumelia
3420 2256 3504 2313 di-

1924 2336 2131 2403 gnitas?
2156 2336 2299 2392 Nihil
2328 2340 2379 2392 in
2410 2354 2497 2395 me
2522 2342 2630 2396 tale
2655 2342 2901 2399 conferre
2927 2344 3192 2399 laudando
3214 2348 3499 2416 potuisses.

1921 2423 2090 2481 Sensa
2126 2442 2243 2482 mea
2272 2427 2407 2483 dicis
2432 2442 2553 2485 esse
2582 2431 2948 2500 reprobanda;
2976 2433 3069 2488 sed
3097 2434 3190 2489 Dei
3213 2448 3376 2505 opera
3399 2436 3501 2492 da-

1921 2518 2149 2572 mnanda
2190 2535 2204 2571 :
2244 2534 2333 2574 me
2376 2522 2515 2577 male
2555 2521 2861 2592 disputare;
2907 2523 3001 2579 sed
3047 2524 3211 2580 Deum
3258 2530 3503 2598 nequiter

1920 2621 2105 2663 creare
2129 2610 2439 2678 pronuntias
2466 2629 2484 2666 :
2508 2627 2595 2666 me
2620 2627 2801 2669 errare
2824 2614 3055 2681 clamas;
3086 2616 3234 2671 illum
3264 2619 3455 2674 saevire
3481 2637 3498 2673 :

1918 2714 2008 2754 me
2028 2692 2229 2755 asseris
2253 2703 2464 2758 nescire
2496 2703 2703 2772 legem;
2746 2705 2908 2760 Deum
2941 2721 3073 2761 vero
3103 2710 3310 2765 nescire
3338 2710 3500 2780 justi-

1920 2790 2046 2844 tiam
2079 2806 2096 2845 :
2121 2805 2208 2846 me
2232 2791 2541 2848 vociferaris
2566 2793 2885 2850 catholicum
2917 2811 3023 2850 non
3060 2812 3183 2855 esse
3200 2837 3216 2860 ,
3244 2799 3385 2869 quod
3412 2800 3500 2855 di-

1917 2893 2034 2934 cam
2055 2879 2321 2935 Christum
2343 2897 2630 2951 provocare
2647 2900 2781 2954 quos
2800 2886 2997 2951 salvet;
3020 2887 3185 2942 Deum
3208 2904 3335 2943 vero
3349 2890 3500 2959 juras

1919 2986 2104 3039 creare
2129 2986 2266 3042 quos
2297 2973 2544 3039 damnet,
2583 2991 2683 3031 nec
2719 2977 2790 3031 ob
2827 2978 2967 3034 aliud
3007 2981 3272 3047 condere,
3305 2982 3407 3037 nisi
3441 2990 3502 3037 ut

1920 3070 2046 3115 eant
2070 3076 2258 3117 omnes
2285 3064 2340 3118 in
2366 3064 2885 3121 condemnationem.

1992 3154 2127 3208 Anc.
2151 3152 2263 3208 Hoc
2286 3164 2340 3209 et
2365 3154 2432 3208 de
2454 3157 2783 3223 praescientia
2811 3158 2899 3213 Dei
2923 3158 3024 3213 dici
3055 3169 3247 3229 potest,
3268 3177 3387 3230 quia
3414 3170 3499 3215 ta-

1919 3256 2043 3295 men
2068 3256 2098 3294 a
2131 3242 2373 3298 fidelibus
2410 3245 2586 3312 negari
2617 3259 2724 3298 non
2760 3255 2968 3315 potest,
2995 3258 3047 3302 et
3081 3259 3208 3316 puto
3230 3250 3370 3318 quod
3400 3264 3500 3305 nec

1918 3345 1948 3384 a
1975 3332 2143 3386 vobis.
2173 3334 2282 3387 Aut
2321 3343 2511 3404 negate
2546 3333 2715 3389 Deum
2757 3338 3033 3405 praescium
3076 3340 3270 3393 multos
3308 3353 3367 3395 se
3397 3338 3497 3394 da-

1918 3434 2220 3478 mnaturum
2250 3438 2371 3479 esse
2393 3439 2525 3496 quos
2553 3434 2733 3490 creat,
2766 3443 2834 3481 ne
2867 3427 3113 3483 videatur
3145 3444 3332 3485 creare
3362 3444 3500 3500 quos

1918 3516 2167 3584 damnet;
2192 3527 2244 3572 et
2265 3518 2405 3588 quod
2426 3527 2508 3573 est
2532 3519 2823 3575 mirabilius
2845 3529 2900 3575 et
2922 3522 3337 3589 inscrutabilius,
3361 3524 3500 3578 mul-

1921 3616 2023 3675 tos,
2055 3622 2124 3664 ne
2149 3608 2348 3662 malitia
2375 3616 2542 3664 mutet
2570 3623 2755 3665 eorum
2790 3610 3141 3677 intellectum,
3168 3612 3237 3667 de
3266 3613 3364 3668 hac
3392 3613 3497 3667 vita

1920 3714 2025 3753 non
2050 3701 2067 3731 ⁸
2092 3696 2477 3772 τερατείδαγ.
2513 3715 2591 3764 tv,
2622 3700 2682 3753 ti
2703 3697 2747 3771 ),
2775 3714 2907 3770 quos
2941 3701 3113 3756 malos
3150 3701 3355 3757 futuros
3387 3718 3498 3757 non

1918 3799 2096 3861 potest
2133 3789 2400 3859 ignorare.
2437 3789 2571 3846 Date
2593 3790 2849 3846 honorem
2881 3791 2990 3847 Deo
3016 3809 3035 3846 :
3059 3792 3324 3848 altitudini
3350 3793 3496 3861 judi-

1918 3880 2123 3934 ciorum
2146 3878 2265 3948 ejus
2287 3879 2440 3933 cedat
2462 3889 2758 3934 vestrorum
2779 3881 2993 3949 crcpula
3017 3887 3168 3937 ruina
3182 3885 3495 3948 verborum,

1919 3970 2072 4041 quasi
2101 3968 2265 4024 nitida
2293 3973 2349 4024 et
2373 3977 2525 4024 acuta
2546 3969 2588 4035 ⁸,
2617 3972 2711 4023 sed
2742 3971 2928 4025 vitrea.

1990 4060 2151 4117 CXX.
2176 4059 2293 4116 Jun.
2323 4060 2464 4115 Inter
2481 4069 2533 4114 te
2552 4060 2713 4130 igitur
2725 4068 2782 4114 et
2799 4060 3145 4115 Maniclttcum
3168 4072 3497 4130 precatorem

1921 4166 2174 4207 sensuum
2202 4161 2433 4214 tuorum,
2455 4150 2610 4204 video
2630 4164 2726 4220 per
2749 4150 3040 4218 profectum
3061 4151 3372 4207 eruditionis
3388 4163 3499 4209 tum
3587 4171 3595 4185 '

1920 4258 2165 4313 magnam
2197 4243 2385 4297 factam
2412 4257 2531 4297 esse
2558 4241 2884 4296 distantiam.
2923 4243 3014 4297 llle
3041 4243 3183 4298 enim
3219 4243 3342 4299 licet
3364 4244 3500 4302 duos

1922 4334 2212 4389 induxisset
2241 4340 2505 4398 auctores,
2534 4341 2708 4387 tamen
2734 4348 2883 4402 spem
2909 4334 3093 4388 salutis
3113 4349 3179 4389 ex
3199 4349 3261 4389 ea
3287 4335 3500 4405 reliquit

1921 4436 2104 4497 parte,
2134 4441 2237 4496 qua
2270 4425 2406 4480 dixit
2437 4425 2634 4480 bonum
2669 4424 2839 4478 Deum
2866 4436 2986 4479 esse
3014 4424 3400 4480 alienissimum
3428 4428 3499 4480 ab

1921 4509 2228 4588 iniquitate,
2259 4529 2315 4574 et
2344 4533 2375 4572 a
2407 4516 2722 4572 crudelitate
2751 4533 2767 4569 :
2795 4524 2852 4571 tu
2887 4531 3015 4571 vero
3052 4531 3213 4570 unum
3255 4517 3453 4573 bonum
3475 4518 3498 4550 ³

1919 4610 2133 4680 quidem
2163 4611 2348 4671 Deum,
2376 4608 2470 4662 sed
2498 4607 2745 4662 eumdem
2772 4607 3033 4661 malorum
3060 4609 3390 4664 conditorem
3420 4610 3502 4665 lo-

1919 4714 2120 4769 quens,
2159 4708 2219 4753 ut
2252 4702 2614 4775 reverentiam
2653 4697 2979 4765 divinitatis,
3019 4698 3091 4753 ita
3128 4714 3277 4769 spem
3314 4701 3500 4756 salutis

1922 4790 2154 4845 iuuditus
2180 4788 2456 4844 sustulisti.

1991 4883 2125 4935 Anc.
2157 4878 2427 4933 Manichaei
2459 4880 2658 4949 lingunt
2694 4878 2859 4932 Deum
2888 4877 3173 4933 crudeliter
3201 4862 3498 4944 inﬁrmum,

1921 4969 2009 5038 qui
2037 4977 2236 5038 partem
2268 4984 2438 5032 suam,
2464 4968 2809 5022 substantiam
2836 4983 3005 5028 suam,
3034 4968 3273 5021 membra
3302 4981 3503 5024 naturze

1922 5074 2031 5114 sum
2060 5058 2359 5113 dilanianda
2391 5067 2445 5112 et
2477 5058 2880 5112 contaminanda
2918 5057 3159 5112 hostibus
3192 5062 3405 5116 tradidit
3427 5106 3439 5123 .
3471 5080 3501 5117 a

1922 5148 2112 5219 quibus
2136 5147 2432 5202 vastitatem
2463 5149 2560 5203 sibi
2589 5147 2865 5201 imminere
2890 5149 3175 5204 cernebat:
3207 5167 3300 5207 vos
3325 5164 3500 5206 autem

1922 5242 2010 5310 qui
2050 5242 2213 5294 Deum
2252 5239 2827 5307 omnipotentisaimum
2863 5253 2967 5292 non
3005 5242 3241 5309 negatis,
3274 5242 3325 5295 in
3356 5242 3503 5309 gravi

1917 5332 2045 5402 jugo
2084 5330 2419 5400 parvulorum
2447 5329 2589 5382 credi
2618 5328 2774 5382 vultis
2804 5330 3054 5398 iniustum
3073 5370 3090 5396 ,
3123 5333 3360 5399 negando
3388 5333 3499 5384 ori-

1986 5468 2003 5497 ι
2040 5460 2425 5571 ηξδιίιυίἱιιὲοἶιέο
2460 5456 2690 5523 particula
2732 5472 2921 5524 negans
2933 5461 3214 5511 auctoritate
3248 5466 3355 5511 ass.
3381 5467 3498 5513 iter.

1986 5539 2042 5571 Il'.
2092 5538 2148 5571 0l‘
2175 5562 2187 5571 .
2212 5538 2243 5571 8
2401 5557 2415 5570 .
2471 5543 2478 5551 '

1921 5524 2042 5576 clar.
2062 5532 2187 5575 Fort.
2212 5531 2264 5575 et
2281 5524 2415 5572 Coll).
2471 5543 2478 5551 -

1945 5592 1948 5595 λ
1987 5590 2008 5620 ι
2031 5587 2105 5635 sic
2122 5587 2256 5649 vign.
2284 5591 2336 5634 et
2369 5583 2576 5633 Memrd.
2617 5589 2667 5633 In
2690 5588 2757 5643 8.,
2782 5581 2919 5646 quasi
2946 5580 3098 5631 nitida
3117 5587 3291 5644 acuta;
3323 5590 3504 5640 omisso

1921 5657 2010 5742 et"
2035 5654 2130 5758 ich
2151 5707 2257 5758 loco
2274 5720 2337 5758 ex
2353 5707 2687 5770 manuscriptis
2704 5706 2934 5765 addimus,
2961 5707 3147 5752 bonum.
