4008 6178
452 317 583 373 ΗΠ

447 428 621 499 ginale
649 434 944 497 peccatum.

515 517 702 572 CXXI.
723 516 841 572 Jun.
863 514 977 570 Non
999 524 1080 569 est
1097 514 1240 569 enim
1259 514 1351 584 qui
1368 514 1644 570 subveniat
1663 516 1792 580 reis,
1813 515 2026 586 quando

446 608 560 677 ipse
584 607 672 676 qui
701 616 785 661 est
813 620 977 668 unus,
1012 603 1275 659 desiderio
1307 603 1654 658 creandarum
1693 605 2028 660 miseriarum

444 697 604 750 etiam
634 709 729 748 eos
757 693 925 763 punit,
955 693 1006 747 in
1030 693 1224 762 quibus
1252 693 1381 747 nihil
1407 692 1550 747 aliud
1578 708 1734 763 quam
1764 694 1866 749 hoc
1888 694 2030 765 quod

445 788 461 842 i
469 802 562 858 pse
588 785 715 841 fecit
743 786 1003 855 agnoscit.

517 880 651 931 Avo.
683 875 936 945 Agnoscit
970 875 1041 929 ibi
1074 874 1234 929 etiam
1264 873 1403 943 quod
1431 873 1545 944 ipse
1573 889 1678 928 non
1706 872 1834 929 fecit
1860 891 1872 927 :
1901 889 2029 944 pec-

445 978 621 1023 catum
647 970 842 1038 quippe
868 967 981 1036 ipse
1007 981 1116 1021 non
1146 964 1289 1023 fecit.
1323 964 1472 1020 Alius
1497 974 1676 1020 autem
1705 965 1949 1021 similiter
1971 972 2031 1020 ut

444 1072 541 1113 vos
560 1073 726 1112 vanus
746 1065 927 1126 posset
945 1056 1121 1112 dicere
1143 1057 1180 1121 ³,
1207 1055 1375 1111 Deum
1395 1054 1660 1112 desiderio
1677 1056 2028 1112 creandarum

445 1148 778 1204 miseriarum
816 1147 976 1202 etiam
1013 1161 1107 1203 eos
1142 1160 1360 1214 creare,
1397 1160 1531 1217 quos
1563 1145 1939 1201 damnatarum
1966 1161 2029 1204 se

442 1256 566 1297 esse
608 1240 853 1311 ignorare
889 1254 997 1295 non
1042 1238 1247 1309 potuit,
1286 1238 1773 1310 incomparabiliter
1808 1238 2024 1309 plures,

441 1347 604 1402 quam
629 1344 723 1386 eos
752 1345 887 1399 quos
914 1329 1260 1384 liberaturum
1285 1341 1349 1383 se
1373 1342 1495 1384 esse
1522 1328 1813 1399 prmacivit.

515 1419 722 1475 CXXII.
749 1419 866 1474 Jun.
890 1419 1173 1488 Perspecta
1195 1418 1355 1489 igitur
1371 1420 1566 1489 abysso
1590 1419 1874 1489 impietatis
1897 1429 2023 1487 tum,

443 1512 569 1566 licet
610 1526 877 1581 nunquam
914 1510 1199 1580 quidquam
1243 1511 1412 1579 possit
1453 1511 1723 1579 profanius
1762 1511 2022 1575 inveniri;

444 1611 620 1655 tamen
650 1616 807 1670 quam
836 1600 937 1656 hoc
964 1599 1094 1655 nihil
1131 1598 1324 1654 habeat
1351 1600 1564 1664 virium,
1594 1609 1648 1654 et
1676 1600 1799 1670 quid
1829 1600 1896 1655 de
1921 1600 2025 1655 illis

439 1707 560 1762 quae
591 1706 929 1747 annexueras
964 1690 1263 1760 colligatur,
1297 1690 1445 1746 brevi
1484 1690 1838 1759 disputatione
1867 1705 2023 1744 mon-

438 1782 715 1836 strabitur.
746 1783 886 1838 Deus
921 1782 1010 1852 qui
1050 1780 1153 1837 hoc
1188 1781 1444 1851 appellari
1484 1782 1700 1837 nomine
1740 1781 1934 1847 voluit,
1967 1790 2026 1836 ut

439 1873 1016 1941 omnipotentissimus,
1064 1873 1135 1926 ita
1184 1872 1345 1927 etiam
1389 1872 1712 1942 justissimus
1752 1872 2018 1938 creditur;

439 1978 662 2031 quorum
684 1963 730 2017 si
757 1979 915 2017 unttm
937 1962 1182 2028 defuerit,
1208 1972 1450 2017 neutrum
1474 1963 1681 2026 aderit;
1704 1970 1765 2015 ut
1778 1962 2023 2017 conditor

436 2054 847 2124 benignissimus
891 2053 1198 2117 hominum,
1232 2054 1300 2107 ita
1336 2053 1648 2108 meritorum
1684 2055 2019 2121 expunctor‘I

436 2144 807 2213 :cqnissimus;
838 2158 997 2197 omne
1030 2143 1168 2212 quod
1205 2143 1359 2204 facit.
1392 2142 1588 2197 bonum
1625 2142 1778 2196 valde
1809 2150 1912 2197 est.
1941 2142 2021 2196 Ac

436 2248 532 2303 per
559 2233 679 2299 hoc,
711 2248 868 2288 nemo
893 2215 1203 2287 naturaliter
1233 2232 1403 2287 malus
1426 2241 1509 2286 est
1538 2250 1551 2285 :
1579 2231 1675 2286 sed
1700 2233 2019 2302 quicumque

438 2341 560 2382 reus
582 2334 684 2390 est,
716 2325 973 2389 moribus,
1005 2339 1109 2377 non
1133 2324 1364 2379 exordiis
1393 2331 1692 2377 accusatur.

506 2416 639 2470 Anc.
672 2412 779 2467 Cur
805 2427 933 2482 ergo
964 2427 1123 2481 grave
1156 2413 1339 2481 jngum
1375 2424 1534 2478 super
1568 2410 1786 2465 exordia
1819 2425 2016 2482 parvu-

434 2504 605 2559 lorum
630 2504 732 2556 sub
754 2503 867 2557 Deo
893 2502 1258 2570 potentissimo
1287 2508 1446 2569 atque
1470 2501 1804 2569 justissima?

503 2593 735 2650 CXXIII.
763 2593 884 2649 Jun.
922 2592 1031 2648 Nec
1064 2593 1258 2647 malum
1302 2594 1475 2662 itaque
1509 2594 1750 2648 naturale
1773 2603 1890 2660 est,
1916 2608 2018 2652 nec

436 2686 576 2741 Deus
604 2700 787 2740 creare
813 2699 934 2740 reos
965 2692 1174 2754 potest,
1208 2699 1306 2738 nec
1342 2683 1392 2736 in
1432 2698 1596 2753 regno
1622 2684 1820 2740 diaboli
1847 2686 2016 2740 collo-

431 2792 574 2832 care.
596 2775 800 2844 Quibus
819 2775 1058 2830 collectis
1076 2784 1124 2829 et
1153 2784 1207 2828 tu
1233 2774 1572 2842 Manichmus,
1594 2776 1703 2829 imo
1724 2776 2016 2832 Manichmo

433 2867 582 2937 pejor
601 2865 898 2925 ostenderis
923 2883 936 2919 :
959 2873 1014 2919 et
1032 2865 1146 2919 sine
1172 2875 1386 2933 peccato
1408 2866 1457 2918 in
1480 2865 1623 2921 hunc
1639 2868 1895 2922 mundum
1916 2868 2015 2923 hu-

432 2957 701 3012 manitatis
724 2957 1015 3026 ingressus,
1042 2964 1095 3009 et
1119 2955 1218 3010 sub
1241 2954 1361 3023 jure
1390 2956 1499 3019 Dei,
1533 2972 1635 3011 non
1660 2956 1874 3020 diaboli,
1905 2957 2013 3014 fru-

430 3057 548 3102 ctus
573 3045 928 3112 fecunditatis,
956 3054 1010 3100 et
1037 3045 1289 3099 naturalis
1320 3045 1618 3100 innocentia
1649 3048 1973 3103 claruerunt.

500 3140 636 3194 Ave.
659 3137 803 3206 Ergo
817 3145 873 3191 et
893 3136 1229 3199 Ambrosius,
1255 3136 1342 3204 qui
1367 3134 1519 3198 dixit,
1550 3155 1569 3187 ι
1600 3135 1657 3190 In
1687 3138 1970 3206 primordia
1989 3139 2011 3171 ³

430 3238 631 3283 natura!
669 3241 809 3290 sum,
837 3225 928 3293 qui
969 3224 1215 3294 baptizati
1256 3225 1450 3280 fuerint
1491 3228 1727 3294 parvuli,
1754 3244 1783 3281 a
1815 3231 2010 3285 malitia

430 3320 785 3377 reformantur
809 3337 831 3371 ι
856 3316 991 3391 (Lib.
1012 3318 1037 3372 I
1057 3318 1112 3371 in
1132 3316 1258 3370 Luc.
1283 3333 1320 3381 ι,
1347 3318 1433 3381 l7,
1458 3334 1511 3371 η.
1534 3315 1645 3389 57).
1666 3319 2006 3388 Manichacus,

426 3420 521 3465 aut
546 3411 836 3465 Manichaee
863 3409 1012 3479 pejor
1037 3408 1359 3471 ostenditur,
1389 3408 1531 3465 sicut
1553 3412 1888 3477 conviciaris,
1918 3421 2010 3468 aut

429 3503 579 3557 furis.

496 3589 730 3646 CXXIV.
751 3589 871 3645 Jun.
896 3588 1006 3645 Hoc
1025 3588 1185 3659 igitur
1204 3589 1532 3657 consignato,
1555 3590 1678 3660 quid
1703 3606 2006 3661 processum

430 3692 578 3738 tuttm
601 3689 954 3751 consequatur
977 3679 1208 3734 attende.
1233 3679 1548 3749 Prophetas,
1571 3690 1626 3736 et
1650 3682 2005 3751 Patriarchas,

427 3788 718 3843 omnesque
755 3780 969 3825 sanctos
988 3769 1198 3846 veteris
1225 3769 1549 3827 Testamenti
1586 3782 1793 3828 constat
1829 3775 2011 3844 Bapti-

427 3864 613 3925 smatis
649 3870 895 3932 expertes
925 3860 1116 3925 fuisse,
1148 3860 1243 3916 sed
1281 3878 1311 3917 a
1352 3862 1461 3917 Deo
1497 3864 1742 3920 conditos
1781 3868 2008 3939 propriis

427 3955 677 4024 deinceps
705 3952 913 4007 fulsisse
939 3952 1223 4007 virtutibus
1254 3970 1268 4006 :
1298 3954 1399 4008 sub
1425 3954 1625 4010 diaboli
1651 3972 1779 4027 ergo
1812 3966 2026 4030 regno,‘

426 4054 612 4101 contra
637 4044 994 4100 testimonium
1023 4043 1173 4114 legis,
1195 4058 1314 4100 esse
1337 4045 1621 4101 credentur
1646 4049 1862 4104 aeternis
1880 4065 2009 4122 sup-

430 4136 600 4205 pliciis
623 4133 957 4204 mancipaudi
979 4150 994 4197 ;
1018 4134 1140 4204 quia
1164 4148 1229 4188 ex
1256 4135 1423 4188 Adam
1449 4151 1637 4192 omnes
1664 4142 2009 4207 pronuntian-

429 4237 513 4283 tur
539 4242 569 4281 a
597 4236 650 4282 te
682 4227 733 4280 in
761 4225 1254 4280 condemnationem
1276 4224 1298 4255 ⁸
1324 4226 1509 4280 creati.

495 4318 630 4373 Auc.
664 4315 736 4370 Et
779 4315 924 4384 ipsos
952 4315 1197 4384 antiquos
1234 4313 1408 4383 justus
1445 4315 1632 4372 eadem
1660 4320 1828 4388 gratia
1870 4320 2008 4378 libe-

428 4407 603 4472 ravit,
649 4405 736 4460 cui
766 4420 860 4461 vos
906 4405 1111 4460 bellum»
1150 4403 1417 4459 indixistis
1448 4421 1462 4457 :
1494 4406 1736 4474 quamvis
1779 4408 2006 4471 diversis

427 4504 509 4559 usi
539 4504 739 4559 fuerint
770 4519 867 4572 pro
898 4513 1136 4573 tempore
1172 4502 1543 4559 sacramentis.
1573 4504 1833 4571 Quoniam
1862 4506 2006 4575 quod

425 4596 494 4647 de
534 4593 746 4648 Christo
791 4594 1089 4659 credimus,
1140 4593 1245 4649 hoc
1293 4592 1604 4650 credebant.
1660 4594 1811 4652 Unus
1858 4597 2004 4652 enim

428 4684 585 4749 Deus,
616 4698 752 4737 unus
778 4693 831 4738 et
861 4684 1117 4740 Mediator
1147 4685 1238 4740 Dei
1267 4695 1323 4741 et
1359 4687 1634 4743 hominum
1663 4688 1826 4745 homo
1851 4689 2008 4746 Chri-

487 4796 506 4827 ι
530 4794 837 4866 νιεῃὶεινίιιεε
863 4792 996 4866 alii»
1016 4801 1207 4854 autern,
1242 4794 1460 4848 similiter
1482 4804 1535 4849 ut
1557 4811 1638 4850 vos
1668 4813 1816 4852 varius
1834 4837 1849 4862 ,
1879 4801 2006 4856 alias

822 4862 956 4990 ίὲὲίν
975 4914 1256 4990 ιζιρνίιοιςιηῃ
1275 4917 1567 4990 explorator.
1588 4924 1758 4974 Verius
1775 4925 2003 4988 Vignierii

423 4979 571 5027 editio
610 4986 663 5048 et
704 4985 826 5048 Mss;
848 4978 962 5028 lar.
986 4978 1109 5048 Clar.
1129 5039 1141 5048 .
1156 4986 1301 5048 rem,
1328 4978 1609 5048 meritorum
1628 4978 1911 5048 expuncior.
1931 4990 2005 5038 sic

422 5051 567 5101 supra
584 5073 600 5096 ν
616 5045 723 5108 H.89-
765 5041 859 5108 .57.-.
884 5039 1178 5108 omnia:
1608 5039 1932 5108 motorum;
1954 5050 2003 5098 id

423 5100 517 5156 est,
539 5100 727 5148 meritis
746 5100 911 5173 debita
930 5100 995 5150 ex
1020 5105 1261 5173 aequitatis
1284 5100 1474 5173 ratione
1495 5100 1725 5173 reddens.
1884 5100 2002 5173 quia

456 5172 734 5231 ersonarum
758 5163 948 5231 nomina
969 5163 1248 5231 seundebita
1284 5165 1548 5231 perscripta
1585 5168 1643 5231 in
1658 5167 1850 5231 tabulis,
1876 5163 2004 5220 sole-

421 5174 734 5271 Eaersonarum
758 5174 948 5210 nomina
969 5174 1059 5211 seu
1082 5174 1248 5213 debita
1284 5174 1548 5227 perscripta
1585 5174 1636 5215 in
1658 5174 1850 5231 tabulis,
1876 5174 2000 5220 sole-

450 5284 457 5286 ξ
487 5231 538 5273 ιιι
560 5229 737 5286 puncto
756 5222 935 5284 quibus
952 5224 1244 5273 satisfactum
1266 5234 1373 5277 erat
1394 5228 1567 5285 Mari,
1599 5228 1712 5278 hinc
1729 5230 1840 5281 data
1860 5243 2000 5281 cetra-

421 5284 512 5342 sio,
538 5284 1339 5358 ut‘meritorum‘egtpunctorhqui
1372 5289 1505 5358 paria
1539 5284 1733 5358 meritis
1753 5293 1997 5358 rependit,

424 5353 695 5414 vocaretur.
719 5346 793 5414 sic
812 5342 1136 5414 irertullianu-s
1153 5380 1168 5403 ,
1192 5342 1289 5414 lib."
1300 5342 1567 5414 de:corona
1598 5351 1779 5412 militis,
1804 5342 1909 5414 cap.
1940 5342 1997 5403 IS

428 5424 453 5453 ι
471 5407 893 5472 Expuugebantur
916 5407 1153 5472 incastris
1173 5407 1352 5472 milites
1374 5410 1579 5462 laureati
1597 5446 1612 5472 ,
1636 5428 1659 5457 ι
1687 5413 1753 5462 de
1768 5407 2001 5465 donativo

422 5466 921 5537 militibus'persuluto
942 5466 1109 5537 dicere
1132 5467 1435 5532 intelligitur.

485 5530 506 5561 ³
533 5527 689 5597 liditi,
727 5527 779 5597 in
839 5527 1122 5591 primordio.
1164 5537 1242 5579 Ms.
1291 5527 1433 5597 Poris,
1483 5532 1533 5583 in
1572 5532 1842 5597 primordia
1883 5549 1901 5585 :
1945 5545 2001 5588 ut

421 5590 874 5700 apu'doambrosium,
910 5602 1097 5640 necnon
1130 5603 1291 5653 supra,
1318 5594 1367 5641 in
1382 5590 1466 5643 lib.
1496 5596 1517 5645 I
1557 5590 1722 5649 contra
1741 5596 1995 5663 lulianum,

423 5664 471 5700 ιι.
570 5684 582 5696 .
968 5674 981 5683 -

423 5664 471 5700 τι.
513 5664 582 5700 Ιυ.
968 5674 981 5683 ·

485 5712 506 5742 δ
526 5720 598 5760 sic
620 5718 722 5760 Mss.
744 5717 799 5760 Αι
823 5710 957 5773 editi,
980 5709 1030 5762 in
1047 5710 1453 5766 cmdmnnatione.

1146 313 1387 371 OPERIS
1425 313 1833 370 IMPERFECTI
1882 314 2153 373 CONTRA
2189 312 2546 386 JULlANUM,
2587 318 2643 375 S.
2683 319 3051 381 AUGUSTINI

3559 337 3695 396 "28

2140 439 2253 484 stus
2273 429 2428 486 Iesus
2457 448 2471 485 ε
2496 433 2644 502 cujus
2673 435 2779 490 illis
2803 440 3186 507 praenuntiatus
3213 451 3312 510 est,
3348 445 3502 503 nobis
3528 460 3708 508 autem

2132 523 2476 600 annuntiatus
2503 534 2584 578 est
2621 525 2930 583 humilitatis
2957 531 3216 588 adventus
3242 551 3258 600 ;
3301 535 3558 595 claritatis
3581 557 3708 598 vero

2134 612 2224 680 qui
2255 612 2307 665 in
2337 610 2441 667 line
2484 613 2690 670 futurus
2727 627 2846 685 est,
2878 628 2932 673 et
2973 619 3080 677 illis
3115 632 3199 678 est
3241 629 3627 695 pramuntiatus
3654 643 3708 689 et

2133 696 2307 757 nobis.
2339 703 2408 756 Et
2437 703 2649 760 illorum
2675 723 2804 777 ergo
2845 718 2898 765 et
2942 721 3120 767 nostra
3156 714 3207 768 in
3238 716 3339 771 isto
3374 733 3481 773 uno
3509 720 3711 778 Media-

2133 799 2249 847 tore
2273 808 2376 846 una
2404 793 2535 848 lides
2558 804 2669 862 est,
2707 806 2763 852 et
2790 798 2926 855 idem
2955 802 3171 871 spiritus
3203 803 3323 860 lldei
3353 816 3407 862 et
3434 809 3487 863 in
3520 811 3627 866 illis
3655 824 3710 869 et

2133 883 2188 938 in
2216 885 2368 940 nobis
2396 903 2412 939 :
2442 886 2581 941 unde
2606 887 2734 943 dicit
2759 892 3064 960 Apostolus,
3095 894 3348 952 Habentes
3374 910 3545 955 autem
3566 918 3713 958 eum-

2128 973 2246 1028 dem
2272 975 2506 1046 spiritum
2530 977 2652 1046 ﬁdei
2668 1019 2684 1043 ,
2714 980 2988 1035 secundum
3013 984 3150 1054 quod
3176 986 3423 1057 scriptum
3445 999 3519 1045 est
3536 1032 3554 1059 ,
3583 991 3710 1049 Cre-

2129 1065 2260 1134 didi,
2293 1076 2498 1137 propter
2520 1069 2656 1139 quod
2680 1069 2879 1141 locutus
2899 1089 3013 1128 sum
3028 1091 3051 1141 ;
3086 1084 3135 1130 et
3164 1093 3256 1132 nos
3281 1079 3555 1149 credimus,
3584 1100 3708 1153 pro-

2130 1156 2400 1227 pterquod
2443 1165 2492 1212 et
2533 1157 3295 1241 toquimur(IlCor.tv,13).
3338 1168 3493 1226 Unde
3526 1182 3708 1231 autem

2126 1243 2201 1300 sit
2222 1244 2340 1301 haec
2365 1246 2520 1315 ﬁdes,
2553 1263 2621 1306 ne
2646 1250 2717 1305 ita
2746 1251 3037 1322 gloriemur
3062 1264 3311 1328 tanquam
3338 1275 3406 1317 ex
3432 1261 3586 1319 nobis
3612 1263 3706 1334 sit,

2125 1336 2375 1391 eumdem
2403 1337 2682 1395 audiamus
2722 1343 3021 1412 apostolum
3053 1363 3068 1401 :
3101 1345 3281 1403 Gratia
3302 1391 3319 1416 ,
3348 1350 3553 1421 inquit,
3581 1356 3711 1410 salsi

2127 1425 2254 1495 facti
2297 1427 2414 1481 estis
2456 1443 2548 1496 per
2590 1429 2765 1497 ﬁdem,
2809 1441 2859 1486 et
2902 1433 2998 1488 hoc
3038 1452 3141 1490 non
3181 1453 3248 1492 ea:
3286 1440 3447 1506 vobis,
3487 1442 3578 1496 sed
3611 1443 3710 1498 Dei

2127 1514 2314 1568 donum
2341 1527 2414 1571 est
2442 1516 2655 1588 (Ephes.
2681 1535 2717 1575 tt
2737 1562 2752 1588 ,
2779 1521 2870 1595 8).
2903 1525 2970 1579 Et
2996 1527 3103 1581 alio
3132 1528 3252 1584 loco
3284 1548 3299 1582 :
3335 1530 3482 1597 Pax,
3511 1534 3704 1604 inquit,

2128 1608 2369 1675 fratribus
2402 1619 2449 1661 et
2485 1610 2706 1666 charitas
2740 1631 2858 1669 cum
2894 1617 2997 1685 ﬁde
3021 1634 3053 1671 a
3078 1618 3185 1675 Deo
3215 1619 3373 1677 Patre
3411 1635 3459 1678 et
3484 1625 3704 1683 Domino

2122 1693 2252 1749 Jesu
2279 1696 2479 1752 Christo
2508 1698 2618 1768 (ld.
2649 1717 2722 1762 vi,
2746 1702 2859 1776 25).

2195 1785 2407 1875 CXXV.
2458 1788 2575 1843 Jun.
2630 1791 2781 1858 Quod
2827 1797 2874 1850 si
2924 1796 3141 1864 dixeris,
3188 1816 3350 1872 quam
3396 1803 3473 1859 sis
3517 1817 3706 1875 aperte

2124 1872 2479 1943 Manichacus,
2510 1879 2669 1934 etiam
2706 1885 2917 1952 patroni
2960 1887 3034 1940 tui
3065 1897 3315 1957 poterunt
3341 1872 3604 1950 confiteri.
3643 1897 3707 1952 Si

2125 1978 2252 2017 vero
2280 1964 2607 2024 intellexeris
2633 1979 2835 2026 tantum
2866 1976 2980 2029 veri
3012 1976 3171 2047 Regis
3200 1983 3493 2038 exercitum
3517 1997 3705 2042 contra

2125 2060 2266 2106 tuam
2293 2053 2549 2112 dimicare
2573 2062 2914 2127 sententiam,
2953 2079 3055 2120 nec
3090 2067 3194 2121 illis
3230 2078 3281 2123 te
3315 2070 3508 2128 all‘erre
3547 2089 3705 2143 posse

2124 2142 2488 2210 praeiudicium
2522 2150 2847 2217 :acquiesce
2891 2151 3221 2210 destructum
3263 2173 3385 2215 esse
3422 2142 3566 2231 quod
3603 2180 3704 2219 ex-

2122 2243 2393 2289 struxeras
2413 2274 2427 2301 ,
2455 2247 2513 2291 et
2542 2254 2635 2307 per
2663 2239 2765 2296 hoc
2790 2258 2894 2298 non
2934 2245 3013 2301 ire
3045 2262 3234 2304 omnes
3258 2266 3323 2306 ex
3353 2269 3459 2307 uno
3487 2255 3542 2309 in
3575 2272 3706 2313 con—

2120 2323 2514 2381 demnationem
2541 2344 2558 2394 ;
2597 2331 2693 2385 sed
2718 2347 2813 2388 eos
2839 2345 3040 2390 tantum
3069 2340 3160 2408 qui
3189 2343 3419 2399 rebelles
3441 2347 3701 2404 voluntati

2122 2414 2236 2483 Dei,
2258 2418 2374 2471 siue
2400 2421 2733 2490 paenitentia,
2764 2425 2880 2480 sine
2906 2432 3260 2500 correctione,
3285 2435 3474 2491 ultimo
3500 2436 3698 2495 fuerint

2120 2506 2225 2562 line
2248 2507 2590 2577 deprehensi.

2190 2603 2327 2654 Anc.
2366 2600 2518 2656 Adde
2554 2610 2610 2657 et
2643 2614 2961 2675 generatos,
3000 2608 3047 2663 si
3085 2625 3188 2666 non
3229 2611 3425 2669 fuerint
3462 2631 3696 2688 regene-

2117 2694 2215 2751 rati
2249 2707 2262 2742 :
2294 2692 2415 2759 quia
2446 2692 2498 2746 in
2530 2709 2636 2749 uno
2673 2711 2859 2753 omnes
2898 2713 3252 2767 peccaverunt
3288 2704 3467 2776 (Rom.
3495 2724 3549 2775 ν,
3582 2710 3697 2782 12).

2188 2780 2418 2837 CXXVI.
2448 2783 2569 2838 Jun.
2596 2785 2749 2852 Quod
2778 2797 2953 2843 autem
2984 2791 3126 2846 Deus
3153 2793 3324 2849 dictus
3347 2807 3451 2864 est,
3483 2780 3700 2870 Figulus

2116 2888 2178 2925 ex
2205 2873 2380 2927 eadem
2408 2891 2577 2928 massa
2603 2877 2795 2947 faciens
2820 2880 2964 2934 aliud
2988 2896 3075 2936 vas
3101 2884 3156 2936 in
3184 2885 3445 2953 honorem,
3474 2891 3618 2944 aliud
3640 2893 3698 2947 in

2113 2964 2472 3018 contumeliam
2497 2964 2607 3036 (Id.
2634 2982 2707 3032 ιι,
2736 2968 2832 3039 Si)
2856 2985 2871 3036 ;
2898 2986 2927 3026 a
2960 2980 3014 3027 te
3041 2979 3450 3033 commemorari
3478 2983 3698 3039 omnino

2115 3069 2218 3107 non
2245 3054 2428 3110 debuit
2453 3073 2467 3110 :
2500 3058 2626 3128 quia
2653 3067 2712 3114 ut
2740 3074 2769 3114 a
2800 3061 2955 3117 nobis
2979 3077 3366 3136 consequenter
3391 3075 3691 3142 exponitur,

2115 3145 2186 3198 ita
2215 3146 2309 3201 tibi
2341 3157 2509 3203 totum
2546 3159 2810 3223 repugnat
2840 3169 2855 3206 :
2888 3169 3011 3210 nam
3040 3171 3164 3211 cum
3192 3161 3280 3214 alii
3322 3162 3375 3216 in
3414 3163 3691 3234 honorem,

2110 3236 2199 3289 alii
2245 3237 2296 3290 in
2341 3241 2719 3297 contumeliam
2762 3242 2875 3300 ﬁeri
2917 3245 3199 3316 dicuntur,
3243 3250 3461 3320 juvatur
3501 3269 3694 3314 sensus

2110 3325 2526 3398 Qttliolicorum,
2554 3348 2660 3401 quo
2689 3336 2982 3390 secundum
3009 3336 3376 3397 diversitatem
3403 3345 3693 3403 voluntatis

2111 3415 2377 3484 humanm,
2408 3420 2653 3479 diversus
2687 3426 2848 3480 etiam
2870 3440 3121 3485 vasorum
3148 3434 3322 3489 exitus
3355 3437 3691 3506 prmdicatur.

2179 3510 2317 3566 Auc.
2357 3512 2699 3572 Ambrosium
2745 3518 2903 3586 audi,
2933 3521 3023 3590 qui
3050 3519 3206 3589 dicit,
3240 3545 3261 3579 ι
3291 3527 3490 3586 Omnes
3518 3531 3692 3588 Immi-

2110 3614 2207 3655 nes
2231 3601 2331 3656 sub
2358 3614 2578 3672 peccato
2603 3608 2892 3677 nascimur,
2914 3625 3139 3682 quorum
3167 3616 3279 3684 ipse
3306 3627 3458 3675 ortus
3483 3623 3533 3677 in
3560 3625 3691 3680 vitio

2110 3699 2195 3745 est
2224 3709 2258 3784 ι
2280 3691 2384 3784 (De
2411 3693 2717 3751 Ptznitentio
2734 3739 2749 3763 ,
2782 3699 2870 3753 lib.
2896 3702 2949 3767 l,
2973 3719 3094 3775 cap.
3114 3704 3151 3758 2
3175 3706 3253 3760 vel
3276 3708 3355 3779 3).
3382 3710 3471 3766 Sic
3495 3714 3692 3784 quippe

2111 3780 2376 3837 intellexit
2402 3798 2523 3838 cum
2552 3787 2762 3842 caeteris
2791 3790 3172 3863 condiscipulis
3199 3807 3250 3852 et
3280 3780 3693 3862 conductoribus

2110 3872 2221 3925 suis
2238 3913 2253 3938 ,
2280 3874 2397 3929 sine
2422 3875 2529 3929 ulla
2557 3876 2889 3936 dubitatione
2915 3883 3191 3941 catholicis
3210 3929 3225 3951 ,
3253 3890 3396 3958 quod
3433 3894 3688 3965 scriptum

2109 3971 2194 4015 est
2214 3962 2284 4016 de
2312 3974 2532 4033 peccato
2557 3973 2615 4021 et
2656 3978 2860 4036 morte,
2891 3973 3033 4042 quod
3074 3991 3169 4045 per
3197 3994 3356 4034 unum
3392 3962 3688 4053 intraverit,

2111 4061 2164 4107 et
2191 4053 2461 4147 iri-omnes
2496 4054 2742 4113 homines
2770 4066 3138 4130 pertransierit
3165 4067 3345 4137 (Rom.
3373 4088 3435 4140 ν,
3468 4073 3592 4147 12).
3624 4078 3692 4133 Et

2109 4142 2346 4212 intellige
2375 4144 2512 4200 hanc
2549 4160 2670 4201 esse
2715 4164 2944 4207 massam
2974 4153 3043 4208 de
3079 4170 3181 4226 qua
3218 4158 3362 4215 ﬂant
3385 4142 3692 4230 vasa,'sive

2110 4231 2218 4298 illa,
2252 4233 2368 4289 sive
2396 4235 2519 4289 ista.
2559 4235 2690 4291 Nam
2721 4239 2766 4293 si
2796 4241 3156 4300 inscrutabilis
3183 4250 3495 4318 quaestionis
3532 4254 3691 4324 hujus

2110 4326 2208 4383 ista
2235 4336 2381 4384 esset
2422 4330 2618 4385 solutio
2639 4372 2654 4395 ,
2685 4348 2843 4402 quam
2875 4345 2930 4390 tu
2959 4339 3103 4408 sapis
3122 4382 3138 4407 ,
3179 4345 3471 4401 secundum
3501 4350 3692 4405 merita

2108 4418 2443 4474 voluntatum
2467 4437 2481 4486 ;
2516 4429 2621 4475 lant
2651 4426 2929 4481 manifesta
2955 4439 3118 4495 esset,
3150 4442 3210 4487 ut
3234 4434 3376 4488 nulla
3405 4437 3520 4506 ejus
3544 4439 3689 4493 diffi-

2107 4507 2303 4563 cultate
2343 4510 2752 4581 compelleretur
2784 4517 3072 4585 Apostolus
3110 4520 3315 4587 dicere,
3345 4521 3394 4579 0
3418 4527 3598 4594 homo,
3636 4539 3689 4583 tu

2107 4599 2220 4669 quis
2245 4615 2299 4654 es
2332 4601 2421 4671 qui
2456 4604 2763 4674 respondeas
2791 4605 2897 4661 Deo
2929 4607 3042 4679 (Id.
3070 4627 3144 4674 ιι,
3172 4611 3309 4683 20)?
3348 4616 3424 4671 De
3450 4619 3686 4674 nondum

2108 4691 2251 4746 natis
2274 4694 2417 4746 enim
2454 4694 2747 4764 agebatur,
2776 4713 3001 4769 quorum
3033 4718 3138 4757 non
3165 4718 3231 4758 ex
3266 4707 3547 4775 operibus,
3591 4712 3686 4765 sed

2107 4783 2396 4838 secundum
2426 4789 2753 4856 propositum
2784 4803 2941 4845 suum
2966 4792 3103 4849 Deus
3131 4811 3292 4851 unum
3319 4798 3525 4861 dilexit.
3554 4800 3687 4856 alteo

2106 4888 2225 4927 rum
2252 4873 2375 4928 odio
2404 4874 2586 4930 habuit
2614 4894 2627 4930 :
2662 4878 2799 4932 unde
2826 4881 2891 4934 ad
2920 4880 3034 4937 hmc
3056 4885 3215 4939 verba
3246 4901 3554 4956 perventum
3574 4901 3684 4958 est,

2106 4973 2166 5017 ut
2187 4963 2257 5019 de
2293 4964 2478 5019 eadem
2510 4982 2684 5023 massa
2711 4978 2766 5024 et
2799 4971 3023 5028 diversis
3047 4977 3207 5041 vasis,
3240 4988 3293 5033 et
3321 4978 3389 5034 de
3425 4992 3687 5050 potestate

2107 5055 2249 5125 figuli
2279 5055 2567 5113 diceretur.
3194 5116 3195 5119 η

2173 5142 2432 5199 CXXVII.
2460 5146 2579 5205 Jun.
2621 5147 2701 5202 Tu
2723 5159 2899 5206 autem
2930 5154 3020 5223 qui
3047 5169 3206 5225 supra
3232 5157 3463 5228 dixeras,
3498 5177 3687 5219 omnes

2106 5234 2186 5288 ire
2219 5235 2271 5288 in
2303 5235 2827 5306 condemnationem,
2863 5256 2963 5310 qua
2999 5247 3356 5303 testimonium
3389 5249 3562 5308 fronte
3591 5270 3687 5323 po-

2105 5325 2258 5381 suisti
2278 5367 2293 5391 ,
2319 5343 2424 5397 quo
2451 5332 2825 5397 pronuntiatur
2851 5333 2928 5389 ire
2954 5336 3087 5391 alius
3114 5338 3167 5393 in
3194 5338 3471 5409 honorem,
3502 5346 3638 5402 alius
3660 5346 3680 5378 ¹

2106 5415 2158 5470 in
2197 5419 2573 5473 cuntumcliam
2596 5420 2620 5474 ?

2176 5508 2308 5562 Asc.
2338 5508 2442 5562 Sed
2468 5511 2636 5579 gratia
2663 5512 2854 5568 liberat
2880 5530 2909 5569 a
2939 5518 3100 5574 totius
3126 5535 3315 5578 massa:
3341 5521 3684 5581 damnatione

2171 5661 2379 5742 ξ
2408 5663 2492 5742 lira
2523 5665 2641 5742 alios
2667 5667 2734 5742 lin
2775 5669 2999 5723 honorem
3017 5709 3032 5736 ,
3077 5674 3214 5728 alios.
3264 5684 3319 5727 Al.
3363 5677 3682 5742 manuscriptl

2104 5731 2382 5775 constanter
2408 5726 2605 5787 habent,
2629 5730 2773 5782 alius.
