4010 6186
272 226 394 283 1129

262 353 386 409 quos
432 337 661 412 liberat;
719 350 873 403 quam
920 349 1013 387 vos
1066 332 1307 403 negando
1335 374 1348 395 ,
1400 332 1529 385 estis
1576 331 1834 385 hmrctici.

178 474 179 477 η
263 435 520 497 Quantum
548 428 688 481 enim
725 428 952 495 pertinet
977 425 1041 479 ad
1073 425 1292 495 originis
1321 424 1565 479 meritum
1588 466 1602 489 ,
1635 439 1700 477 ex
1732 439 1837 476 uno

260 535 441 574 omnes
461 521 510 573 in
528 518 1217 589 conilentnationcmmom.
1249 533 1299 579 v,
1329 517 1419 586 16)
1442 526 1720 587 :quantum
1746 532 1840 569 au-

262 624 361 669 tem
406 615 474 669 ad
517 613 764 685 gratiam,
794 629 909 683 qua:
950 628 1056 668 non
1102 611 1396 668 secundum
1440 611 1626 666 merita
1661 610 1836 674 datur,

261 707 577 776 quicumque
607 705 675 759 ab
705 705 801 758 ista
829 704 1271 759 condcmnationc
1297 702 1586 757 liberantur
1605 744 1618 764 ,
1646 702 1837 757 dicun-

262 806 343 849 tur
381 810 507 849 vasa
539 792 917 849 misericordiae
948 811 961 847 :
987 794 1076 862 qui
1103 808 1230 847 vero
1272 806 1376 845 non
1413 790 1734 855 liberantur,
1763 793 1839 845 ira

263 887 349 940 Dei
383 896 561 941 manet
586 901 747 955 super
776 900 870 940 eos
898 883 1075 957 (Joau.
1106 901 1182 951 ιιι,
1211 883 1324 957 56),
1360 885 1580 938 veniens
1605 884 1671 938 de
1696 884 1841 952 justo

258 978 456 1048 judicio
483 979 575 1033 Dei
602 995 616 1042 ;
647 976 790 1048 quod
819 993 922 1032 non
950 977 1069 1031 ideo
1094 977 1461 1047 vituperabile,
1488 977 1607 1046 quia
1636 977 1842 1029 inseru-

262 1069 419 1124 tabile
452 1077 535 1123 est
566 1085 578 1121 :
611 1077 662 1122 et
697 1075 981 1137 propterea
1009 1082 1129 1123 vasa
1172 1067 1264 1121 ira:
1292 1074 1693 1135 nuncupantur,
1719 1066 1840 1135 quia

259 1172 305 1214 et
332 1158 417 1214 his
443 1159 580 1215 bene
609 1161 775 1214 utitur
801 1160 958 1222 Deus,
984 1168 1041 1213 ut
1066 1168 1219 1214 notas
1245 1158 1399 1214 faciat
1425 1159 1637 1213 divitias
1659 1158 1842 1227 gloria:

263 1264 388 1309 sum.
414 1249 470 1303 in
495 1265 619 1303 vasa
651 1249 1030 1304 misericordia:
1062 1246 1235 1322 (Rom.
1265 1266 1344 1315 lx,
1367 1249 1485 1319 ‘23).
1519 1248 1672 1317 Quod
1698 1248 1841 1303 enim

262 1343 373 1395 Deo
399 1341 672 1411 j'udieante
700 1357 729 1396 a
761 1343 970 1397 caeteris
997 1342 1252 1413 exigitur,
1285 1342 1387 1397 hoc
1428 1342 1543 1395 istis
1576 1357 1641 1396 eo
1679 1343 1842 1396 mise-

257 1441 410 1487 rante
438 1434 454 1464 ¹
498 1432 728 1487 donatur
757 1452 770 1487 :
801 1448 936 1503 quas
980 1433 1373 1503 investigabiles
1405 1433 1520 1487 vias
1558 1431 1767 1485 Domini
1798 1431 1844 1485 si

255 1521 490 1575 :estimas
516 1521 921 1593 improbandas,
950 1520 1101 1586 audi,
1137 1521 1181 1575 0
1212 1522 1393 1588 homo,
1426 1528 1478 1574 tu
1518 1521 1629 1590 quis
1671 1536 1721 1574 es
1759 1520 1860 1588 qui.

257 1610 568 1679 respondeas
594 1609 703 1664 Dco
726 1600 792 1664 ’ἲ

321 1698 613 1754 CXXVIII.
640 1700 760 1755 Jun.
788 1700 927 1755 Nihil
954 1701 1094 1755 enim
1124 1701 1192 1755 ita
1226 1708 1442 1772 pugnat,
1461 1716 1621 1768 quam
1643 1688 1840 1764 dicere,

254 1805 472 1856 omnes,
504 1799 560 1846 et
585 1802 693 1846 non
723 1807 932 1848 omnes.
969 1792 1046 1847 Tu
1077 1792 1241 1857 dicis,
1273 1808 1302 1846 a
1334 1792 1494 1862 ﬁgulo
1520 1792 1631 1848 Deo
1659 1807 1846 1847 omnes

232 1868 377 1937 ﬁeri
404 1882 458 1936 in
487 1882 989 1939 condemnationem
1015 1903 1029 1939 :
1056 1886 1338 1954 Apostolus
1358 1884 1507 1951 dicit,
1530 1899 1636 1938 non
1658 1877 1845 1939 omnes

254 1975 299 2026 in
332 1973 878 2037 condemnationem,
908 1991 1009 2031 nec
1046 1990 1236 2030 omnes
1272 1975 1324 2029 in
1364 1974 1660 2040 honorem;
1703 1973 1845 2043 quod

256 2064 300 2117 in
336 2063 468 2118 loco
496 2080 596 2119 suo
615 2106 630 2130 ,
661 2064 789 2136 quid
816 2064 1010 2121 habeat
1033 2064 1307 2135 dignitatis
1332 2064 1622 2119 absolvam.
1652 2064 1708 2119 In
1734 2049 1847 2133 ipsa

256 2164 441 2209 tamen
493 2154 925 2225 pronuntiatione
968 2154 1278 2219 sententizc,
1325 2161 1535 2208 constat
1578 2153 1714 2207 inter
1753 2167 1849 2208 vos

255 2261 512 2317 magnam
552 2260 674 2300 esse
714 2245 1056 2308 discordiam,
1088 2261 1190 2301 nec
1215 2245 1460 2300 eumdem
1485 2261 1604 2303 esse
1631 2245 1848 2318 ﬁgulum

255 2337 300 2391 in
340 2335 857 2393 condemnationem
884 2344 1073 2392 cuncta
1110 2336 1399 2406 ﬁngentem
1419 2377 1435 2404 ,
1465 2353 1621 2408 quem
1652 2337 1849 2393 Paulus

254 2428 400 2483 dicat
426 2428 484 2482 in
514 2426 771 2482 hono‘rcm
803 2429 935 2482 alios
984 2427 1330 2481 I‘abricantem
1363 2445 1377 2482 :
1416 2442 1514 2483 nec
1541 2435 1592 2483 te
1618 2427 1693 2482 illi
1722 2440 1845 2484 cre-

258 2520 414 2583 dere,
437 2519 530 2589 qni
557 2532 587 2573 a
614 2519 868 2589 magistro
893 2517 1188 2573 admirabili
1220 2516 1568 2587 praedicatur;
1593 2519 1844 2589 quoniam

260 2622 390 2667 tuus
422 2611 614 2682 ﬁgulus
650 2626 838 2666 omnes
868 2611 920 2664 in
960 2609 1459 2665 condemnationem
1486 2609 1671 2682 ﬁngit,
1706 2609 1887 2682 Apo—,

258 2703 388 2758 διοιί
422 2701 618 2773 ﬁgulus
642 2702 901 2772 plurimos
929 2688 1074 2771 ﬁngit
1103 2702 1158 2755 in
1181 2701 1425 2771 gloriam.

330 2793 479 2849 Atro.
517 2791 651 2848 Cum
685 2792 933 2849 dicuntur
957 2807 1143 2847 omnes
1172 2807 1241 2848 ex
1276 2807 1385 2848 uno
1428 2793 1483 2847 in
1523 2791 1848 2849 condemna-

260 2886 493 2949 tionem,
523 2884 636 2955 ipsa
665 2900 838 2939 massa
867 2884 1219 2956 signiﬁcatur,
1251 2900 1319 2940 ex
1342 2898 1444 2955 qua
1474 2883 1608 2939 ﬁunt
1631 2899 1663 2940 a
1693 2883 1851 2955 ﬁgulo

258 2977 368 3031 alia
396 2990 524 3029 vasa
568 2964 620 3030 in
668 2976 947 3041 honorem,
996 2976 1047 3031 id
1096 2985 1219 3040 est,
1256 2991 1377 3046 qua:
1414 2984 1757 3032 assumuntur
1796 2975 1853 3032 iu

259 3065 526 3136 gratiam,
558 3064 661 3119 alia
688 3065 740 3118 in
769 3065 1175 3132 contumeliam,
1216 3065 1271 3120 id
1296 3073 1409 3129 est,
1443 3080 1563 3135 qua:
1591 3064 1657 3119 ad
1700 3064 1851 3120 luen-

257 3157 387 3211 dum
431 3156 670 3212 debitum
714 3156 1126 3227 relinquuntur;
1179 3165 1233 3211 ut
1280 3155 1376 3212 ﬁlii
1417 3156 1605 3227 gratize
1649 3154 1702 3211 id
1746 3154 1853 3211 sibi

261 3248 457 3303 donari
502 3249 692 3315 sciant,
740 3246 879 3318 quod
924 3248 968 3304 si
1011 3247 1333 3319 exigeretur,
1383 3260 1489 3301 non
1529 3253 1674 3302 esset
1715 3243 1855 3315 inju-

260 3351 406 3395 stum
432 3356 448 3407 ;
491 3354 557 3394 ac
583 3340 663 3394 sic
687 3354 792 3393 non
821 3339 873 3393 in
899 3353 957 3394 se
986 3337 1136 3409 ipsis,
1165 3336 1261 3393 sed
1291 3337 1343 3391 in
1372 3335 1600 3393 Domino
1624 3336 1855 3408 glorien-

262 3430 439 3501 ηις-(1
471 3429 659 3494 (201.1,
688 3431 802 3501 51).

331 3522 577 3579 CXXIX.
618 3523 741 3579 Jun.
780 3520 850 3579 Et
887 3523 1003 3579 lucc
1041 3524 1255 3595 quidem
1294 3523 1541 3590 dixerim,
1576 3533 1638 3579 ut
1673 3525 1852 3579 statim

263 3624 585 3687 appareret,
633 3623 687 3669 te
735 3629 854 3670 esse
905 3623 998 3669 aut
1045 3614 1322 3684 imperitia:
1368 3624 1462 3669 aut
1510 3615 1853 3685 impudentia:

263 3707 575 3777 singularis,
605 3708 695 3777 qui
727 3717 933 3762 tuorum
962 3708 1078 3763 vice
1097 3749 1111 3772 ,
1144 3708 1428 3763 contrariis
1453 3709 1680 3763 utereris
1708 3726 1722 3761 :
1750 3724 1855 3764 cm-

264 3806 438 3850 terum
469 3798 641 3867 pietas
666 3798 968 3867 explanabit
995 3806 1049 3852 et
1076 3796 1232 3863 ratio,
1264 3797 1430 3853 Deum
1460 3811 1636 3852 meum
1683 3798 1853 3852 nemi-

264 3901 389 3941 nem
421 3888 473 3940 in
500 3886 877 3942 contumeliam
910 3887 1160 3942 formare.

337 3981 472 4035 Avo.
513 3974 569 4034 Si
603 3979 743 4034 Deus
784 3988 903 4033 tuus
943 3979 995 4033 in
1037 3972 1415 4033 contumeliam
1446 3978 1711 4033 neminem
1741 3976 1853 4033 for-

262 4051 376 4121 tﬂat
398 4110 414 4131 ,
451 4083 555 4123 non
597 4077 680 4123 est
715 4068 829 4138 ipse
866 4066 1015 4123 Pauli
1063 4062 1289 4137 apostoli
1322 4067 1462 4122 Deus
1490 4085 1503 4121 ε
1536 4066 1624 4123 ille
1652 4068 1851 4138 quippe

262 4158 331 4214 de
359 4159 473 4215 Deo
503 4174 634 4215 vero
662 4157 886 4223 dicebat,
922 4158 966 4214 Ο
1001 4159 1172 4226 homo,
1202 4163 1257 4214 tu
1292 4160 1403 4232 quis
1435 4175 1488 4215 es
1523 4161 1610 4232 qui
1645 4176 1854 4230 respou-

262 4249 384 4303 deas
426 4247 535 4303 Deo
556 4250 583 4304 ?
626 4248 892 4320 Numquid
924 4247 1045 4303 dicit
1071 4249 1368 4320 ﬁgmentum
1406 4249 1453 4303 ei
1486 4249 1575 4319 qui
1606 4265 1660 4303 se
1680 4250 1849 4319 ﬁnxit,

264 4340 405 4409 Quid
444 4358 525 4395 me
564 4341 724 4414 fecisti
765 4338 882 4396 sic?
919 4341 1104 4396 Annon
1145 4340 1291 4395 habet
1335 4349 1626 4412 potestatem
1665 4342 1853 4412 ﬁgulus

262 4432 360 4484 (uti
380 4473 396 4494 ,
437 4447 501 4485 ea:
537 4431 711 4486 eadem
764 4446 931 4486 massa
982 4434 1147 4503 facere
1187 4430 1330 4484 aliud
1372 4445 1459 4484 uas
1495 4430 1549 4483 iu
1589 4430 1849 4496 honorem,

261 4526 408 4579 aliud
455 4527 509 4578 in
561 4524 913 4578 contumeliam
959 4520 1152 4597 (Rom.
1181 4536 1231 4577 ix
1254 4564 1268 4589 ,
1303 4521 1406 4586 20,
1433 4519 1493 4576 21
1526 4516 1589 4590 )?
1637 4511 1744 4577 Sed
1796 4531 1848 4577 tu

263 4615 518 4670 videlicet
561 4615 749 4670 artifex
800 4629 1022 4685 magnus
1068 4613 1277 4685 profers
1326 4627 1393 4667 ex
1439 4612 1645 4666 officina
1696 4610 1850 4667 Pela-

262 4710 423 4780 giana
450 4708 724 4764 meliorem
753 4706 910 4762 deum
932 4747 947 4773 ,
980 4707 1066 4776 qui
1105 4704 1309 4760 nullum
1334 4718 1428 4758 vas
1465 4703 1590 4758 facit
1627 4703 1678 4757 in
1715 4717 1847 4759 con-

261 4801 564 4855 tumeliam.

336 4887 555 4946 CXXX.
595 4889 716 4945 Jun.
756 4889 860 4945 Sed
900 4888 1182 4959 imaginem
1220 4899 1392 4951 suam,
1426 4876 1479 4938 id
1521 4890 1623 4949 est,
1662 4897 1849 4937 omnes

266 4981 517 5036 homines
547 4980 717 5034 bonos
744 4978 1007 5042 condere,
1044 4977 1135 5046 qui
1173 4976 1331 5030 etiam
1363 4973 1384 5004 ³
1414 4972 1695 5051 demolitus
1733 4981 1848 5027 stu—

261 5071 476 5127 diorum
521 5072 817 5143 pravitate,
849 5066 1143 5124 reformare
1183 5065 1539 5121 remediorum
1584 5062 1851 5120 desiderat

262 5164 533 5235 largitate.
568 5162 672 5233 Ipsi
713 5147 924 5232 quidem
957 5169 1133 5214 cantat
1164 5158 1398 5213 Ecclesia
1429 5157 1847 5212 misericordiam

258 5265 315 5307 et
343 5252 602 5323 judicium
635 5250 804 5319 (Psal.
834 5266 887 5317 c,
921 5250 1016 5320 1):
1066 5249 1188 5317 quia
1230 5256 1286 5304 et
1329 5247 1434 5302 illis
1473 5257 1557 5302 est
1593 5247 1851 5317 benignus

258 5345 357 5414 qui
388 5342 518 5398 nihil
544 5343 881 5413 deliquerunt
899 5326 929 5409 ,“
943 5352 997 5397 ει
1031 5340 1174 5411 justo
1206 5339 1353 5410 punit
1389 5337 1589 5407 judicio
1628 5350 1731 5403 eos.
1759 5340 1848 5408 qui

345 5495 361 5526 ι
385 5497 460 5546 sic
489 5506 696 5545 manuso
717 5493 818 5555 tptl.
842 5492 960 5543 miti
977 5528 993 5552 ,
1013 5489 1102 5555 hoc
1122 5489 1226 5542 istis
1247 5490 1623 5555 commiserantc.

331 5556 355 5625 ξ
376 5563 428 5604 ιιι
445 5549 1206 5625 uariancnst'codiceirepcritur,
1230 5561 1269 5602 ο
1290 5551 1429 5602 Ιιοηιο
1455 5581 1469 5612 ,
1494 5560 1544 5602 tu
1567 5550 1673 5616 quis
1689 5564 1739 5602 es
1758 5549 1782 5603 ?
1802 5557 1853 5602 tu

258 5613 376 5679 quis
410 5631 462 5667 es
479 5616 564 5679 qui
594 5616 882 5679 respondeas
907 5613 1044 5665 Deo?

334 5678 357 5709 ³
373 5675 532 5729 Cale:
556 5675 682 5726 Har.
711 5675 889 5731 etiam.

436 5775 710 5833 PATROL.
750 5778 798 5834 Χ
814 5780 899 5835 ω’

1634 219 1835 275 LIBER
1877 218 2139 277 PRIMUS.

3381 224 3516 282 “50

1945 332 2065 385 boni
2097 348 2122 384 a
2173 332 2279 385 Deo
2306 333 2501 388 conditi
2543 343 2727 403 suapte
2756 335 3023 391 volunt-tte
3072 338 3086 368 ¹
3119 349 3423 406 pecearunt,
3456 356 3515 392 ac

1944 424 2317 478 misericordicc
2347 425 2579 480 subsidia
2616 437 2952 497 respuerunt.
2986 429 3138 489 Ilanc
3172 430 3331 499 igitur
3359 431 3519 485 mise-

1944 514 2244 577 ricordiam,
2274 526 2329 571 et
2358 517 2456 571 hoc
2478 517 2732 586 judicium
2762 528 2938 574 cantat
2966 520 3196 575 Ecclesia
3218 518 3289 577 Ca
3315 520 3518 586 1ιοΙίβο-

1945 621 2059 658 rum
2092 623 2105 658 :
2133 613 2383 660 cmterum
2424 607 2477 660 in
2508 616 2681 662 vestra
2714 609 2846 662 nihil
2895 619 3065 678 potest
3103 611 3207 665 tale
3242 624 3514 676 resonare,

1942 716 2060 770 qua:
2087 700 2213 754 dicit
2239 701 2355 756 sine
2379 701 2578 769 justitia
2598 742 2613 765 ,
2652 701 2767 756 sine
2790 702 2991 771 judicio
3010 745 3023 768 ,
3055 703 3169 758 sine
3208 703 3515 769 misericor-

1943 790 2024 843 dia
2046 832 2060 851 ,
2095 791 2259 844 Deum
2288 790 2616 846 conditorem
2655 792 2913 847 malorum
2936 833 2951 856 ,
2983 792 3214 848 formare
3252 808 3388 863 quos
3412 808 3510 865 puo

1945 879 2089 944 niat;
2134 887 2292 949 atque
2330 880 2399 935 ob
2431 879 2529 935 hoc
2563 881 2755 950 punire
2775 922 2789 947 ,
2824 882 2962 951 quod
2993 897 3088 937 eos
3116 898 3181 937 ex
3210 883 3521 952 Adamipse

1946 968 2268 1025 formaverit.

2016 1066 2150 1119 Auc.
2194 1063 2309 1117 Jam
2338 1064 2554 1133 quidem
2587 1065 2693 1139 tibi.
2716 1065 2961 1135 superius
2996 1065 3063 1120 ad
3102 1066 3277 1121 omnia
3308 1068 3406 1123 ista
3436 1083 3524 1122 re-

1945 1168 2198 1222 sponsum
2224 1163 2305 1210 est
2331 1173 2343 1208 :
2368 1164 2545 1210 tamen
2566 1164 2619 1210 ct
2640 1156 2725 1210 hic
2743 1156 2974 1211 breviter
2992 1156 3136 1212 audi.
3159 1157 3273 1212 Non
3294 1158 3526 1215 abstinet

1948 1243 2086 1297 Dens
2114 1245 2323 1299 bonum.
2342 1245 2668 1300 formationis
2696 1262 2806 1301 sum
2834 1248 2994 1302 etiam
3021 1248 3089 1303 ab
3112 1249 3278 1320 stirpe
3304 1250 3526 1304 damna-

1947 1348 1995 1390 ta
2035 1355 2047 1389 :
2088 1336 2181 1391 sed
2202 1337 2245 1391 si
2274 1337 2363 1392 tibi
2391 1321 2669 1407 displicet,
2694 1339 2858 1394 Deum
2886 1354 3068 1396 creare
3102 1355 3238 1411 quos
3276 1341 3521 1402 damnet;

1945 1428 2218 1483 contradic
2245 1429 2315 1493 ei,
2345 1429 2390 1483 si
2416 1438 2587 1499 potes,
2618 1445 2685 1484 ne
2712 1441 2859 1487 creet
2882 1445 2996 1497 eos,
3029 1432 3361 1501 quos'malos
3385 1431 3528 1486 futu-

1945 1534 2053 1581 ros,
2088 1528 2143 1573 ct
2169 1520 2220 1572 in
2249 1516 2577 1589 malignitate
2606 1536 2773 1590 usque
2798 1521 2852 1575 in
2884 1520 3044 1576 ﬁnem
3072 1529 3523 1591 pcrsevcraturos,

1946 1619 2000 1663 et
2023 1610 2092 1664 ob
2114 1610 2213 1666 hoc
2239 1611 2356 1666 sine
2379 1598 2709 1667 dubitatione
2727 1611 3057 1667 damnandos
3079 1627 3198 1668 esse
3224 1600 3488 1682 prmcivit
3510 1630 3523 1663 :

1945 1710 2037 1755 aut
2065 1702 2113 1756 ei
2143 1716 2401 1773 suggere,
2430 1704 2471 1756 si
2499 1702 2739 1765 videtur,
2770 1712 2828 1757 ut
2868 1711 2945 1758 tot
2981 1704 3143 1758 millia
3190 1704 3524 1773 parvulorum

1946 1804 2050 1849 nun
2083 1794 2469 1866 baptizatorum
2489 1835 2505 1861 ,
2535 1809 2670 1865 quos
2698 1796 2843 1851 novit
2886 1795 3089 1865 pcrdite
3124 1810 3243 1851 esse
3272 1797 3524 1858 victuros,

1946 1894 2000 1940 et
2027 1886 2076 1940 in
2106 1897 2363 1941 mternum
2403 1887 2577 1958 ignem
2599 1929 2613 1952 ,
2655 1887 2942 1943 damnante
2984 1890 3134 1957 ipso,
3164 1902 3286 1942 cum
3316 1886 3530 1940 diabolo

1949 1977 2150 2042 ituros,
2180 1978 2351 2047 rapiat
2395 1992 2461 2033 ex
2498 1978 2596 2032 hac
2624 1979 2728 2032 vita
2751 2019 2765 2042 ,
2802 1978 2930 2033 dum
2973 1986 3097 2033 sunt
3138 1978 3448 2033 innocentes
3478 1989 3532 2031 et

1950 2067 2113 2132 boni;
2162 2069 2290 2122 utsi
2320 2070 2505 2123 nonin
2546 2084 2710 2139 regno
2747 2069 2894 2138 ejus,
2924 2079 3070 2125 certe
3112 2071 3166 2125 in
3207 2070 3325 2125 loco
3351 2071 3532 2139 aliquo

1950 2159 2199 2215 secunda:
2243 2159 2541 2225 felicitatis,
2569 2175 2726 2230 quem
2766 2159 2957 2216 talibus
2995 2160 3278 2215 aediﬁcavit
3312 2160 3533 2215 lueresis

1956 2258 2168 2316 vestra,
2216 2252 2376 2305 vitam
2429 2255 3086 2323 tcneaancmpiternam.
3138 2238 3313 2306 Habes
3357 2251 3533 2306 adhuc

1950 2345 2091 2415 quod
2132 2361 2384 2417 suggeras
2412 2341 2756 2402 consiliarius
2778 2345 2904 2413 Dei,
2946 2360 3044 2416 pro
3074 2345 3199 2402 ﬁliis
3242 2345 3359 2416 ejus
3393 2360 3532 2416 quos

1951 2437 2315 2508 regeneravit,
2358 2452 2493 2508 quos
2534 2437 2838 2507 adoptavit,
2879 2446 2934 2493 et
2963 2445 3139 2492 tamen
3170 2436 3338 2491 malos
3372 2444 3534 2505 atque

1950 2527 2282 2583 damnandos
2320 2528 2525 2584 futuros
2559 2543 2681 2585 esse
2706 2528 2949 2598 prmvidit
2979 2544 2992 2581 :
3022 2537 3081 2582 ut
3118 2536 3405 2598 antequam
3432 2543 3532 2581 ve-

1950 2619 2099 2674 niant
2125 2620 2176 2673 in
2207 2634 2355 2675 ream
2378 2620 2562 2685 vitam,
2590 2618 2712 2674 vita:
2741 2619 2909 2689 ipsius
2937 2618 3292 2688 productione
3318 2618 3534 2688 priven-

1953 2720 2076 2776 tur,
2109 2720 2165 2766 et
2204 2711 2270 2766 ad
2314 2725 2534 2781 regnum
2580 2710 2736 2782 ejus,
2769 2725 2874 2764 non
2919 2709 2986 2765 ad
3030 2709 3289 2782 supplicia
3334 2718 3532 2765 aeterna

1954 2801 2269 2871 pertineant.
2301 2800 2431 2857 Cum
2476 2802 2618 2856 enim
2649 2811 2702 2858 te
2741 2801 3002 2857 invidiose
3027 2801 3207 2857 dicere
3243 2801 3530 2871 putaveris.

1954 2893 2123 2950 Deum
2151 2908 2336 2950 creare
2374 2908 2510 2964 quos
2554 2894 2810 2959 damnet;
2856 2895 3029 2964 cogita
3055 2905 3256 2965 quanto
3302 2894 3533 2949 invidio-

1952 2984 2064 3040 sius
2093 2984 2260 3054 possit
2279 2983 2458 3039 dicere
2484 2984 2621 3048 alius
2647 2984 2889 3040 similiter
2910 2999 3100 3047 vanus,
3122 2985 3288 3040 Deum
3315 2998 3537 3054 regene-

1953 3088 2074 3129 rare
2126 3088 2259 3144 quos
2296 3073 2512 3129 damnet
2549 3090 2563 3127 :
2603 3088 2723 3129 cum
2763 3075 2834 3129 sit
2876 3075 2928 3128 in
2971 3074 3089 3144 ejus
3132 3075 3534 3143 omnipotentiu:

1954 3165 2273 3237 potestate’,
2297 3173 2580 3233 antequam
2620 3162 2949 3218 damnabiles
2975 3163 3123 3227 ﬁant,
3148 3178 3244 3219 eos
3268 3163 3338 3220 de
3363 3172 3533 3219 tenta-

1956 3253 2187 3310 tionibus
2214 3253 2453 3308 mortalis
2475 3253 2598 3307 vitae
2637 3251 2796 3322 hujus
2833 3246 3066 3308 auferre.
3108 3252 3163 3308 Si
3208 3259 3387 3308 autem
3427 3268 3532 3307 non

1955 3353 2106 3415 potes
2145 3344 2244 3398 ista
2287 3343 2487 3408 dicere,
2532 3357 2632 3398 nec
2672 3342 2781 3397 Dco
2820 3341 3205 3409 contradicere,
3252 3358 3352 3400 nec
3393 3343 3536 3399 illius

1953 3434 2227 3505 sapientia:
2256 3443 2401 3487 tuum
2429 3433 2665 3502 prmbere
2689 3431 3001 3500 consilium;
3027 3434 3146 3503 quis
3172 3432 3315 3488 enim
3338 3448 3533 3506 cogno-

1953 3525 2029 3579 vit
2067 3539 2281 3580 sensum
2326 3523 2569 3587 Domini,
2600 3533 2693 3578 aut
2736 3524 2855 3594 quis
2898 3524 3232 3579 consiliarius
3274 3526 3390 3594 ejus
3437 3525 3533 3580 fuit

1956 3613 2130 3687 (Rom.
2171 3630 2259 3678 xl,
2298 3611 2452 3686 54)?
2493 3614 2677 3670 desine
2724 3613 2877 3669 nobis
2925 3614 3265 3671 introducere
3308 3617 3533 3672 alterum

1956 3705 2202 3775 ﬁgulum,
2232 3705 2322 3773 qui
2366 3720 2471 3758 non
2516 3704 2643 3760 facit
2669 3720 2795 3761 vasa
2834 3707 2886 3761 in
2916 3708 3334 3773 contumeliam;
3377 3719 3432 3764 et
3467 3711 3536 3763 ab

1955 3798 2057 3851 isto
2081 3796 2169 3866 qui
2196 3810 2258 3849 ea
2287 3794 2410 3849 facit
2436 3795 2878 3863 reprehendendo
2901 3797 3094 3850 cohibe
3120 3804 3169 3850 te
3194 3815 3206 3849 :
3231 3805 3286 3851 ct
3305 3812 3536 3866 agnosce

1956 3896 2008 3941 te
2032 3885 2089 3953 ³;
2120 3885 2241 3956 quia
2270 3892 2327 3938 ut
2354 3898 2462 3938 non
2494 3893 2545 3938 te
2575 3884 2815 3952 implices
2839 3883 2943 3938 hoc
2967 3886 3265 3954 sacrilegio,
3294 3885 3415 3940 ideo
3442 3888 3535 3940 tibi

1955 3977 2082 4031 dicit
2108 3975 2392 4045 Apostolus
2416 4014 2431 4041 ,
2464 3973 2508 4027 0
2545 3975 2730 4041 homo,
2767 3982 2821 4026 tu
2859 3975 2969 4043 quis
3015 3989 3069 4028 es
3105 3976 3191 4044 qui
3232 3977 3535 4046 respondeas

1954 4049 2064 4122 Deo
2083 4069 2109 4123 ?

2024 4148 2262 4213 CXXXI.
2302 4156 2422 4212 ἔοι..
2462 4156 2569 4213 Sed
2589 4156 2701 4228 jam
2725 4156 3031 4227 apostolica:
3054 4158 3335 4213 sementim
3360 4158 3536 4230 digni-

1955 4258 2037 4304 tas
2064 4257 2333 4305 asseratur
2356 4290 2370 4316 ,
2404 4264 2473 4305 ne
2503 4257 2715 4319 putetur
2743 4246 2828 4304 vel
2869 4249 2937 4305 de
2979 4250 3245 4320 aliquibus
3269 4249 3372 4305 hoc
3408 4265 3536 4319 scn-

1954 4340 2118 4405 sisse,
2139 4339 2279 4409 quod
2315 4348 2371 4395 tu
2407 4339 2475 4394 de
2509 4340 2757 4396 omnibus
2789 4341 3083 4395 :cstimasti.
3105 4341 3393 4410 Apostolus
3432 4342 3536 4396 ita-

1953 4446 2056 4500 que
2082 4431 2275 4485 Paulus
2300 4430 2578 4500 disputans
2603 4445 2723 4485 cum
2747 4431 3128 4500 quaestionibus
3155 4430 3176 4463 ’⁵
3200 4430 3529 4499 Judmorum,

1953 4523 2041 4592 qui
2089 4522 2302 4594 generis
2344 4523 2425 4577 sui
2471 4522 2727 4593 dignitate
2776 4531 3068 4591 turgentes,
3115 4522 3533 4593 dedignabantur

1953 4613 2216 4682 comquari
2260 4612 2359 4665 sibi
2402 4627 2468 4666 ex
2509 4610 2768 4666 Gentibus
2798 4609 3016 4676 ﬁdeles,
3047 4620 3100 4667 ct
3138 4612 3396 4681 justitiam
3440 4614 3534 4668 Dei

1953 4705 2292 4761 commendat
2320 4713 2374 4758 et
2412 4705 2665 4774 gratiam,
2694 4703 2972 4774 disputans
3004 4704 3070 4760 ad
3101 4721 3281 4760 caram
3309 4705 3331 4738 ⁸
3357 4708 3534 4761 muni-

1956 4798 2217 4852 ﬁcentiam
2247 4797 2514 4865 pertinere
2535 4837 2548 4859 ,
2577 4796 2718 4865 quod
2755 4806 2810 4851 ει
2850 4798 3018 4866 primo
3042 4797 3254 4852 Judmos
3289 4799 3538 4852 nobilita-

1954 4896 2099 4943 verat
2127 4887 2256 4958 legis
2301 4887 2520 4956 agnitio,
2565 4896 2620 4941 et
2660 4885 2804 4956 quod
2849 4886 3100 4954 deinceps
3136 4887 3294 4940 etiam
3336 4887 3535 4943 Gentes

1954 4979 2252 5034 adsciverat
2292 4978 2486 5031 Christi
2531 4977 2857 5046 pricdicatio.
2889 4967 3035 5032 Unus
3072 4978 3213 5032 enim
3255 4980 3534 5050 utriusque

1955 5070 2134 5142 populi
2184 5069 2427 5124 conditor
2465 5069 2797 5139 judicaturus
2840 5078 2893 5123 et
2944 5069 3059 5123 illos
3107 5086 3202 5141 per
3243 5073 3435 5144 legem,
3478 5083 3536 5127 ct

2019 5244 2037 5311 ξ
2061 5248 2168 5292 Mss.
2199 5250 2307 5291 tuar.
2343 5249 2467 5311 Part:
2508 5249 2559 5292 et
2579 5240 2697 5311 εἰμι’.
2716 5277 2731 5311 .
2751 5244 2982 5296 suadente
3006 5244 3258 5298 voluntate.

2019 5305 2039 5336 ²
2063 5312 2144 5354 Ms.
2168 5311 2312 5363 Port.,
2335 5304 2637 5365 omnipotenti
2658 5310 2896 5366 potestate.

2021 5368 2113 5415 ³1η
2133 5366 2276 5415 editis
2294 5366 2370 5415 hic
2399 5366 2625 5414 omissum
2642 5399 2657 5422 ,
2681 5372 2743 5415 te.
2780 5367 3062 5417 ttestituitur
3081 5380 3145 5417 ex
3182 5377 3287 5416 Mss.

2020 5430 2041 5458 δ
2066 5429 2338 5490 \‘ignierius
2373 5440 2491 5488 pro,
2530 5438 2640 5475 cum
2660 5426 3044 5490 quaestionibus;
3067 5428 3244 5478 frustra
3281 5429 3531 5484 correxit.

1957 5502 2068 5552 cum
2083 5488 2382 5552 quibusdam.
2408 5494 2519 5535 Nam
2542 5489 2741 5552 respicit
2772 5488 2986 5552 lulianus
3008 5491 3056 5538 ir:
3070 5490 3364 5552 quaestiones
3380 5523 3395 5548 ,
3421 5502 3531 5551 qua:

1957 5551 2021 5598 ab
2046 5545 2265 5611 apostolo
2281 5548 2526 5597 diluuntur
2546 5549 2593 5595 in
2617 5545 2817 5610 Epistula
2836 5551 2894 5598 ad
2919 5545 3162 5611 Romanos,

2018 5613 2040 5644 ⁸
2058 5608 2191 5666 riditi.
2214 5623 2394 5661 eorum.
2413 5617 2469 5659 At
2494 5616 2600 5659 Mss.
2615 5644 2629 5670 ,
2644 5608 2811 5660 earum
2829 5629 2845 5671 ;
2861 5612 3060 5673 justitia:
3083 5608 3330 5661 scilicetct
3359 5615 3530 5673 gratia

1961 5680 2066 5722 υει.

2809 5754 3253 5832 (Tremo-six.)
