4008 6178
534 217 666 272 H31

531 329 669 386 istos
695 330 750 387 in
772 325 921 401 lege'
946 327 1126 401 (Rom.
1146 325 1365 397 ttt,29);
1398 325 1521 395 quia
1549 339 1654 378 non
1676 333 1789 379 erat
1811 322 2113 378 Judzeorum

542 426 680 479 Dens
711 431 937 489 tantum,
965 418 1060 477 sed
1086 421 1245 476 etiam
1267 417 1541 482 Gentium,
1567 416 1797 472 reddens
1822 432 1976 470 suum
2004 417 2123 470 uni-

534 517 725 585 cuique
749 515 867 569 sine
892 512 1097 576 fraude,
1124 524 1241 565 sme
1258 519 1455 579 gratta,
1487 509 1539 563 td
1564 517 1648 563 est
1672 508 1788 562 sine
1809 507 2118 577 cujusquam

530 606 842 677 acceptione
885 617 1128 674 persona:
1156 601 1323 671 (quod
1351 597 1605 669 exprimit
1633 613 1825 652 nomen
1854 596 2037 668 gratia:
2065 595 2118 650 in

529 698 845 754 definitione
884 690 1128 765 justitiae)
1148 735 1163 757 ,
1193 695 1263 746 ita
1309 682 1377 747 de
1412 690 1618 745 semine
1652 688 1929 743 venientes
1955 686 2124 741 Abra-

533 789 677 854 ham,
700 801 821 842 cum
847 785 1090 854 nequiter
1112 785 1316 847 vivunt,
1337 781 1461 853 jure
1483 769 1825 846 condemnat,
1851 793 1914 832 ac
1937 776 2003 833 de
2023 791 2120 833 sua

532 880 846 935 hreretlitate
888 876 1199 947 proturbat,
1225 870 1365 929 sicut
1403 870 1563 928 etiam
1590 868 1827 927 Gentiles
1861 869 1916 923 in
1956 868 2119 923 simili

531 972 844 1046 operatione
899 969 1308 1038 deprehensos;
1369 973 1425 1020 et
1465 979 1498 1019 e
1543 963 1794 1033 regione,
1842 960 2120 1029 utriusque

533 1066 713 1137 populi
755 1065 924 1119 bonas
950 1062 1247 1116 voluntates
1270 1068 1327 1113 et
1347 1071 1531 1113 veram
1569 1055 1730 1110 ﬁdem
1769 1052 2120 1124 probitatem-

1212 210 1460 271 OPERIS
1498 208 1907 268 IMPERFECTI
1945 209 2216 266 CONTRA
2255 205 2620 268 JULIANUM.
2655 202 2717 262 S.
2766 202 3130 267 AUGUSTINI
3675 207 3764 265 an}

2227 323 2379 395 origo
2407 322 2702 380 virtutibus
2736 321 2850 379 lloc
2879 337 3004 395 ergo
3049 329 3215 378 totum
3255 336 3418 390 agens
3443 318 3688 374 conﬂictu
3714 320 3804 373 illo

2226 412 2545 481 Apostolus;
2592 416 2644 467 in
2688 412 3004 483 quihusdam
3035 421 3210 467 tamen
3242 411 3396 478 locis,
3425 410 3487 466 ad
3520 412 3804 465 lliClll'Vall-

2224 500 2344 555 dam
2371 501 2808 557 circumcisorum
2835 502 3222 572 arrogantiam,
3256 500 3354 555 sub
3383 500 3598 555 nomine
3622 503 3806 570 gratia:

2224 594 2291 650 de
2315 595 2426 650 sola
2458 595 2553 650 Dei
2580 596 2893 667 prtejudicat
2922 605 3204 666 potestate.

2296 687 2429 742 Ana.
2472 686 2611 757 Ergo
2645 686 2712 741 ad
2755 687 3133 742 iucurvandam
3179 686 3613 741 circumcisorum
3657 702 3780 741 arro

2223 780 2453 848 gantiam
2479 820 2494 846 ,
2543 778 2644 835 sub
2688 780 2902 834 nomine
2942 779 3126 849 gratize
3172 779 3424 834 mentitur
3474 777 3800 847 Apostolus;

2224 884 2346 923 nam
2378 868 2517 924 Deus
2540 884 2606 924 ex
2632 870 2886 938 operibus
2912 869 3104 939 eligit‘,
3136 883 3242 923 non
3270 884 3336 924 ex
3362 867 3549 940 gratia.
3579 867 3709 933 Quis
3735 868 3806 920 ita

2224 962 2412 1030 sapiat,
2445 961 2543 1016 nisi
2575 959 2860 1017 haereticus
2887 962 3138 1017 inimicus
3159 962 3363 1032 gratiae,
3391 962 3594 1015 amicus
3620 976 3809 1030 Super-

2224 1054 2359 1109 bite?
2385 1054 2591 1108 Clamat
2615 1069 2707 1109 vas
2735 1053 3037 1118 electionis,
3060 1063 3114 1108 et
3136 1053 3341 1123 gratiae,
3368 1067 3470 1122 qua
3493 1052 3614 1106 talis
3642 1050 3809 1105 factus

492 1144 635 1231 huc
662 1159 931 1214 actionum
960 1154 1126 1211 donat
1166 1151 1373 1223 gaudiis
1411 1146 1777 1220 sempiternis.
1805 1143 2121 1215 Comprimit

495 1239 694 1335 {igitur
751 1247 1001 1305 Gentium
1060 1244 1313 1315 Magister
1351 1239 1660 1297 Judteorum
1721 1246 1985 1291 tumorem
2012 1276 2027 1299 ,
2067 1243 2122 1290 et

496 1327 770 1425 fostendit
807 1355 914 1396 non
957 1340 1010 1393 in
1055 1334 1349 1392 seminibus
1385 1332 1601 1387 humani
1643 1329 1858 1402 generis
1882 1370 1897 1395 ,
1927 1327 2023 1382 sed
2066 1327 2118 1381 in

2224 1155 2326 1209 est,
2350 1144 2687 1215 prtedicator,
2711 1159 2814 1199 non
2837 1159 2902 1201 ex
2924 1144 3178 1215 cperibus
3201 1142 3452 1197 dilectum
3469 1155 3588 1196 esse
3607 1140 3807 1195 Jacoh:

2225 1244 2278 1290 et
2308 1246 2360 1290 tu
2394 1251 2787 1292 commemoras
2815 1250 2977 1306 opera
3009 1234 3206 1300 Jacob,
3247 1249 3313 1289 ex
3356 1233 3551 1303 quibus
3578 1248 3699 1288 eum
3724 1233 3809 1286 di-

2225 1327 2420 1383 lectum
2443 1342 2563 1383 esse
2585 1327 2897 1392 contendis;
2925 1334 2979 1382 et
3007 1324 3111 1381 hoc
3137 1324 3360 1388 faciens,
3389 1323 3520 1378 mihi
3548 1333 3600 1378 te
3624 1323 3811 1378 existi-

535 1432 775 1488 moribus
799 1443 922 1486 esse
945 1425 1293 1489 distantiam;
1333 1431 1386 1477 ttt
1422 1437 1481 1477 se
1522 1421 1598 1476 illi
1624 1424 1992 1490 agnoscerent,
2017 1415 2118 1470 nisi

535 1522 720 1578 tideles
741 1535 863 1578 esse
903 1525 1217 1582 curassent,
1257 1514 1400 1569 nulla
1438 1509 1792 1584 prmrogativa
1819 1507 2120 1563 circumcisi

534 1612 749 1682 generis
776 1608 1126 1665 vindicandos
1161 1622 1179 1660 :
1221 1603 1486 1675 siquidem
1528 1600 1694 1656 Jacob
1736 1608 1791 1655 et
1832 1599 1973 1654 Esau
2016 1594 2139 1651 una“

530 1702 759 1761 seminis
804 1699 1119 1774 exceptione
1180 1693 1423 1763 concepti
1449 1734 1464 1760 ,
1515 1701 1572 1747 et
1618 1706 1723 1745 una
1766 1690 1819 1744 vi
1867 1688 2122 1758 parientis

536 1794 712 1857 effusi,
740 1792 985 1848 diversos
1011 1788 1235 1844 nimium
1259 1786 1434 1842 exitus
1461 1797 1559 1853 pro
1588 1781 1903 1837 meritorum
1945 1778 2121 1832 diver-

536 1885 694 1939 sitate
723 1881 1060 1955 pertulerint.
2038 1867 2042 1871 ⁴

608 1978 744 2031 Avo.
768 1974 828 2032 Si
854 1972 1147 2030 secundum
1176 1968 1489 2041 Apostolum
1530 1978 1779 2037 sapores.
1823 1978 1932 2019 non
1976 1978 2125 2018 com-

540 2079 870 2123 memorares
895 2065 999 2119 hoc
1024 2064 1144 2117 loco
1174 2060 1365 2116 merita
1389 2056 1576 2121 laeob,
1609 2055 1698 2111 ubi
1727 2069 1850 2109 eum
1879 2054 2007 2108 dicit
2036 2052 2125 2107 ille

538 2177 647 2216 nou
692 2175 761 2216 ex
798 2157 1049 2229 operibus
1093 2153 1259 2208 fuisse
1285 2150 1573 2213 dilectum;
1620 2154 1680 2201 ttt
1721 2146 1945 2217 gratiam
1974 2158 2124 2198 com-

543 2252 778 2315 mendet,
824 2263 944 2320 quae
993 2260 1104 2300 non
1148 2239 1441 2299 secundum
1481 2237 1673 2292 merita
1714 2243 1890 2291 nostra
1932 2235 2124 2289 datur:

541 2343 773 2414 alioquin
802 2355 989 2395 merces
1020 2353 1119 2390 non
1149 2336 1450 2403 imputatur,
1475 2330 1614 2384 sicut
1634 2328 1748 2397 ipse
1775 2326 1922 2391 dicit,
1940 2342 2129 2379 secun-

540 2412 678 2488 dum-
714 2432 959 2506 gratiam,
1021 2428 1109 2482 sed
1138 2424 1416 2480 secundum
1443 2421 1665 2476 debitum
1699 2418 1876 2487 (Rom,
1919 2432 2001 2479 tv,
2048 2412 2125 2487 ι).

544 2524 749 2595 Quibus
775 2521 953 2579 verbis
995 2517 1120 2590 quid
1161 2514 1428 2577 ostendit,
1471 2512 1571 2566 nisi
1605 2511 1826 2581 gratiam
1872 2522 1978 2560 non
2009 2518 2129 2560 esse

542 2617 798 2681 debitam,
820 2613 925 2669 sed
952 2608 1276 2682 gratuitam?
1302 2606 1450 2662 lianc
1478 2605 1657 2673 itaque
1685 2599 2125 2665 commendabat,

541 2709 633 2761 ubi
674 2706 887 2763 dicebat
915 2719 928 2756 :
957 2701 1085 2758 Cum
1133 2700 1264 2754 enim
1309 2697 1533 2751 nondum
1578 2695 1687 2747 nati
1737 2700 1927 2757 essent,
1972 2704 2137 2759 neque

542 2797 758 2868 egissent
782 2792 977 2864 aliquid
1000 2790 1117 2845 boni
1140 2797 1228 2843 aut
1257 2788 1382 2841 mali
1401 2828 1413 2851 ,
1448 2794 1503 2838 ut
1542 2784 1818 2839 secundum
1843 2781 2132 2835 electionem

544 2887 857 2955 propositum
880 2882 980 2937 'Dei
997 2889 1239 2946 maneret,
1254 2895 1357 2933 non
1380 2893 1442 2932 ea:
1460 2876 1713 2946 operibus,
1733 2874 1824 2929 sed
1840 2889 1905 2927 ea:
1926 2880 2134 2926 vocante

538 2983 735 3036 dictum
770 2986 872 3044 est,
910 2976 1042 3045 Quia
1068 2975 1234 3045 major
1258 2972 1434 3026 serviet
1458 2968 1643 3022 minori
1670 2965 1785 3039 (Id.
1817 2982 1893 3031 tx,
1922 2961 2131 3035 11-15).

540 3074 697 3126 Clara
722 3078 847 3124 sunt
867 3082 988 3139 qua:
1010 3066 1307 3122 obscurare
1332 3061 1545 3117 conaris
1561 3077 1575 3113 :
1591 3058 1766 3113 fumos
1792 3057 1966 3121 tolle',
1985 3054 2133 3109 Scri-

549 3144 821 3235 ptnrarum
866 3163 1048 3216 lumen
1103 3157 1340 3213 attende.
1389 3155 1569 3212 Gratia
1620 3153 1818 3223 quippe
1863 3149 2133 3205 hominem

549 3256 832 3330 praevenit,
882 3262 938 3309 ut
982 3251 1167 3323 diligat
1195 3249 1384 3312 Deum,
1416 3262 1519 3318 qua
1558 3244 1848 3300 dilectione
1887 3247 2138 3310 operetur

547 3351 707 3404 bona.
740 3343 895 3415 Quod
928 3352 981 3398 et
1011 3343 1244 3398 Joannes
1274 3338 1547 3410 apostolus
1588 3334 1925 3406 apertissime
1955 3338 2138 3383 osten-

547 3442 646 3506 dit,
678 3439 767 3495 uiti
797 3436 908 3490 ait:
939 3433 1050 3488 Nos
1076 3432 1379 3503 diligamus,
1405 3427 1643 3501 quoniam
1682 3427 1822 3495 prior
1847 3422 2023 3477 dilexit
2044 3435 2138 3473 nos

556 3530 598 3598 (l
624 3528 780 3582 Joan.
814 3542 885 3589 tv,
917 3524 1029 3592 lii).
1050 3521 1169 3577 Non
1197 3536 1324 3591 ergo
1349 3518 1639 3588 diligintur,
1671 3515 1792 3585 quia
1821 3513 2135 3576 dileximus;

549 3619 643 3673 sed
670 3618 789 3687 quia
819 3614 1002 3670 dilecti
1026 3625 1232 3677 sumus,
1262 3610 1547 3679 diligamus
1560 3606 1602 3660 ⁸.

623 3703 883 3763 CXXXII.
920 3703 1038 3761 Jun.
1077 3701 1216 3756 Esau
1258 3700 1401 3755 enim
1428 3696 1681 3769 profanus
1722 3703 1779 3750 et
1818 3693 2137 3759 fornicator,

558 3810 776 3873 propter
800 3810 959 3852 unam
999 3809 1177 3850 escam
1221 3791 1460 3847 vendens
1506 3788 1775 3859 primitiva
1816 3799 1912 3840 sua
1944 3781 2138 3853 (Hebr.

557 3871 813 3960 stulti),
862 3887 1103 3957 qumsivit
1152 3880 1576 3938 benedictionem
1607 3892 1765 3947 quam
1809 3871 2138 3946 spreverat‘,

558 3997 661 4039 nec
693 3981 912 4049 adeptus
935 3985 1036 4042 est,
1067 3986 1368 4045 quanquam
1396 3985 1514 4026 eam
1546 3983 1667 4025 cum
1701 3967 1949 4040 lacrymis
1973 3976 2143 4035 popo-

561 4073 749 4127 scissrt
784 4108 799 4124 .
828 4066 997 4125 Jacob
1020 4075 1197 4120 autem
1226 4062 1441 4134 quietus
1466 4070 1521 4117 et
1547 4061 1690 4116 mitis
1709 4100 1724 4125 ,
1761 4056 2018 4145 obediens
2042 4069 2138 4124 pa-

567 4174 788 4220 tentum
823 4157 1139 4234 praeceptis,
1170 4167 1225 4212 et
1260 4153 1742 4229 sanetillcationum
1770 4150 2145 4229 appetentissi-

567 4272 706 4319 tuus,
741 4251 811 4308 ad
838 4249 962 4306 hoc
1000 4250 1170 4319 usque
1192 4254 1480 4317 provectus
1504 4255 1585 4299 est
1602 4245 1645 4310 ',
1673 4251 1731 4296 ut
1759 4242 1896 4319 sicut
1918 4234 2155 4293 Abrahae

568 4360 624 4401 rt
667 4318 952 4410 lsaaci'lla
988 4318 1148 4397 etiam
1174 4334 1415 4393 et‘Jacob
1459 4332 1615 4391 Deus
1641 4323 1715 4413 in:i
1736 4318 1920 4401 sancto
1949 4330 2146 4401 populo

570 4417 865 4495 dicereitrr,
884 4414 1025 4487 Cum
1048 4429 1211 4502 igitur
1250 4427 1498 4483 omnibus
1539 4413 1810 4481 consitam
1851 4422 2144 4491 exemplis,

572 4506 737 4583 νος-ἰπὶ
773 4520 919 4597 gusto
963 4522 1167 4596 judicio
1214 4519 1368 4576 bonis
1397 4504 1674 4575 mentibus
1722 4516 1775 4570 in
1815 4529 2149 4587 quacumque

568 4624 730 4689 genre
774 4634 922 4673 suam
950 4613 1370 4672 misericordiam
1400 4614 1509 4667 non
1539 4606 1732 4681 negare
1752 4618 1777 4675 ,‘
1813 4609 1979 4662 malas
2020 4621 2149 4661 vero

500 4712 507 4721 ‘
567 4718 774 4765 mentes
792 4706 935 4762 nulla
962 4706 1141 4761 sinere
1160 4703 1342 4774 stirpis
1366 4701 1641 4757 nobilitate
1667 4696 1912 4757 defendi:
1947 4698 2148 4753 intelli-

504 4814 513 4819 '
565 4795 955 4871 gerent'luda‘i,
974 4794 1223 4851 Gentium
1248 4791 1405 4847 iidem
1433 4784 1543 4845 a'se
1564 4788 1765 4858 despici
1789 4803 1895 4843 non
1917 4786 2147 4843 debere:

564 4880 685 4961 quia
732 4888 872 4943 sicut
918 4901 1027 4940 non
1078 4883 1440 4954 patrocinatur
1484 4872 1838 4951 lsiitelitarum
1887 4883 2152 4932 stemma"

506 4984 511 4989 ’
563 4980 898 5047 criminibus,
924 4977 994 5033 ita
1013 4979 1169 5032 etiam
1194 4973 1341 5029 nullo
1363 4970 1744 5043 impedimento
1766 4970 1881 5025 cst"
1897 4970 2151 5026 Gentium

629 5207 648 5241 ί
674 5206 756 5256 Hie
779 5215 843 5254 ex
867 5207 973 5250 Mss.
996 5199 1262 5263 adjictmus,
1287 5199 1332 5247 et
1488 5189 1670 5263 inlege.

627 5274 647 5299 ·
670 5255 806 5325 talin,
828 5263 981 5327 ﬁentes
1003 5255 1106 5311 tuos
1123 5255 1255 5311 tolle.
1275 5255 1571 5327 Mutuscrijati
1587 5255 2038 5327 l’rmtereuintguos.

634 5332 651 5363 ³
671 5308 1103 5378 si3"ti£;"ciar‘."éi
1123 5308 1232 5369 litari.
1258 5326 1315 5369 At
1349 5319 1492 5375 editi,
1507 5308 1614 5378 ἠοῂ
1624 5327 1743 5378 ergo
1762 5308 2026 5376 diligimus,
2052 5308 2167 5375 quia

570 5375 863 5447 diluimus;
881 5383 966 5437 sed
989 5382 1102 5447 quia
1123 5378 1288 5447 dilecti
1325 5392 1490 5431 smnus
1504 5415 1519 5437 ,
1544 5375 1808 5447 diligimus.

630 5456 651 5485 δ
671 5451 808 5513 Editi,
826 5443 1120 5513 speraverat.
1137 5443 1433 5513 gastigantur
1456 5451 1519 5513 ex
1539 5446 1644 5513 Mss.

631 5516 652 5549 ³
671 5518 741 5563 tta
763 5502 812 5561 in
830 5502 939 5559 tiss.
956 5514 1013 5557 At
1033 5506 1084 5555 in
1107 5502 1527 5565 editis,'profectus
1547 5506 1633 5549 est.

632 5577 652 5607 ⁸
673 5560 836 5625 (ﬁlex
859 5576 992 5629 natu,
1014 5574 1213 5630 stegma.
1236 5560 1310 5613 sic
1334 5560 1478 5625 supra
1496 5596 1511 5622 ,
1535 5572 1641 5625 cap.
1676 5560 1725 5619 5,
1751 5571 1835 5622 [ro
1852 5596 1864 5619 ,
1905 5561 2166 5615 stemmate,

571 5633 877 5695 pnnferebal,
903 5635 1156 5695 dogmate:
1326 5682 1357 5695 η
1466 5683 1475 5694 ο
1608 5681 1638 5695 ν

633 5700 655 5731 ’³
678 5682 839 5746 uides
852 5682 996 5751 itan,"
1006 5685 1234 5742 ituetitzm
1254 5682 1438 5736 nullum
1460 5682 1845 5743 impedimentum
1879 5687 1964 5730 est.

1178 5858 1239 5896 οδ

2227 1433 2341 1476 atas
2359 1417 2752 1485 contradicere,
2796 1433 2920 1473 cum
2960 1416 3036 1472 sis
3060 1428 3231 1469 novus
3256 1412 3635 1476 Antichristus,
3659 1413 3814 1482 eique

2225 1511 2560 1580 apertissime
2583 1508 2922 1564 contradieas
2967 1507 3022 1562 in
3060 1521 3168 1577 quo
3212 1505 3423 1561 locutus
3461 1512 3543 1559 est
3570 1500 3817 1558 Christus

2228 1601 2293 1670 (li
2318 1600 2436 1654 Cor.
2466 1615 2586 1665 xttt,
2619 1597 2703 1669 5).

2296 1690 2581 1747 CXXXIII.
2608 1690 2726 1747 Jan.
2763 1688 2836 1746 Ut
2874 1689 2980 1744 illis
3017 1690 3071 1743 in
3100 1686 3512 1745 cerimoniarum
3539 1695 3593 1741 et
3616 1685 3793 1740 hostia

2227 1799 2346 1837 rum
2374 1781 2747 1838 observatione
2772 1779 3151 1851 gloriantibus,
3183 1792 3384 1848 perque
3414 1777 3517 1831 hoc
3541 1776 3786 1831 :estiman

2230 1874 2370 1929 tibus
2389 1873 2524 1929 alias
2549 1874 2795 1929 nationes
2821 1872 2984 1927 nullis
3012 1872 3144 1942 legis
3171 1870 3362 1925 ritibus
3386 1877 3733 1925 consecratas
3755 1866 3821 1921 ad

2229 1962 2558 2017 consortium
2586 1962 2670 2017 sui
2702 1976 2801 2017 nec
2824 1976 2984 2031 posse
3010 1959 3218 2016 admitti
3245 1958 3442 2019 subito.
3474 1972 3571 2012 nec
3597 1956 3821 2016 debere.

2230 2055 2471 2120 diceret,
2521 2054 2641 2127 quia
2696 2054 2796 2110 etsi
2854 2054 2907 2108 in
2955 2052 3061 2108 illis
3122 2050 3583 2108 observationibus
3635 2048 3826 2102 fuisSet

2231 2162 2438 2202 summa
2462 2146 2702 2217 justitiae,
2727 2146 2952 2202 haberet
2979 2154 3150 2199 tamen
3176 2145 3227 2198 in
3252 2149 3517 2214 potestate
3540 2156 3633 2196 sua
3657 2142 3822 2197 Deus.

2232 2240 2515 2309 quamdam
2545 2235 2723 2294 facere
2752 2236 3073 2311 populorum
3100 2234 3574 2290 commutationem
3597 2274 3610 2296 ,
3644 2241 3708 2286 ut
3736 2248 3828 2284 re-

2229 2328 2421 2397 jiceret
2463 2343 2598 2398 quos
2643 2327 2823 2394 vellet,
2873 2334 2928 2383 et
2973 2340 3110 2397 quos
3156 2324 3319 2379 vellet
3359 2334 3675 2379 assumeret.
3730 2321 3829 2376 Cui

2234 2420 2413 2476 sensui
2455 2420 2746 2490 respondet
2810 2413 2953 2474 sub"
3006 2434 3236 2488 persona
3284 2416 3590 2472 Iudaeorum
3621 2456 3636 2480 ,
3697 2413 3833 2468 nihil

2233 2511 2432 2567 debere
2469 2509 2579 2582 jam
2605 2511 2745 2582 exigi
2774 2511 2842 2565 ab
2869 2510 3100 2564 hominis
3130 2511 3439 2573 voluntate;
3487 2507 3833 2578 quandoqui-

2233 2605 2354 2660 dem
2376 2604 2544 2666 Deus,
2576 2605 2721 2676 cujus
2751 2603 2854 2658 vult
2883 2609 3175 2669 miseretur,
3209 2611 3255 2655 et
3283 2617 3431 2673 quem
3457 2600 3560 2652 vult
3586 2598 3833 2651 obdurat.

2235 2699 2316 2753 Ad
2345 2697 2485 2769 quod
2517 2696 2676 2751 refert
2706 2696 2992 2766 Apostolus
3012 2737 3026 2759 .
3060 2693 3107 2749 0
3128 2696 3299 2756 homo,
3332 2702 3387 2745 tu
3409 2691 3520 2760 quis
3552 2706 3603 2743 es
3642 2690 3739 2755 qui
3760 2703 3837 2740 re-

2232 2788 2485 2859 spondeas
2515 2787 2659 2842 Dco?
2681 2787 2746 2841 Et
2773 2784 2929 2841 infert
2958 2784 3319 2841 testimonium
3348 2779 3624 2851 prophetae
3655 2777 3833 2835 Isaizn,

2240 2876 2505 2949 Numquid
2523 2876 2663 2943 dicit,
2682 2877 2874 2947 inquit,
2897 2876 3191 2947 ﬁgmentum
3216 2872 3262 2927 ei
3276 2871 3362 2941 qui
3381 2887 3435 2924 se
3449 2869 3619 2939 ﬁnxit:
3641 2866 3838 2938 thm'd

2238 2986 2318 3024 me
2361 2968 2524 3041 {eciin
2568 2968 2680 3022 sic?
2724 2966 2990 3036 Additque
3024 2965 3093 3019 de
3122 2979 3220 3018 suo
3246 2981 3259 3015 :
3289 2962 3390 3015 Aut
3416 2958 3541 3012 non’
3565 2956 3714 3010 habet
3743 2972 3838 3025 po-

2240 3069 2467 3115 testatcm
2508 3058 2696 3130 ﬁgulus
2729 3056 2859 3111 luti‘
2900 3072 2964 3111 ea:
2990 3055 3162 3110 eadem
3199 3068 3366 3106 massa
3393 3052 3557 3121 facere
3581 3047 3724 3100 aliud
3753 3062 3839 3099 tm

2240 3150 2294 3205 in
2318 3152 2592 3212 honorem,
2631 3146 2773 3202 aliud
2811 3147 2864 3200 in
2886 3145 3243 3200 contumeliam
3268 3140 3446 3215 (Rom.
3482 3155 3565 3204 tx,
3601 3137 3685 3201 l8,
3727 3137 3833 3202 ‘20,

2239 3239 2332 3311 21)
2351 3242 2376 3294 ?
2423 3239 2493 3294 Et
2519 3248 2601 3294 est
2629 3252 2819 3293 sensus
2847 3235 3110 3308 ejusmodi
3134 3250 3149 3288 :
3176 3234 3307 3301 Quia
3337 3248 3436 3303 ego
3464 3227 3837 3284 commendavi

2240 3331 2569 3387 voluntatem
2599 3328 2717 3395 Dei,
2735 3328 3213 3395 auctoritatemque
3240 3323 3423 3394 gratia:
3447 3321 3562 3392 ejus
3590 3318 3835 3387 exposui.

2241 3424 2426 3479 dicens
2466 3420 2611 3491 quod
2653 3419 3073 3474 misericordiam
3101 3421 3411 3486 prtestaret,
3455 3411 3839 3481 cujuscumque

2243 3514 2494 3569 misertus
2522 3511 2735 3577 fuisset;
2764 3519 2819 3564 tu
2849 3509 2979 3564 mihi
3003 3551 3018 3576 ,
3044 3523 3079 3563 o
3100 3507 3282 3564 Judme
3304 3548 3320 3572 ,
3347 3503 3664 3559 calumniam
3703 3516 3838 3555 enn-

2244 3603 2454 3672 citasti,
2504 3603 2656 3674 quasi
2684 3601 3076 3658 commendatio
3119 3598 3323 3671 prolata
3367 3613 3395 3651 a
3435 3612 3521 3651 me
3553 3593 3841 3649 voluntatis
3916 3596 3927 3603 '

2246 3706 2300 3754 ct
2325 3697 2600 3769 potestatis
2624 3695 2820 3750 divinae
2859 3693 2924 3748 ad
2951 3692 3217 3748 excidium
3260 3689 3482 3759 jllSlllitl':
3531 3686 3670 3740 illius
3720 3700 3842 3752 pet-

2246 3790 2440 3845 tineret
2461 3805 2474 3841 :
2498 3795 2553 3843 et
2582 3786 2702 3857 quia
2734 3784 2840 3840 dixi
2869 3826 2883 3849 ,
2910 3782 3061 3837 Facit
3087 3781 3228 3851 quod
3255 3780 3393 3843 vult;
3439 3784 3841 3847 argumentatus

2247 3897 2308 3937 es
2336 3879 2466 3934 nihil
2492 3878 2602 3948 jam
2634 3878 2840 3945 reposci
2868 3874 2936 3928 ab
2963 3874 3194 3928 hominis
3222 3872 3489 3926 voluntate
3528 3868 3725 3923 debere
3746 3907 3762 3933 ,
3794 3866 3840 3918 si

2250 3973 2395 4028 Deus
2423 3979 2591 4025 totum
2614 3982 2714 4039 pro
2733 3980 2828 4022 sua
2860 3965 3058 4020 faceret
3077 3965 3383 4025 voluntate;
3428 3976 3548 4016 cum
3595 3973 3842 4029 personat

2248 4063 2479 4134 dignitas
2523 4063 2699 4115 locum
2748 4058 3035 4114 excluserit
3060 4055 3393 4127 quaestionis.
3423 4052 3553 4107 Nam
3588 4052 3632 4105 si
3675 4049 3842 4134 ﬁxis-

2249 4171 2363 4212 sem
2381 4197 2395 4221 ,
2444 4153 2591 4209 Facit
2621 4152 2762 4207 Deus
2787 4150 2929 4222 quod
2958 4150 3117 4206 debet
3155 4146 3450 4204 secundum
3486 4145 3703 4217 justitite
3730 4158 3842 4198 sua:

2253 4246 2555 4322 leges,_qua:
2569 4242 2592 4276 ³
2619 4241 2686 4298 de
2707 4242 2910 4297 meritis
2928 4239 3132 4311 iudicat
3146 4239 3505 4309 singulorum;
3529 4234 3657 4289 nihil
3682 4233 3843 4308 quale

2254 4349 2399 4391 nunc
2421 4332 2635 4402 objicis,
2666 4332 2853 4403 utique
2882 4329 3158 4385 retulisses
3182 4347 3195 4382 :
3222 4342 3363 4382 nunc
3389 4340 3518 4381 vero
3546 4324 3669 4394 quia
3699 4323 3840 4381 dixi,

2246 4426 2404 4481 Facit
2447 4424 2586 4479 Deus
2628 4422 2770 4493 quod
2808 4422 2949 4487 vult;
2996 4420 3195 4493 putasti
3241 4432 3326 4472 me
3368 4415 3567 4487 aliquid
3611 4413 3842 4468 furatum

2225 4586 2230 4593 θ
2255 4532 2375 4585 esse
2406 4514 2473 4570 de
2493 4513 2716 4583 justitiae
2741 4512 3013 4583 dignitate.
3040 4508 3338 4578 Utrumque
3376 4507 3537 4576 igitur
3573 4504 3711 4558 idem
3740 4511 3842 4557 est.

2256 4608 2388 4664 Nam
2414 4621 2534 4662 cum
2562 4604 2631 4659 de
2656 4605 2768 4659 Deo
2797 4603 2916 4658 dico
2937 4644 2951 4667 ,
2991 4600 3143 4655 Facit
3179 4598 3319 4670 quod
3364 4598 3513 4660 vult;
3544 4595 3674 4650 nihil
3700 4593 3844 4647 aliud

2259 4698 2401 4761 dico,
2430 4712 2586 4760 quam
2606 4737 2621 4763 ,
2649 4692 2799 4748 Facit
2841 4696 2981 4758 quod
3022 4691 3221 4746 debet:
3248 4690 3370 4760 quia
3411 4688 3524 4742 scio
3553 4701 3676 4741 eum
3714 4683 3847 4737 nihil

2263 4787 2403 4842 aliud
2435 4786 2572 4842 velle
2608 4800 2766 4855 quant
2797 4784 2979 4839 debet.
3004 4780 3111 4838 Ubi
3142 4795 3270 4850 ergo
3300 4775 3722 4847 inseparabiliter
3752 4789 3847 4828 vo-

2266 4881 2440 4935 lautas
2463 4882 2696 4932 cohaeret
2742 4876 2977 4942 :equitati
3020 4886 3411 4944 quamcumque
3438 4870 3507 4926 de
3544 4869 3647 4923 illis
3672 4868 3847 4922 nenti-

2269 4986 2486 5036 navero,
2516 4976 2798 5037 utramque
2824 4966 3047 5037 signavi.

2338 5066 2471 5119 Anc.
2494 5058 2905 5128 Quomodolibet
2933 5057 3081 5113 dicas
3110 5057 3273 5112 Deum
3296 5054 3471 5110 facere
3493 5051 3633 5124 quod
3657 5050 3849 5114 debet;

2266 5155 2485 5227 gratiam
2516 5153 2714 5208 nemini
2756 5150 2935 5218 debet,
2978 5150 3266 5220 multisque
3306 5162 3411 5202 non
3440 5145 3611 5201 reddit
3649 5143 3851 5214 ειιιψιίο

2333 5311 2350 5341 ι
2375 5308 2465 5357 sic.
2488 5312 2596 5356 Mss.
2619 5311 2731 5355 Har.
2751 5302 2940 5367 etrclar.
2964 5303 3082 5353 Εᾱίιί
3103 5315 3240 5364 vero,
3262 5297 3421 5367 elegit.

2335 5373 2355 5402 ³
2380 5367 2759 5429 Particula,_sub,
2782 5366 2923 5416 abest
2944 5380 2970 5413 a
2994 5372 3075 5414 Ms.
3098 5368 3213 5414 nar.

2336 5417 2757 5491 3atenardus'legit
2780 5428 2945 5487 etiam,
2987 5434 3070 5477 ant
3099 5440 3211 5477 non.
3244 5423 3533 5488 \‘ignierius,
3560 5433 3746 5480 annon;
3783 5417 3856 5469 sic

2277 5494 2424 5543 etiam
2440 5488 2661 5553 r\‘ttlga_ta.
2675 5488 2711 5553 ξ
2751 5498 2805 5537 M.

2335 5537 2743 5614 iweditifliqulus
2766 5562 2843 5614 “ea:
2884 5549 3053 5600 eadem
3090 5562 3270 5610 massa,
3322 5546 3532 5608 omisso,
3578 5539 3692 5605 luti,
3727 5537 3861 5607 quod

2194 5620 2199 5625 '
2232 5641 2237 5649 -
2273 5616 2475 5682 verbum
2500 5612 2574 5662 cx'
2591 5612 2690 5661 iss.
2706 5612 2996 5682 .adjecitnus.

2338 5680 2358 5708 ⁸
2377 5684 2455 5724 ns.
2486 5684 2611 5731 \,ar.,
2635 5676 2731 5734 qui.
3857 5676 3865 5713 ι
