  <div class='ocr_page' id='page_1' title='image "/cluster/home/n/w/nwhite01/storage/ocr_20150623/45/hvd.32044096580667/080.png"; bbox 0 0 4008 6178; ppageno 0'>
   <div class='ocr_carea' id='block_1_1' title="bbox 197 400 324 459">
    <p class='ocr_par' dir='ltr' id='par_1_1' title="bbox 197 400 324 459">
     <span class='ocr_line' id='line_1_1' title="bbox 197 400 324 459; baseline -0.016 -1"><span class='ocrx_word' id='word_1_1' title='bbox 197 400 324 459; x_wconf 72' lang='grc'><strong>1153</strong></span> 
     </span>
    </p>
   </div>
   <div class='ocr_carea' id='block_1_2' title="bbox 191 500 1761 583">
    <p class='ocr_par' dir='ltr' id='par_1_2' title="bbox 191 500 1761 583">
     <span class='ocr_line' id='line_1_2' title="bbox 191 500 1761 583; baseline -0.009 -14"><span class='ocrx_word' id='word_1_2' title='bbox 191 518 345 579; x_wconf 73' lang='lat' dir='ltr'><strong>(luxu,</strong></span> <span class='ocrx_word' id='word_1_3' title='bbox 379 511 517 583; x_wconf 80' lang='lat' dir='ltr'><strong>quod</strong></span> <span class='ocrx_word' id='word_1_4' title='bbox 547 510 700 564; x_wconf 87' lang='lat' dir='ltr'><strong>malis</strong></span> <span class='ocrx_word' id='word_1_5' title='bbox 723 522 905 563; x_wconf 88' lang='lat' dir='ltr'><strong>eorum</strong></span> <span class='ocrx_word' id='word_1_6' title='bbox 935 503 1182 576; x_wconf 81' lang='lat' dir='ltr'><strong>operibus</strong></span> <span class='ocrx_word' id='word_1_7' title='bbox 1209 501 1368 559; x_wconf 88' lang='lat' dir='ltr'><strong>debet</strong></span> <span class='ocrx_word' id='word_1_8' title='bbox 1394 542 1405 565; x_wconf 92' lang='lat'><strong>,</strong></span> <span class='ocrx_word' id='word_1_9' title='bbox 1450 510 1505 555; x_wconf 90' lang='lat' dir='ltr'><strong>et</strong></span> <span class='ocrx_word' id='word_1_10' title='bbox 1541 500 1761 571; x_wconf 86' lang='lat' dir='ltr'><strong>largitur</strong></span> 
     </span>
    </p>
   </div>
   <div class='ocr_carea' id='block_1_3' title="bbox 190 591 1760 677">
    <p class='ocr_par' dir='ltr' id='par_1_3' title="bbox 190 591 1760 677">
     <span class='ocr_line' id='line_1_3' title="bbox 190 591 1760 677; baseline -0.013 -17"><span class='ocrx_word' id='word_1_11' title='bbox 190 606 429 677; x_wconf 81' lang='lat' dir='ltr'><strong>gratiam,</strong></span> <span class='ocrx_word' id='word_1_12' title='bbox 472 616 630 671; x_wconf 81' lang='lat' dir='ltr'><strong>quam</strong></span> <span class='ocrx_word' id='word_1_13' title='bbox 671 598 832 653; x_wconf 79' lang='lat' dir='ltr'><strong>nullis</strong></span> <span class='ocrx_word' id='word_1_14' title='bbox 870 612 1054 651; x_wconf 79' lang='lat' dir='ltr'><strong>eorum</strong></span> <span class='ocrx_word' id='word_1_15' title='bbox 1096 592 1254 648; x_wconf 87' lang='lat' dir='ltr'><strong>bonis</strong></span> <span class='ocrx_word' id='word_1_16' title='bbox 1287 591 1542 661; x_wconf 79' lang='lat' dir='ltr'><strong>operibus</strong></span> <span class='ocrx_word' id='word_1_17' title='bbox 1581 592 1760 646; x_wconf 82' lang='lat' dir='ltr'><strong>debet.</strong></span> 
     </span>
    </p>
   </div>
   <div class='ocr_carea' id='block_1_4' title="bbox 190 681 1765 765">
    <p class='ocr_par' dir='ltr' id='par_1_4' title="bbox 190 681 1765 765">
     <span class='ocr_line' id='line_1_4' title="bbox 190 681 1765 765; baseline -0.01 -15"><span class='ocrx_word' id='word_1_18' title='bbox 190 695 321 765; x_wconf 79' lang='lat' dir='ltr'><strong>Quid</strong></span> <span class='ocrx_word' id='word_1_19' title='bbox 365 694 510 751; x_wconf 85' lang='lat' dir='ltr'><strong>enim</strong></span> <span class='ocrx_word' id='word_1_20' title='bbox 552 691 781 747; x_wconf 79' lang='lat' dir='ltr'><strong>debebat</strong></span> <span class='ocrx_word' id='word_1_21' title='bbox 826 687 1000 744; x_wconf 88' lang='lat' dir='ltr'><strong>eidem</strong></span> <span class='ocrx_word' id='word_1_22' title='bbox 1045 686 1143 756; x_wconf 85' lang='lat' dir='ltr'><strong>ipsi</strong></span> <span class='ocrx_word' id='word_1_23' title='bbox 1184 684 1379 749; x_wconf 81' lang='lat' dir='ltr'><strong>Paulo,</strong></span> <span class='ocrx_word' id='word_1_24' title='bbox 1425 697 1547 738; x_wconf 81' lang='lat' dir='ltr'><strong>cum</strong></span> <span class='ocrx_word' id='word_1_25' title='bbox 1590 681 1765 736; x_wconf 79' lang='lat' dir='ltr'><strong>adhuc</strong></span> 
     </span>
    </p>
   </div>
   <div class='ocr_carea' id='block_1_5' title="bbox 191 773 1765 854">
    <p class='ocr_par' dir='ltr' id='par_1_5' title="bbox 191 773 1765 854">
     <span class='ocr_line' id='line_1_5' title="bbox 191 773 1765 854; baseline -0.011 -11"><span class='ocrx_word' id='word_1_26' title='bbox 191 786 381 843; x_wconf 79' lang='lat' dir='ltr'><strong>Saulus</strong></span> <span class='ocrx_word' id='word_1_27' title='bbox 410 789 819 854; x_wconf 55' lang='lat' dir='ltr'><strong>persequatur</strong></span> <span class='ocrx_word' id='word_1_28' title='bbox 846 775 1173 835; x_wconf 73' lang='lat' dir='ltr'><strong>Ecelcsiam?</strong></span> <span class='ocrx_word' id='word_1_29' title='bbox 1199 790 1379 831; x_wconf 85' lang='lat' dir='ltr'><strong>nonne</strong></span> <span class='ocrx_word' id='word_1_30' title='bbox 1405 773 1765 845; x_wconf 84' lang='lat' dir='ltr'><strong>supplicium?</strong></span> 
     </span>
    </p>
   </div>
   <div class='ocr_carea' id='block_1_6' title="bbox 188 865 1764 948">
    <p class='ocr_par' dir='ltr' id='par_1_6' title="bbox 188 865 1764 948">
     <span class='ocr_line' id='line_1_6' title="bbox 188 865 1764 948; baseline -0.008 -14"><span class='ocrx_word' id='word_1_31' title='bbox 188 878 336 947; x_wconf 82' lang='lat' dir='ltr'><strong>Quod</strong></span> <span class='ocrx_word' id='word_1_32' title='bbox 359 891 495 948; x_wconf 83' lang='lat' dir='ltr'><strong>ergo</strong></span> <span class='ocrx_word' id='word_1_33' title='bbox 507 872 844 931; x_wconf 24' lang='lat' dir='ltr'><strong>eumlcmissa</strong></span> <span class='ocrx_word' id='word_1_34' title='bbox 873 884 1004 931; x_wconf 85' lang='lat' dir='ltr'><strong>voce</strong></span> <span class='ocrx_word' id='word_1_35' title='bbox 1028 869 1095 924; x_wconf 82' lang='lat' dir='ltr'><strong>de</strong></span> <span class='ocrx_word' id='word_1_36' title='bbox 1124 868 1264 927; x_wconf 75' lang='lat' dir='ltr'><strong>melo</strong></span> <span class='ocrx_word' id='word_1_37' title='bbox 1291 868 1593 938; x_wconf 69' lang='lat' dir='ltr'><strong>prostravit,</strong></span> <span class='ocrx_word' id='word_1_38' title='bbox 1622 865 1764 937; x_wconf 91' lang='lat' dir='ltr'><strong>quod</strong></span> 
     </span>
    </p>
   </div>
   <div class='ocr_carea' id='block_1_7' title="bbox 188 958 1765 1035">
    <p class='ocr_par' dir='ltr' id='par_1_7' title="bbox 188 958 1765 1035">
     <span class='ocr_line' id='line_1_7' title="bbox 188 958 1765 1035; baseline -0.01 -11"><span class='ocrx_word' id='word_1_39' title='bbox 188 968 488 1031; x_wconf 66' lang='lat' dir='ltr'><strong>exaecavit,</strong></span> <span class='ocrx_word' id='word_1_40' title='bbox 512 963 657 1035; x_wconf 80' lang='lat' dir='ltr'><strong>quod</strong></span> <span class='ocrx_word' id='word_1_41' title='bbox 685 962 752 1016; x_wconf 84' lang='lat' dir='ltr'><strong>ad</strong></span> <span class='ocrx_word' id='word_1_42' title='bbox 780 961 942 1016; x_wconf 81' lang='lat' dir='ltr'><strong>ﬁdem</strong></span> <span class='ocrx_word' id='word_1_43' title='bbox 978 958 1368 1028; x_wconf 88' lang='lat' dir='ltr'><strong>percipiendam</strong></span> <span class='ocrx_word' id='word_1_44' title='bbox 1399 972 1555 1027; x_wconf 83' lang='lat' dir='ltr'><strong>quam</strong></span> <span class='ocrx_word' id='word_1_45' title='bbox 1586 964 1765 1019; x_wconf 76' lang='lat' dir='ltr'><strong>vasta-</strong></span> 
     </span>
    </p>
   </div>
   <div class='ocr_carea' id='block_1_8' title="bbox 191 1046 1767 1123">
    <p class='ocr_par' dir='ltr' id='par_1_8' title="bbox 191 1046 1767 1123">
     <span class='ocr_line' id='line_1_8' title="bbox 191 1046 1767 1123; baseline -0.008 -10"><span class='ocrx_word' id='word_1_46' title='bbox 191 1059 295 1123; x_wconf 81' lang='lat' dir='ltr'><strong>bat,</strong></span> <span class='ocrx_word' id='word_1_47' title='bbox 308 1068 416 1112; x_wconf 83' lang='lat' dir='ltr'><strong>tam</strong></span> <span class='ocrx_word' id='word_1_48' title='bbox 432 1055 694 1113; x_wconf 77' lang='lat' dir='ltr'><strong>violenter</strong></span> <span class='ocrx_word' id='word_1_49' title='bbox 707 1052 923 1109; x_wconf 73' lang='lat' dir='ltr'><strong>attraxit</strong></span> <span class='ocrx_word' id='word_1_50' title='bbox 937 1049 1074 1123; x_wconf 79' lang='lat' dir='ltr'><strong>(Act.</strong></span> <span class='ocrx_word' id='word_1_51' title='bbox 1093 1046 1191 1122; x_wconf 72' lang='lat' dir='ltr'><strong>is),</strong></span> <span class='ocrx_word' id='word_1_52' title='bbox 1210 1048 1393 1118; x_wconf 78' lang='lat' dir='ltr'><strong>procul</strong></span> <span class='ocrx_word' id='word_1_53' title='bbox 1409 1046 1571 1101; x_wconf 87' lang='lat' dir='ltr'><strong>dubio</strong></span> <span class='ocrx_word' id='word_1_54' title='bbox 1586 1061 1767 1102; x_wconf 88' lang='lat' dir='ltr'><strong>secun-</strong></span> 
     </span>
    </p>
   </div>
   <div class='ocr_carea' id='block_1_9' title="bbox 191 1139 1767 1220">
    <p class='ocr_par' dir='ltr' id='par_1_9' title="bbox 191 1139 1767 1220">
     <span class='ocr_line' id='line_1_9' title="bbox 191 1139 1767 1220; baseline -0.008 -16"><span class='ocrx_word' id='word_1_55' title='bbox 191 1152 330 1216; x_wconf 84' lang='lat' dir='ltr'><strong>dum,</strong></span> <span class='ocrx_word' id='word_1_56' title='bbox 346 1150 582 1220; x_wconf 76' lang='lat' dir='ltr'><strong>gratiam</strong></span> <span class='ocrx_word' id='word_1_57' title='bbox 596 1143 1025 1202; x_wconf 72' lang='lat' dir='ltr'><strong>nonsecunduut.</strong></span> <span class='ocrx_word' id='word_1_58' title='bbox 1037 1142 1272 1198; x_wconf 81' lang='lat' dir='ltr'><strong>debitum</strong></span> <span class='ocrx_word' id='word_1_59' title='bbox 1285 1139 1429 1206; x_wconf 64' lang='lat' dir='ltr'><strong>facit,</strong></span> <span class='ocrx_word' id='word_1_60' title='bbox 1443 1147 1497 1193; x_wconf 92' lang='lat' dir='ltr'><strong>ut</strong></span> <span class='ocrx_word' id='word_1_61' title='bbox 1514 1139 1566 1192; x_wconf 89' lang='lat' dir='ltr'><strong>in</strong></span> <span class='ocrx_word' id='word_1_62' title='bbox 1584 1139 1660 1193; x_wconf 90' lang='lat' dir='ltr'><strong>eis</strong></span> <span class='ocrx_word' id='word_1_63' title='bbox 1679 1153 1767 1192; x_wconf 89' lang='lat' dir='ltr'><strong>es-</strong></span> 
     </span>
    </p>
   </div>
   <div class='ocr_carea' id='block_1_10' title="bbox 189 1229 1766 1312">
    <p class='ocr_par' dir='ltr' id='par_1_10' title="bbox 189 1229 1766 1312">
     <span class='ocr_line' id='line_1_10' title="bbox 189 1229 1766 1312; baseline -0.01 -15"><span class='ocrx_word' id='word_1_64' title='bbox 189 1251 265 1297; x_wconf 81' lang='lat' dir='ltr'><strong>set</strong></span> <span class='ocrx_word' id='word_1_65' title='bbox 278 1241 523 1312; x_wconf 76' lang='lat' dir='ltr'><strong>reliquiis</strong></span> <span class='ocrx_word' id='word_1_66' title='bbox 544 1238 722 1309; x_wconf 78' lang='lat' dir='ltr'><strong>populi</strong></span> <span class='ocrx_word' id='word_1_67' title='bbox 752 1237 933 1302; x_wconf 79' lang='lat' dir='ltr'><strong>Israel,</strong></span> <span class='ocrx_word' id='word_1_68' title='bbox 948 1234 1023 1290; x_wconf 82' lang='lat' dir='ltr'><strong>de</strong></span> <span class='ocrx_word' id='word_1_69' title='bbox 1035 1232 1224 1305; x_wconf 79' lang='lat' dir='ltr'><strong>quibus</strong></span> <span class='ocrx_word' id='word_1_70' title='bbox 1240 1230 1375 1286; x_wconf 80' lang='lat' dir='ltr'><strong>dicit</strong></span> <span class='ocrx_word' id='word_1_71' title='bbox 1393 1248 1406 1284; x_wconf 91' lang='lat'><strong>:</strong></span> <span class='ocrx_word' id='word_1_72' title='bbox 1424 1229 1514 1286; x_wconf 76' lang='lat' dir='ltr'><strong>Sic</strong></span> <span class='ocrx_word' id='word_1_73' title='bbox 1524 1239 1701 1299; x_wconf 85' lang='lat' dir='ltr'><strong>ergoet</strong></span> <span class='ocrx_word' id='word_1_74' title='bbox 1714 1229 1766 1281; x_wconf 85' lang='lat' dir='ltr'><strong>in</strong></span> 
     </span>
    </p>
   </div>
   <div class='ocr_carea' id='block_1_11' title="bbox 189 1321 1762 1402">
    <p class='ocr_par' dir='ltr' id='par_1_11' title="bbox 189 1321 1762 1402">
     <span class='ocr_line' id='line_1_11' title="bbox 189 1321 1762 1402; baseline -0.01 -16"><span class='ocrx_word' id='word_1_75' title='bbox 189 1332 276 1386; x_wconf 73' lang='lat' dir='ltr'><strong>hoc</strong></span> <span class='ocrx_word' id='word_1_76' title='bbox 300 1341 527 1402; x_wconf 75' lang='lat' dir='ltr'><strong>tempore</strong></span> <span class='ocrx_word' id='word_1_77' title='bbox 542 1329 775 1399; x_wconf 63' lang='lat' dir='ltr'><strong>reliquie?</strong></span> <span class='ocrx_word' id='word_1_78' title='bbox 795 1344 885 1398; x_wconf 83' lang='lat' dir='ltr'><strong>per</strong></span> <span class='ocrx_word' id='word_1_79' title='bbox 904 1324 1195 1382; x_wconf 67' lang='lat' dir='ltr'><strong>electionem</strong></span> <span class='ocrx_word' id='word_1_80' title='bbox 1213 1323 1390 1393; x_wconf 73' lang='lat' dir='ltr'><strong>gratia</strong></span> <span class='ocrx_word' id='word_1_81' title='bbox 1408 1323 1558 1391; x_wconf 77' lang='lat' dir='ltr'><strong>facta:</strong></span> <span class='ocrx_word' id='word_1_82' title='bbox 1580 1329 1697 1374; x_wconf 83' lang='lat' dir='ltr'><strong>sunt</strong></span> <span class='ocrx_word' id='word_1_83' title='bbox 1714 1321 1727 1350; x_wconf 84' lang='grc'>¹</span> <span class='ocrx_word' id='word_1_84' title='bbox 1750 1337 1762 1370; x_wconf 92' lang='lat'>:</span> 
     </span>
    </p>
   </div>
   <div class='ocr_carea' id='block_1_12' title="bbox 188 1412 1767 1496">
    <p class='ocr_par' dir='ltr' id='par_1_12' title="bbox 188 1412 1767 1496">
     <span class='ocr_line' id='line_1_12' title="bbox 188 1412 1767 1496; baseline -0.011 -15"><span class='ocrx_word' id='word_1_85' title='bbox 188 1428 226 1480; x_wconf 80' lang='lat' dir='ltr'><strong>si</strong></span> <span class='ocrx_word' id='word_1_86' title='bbox 248 1435 419 1480; x_wconf 77' lang='lat' dir='ltr'><strong>autem</strong></span> <span class='ocrx_word' id='word_1_87' title='bbox 445 1424 614 1496; x_wconf 81' lang='lat' dir='ltr'><strong>gratia</strong></span> <span class='ocrx_word' id='word_1_88' title='bbox 636 1464 652 1491; x_wconf 95' lang='lat'><strong>,</strong></span> <span class='ocrx_word' id='word_1_89' title='bbox 692 1423 809 1493; x_wconf 85' lang='lat' dir='ltr'><strong>jam</strong></span> <span class='ocrx_word' id='word_1_90' title='bbox 834 1436 937 1476; x_wconf 79' lang='lat' dir='ltr'><strong>non</strong></span> <span class='ocrx_word' id='word_1_91' title='bbox 966 1435 1031 1473; x_wconf 77' lang='lat' dir='ltr'><strong>ea:</strong></span> <span class='ocrx_word' id='word_1_92' title='bbox 1058 1417 1325 1488; x_wconf 67' lang='lat' dir='ltr'><strong>operibus;</strong></span> <span class='ocrx_word' id='word_1_93' title='bbox 1350 1413 1574 1481; x_wconf 75' lang='lat' dir='ltr'><strong>alioquin</strong></span> <span class='ocrx_word' id='word_1_94' title='bbox 1600 1412 1767 1484; x_wconf 79' lang='lat' dir='ltr'><strong>gratia</strong></span> 
     </span>
    </p>
   </div>
   <div class='ocr_carea' id='block_1_13' title="bbox 181 1504 1765 1588">
    <p class='ocr_par' dir='ltr' id='par_1_13' title="bbox 181 1504 1765 1588">
     <span class='ocr_line' id='line_1_13' title="bbox 181 1504 1765 1588; baseline -0.007 -19"><span class='ocrx_word' id='word_1_95' title='bbox 181 1519 287 1588; x_wconf 81' lang='lat' dir='ltr'><strong>jam</strong></span> <span class='ocrx_word' id='word_1_96' title='bbox 312 1533 415 1573; x_wconf 71' lang='lat' dir='ltr'><strong>non</strong></span> <span class='ocrx_word' id='word_1_97' title='bbox 434 1527 505 1571; x_wconf 85' lang='lat' dir='ltr'><strong>est</strong></span> <span class='ocrx_word' id='word_1_98' title='bbox 525 1515 691 1586; x_wconf 79' lang='lat' dir='ltr'><strong>gratia</strong></span> <span class='ocrx_word' id='word_1_99' title='bbox 715 1511 893 1583; x_wconf 76' lang='lat' dir='ltr'><strong>(Rm.</strong></span> <span class='ocrx_word' id='word_1_100' title='bbox 920 1527 994 1578; x_wconf 72' lang='lat' dir='ltr'><strong>st,</strong></span> <span class='ocrx_word' id='word_1_101' title='bbox 1015 1511 1072 1574; x_wconf 75' lang='grc' dir='ltr'><strong>ὅ,</strong></span> <span class='ocrx_word' id='word_1_102' title='bbox 1090 1509 1173 1580; x_wconf 88' lang='lat'><strong>6).</strong></span> <span class='ocrx_word' id='word_1_103' title='bbox 1194 1506 1332 1574; x_wconf 82' lang='lat' dir='ltr'><strong>Quid</strong></span> <span class='ocrx_word' id='word_1_104' title='bbox 1358 1504 1586 1560; x_wconf 76' lang='lat' dir='ltr'><strong>debebat</strong></span> <span class='ocrx_word' id='word_1_105' title='bbox 1605 1505 1765 1559; x_wconf 89' lang='lat' dir='ltr'><strong>etiam</strong></span> 
     </span>
    </p>
   </div>
   <div class='ocr_carea' id='block_1_14' title="bbox 188 1598 1766 1678">
    <p class='ocr_par' dir='ltr' id='par_1_14' title="bbox 188 1598 1766 1678">
     <span class='ocr_line' id='line_1_14' title="bbox 188 1598 1766 1678; baseline -0.01 -13"><span class='ocrx_word' id='word_1_106' title='bbox 188 1613 285 1665; x_wconf 79' lang='lat' dir='ltr'><strong>illis</strong></span> <span class='ocrx_word' id='word_1_107' title='bbox 332 1611 436 1665; x_wconf 76' lang='lat' dir='ltr'><strong>nisi</strong></span> <span class='ocrx_word' id='word_1_108' title='bbox 488 1607 828 1678; x_wconf 75' lang='lat' dir='ltr'><strong>supplicium,</strong></span> <span class='ocrx_word' id='word_1_109' title='bbox 860 1604 1056 1675; x_wconf 76' lang='lat' dir='ltr'><strong>quibus</strong></span> <span class='ocrx_word' id='word_1_110' title='bbox 1072 1602 1229 1669; x_wconf 81' lang='lat' dir='ltr'><strong>dicit,</strong></span> <span class='ocrx_word' id='word_1_111' title='bbox 1259 1598 1381 1655; x_wconf 84' lang='lat' dir='ltr'><strong>Non</strong></span> <span class='ocrx_word' id='word_1_112' title='bbox 1412 1607 1615 1671; x_wconf 72' lang='lat' dir='ltr'><strong>propter</strong></span> <span class='ocrx_word' id='word_1_113' title='bbox 1635 1613 1720 1651; x_wconf 80' lang='lat' dir='ltr'><strong>ros</strong></span> <span class='ocrx_word' id='word_1_114' title='bbox 1744 1598 1766 1629; x_wconf 82' lang='grc'>¹</span> 
     </span>
    </p>
   </div>
   <div class='ocr_carea' id='block_1_15' title="bbox 187 1695 1765 1774">
    <p class='ocr_par' dir='ltr' id='par_1_15' title="bbox 187 1695 1765 1774">
     <span class='ocr_line' id='line_1_15' title="bbox 187 1695 1765 1774; baseline -0.01 -18"><span class='ocrx_word' id='word_1_115' title='bbox 187 1719 270 1774; x_wconf 74' lang='lat' dir='ltr'><strong>rgo</strong></span> <span class='ocrx_word' id='word_1_116' title='bbox 304 1702 458 1772; x_wconf 88' lang='lat' dir='ltr'><strong>facio,</strong></span> <span class='ocrx_word' id='word_1_117' title='bbox 480 1701 662 1754; x_wconf 77' lang='lat' dir='ltr'><strong>domus</strong></span> <span class='ocrx_word' id='word_1_118' title='bbox 689 1695 878 1763; x_wconf 77' lang='lat' dir='ltr'><strong>Israel,</strong></span> <span class='ocrx_word' id='word_1_119' title='bbox 906 1696 995 1752; x_wconf 80' lang='lat' dir='ltr'><strong>sed</strong></span> <span class='ocrx_word' id='word_1_120' title='bbox 1013 1703 1220 1767; x_wconf 78' lang='lat' dir='ltr'><strong>praptcr</strong></span> <span class='ocrx_word' id='word_1_121' title='bbox 1246 1709 1425 1747; x_wconf 75' lang='lat' dir='ltr'><strong>nomen</strong></span> <span class='ocrx_word' id='word_1_122' title='bbox 1452 1707 1617 1748; x_wconf 69' lang='lat' dir='ltr'><strong>meum</strong></span> <span class='ocrx_word' id='word_1_123' title='bbox 1640 1705 1765 1744; x_wconf 87' lang='lat' dir='ltr'><strong>san-</strong></span> 
     </span>
    </p>
   </div>
   <div class='ocr_carea' id='block_1_16' title="bbox 184 1781 1767 1861">
    <p class='ocr_par' dir='ltr' id='par_1_16' title="bbox 184 1781 1767 1861">
     <span class='ocr_line' id='line_1_16' title="bbox 184 1781 1767 1861; baseline -0.007 -17"><span class='ocrx_word' id='word_1_124' title='bbox 184 1803 336 1857; x_wconf 77' lang='lat' dir='ltr'><strong>etam,</strong></span> <span class='ocrx_word' id='word_1_125' title='bbox 382 1792 517 1861; x_wconf 83' lang='lat' dir='ltr'><strong>quod</strong></span> <span class='ocrx_word' id='word_1_126' title='bbox 556 1787 868 1860; x_wconf 77' lang='lat' dir='ltr'><strong>profanastis</strong></span> <span class='ocrx_word' id='word_1_127' title='bbox 908 1787 962 1840; x_wconf 85' lang='lat' dir='ltr'><strong>in</strong></span> <span class='ocrx_word' id='word_1_128' title='bbox 998 1783 1276 1857; x_wconf 68' lang='lat' dir='ltr'><strong>gentibus?</strong></span> <span class='ocrx_word' id='word_1_129' title='bbox 1314 1781 1513 1837; x_wconf 81' lang='lat' dir='ltr'><strong>Facere</strong></span> <span class='ocrx_word' id='word_1_130' title='bbox 1540 1795 1668 1849; x_wconf 84' lang='lat' dir='ltr'><strong>ergo</strong></span> <span class='ocrx_word' id='word_1_131' title='bbox 1709 1794 1767 1834; x_wconf 91' lang='lat' dir='ltr'><strong>se</strong></span> 
     </span>
    </p>
   </div>
   <div class='ocr_carea' id='block_1_17' title="bbox 187 1877 1764 1950">
    <p class='ocr_par' dir='ltr' id='par_1_17' title="bbox 187 1877 1764 1950">
     <span class='ocr_line' id='line_1_17' title="bbox 187 1877 1764 1950; baseline -0.008 -11"><span class='ocrx_word' id='word_1_132' title='bbox 187 1886 319 1939; x_wconf 82' lang='lat' dir='ltr'><strong>dicit</strong></span> <span class='ocrx_word' id='word_1_133' title='bbox 344 1884 480 1938; x_wconf 87' lang='lat' dir='ltr'><strong>bona</strong></span> <span class='ocrx_word' id='word_1_134' title='bbox 506 1897 692 1939; x_wconf 85' lang='lat' dir='ltr'><strong>eorum</strong></span> <span class='ocrx_word' id='word_1_135' title='bbox 748 1881 801 1935; x_wconf 92' lang='lat' dir='ltr'><strong>in</strong></span> <span class='ocrx_word' id='word_1_136' title='bbox 826 1880 992 1950; x_wconf 87' lang='lat' dir='ltr'><strong>ipsis;</strong></span> <span class='ocrx_word' id='word_1_137' title='bbox 1024 1877 1118 1934; x_wconf 83' lang='lat' dir='ltr'><strong>sed</strong></span> <span class='ocrx_word' id='word_1_138' title='bbox 1148 1884 1367 1946; x_wconf 81' lang='lat' dir='ltr'><strong>propter</strong></span> <span class='ocrx_word' id='word_1_139' title='bbox 1386 1888 1581 1932; x_wconf 85' lang='lat' dir='ltr'><strong>nomen</strong></span> <span class='ocrx_word' id='word_1_140' title='bbox 1610 1886 1764 1927; x_wconf 87' lang='lat' dir='ltr'><strong>suum</strong></span> 
     </span>
    </p>
   </div>
   <div class='ocr_carea' id='block_1_18' title="bbox 182 1963 1763 2045">
    <p class='ocr_par' dir='ltr' id='par_1_18' title="bbox 182 1963 1763 2045">
     <span class='ocr_line' id='line_1_18' title="bbox 182 1963 1763 2045; baseline -0.009 -16"><span class='ocrx_word' id='word_1_141' title='bbox 182 1976 322 2045; x_wconf 86' lang='lat' dir='ltr'><strong>quod</strong></span> <span class='ocrx_word' id='word_1_142' title='bbox 349 1973 782 2043; x_wconf 83' lang='lat' dir='ltr'><strong>prolanaverunt,</strong></span> <span class='ocrx_word' id='word_1_143' title='bbox 814 1985 920 2025; x_wconf 90' lang='lat' dir='ltr'><strong>non</strong></span> <span class='ocrx_word' id='word_1_144' title='bbox 962 1976 1183 2039; x_wconf 78' lang='lat' dir='ltr'><strong>propter</strong></span> <span class='ocrx_word' id='word_1_145' title='bbox 1222 1966 1366 2035; x_wconf 75' lang='lat' dir='ltr'><strong>ipsos</strong></span> <span class='ocrx_word' id='word_1_146' title='bbox 1392 1965 1482 2035; x_wconf 85' lang='lat' dir='ltr'><strong>qui</strong></span> <span class='ocrx_word' id='word_1_147' title='bbox 1515 1963 1763 2034; x_wconf 70' lang='lat' dir='ltr'><strong>profana-</strong></span> 
     </span>
    </p>
   </div>
   <div class='ocr_carea' id='block_1_19' title="bbox 180 2053 1766 2134">
    <p class='ocr_par' dir='ltr' id='par_1_19' title="bbox 180 2053 1766 2134">
     <span class='ocr_line' id='line_1_19' title="bbox 180 2053 1766 2134; baseline -0.008 -15"><span class='ocrx_word' id='word_1_148' title='bbox 180 2075 408 2120; x_wconf 85' lang='lat' dir='ltr'><strong>verunt:</strong></span> <span class='ocrx_word' id='word_1_149' title='bbox 437 2078 555 2119; x_wconf 91' lang='lat' dir='ltr'><strong>nam</strong></span> <span class='ocrx_word' id='word_1_150' title='bbox 584 2071 802 2134; x_wconf 79' lang='lat' dir='ltr'><strong>propter</strong></span> <span class='ocrx_word' id='word_1_151' title='bbox 835 2062 979 2130; x_wconf 86' lang='lat' dir='ltr'><strong>ipsos</strong></span> <span class='ocrx_word' id='word_1_152' title='bbox 1025 2059 1081 2114; x_wconf 80' lang='lat' dir='ltr'><strong>si</strong></span> <span class='ocrx_word' id='word_1_153' title='bbox 1111 2057 1288 2113; x_wconf 82' lang='lat' dir='ltr'><strong>facere</strong></span> <span class='ocrx_word' id='word_1_154' title='bbox 1326 2056 1489 2111; x_wconf 86' lang='lat' dir='ltr'><strong>vellet</strong></span> <span class='ocrx_word' id='word_1_155' title='bbox 1509 2096 1525 2123; x_wconf 93' lang='lat'><strong>,</strong></span> <span class='ocrx_word' id='word_1_156' title='bbox 1560 2053 1766 2123; x_wconf 80' lang='lat' dir='ltr'><strong>suppli-</strong></span> 
     </span>
    </p>
   </div>
   <div class='ocr_carea' id='block_1_20' title="bbox 181 2148 1766 2220">
    <p class='ocr_par' dir='ltr' id='par_1_20' title="bbox 181 2148 1766 2220">
     <span class='ocr_line' id='line_1_20' title="bbox 181 2148 1766 2220; baseline -0.007 -8"><span class='ocrx_word' id='word_1_157' title='bbox 181 2159 317 2212; x_wconf 85' lang='lat' dir='ltr'><strong>cium</strong></span> <span class='ocrx_word' id='word_1_158' title='bbox 340 2157 449 2211; x_wconf 88' lang='lat' dir='ltr'><strong>illis</strong></span> <span class='ocrx_word' id='word_1_159' title='bbox 476 2156 714 2211; x_wconf 88' lang='lat' dir='ltr'><strong>debitum</strong></span> <span class='ocrx_word' id='word_1_160' title='bbox 742 2153 1014 2217; x_wconf 83' lang='lat' dir='ltr'><strong>redderet,</strong></span> <span class='ocrx_word' id='word_1_161' title='bbox 1043 2164 1149 2207; x_wconf 87' lang='lat' dir='ltr'><strong>non</strong></span> <span class='ocrx_word' id='word_1_162' title='bbox 1176 2150 1398 2220; x_wconf 80' lang='lat' dir='ltr'><strong>gratiam</strong></span> <span class='ocrx_word' id='word_1_163' title='bbox 1422 2148 1656 2203; x_wconf 83' lang='lat' dir='ltr'><strong>donaret</strong></span> <span class='ocrx_word' id='word_1_164' title='bbox 1685 2148 1766 2201; x_wconf 90' lang='lat' dir='ltr'><strong>in-</strong></span> 
     </span>
    </p>
   </div>
   <div class='ocr_carea' id='block_1_21' title="bbox 181 2240 1769 2314">
    <p class='ocr_par' dir='ltr' id='par_1_21' title="bbox 181 2240 1769 2314">
     <span class='ocr_line' id='line_1_21' title="bbox 181 2240 1769 2314; baseline -0.006 -10"><span class='ocrx_word' id='word_1_165' title='bbox 181 2249 434 2304; x_wconf 82' lang='lat' dir='ltr'><strong>debitam.</strong></span> <span class='ocrx_word' id='word_1_166' title='bbox 450 2248 609 2314; x_wconf 82' lang='lat' dir='ltr'><strong>Quod</strong></span> <span class='ocrx_word' id='word_1_167' title='bbox 629 2247 770 2302; x_wconf 90' lang='lat' dir='ltr'><strong>enim</strong></span> <span class='ocrx_word' id='word_1_168' title='bbox 791 2260 852 2301; x_wconf 87' lang='lat' dir='ltr'><strong>se</strong></span> <span class='ocrx_word' id='word_1_169' title='bbox 875 2245 1135 2299; x_wconf 81' lang='lat' dir='ltr'><strong>iacturum</strong></span> <span class='ocrx_word' id='word_1_170' title='bbox 1151 2242 1298 2309; x_wconf 86' lang='lat' dir='ltr'><strong>dicit,</strong></span> <span class='ocrx_word' id='word_1_171' title='bbox 1325 2242 1389 2296; x_wconf 90' lang='lat' dir='ltr'><strong>ad</strong></span> <span class='ocrx_word' id='word_1_172' title='bbox 1410 2240 1513 2296; x_wconf 77' lang='lat' dir='ltr'><strong>hoc</strong></span> <span class='ocrx_word' id='word_1_173' title='bbox 1537 2240 1769 2310; x_wconf 89' lang='lat' dir='ltr'><strong>pertinet</strong></span> 
     </span>
    </p>
   </div>
   <div class='ocr_carea' id='block_1_22' title="bbox 181 2331 1765 2407">
    <p class='ocr_par' dir='ltr' id='par_1_22' title="bbox 181 2331 1765 2407">
     <span class='ocr_line' id='line_1_22' title="bbox 181 2331 1765 2407; baseline -0.005 -14"><span class='ocrx_word' id='word_1_174' title='bbox 181 2350 233 2394; x_wconf 89' lang='lat' dir='ltr'><strong>ut</strong></span> <span class='ocrx_word' id='word_1_175' title='bbox 255 2342 402 2395; x_wconf 88' lang='lat' dir='ltr'><strong>bona</strong></span> <span class='ocrx_word' id='word_1_176' title='bbox 449 2338 692 2403; x_wconf 80' lang='lat' dir='ltr'><strong>faciaut&#39;,</strong></span> <span class='ocrx_word' id='word_1_177' title='bbox 723 2352 826 2391; x_wconf 91' lang='lat' dir='ltr'><strong>non</strong></span> <span class='ocrx_word' id='word_1_178' title='bbox 853 2337 975 2407; x_wconf 83' lang='lat' dir='ltr'><strong>quia</strong></span> <span class='ocrx_word' id='word_1_179' title='bbox 1000 2334 1126 2391; x_wconf 89' lang='lat' dir='ltr'><strong>boni</strong></span> <span class='ocrx_word' id='word_1_180' title='bbox 1152 2342 1301 2389; x_wconf 88' lang='lat' dir='ltr'><strong>erant</strong></span> <span class='ocrx_word' id='word_1_181' title='bbox 1327 2333 1413 2404; x_wconf 87' lang='lat' dir='ltr'><strong>qui</strong></span> <span class='ocrx_word' id='word_1_182' title='bbox 1446 2331 1765 2402; x_wconf 85' lang='lat' dir='ltr'><strong>profanave-</strong></span> 
     </span>
    </p>
   </div>
   <div class='ocr_carea' id='block_1_23' title="bbox 181 2412 1767 2498">
    <p class='ocr_par' dir='ltr' id='par_1_23' title="bbox 181 2412 1767 2498">
     <span class='ocr_line' id='line_1_23' title="bbox 181 2412 1767 2498; baseline -0.006 -12"><span class='ocrx_word' id='word_1_183' title='bbox 181 2442 289 2487; x_wconf 89' lang='lat' dir='ltr'><strong>runt</strong></span> <span class='ocrx_word' id='word_1_184' title='bbox 344 2447 544 2486; x_wconf 86' lang='lat' dir='ltr'><strong>nomen</strong></span> <span class='ocrx_word' id='word_1_185' title='bbox 588 2440 826 2485; x_wconf 88' lang='lat' dir='ltr'><strong>sanctum</strong></span> <span class='ocrx_word' id='word_1_186' title='bbox 854 2429 990 2498; x_wconf 85' lang='lat' dir='ltr'><strong>ejus.</strong></span> <span class='ocrx_word' id='word_1_187' title='bbox 1022 2427 1258 2496; x_wconf 87' lang='lat' dir='ltr'><strong>Denique</strong></span> <span class='ocrx_word' id='word_1_188' title='bbox 1281 2412 1612 2495; x_wconf 83' lang='lat' dir='ltr'><strong>apertissime</strong></span> <span class='ocrx_word' id='word_1_189' title='bbox 1639 2422 1767 2478; x_wconf 84' lang='lat' dir='ltr'><strong>dicit</strong></span> 
     </span>
    </p>
   </div>
   <div class='ocr_carea' id='block_1_24' title="bbox 182 2515 1763 2587">
    <p class='ocr_par' dir='ltr' id='par_1_24' title="bbox 182 2515 1763 2587">
     <span class='ocr_line' id='line_1_24' title="bbox 182 2515 1763 2587; baseline -0.008 -8"><span class='ocrx_word' id='word_1_190' title='bbox 182 2541 264 2579; x_wconf 87' lang='lat' dir='ltr'><strong>eos</strong></span> <span class='ocrx_word' id='word_1_191' title='bbox 290 2526 442 2580; x_wconf 88' lang='lat' dir='ltr'><strong>bona</strong></span> <span class='ocrx_word' id='word_1_192' title='bbox 469 2538 588 2580; x_wconf 89' lang='lat' dir='ltr'><strong>esse</strong></span> <span class='ocrx_word' id='word_1_193' title='bbox 614 2522 881 2587; x_wconf 81' lang='lat' dir='ltr'><strong>facturos;</strong></span> <span class='ocrx_word' id='word_1_194' title='bbox 913 2520 1007 2576; x_wconf 86' lang='lat' dir='ltr'><strong>sed</strong></span> <span class='ocrx_word' id='word_1_195' title='bbox 1035 2534 1094 2574; x_wconf 89' lang='lat' dir='ltr'><strong>se</strong></span> <span class='ocrx_word' id='word_1_196' title='bbox 1116 2517 1345 2573; x_wconf 77' lang='lat' dir='ltr'><strong>faciente</strong></span> <span class='ocrx_word' id='word_1_197' title='bbox 1365 2525 1424 2571; x_wconf 91' lang='lat' dir='ltr'><strong>ut</strong></span> <span class='ocrx_word' id='word_1_198' title='bbox 1450 2531 1511 2572; x_wconf 90' lang='lat' dir='ltr'><strong>ea</strong></span> <span class='ocrx_word' id='word_1_199' title='bbox 1538 2515 1763 2571; x_wconf 85' lang='lat' dir='ltr'><strong>faciant:</strong></span> 
     </span>
    </p>
   </div>
   <div class='ocr_carea' id='block_1_25' title="bbox 178 2605 1768 2685">
    <p class='ocr_par' dir='ltr' id='par_1_25' title="bbox 178 2605 1768 2685">
     <span class='ocr_line' id='line_1_25' title="bbox 178 2605 1768 2685; baseline -0.006 -19"><span class='ocrx_word' id='word_1_200' title='bbox 178 2618 241 2668; x_wconf 86' lang='lat' dir='ltr'><strong>ait</strong></span> <span class='ocrx_word' id='word_1_201' title='bbox 264 2617 469 2685; x_wconf 83' lang='lat' dir='ltr'><strong>quippe</strong></span> <span class='ocrx_word' id='word_1_202' title='bbox 496 2615 634 2669; x_wconf 88' lang='lat' dir='ltr'><strong>inter</strong></span> <span class='ocrx_word' id='word_1_203' title='bbox 669 2620 884 2675; x_wconf 64' lang='lat' dir='ltr'><strong>caetera,</strong></span> <span class='ocrx_word' id='word_1_204' title='bbox 912 2608 984 2664; x_wconf 79' lang='lat' dir='ltr'><strong>Et</strong></span> <span class='ocrx_word' id='word_1_205' title='bbox 1014 2609 1202 2681; x_wconf 82' lang='lat' dir='ltr'><strong>faciam</strong></span> <span class='ocrx_word' id='word_1_206' title='bbox 1230 2616 1284 2661; x_wconf 83' lang='lat' dir='ltr'><strong>ut</strong></span> <span class='ocrx_word' id='word_1_207' title='bbox 1310 2608 1362 2661; x_wconf 87' lang='lat' dir='ltr'><strong>in</strong></span> <span class='ocrx_word' id='word_1_208' title='bbox 1381 2605 1768 2677; x_wconf 81' lang='lat' dir='ltr'><strong>justiﬁeationi—</strong></span> 
     </span>
    </p>
   </div>
   <div class='ocr_carea' id='block_1_26' title="bbox 182 2697 1765 2773">
    <p class='ocr_par' dir='ltr' id='par_1_26' title="bbox 182 2697 1765 2773">
     <span class='ocr_line' id='line_1_26' title="bbox 182 2697 1765 2773; baseline -0.009 -9"><span class='ocrx_word' id='word_1_209' title='bbox 182 2706 268 2764; x_wconf 50' lang='lat' dir='ltr'><strong>ius</strong></span> <span class='ocrx_word' id='word_1_210' title='bbox 294 2706 430 2761; x_wconf 81' lang='lat' dir='ltr'><strong>meis</strong></span> <span class='ocrx_word' id='word_1_211' title='bbox 460 2705 739 2768; x_wconf 81' lang='lat' dir='ltr'><strong>ambuletis,</strong></span> <span class='ocrx_word' id='word_1_212' title='bbox 768 2713 813 2757; x_wconf 89' lang='lat' dir='ltr'><strong>et</strong></span> <span class='ocrx_word' id='word_1_213' title='bbox 832 2702 1034 2773; x_wconf 83' lang='lat' dir='ltr'><strong>judicia</strong></span> <span class='ocrx_word' id='word_1_214' title='bbox 1059 2716 1173 2753; x_wconf 66' lang='lat' dir='ltr'><strong>mea</strong></span> <span class='ocrx_word' id='word_1_215' title='bbox 1193 2698 1460 2752; x_wconf 77' lang='lat' dir='ltr'><strong>observetis</strong></span> <span class='ocrx_word' id='word_1_216' title='bbox 1498 2705 1544 2751; x_wconf 84' lang='lat' dir='ltr'><strong>et</strong></span> <span class='ocrx_word' id='word_1_217' title='bbox 1569 2697 1765 2768; x_wconf 86' lang='lat' dir='ltr'><strong>faciatis</strong></span> 
     </span>
    </p>
   </div>
   <div class='ocr_carea' id='block_1_27' title="bbox 179 2787 1765 2864">
    <p class='ocr_par' dir='ltr' id='par_1_27' title="bbox 179 2787 1765 2864">
     <span class='ocr_line' id='line_1_27' title="bbox 179 2787 1765 2864; baseline -0.007 -13"><span class='ocrx_word' id='word_1_218' title='bbox 179 2797 390 2864; x_wconf 70' lang='lat' dir='ltr'><strong>(Eucti.</strong></span> <span class='ocrx_word' id='word_1_219' title='bbox 432 2811 614 2860; x_wconf 73' lang='lat' dir='ltr'><strong>xxxvn,</strong></span> <span class='ocrx_word' id='word_1_220' title='bbox 660 2793 751 2858; x_wconf 70' lang='grc'><strong>22,</strong></span> <span class='ocrx_word' id='word_1_221' title='bbox 793 2794 912 2863; x_wconf 68' lang='lat'><strong>27).</strong></span> <span class='ocrx_word' id='word_1_222' title='bbox 957 2791 1053 2845; x_wconf 82' lang='lat' dir='ltr'><strong>His</strong></span> <span class='ocrx_word' id='word_1_223' title='bbox 1094 2796 1239 2844; x_wconf 89' lang='lat' dir='ltr'><strong>certe</strong></span> <span class='ocrx_word' id='word_1_224' title='bbox 1268 2787 1518 2857; x_wconf 77' lang='lat' dir='ltr'><strong>operibus</strong></span> <span class='ocrx_word' id='word_1_225' title='bbox 1560 2800 1765 2841; x_wconf 75' lang='lat' dir='ltr'><strong>merces</strong></span> 
     </span>
    </p>
   </div>
   <div class='ocr_carea' id='block_1_28' title="bbox 177 2877 1764 2957">
    <p class='ocr_par' dir='ltr' id='par_1_28' title="bbox 177 2877 1764 2957">
     <span class='ocr_line' id='line_1_28' title="bbox 177 2877 1764 2957; baseline -0.005 -18"><span class='ocrx_word' id='word_1_226' title='bbox 177 2887 472 2957; x_wconf 86' lang='lat' dir='ltr'><strong>imputatur</strong></span> <span class='ocrx_word' id='word_1_227' title='bbox 500 2886 793 2940; x_wconf 87' lang='lat' dir='ltr'><strong>secundum</strong></span> <span class='ocrx_word' id='word_1_228' title='bbox 822 2881 1062 2936; x_wconf 87' lang='lat' dir='ltr'><strong>debitum</strong></span> <span class='ocrx_word' id='word_1_229' title='bbox 1091 2878 1355 2933; x_wconf 88' lang='lat' dir='ltr'><strong>:debctur</strong></span> <span class='ocrx_word' id='word_1_230' title='bbox 1373 2877 1516 2933; x_wconf 85' lang='lat' dir='ltr'><strong>enim</strong></span> <span class='ocrx_word' id='word_1_231' title='bbox 1538 2890 1764 2941; x_wconf 89' lang='lat' dir='ltr'><strong>merces,</strong></span> 
     </span>
    </p>
   </div>
   <div class='ocr_carea' id='block_1_29' title="bbox 178 2967 1767 3048">
    <p class='ocr_par' dir='ltr' id='par_1_29' title="bbox 178 2967 1767 3048">
     <span class='ocr_line' id='line_1_29' title="bbox 178 2967 1767 3048; baseline -0.008 -15"><span class='ocrx_word' id='word_1_232' title='bbox 178 2981 422 3043; x_wconf 85' lang='lat' dir='ltr'><strong>sitiant;</strong></span> <span class='ocrx_word' id='word_1_233' title='bbox 470 2978 564 3033; x_wconf 85' lang='lat' dir='ltr'><strong>sed</strong></span> <span class='ocrx_word' id='word_1_234' title='bbox 606 2978 775 3048; x_wconf 88' lang='lat' dir='ltr'><strong>gratia</strong></span> <span class='ocrx_word' id='word_1_235' title='bbox 818 2988 936 3046; x_wconf 71' lang='lat' dir='ltr'><strong>qua:</strong></span> <span class='ocrx_word' id='word_1_236' title='bbox 966 2988 1071 3027; x_wconf 92' lang='lat' dir='ltr'><strong>non</strong></span> <span class='ocrx_word' id='word_1_237' title='bbox 1115 2971 1380 3036; x_wconf 87' lang='lat' dir='ltr'><strong>debetur,</strong></span> <span class='ocrx_word' id='word_1_238' title='bbox 1433 2967 1683 3039; x_wconf 61' lang='lat' dir='ltr'><strong>praecedit</strong></span> <span class='ocrx_word' id='word_1_239' title='bbox 1710 2977 1767 3022; x_wconf 89' lang='lat' dir='ltr'><strong>ut</strong></span> 
     </span>
    </p>
   </div>
   <div class='ocr_carea' id='block_1_30' title="bbox 178 3056 1766 3136">
    <p class='ocr_par' dir='ltr' id='par_1_30' title="bbox 178 3056 1766 3136">
     <span class='ocr_line' id='line_1_30' title="bbox 178 3056 1766 3136; baseline -0.008 -13"><span class='ocrx_word' id='word_1_240' title='bbox 178 3071 323 3123; x_wconf 81' lang='lat' dir='ltr'><strong>ﬁant.</strong></span> <span class='ocrx_word' id='word_1_241' title='bbox 358 3068 615 3133; x_wconf 83' lang='lat' dir='ltr'><strong>Debetur,</strong></span> <span class='ocrx_word' id='word_1_242' title='bbox 644 3067 881 3136; x_wconf 85' lang='lat' dir='ltr'><strong>inquam,</strong></span> <span class='ocrx_word' id='word_1_243' title='bbox 924 3064 1062 3118; x_wconf 89' lang='lat' dir='ltr'><strong>bona</strong></span> <span class='ocrx_word' id='word_1_244' title='bbox 1089 3075 1297 3116; x_wconf 86' lang='lat' dir='ltr'><strong>merces</strong></span> <span class='ocrx_word' id='word_1_245' title='bbox 1322 3059 1572 3129; x_wconf 87' lang='lat' dir='ltr'><strong>operibus</strong></span> <span class='ocrx_word' id='word_1_246' title='bbox 1596 3056 1766 3112; x_wconf 83' lang='lat' dir='ltr'><strong>homi-</strong></span> 
     </span>
    </p>
   </div>
   <div class='ocr_carea' id='block_1_31' title="bbox 177 3148 1759 3223">
    <p class='ocr_par' dir='ltr' id='par_1_31' title="bbox 177 3148 1759 3223">
     <span class='ocr_line' id='line_1_31' title="bbox 177 3148 1759 3223; baseline -0.008 -9"><span class='ocrx_word' id='word_1_247' title='bbox 177 3175 297 3214; x_wconf 86' lang='lat' dir='ltr'><strong>num</strong></span> <span class='ocrx_word' id='word_1_248' title='bbox 332 3158 492 3213; x_wconf 88' lang='lat' dir='ltr'><strong>bonis</strong></span> <span class='ocrx_word' id='word_1_249' title='bbox 515 3176 529 3209; x_wconf 89' lang='lat'><strong>:</strong></span> <span class='ocrx_word' id='word_1_250' title='bbox 551 3156 645 3211; x_wconf 87' lang='lat' dir='ltr'><strong>sed</strong></span> <span class='ocrx_word' id='word_1_251' title='bbox 687 3171 792 3211; x_wconf 89' lang='lat' dir='ltr'><strong>non</strong></span> <span class='ocrx_word' id='word_1_252' title='bbox 822 3154 1046 3209; x_wconf 89' lang='lat' dir='ltr'><strong>debetur</strong></span> <span class='ocrx_word' id='word_1_253' title='bbox 1068 3152 1236 3223; x_wconf 85' lang='lat' dir='ltr'><strong>gratia</strong></span> <span class='ocrx_word' id='word_1_254' title='bbox 1262 3192 1280 3219; x_wconf 88' lang='lat'><strong>,</strong></span> <span class='ocrx_word' id='word_1_255' title='bbox 1329 3167 1448 3221; x_wconf 72' lang='lat' dir='ltr'><strong>qure</strong></span> <span class='ocrx_word' id='word_1_256' title='bbox 1493 3151 1638 3221; x_wconf 84' lang='lat' dir='ltr'><strong>ipsos</strong></span> <span class='ocrx_word' id='word_1_257' title='bbox 1664 3148 1759 3202; x_wconf 89' lang='lat' dir='ltr'><strong>bo-</strong></span> 
     </span>
    </p>
   </div>
   <div class='ocr_carea' id='block_1_32' title="bbox 173 3232 1767 3317">
    <p class='ocr_par' dir='ltr' id='par_1_32' title="bbox 173 3232 1767 3317">
     <span class='ocr_line' id='line_1_32' title="bbox 173 3232 1767 3317; baseline -0.004 -14"><span class='ocrx_word' id='word_1_258' title='bbox 173 3251 352 3305; x_wconf 87' lang='lat' dir='ltr'><strong>mines</strong></span> <span class='ocrx_word' id='word_1_259' title='bbox 374 3248 545 3303; x_wconf 89' lang='lat' dir='ltr'><strong>bonos</strong></span> <span class='ocrx_word' id='word_1_260' title='bbox 564 3255 816 3317; x_wconf 87' lang='lat' dir='ltr'><strong>operatur</strong></span> <span class='ocrx_word' id='word_1_261' title='bbox 832 3261 897 3300; x_wconf 83' lang='lat' dir='ltr'><strong>ex</strong></span> <span class='ocrx_word' id='word_1_262' title='bbox 919 3232 1391 3299; x_wconf 65' lang='lat' dir='ltr'><strong>malisJ’ostremo</strong></span> <span class='ocrx_word' id='word_1_263' title='bbox 1408 3241 1452 3308; x_wconf 69' lang='grc'><strong>⁸,</strong></span> <span class='ocrx_word' id='word_1_264' title='bbox 1476 3241 1566 3312; x_wconf 88' lang='lat' dir='ltr'><strong>qui</strong></span> <span class='ocrx_word' id='word_1_265' title='bbox 1591 3241 1767 3298; x_wconf 90' lang='lat' dir='ltr'><strong>facere</strong></span> 
     </span>
    </p>
   </div>
   <div class='ocr_carea' id='block_1_33' title="bbox 177 3334 1769 3409">
    <p class='ocr_par' dir='ltr' id='par_1_33' title="bbox 177 3334 1769 3409">
     <span class='ocr_line' id='line_1_33' title="bbox 177 3334 1769 3409; baseline -0.006 -12"><span class='ocrx_word' id='word_1_266' title='bbox 177 3342 351 3397; x_wconf 84' lang='lat' dir='ltr'><strong>Deum</strong></span> <span class='ocrx_word' id='word_1_267' title='bbox 375 3339 559 3395; x_wconf 80' lang='lat' dir='ltr'><strong>dixisti</strong></span> <span class='ocrx_word' id='word_1_268' title='bbox 583 3337 724 3409; x_wconf 88' lang='lat' dir='ltr'><strong>quod</strong></span> <span class='ocrx_word' id='word_1_269' title='bbox 750 3336 928 3402; x_wconf 89' lang='lat' dir='ltr'><strong>debet,</strong></span> <span class='ocrx_word' id='word_1_270' title='bbox 954 3345 1009 3390; x_wconf 89' lang='lat' dir='ltr'><strong>et</strong></span> <span class='ocrx_word' id='word_1_271' title='bbox 1032 3335 1139 3389; x_wconf 88' lang='lat' dir='ltr'><strong>alta</strong></span> <span class='ocrx_word' id='word_1_272' title='bbox 1165 3335 1371 3390; x_wconf 83' lang='lat' dir='ltr'><strong>cervice</strong></span> <span class='ocrx_word' id='word_1_273' title='bbox 1397 3334 1627 3388; x_wconf 81' lang='lat' dir='ltr'><strong>humana</strong></span> <span class='ocrx_word' id='word_1_274' title='bbox 1657 3348 1769 3388; x_wconf 84' lang='lat' dir='ltr'><strong>me-</strong></span> 
     </span>
    </p>
   </div>
   <div class='ocr_carea' id='block_1_34' title="bbox 172 3425 1766 3499">
    <p class='ocr_par' dir='ltr' id='par_1_34' title="bbox 172 3425 1766 3499">
     <span class='ocr_line' id='line_1_34' title="bbox 172 3425 1766 3499; baseline -0.006 -11"><span class='ocrx_word' id='word_1_275' title='bbox 172 3436 273 3488; x_wconf 88' lang='lat' dir='ltr'><strong>rita</strong></span> <span class='ocrx_word' id='word_1_276' title='bbox 298 3431 604 3495; x_wconf 78' lang='lat' dir='ltr'><strong>ventilasti,</strong></span> <span class='ocrx_word' id='word_1_277' title='bbox 631 3429 717 3484; x_wconf 91' lang='lat' dir='ltr'><strong>dic</strong></span> <span class='ocrx_word' id='word_1_278' title='bbox 743 3443 946 3499; x_wconf 62' lang='lat' dir='ltr'><strong>quaeso,</strong></span> <span class='ocrx_word' id='word_1_279' title='bbox 977 3425 1169 3495; x_wconf 87' lang='lat' dir='ltr'><strong>quibus</strong></span> <span class='ocrx_word' id='word_1_280' title='bbox 1195 3426 1399 3480; x_wconf 87' lang='lat' dir='ltr'><strong>meritis</strong></span> <span class='ocrx_word' id='word_1_281' title='bbox 1427 3425 1766 3495; x_wconf 80' lang='lat' dir='ltr'><strong>parvulorum</strong></span> 
     </span>
    </p>
   </div>
   <div class='ocr_carea' id='block_1_35' title="bbox 172 3515 1768 3591">
    <p class='ocr_par' dir='ltr' id='par_1_35' title="bbox 172 3515 1768 3591">
     <span class='ocr_line' id='line_1_35' title="bbox 172 3515 1768 3591; baseline -0.004 -15"><span class='ocrx_word' id='word_1_282' title='bbox 172 3522 373 3578; x_wconf 84' lang='lat' dir='ltr'><strong>debeat</strong></span> <span class='ocrx_word' id='word_1_283' title='bbox 413 3535 638 3591; x_wconf 87' lang='lat' dir='ltr'><strong>regnum</strong></span> <span class='ocrx_word' id='word_1_284' title='bbox 680 3519 964 3574; x_wconf 83' lang='lat' dir='ltr'><strong>caelorum.</strong></span> <span class='ocrx_word' id='word_1_285' title='bbox 996 3517 1245 3571; x_wconf 87' lang='lat' dir='ltr'><strong>Dicturus</strong></span> <span class='ocrx_word' id='word_1_286' title='bbox 1270 3531 1330 3572; x_wconf 91' lang='lat' dir='ltr'><strong>es</strong></span> <span class='ocrx_word' id='word_1_287' title='bbox 1354 3517 1487 3571; x_wconf 90' lang='lat' dir='ltr'><strong>forte</strong></span> <span class='ocrx_word' id='word_1_288' title='bbox 1510 3557 1525 3581; x_wconf 94' lang='lat'><strong>,</strong></span> <span class='ocrx_word' id='word_1_289' title='bbox 1570 3515 1768 3571; x_wconf 85' lang='lat' dir='ltr'><strong>debere</strong></span> 
     </span>
    </p>
   </div>
   <div class='ocr_carea' id='block_1_36' title="bbox 175 3609 1765 3685">
    <p class='ocr_par' dir='ltr' id='par_1_36' title="bbox 175 3609 1765 3685">
     <span class='ocr_line' id='line_1_36' title="bbox 175 3609 1765 3685; baseline -0.004 -17"><span class='ocrx_word' id='word_1_290' title='bbox 175 3615 272 3671; x_wconf 78' lang='lat' dir='ltr'><strong>hoc</strong></span> <span class='ocrx_word' id='word_1_291' title='bbox 303 3630 430 3670; x_wconf 86' lang='lat' dir='ltr'><strong>eum</strong></span> <span class='ocrx_word' id='word_1_292' title='bbox 454 3613 641 3685; x_wconf 65' lang='lat' dir='ltr'><strong>gratiae</strong></span> <span class='ocrx_word' id='word_1_293' title='bbox 668 3627 799 3678; x_wconf 66' lang='lat' dir='ltr'><strong>suae,</strong></span> <span class='ocrx_word' id='word_1_294' title='bbox 830 3626 928 3679; x_wconf 84' lang='lat' dir='ltr'><strong>qua</strong></span> <span class='ocrx_word' id='word_1_295' title='bbox 956 3611 1249 3680; x_wconf 85' lang='lat' dir='ltr'><strong>opitulante</strong></span> <span class='ocrx_word' id='word_1_296' title='bbox 1268 3609 1438 3664; x_wconf 89' lang='lat' dir='ltr'><strong>renati</strong></span> <span class='ocrx_word' id='word_1_297' title='bbox 1459 3616 1606 3663; x_wconf 87' lang='lat' dir='ltr'><strong>sunt.</strong></span> <span class='ocrx_word' id='word_1_298' title='bbox 1631 3609 1765 3663; x_wconf 85' lang='lat' dir='ltr'><strong>Pro-</strong></span> 
     </span>
    </p>
   </div>
   <div class='ocr_carea' id='block_1_37' title="bbox 173 3700 1767 3774">
    <p class='ocr_par' dir='ltr' id='par_1_37' title="bbox 173 3700 1767 3774">
     <span class='ocr_line' id='line_1_37' title="bbox 173 3700 1767 3774; baseline -0.003 -16"><span class='ocrx_word' id='word_1_299' title='bbox 173 3714 289 3774; x_wconf 87' lang='lat' dir='ltr'><strong>pter</strong></span> <span class='ocrx_word' id='word_1_300' title='bbox 320 3705 467 3759; x_wconf 82' lang='lat' dir='ltr'><strong>hanc</strong></span> <span class='ocrx_word' id='word_1_301' title='bbox 508 3704 650 3757; x_wconf 89' lang='lat' dir='ltr'><strong>enim</strong></span> <span class='ocrx_word' id='word_1_302' title='bbox 677 3710 948 3772; x_wconf 85' lang='lat' dir='ltr'><strong>acceptam</strong></span> <span class='ocrx_word' id='word_1_303' title='bbox 976 3701 1085 3772; x_wconf 83' lang='lat' dir='ltr'><strong>jam</strong></span> <span class='ocrx_word' id='word_1_304' title='bbox 1115 3701 1295 3755; x_wconf 84' lang='lat' dir='ltr'><strong>venire</strong></span> <span class='ocrx_word' id='word_1_305' title='bbox 1322 3700 1374 3754; x_wconf 90' lang='lat' dir='ltr'><strong>in</strong></span> <span class='ocrx_word' id='word_1_306' title='bbox 1406 3701 1521 3769; x_wconf 81' lang='lat' dir='ltr'><strong>ejus</strong></span> <span class='ocrx_word' id='word_1_307' title='bbox 1545 3714 1767 3768; x_wconf 82' lang='lat' dir='ltr'><strong>regnum</strong></span> 
     </span>
    </p>
   </div>
   <div class='ocr_carea' id='block_1_38' title="bbox 171 3788 1769 3863">
    <p class='ocr_par' dir='ltr' id='par_1_38' title="bbox 171 3788 1769 3863">
     <span class='ocr_line' id='line_1_38' title="bbox 171 3788 1769 3863; baseline -0.005 -12"><span class='ocrx_word' id='word_1_308' title='bbox 171 3805 459 3851; x_wconf 79' lang='lat' dir='ltr'><strong>uterentur</strong></span> <span class='ocrx_word' id='word_1_309' title='bbox 487 3813 503 3850; x_wconf 93' lang='lat'><strong>:</strong></span> <span class='ocrx_word' id='word_1_310' title='bbox 531 3793 628 3849; x_wconf 91' lang='lat' dir='ltr'><strong>sed</strong></span> <span class='ocrx_word' id='word_1_311' title='bbox 672 3793 840 3863; x_wconf 86' lang='lat' dir='ltr'><strong>ipsam</strong></span> <span class='ocrx_word' id='word_1_312' title='bbox 888 3793 1135 3863; x_wconf 84' lang='lat' dir='ltr'><strong>gratiam,</strong></span> <span class='ocrx_word' id='word_1_313' title='bbox 1182 3805 1338 3859; x_wconf 88' lang='lat' dir='ltr'><strong>quam</strong></span> <span class='ocrx_word' id='word_1_314' title='bbox 1386 3788 1769 3860; x_wconf 82' lang='lat' dir='ltr'><strong>regenerandis</strong></span> 
     </span>
    </p>
   </div>
   <div class='ocr_carea' id='block_1_39' title="bbox 170 3881 1770 3954">
    <p class='ocr_par' dir='ltr' id='par_1_39' title="bbox 170 3881 1770 3954">
     <span class='ocr_line' id='line_1_39' title="bbox 170 3881 1770 3954; baseline -0.005 -12"><span class='ocrx_word' id='word_1_315' title='bbox 170 3889 415 3952; x_wconf 81' lang='lat' dir='ltr'><strong>exhibet,</strong></span> <span class='ocrx_word' id='word_1_316' title='bbox 443 3887 605 3942; x_wconf 89' lang='lat' dir='ltr'><strong>nullis</strong></span> <span class='ocrx_word' id='word_1_317' title='bbox 634 3901 818 3941; x_wconf 89' lang='lat' dir='ltr'><strong>eorum</strong></span> <span class='ocrx_word' id='word_1_318' title='bbox 837 3885 1056 3941; x_wconf 86' lang='lat' dir='ltr'><strong>omnino</strong></span> <span class='ocrx_word' id='word_1_319' title='bbox 1081 3883 1286 3938; x_wconf 88' lang='lat' dir='ltr'><strong>meritis</strong></span> <span class='ocrx_word' id='word_1_320' title='bbox 1303 3881 1482 3937; x_wconf 89' lang='lat' dir='ltr'><strong>debet.</strong></span> <span class='ocrx_word' id='word_1_321' title='bbox 1515 3882 1770 3954; x_wconf 87' lang='lat' dir='ltr'><strong>Propter—</strong></span> 
     </span>
    </p>
   </div>
   <div class='ocr_carea' id='block_1_40' title="bbox 167 3974 1765 4051">
    <p class='ocr_par' dir='ltr' id='par_1_40' title="bbox 167 3974 1765 4051">
     <span class='ocr_line' id='line_1_40' title="bbox 167 3974 1765 4051; baseline -0.004 -16"><span class='ocrx_word' id='word_1_322' title='bbox 167 3997 229 4035; x_wconf 67' lang='grc' dir='ltr'>ω</span> <span class='ocrx_word' id='word_1_323' title='bbox 276 3981 532 4051; x_wconf 84' lang='lat' dir='ltr'><strong>Pelagius</strong></span> <span class='ocrx_word' id='word_1_324' title='bbox 571 3988 749 4035; x_wconf 84' lang='lat' dir='ltr'><strong>vester</strong></span> <span class='ocrx_word' id='word_1_325' title='bbox 784 3980 837 4031; x_wconf 89' lang='lat' dir='ltr'><strong>in</strong></span> <span class='ocrx_word' id='word_1_326' title='bbox 884 3976 1172 4047; x_wconf 89' lang='lat' dir='ltr'><strong>episcopali</strong></span> <span class='ocrx_word' id='word_1_327' title='bbox 1219 3974 1420 4045; x_wconf 79' lang='lat' dir='ltr'><strong>judicio</strong></span> <span class='ocrx_word' id='word_1_328' title='bbox 1462 3974 1765 4038; x_wconf 67' lang='lat' dir='ltr'><strong>Palmstino,</strong></span> 
     </span>
    </p>
   </div>
   <div class='ocr_carea' id='block_1_41' title="bbox 164 4068 1767 4143">
    <p class='ocr_par' dir='ltr' id='par_1_41' title="bbox 164 4068 1767 4143">
     <span class='ocr_line' id='line_1_41' title="bbox 164 4068 1767 4143; baseline -0.002 -17"><span class='ocrx_word' id='word_1_329' title='bbox 164 4089 262 4127; x_wconf 82' lang='lat' dir='ltr'><strong>eos</strong></span> <span class='ocrx_word' id='word_1_330' title='bbox 289 4073 390 4143; x_wconf 72' lang='lat' dir='ltr'><strong>qui</strong></span> <span class='ocrx_word' id='word_1_331' title='bbox 433 4072 619 4128; x_wconf 88' lang='lat' dir='ltr'><strong>dicunt</strong></span> <span class='ocrx_word' id='word_1_332' title='bbox 642 4074 865 4143; x_wconf 77' lang='lat' dir='ltr'><strong>gratiam</strong></span> <span class='ocrx_word' id='word_1_333' title='bbox 913 4069 1006 4124; x_wconf 90' lang='lat' dir='ltr'><strong>Dei</strong></span> <span class='ocrx_word' id='word_1_334' title='bbox 1035 4068 1327 4124; x_wconf 88' lang='lat' dir='ltr'><strong>secundum</strong></span> <span class='ocrx_word' id='word_1_335' title='bbox 1371 4068 1558 4123; x_wconf 89' lang='lat' dir='ltr'><strong>merita</strong></span> <span class='ocrx_word' id='word_1_336' title='bbox 1586 4077 1767 4123; x_wconf 85' lang='lat' dir='ltr'><strong>nostra</strong></span> 
     </span>
    </p>
   </div>
   <div class='ocr_carea' id='block_1_42' title="bbox 162 4156 1763 4233">
    <p class='ocr_par' dir='ltr' id='par_1_42' title="bbox 162 4156 1763 4233">
     <span class='ocr_line' id='line_1_42' title="bbox 162 4156 1763 4233; baseline -0.004 -15"><span class='ocrx_word' id='word_1_337' title='bbox 162 4164 310 4231; x_wconf 86' lang='lat' dir='ltr'><strong>dari,</strong></span> <span class='ocrx_word' id='word_1_338' title='bbox 335 4179 409 4218; x_wconf 87' lang='lat' dir='ltr'><strong>ne</strong></span> <span class='ocrx_word' id='word_1_339' title='bbox 433 4164 546 4233; x_wconf 89' lang='lat' dir='ltr'><strong>ipse</strong></span> <span class='ocrx_word' id='word_1_340' title='bbox 568 4164 936 4226; x_wconf 85' lang='lat' dir='ltr'><strong>damnaretur,</strong></span> <span class='ocrx_word' id='word_1_341' title='bbox 963 4159 1217 4214; x_wconf 89' lang='lat' dir='ltr'><strong>damnare</strong></span> <span class='ocrx_word' id='word_1_342' title='bbox 1240 4160 1545 4228; x_wconf 88' lang='lat' dir='ltr'><strong>compulsus</strong></span> <span class='ocrx_word' id='word_1_343' title='bbox 1566 4168 1645 4214; x_wconf 79' lang='lat' dir='ltr'><strong>est</strong></span> <span class='ocrx_word' id='word_1_344' title='bbox 1667 4156 1763 4231; x_wconf 86' lang='lat' dir='ltr'><strong>(a):</strong></span> 
     </span>
    </p>
   </div>
   <div class='ocr_carea' id='block_1_43' title="bbox 160 4251 1758 4326">
    <p class='ocr_par' dir='ltr' id='par_1_43' title="bbox 160 4251 1758 4326">
     <span class='ocr_line' id='line_1_43' title="bbox 160 4251 1758 4326; baseline -0.001 -17"><span class='ocrx_word' id='word_1_345' title='bbox 160 4258 251 4311; x_wconf 88' lang='lat' dir='ltr'><strong>ubi</strong></span> <span class='ocrx_word' id='word_1_346' title='bbox 286 4266 352 4312; x_wconf 87' lang='lat' dir='ltr'><strong>et</strong></span> <span class='ocrx_word' id='word_1_347' title='bbox 379 4265 429 4312; x_wconf 91' lang='lat' dir='ltr'><strong>te</strong></span> <span class='ocrx_word' id='word_1_348' title='bbox 454 4256 653 4326; x_wconf 88' lang='lat' dir='ltr'><strong>ipsum,</strong></span> <span class='ocrx_word' id='word_1_349' title='bbox 683 4263 736 4309; x_wconf 89' lang='lat' dir='ltr'><strong>et</strong></span> <span class='ocrx_word' id='word_1_350' title='bbox 764 4269 824 4309; x_wconf 90' lang='lat' dir='ltr'><strong>se</strong></span> <span class='ocrx_word' id='word_1_351' title='bbox 849 4253 1039 4322; x_wconf 90' lang='lat' dir='ltr'><strong>ipsum,</strong></span> <span class='ocrx_word' id='word_1_352' title='bbox 1072 4252 1161 4322; x_wconf 90' lang='lat' dir='ltr'><strong>qui</strong></span> <span class='ocrx_word' id='word_1_353' title='bbox 1207 4251 1306 4306; x_wconf 87' lang='lat' dir='ltr'><strong>hoc</strong></span> <span class='ocrx_word' id='word_1_354' title='bbox 1330 4251 1505 4306; x_wconf 89' lang='lat' dir='ltr'><strong>dicere</strong></span> <span class='ocrx_word' id='word_1_355' title='bbox 1530 4267 1636 4305; x_wconf 91' lang='lat' dir='ltr'><strong>non</strong></span> <span class='ocrx_word' id='word_1_356' title='bbox 1660 4251 1758 4307; x_wconf 89' lang='lat' dir='ltr'><strong>de-</strong></span> 
     </span>
    </p>
   </div>
   <div class='ocr_carea' id='block_1_44' title="bbox 161 4340 1751 4413">
    <p class='ocr_par' dir='ltr' id='par_1_44' title="bbox 161 4340 1751 4413">
     <span class='ocr_line' id='line_1_44' title="bbox 161 4340 1751 4413; baseline -0.001 -14"><span class='ocrx_word' id='word_1_357' title='bbox 161 4347 423 4413; x_wconf 77' lang='lat' dir='ltr'><strong>sistitis&#39;,</strong></span> <span class='ocrx_word' id='word_1_358' title='bbox 467 4347 584 4401; x_wconf 87' lang='lat' dir='ltr'><strong>sine</strong></span> <span class='ocrx_word' id='word_1_359' title='bbox 610 4345 941 4401; x_wconf 86' lang='lat' dir='ltr'><strong>dubitatione</strong></span> <span class='ocrx_word' id='word_1_360' title='bbox 969 4341 1258 4398; x_wconf 79' lang='lat' dir='ltr'><strong>damnavit.</strong></span> <span class='ocrx_word' id='word_1_361' title='bbox 1288 4340 1444 4396; x_wconf 85' lang='lat' dir='ltr'><strong>Istam</strong></span> <span class='ocrx_word' id='word_1_362' title='bbox 1491 4344 1712 4413; x_wconf 76' lang='lat' dir='ltr'><strong>gratiam</strong></span> <span class='ocrx_word' id='word_1_363' title='bbox 1736 4385 1751 4409; x_wconf 92' lang='lat'><strong>,</strong></span> 
     </span>
    </p>
   </div>
   <div class='ocr_carea' id='block_1_45' title="bbox 157 4432 1762 4510">
    <p class='ocr_par' dir='ltr' id='par_1_45' title="bbox 157 4432 1762 4510">
     <span class='ocr_line' id='line_1_45' title="bbox 157 4432 1762 4510; baseline -0.001 -20"><span class='ocrx_word' id='word_1_364' title='bbox 157 4455 295 4495; x_wconf 76' lang='lat' dir='ltr'><strong>vere</strong></span> <span class='ocrx_word' id='word_1_365' title='bbox 320 4438 572 4510; x_wconf 81' lang='lat' dir='ltr'><strong>gratiam,</strong></span> <span class='ocrx_word' id='word_1_366' title='bbox 598 4437 649 4491; x_wconf 87' lang='lat' dir='ltr'><strong>id</strong></span> <span class='ocrx_word' id='word_1_367' title='bbox 672 4445 770 4492; x_wconf 89' lang='lat' dir='ltr'><strong>est.</strong></span> <span class='ocrx_word' id='word_1_368' title='bbox 792 4435 1095 4507; x_wconf 83' lang='lat' dir='ltr'><strong>gratuitam,</strong></span> <span class='ocrx_word' id='word_1_369' title='bbox 1119 4432 1380 4504; x_wconf 85' lang='lat' dir='ltr'><strong>nullisque</strong></span> <span class='ocrx_word' id='word_1_370' title='bbox 1402 4434 1605 4488; x_wconf 87' lang='lat' dir='ltr'><strong>meritis</strong></span> <span class='ocrx_word' id='word_1_371' title='bbox 1625 4450 1732 4503; x_wconf 69' lang='lat' dir='ltr'><strong>pra:</strong></span> <span class='ocrx_word' id='word_1_372' title='bbox 1748 4464 1762 4475; x_wconf 88' lang='lat'><em>-</em></span> 
     </span>
    </p>
   </div>
   <div class='ocr_carea' id='block_1_46' title="bbox 156 4526 1768 4595">
    <p class='ocr_par' dir='ltr' id='par_1_46' title="bbox 156 4526 1768 4595">
     <span class='ocr_line' id='line_1_46' title="bbox 156 4526 1768 4595; baseline -0.003 -8"><span class='ocrx_word' id='word_1_373' title='bbox 156 4530 492 4587; x_wconf 84' lang='lat' dir='ltr'><strong>cedentibus</strong></span> <span class='ocrx_word' id='word_1_374' title='bbox 517 4529 769 4593; x_wconf 89' lang='lat' dir='ltr'><strong>debitam,</strong></span> <span class='ocrx_word' id='word_1_375' title='bbox 793 4526 1202 4593; x_wconf 81' lang='lat' dir='ltr'><strong>commendabat</strong></span> <span class='ocrx_word' id='word_1_376' title='bbox 1220 4527 1528 4593; x_wconf 78' lang='lat' dir='ltr'><strong>Apostolus,</strong></span> <span class='ocrx_word' id='word_1_377' title='bbox 1555 4527 1768 4595; x_wconf 74' lang='lat' dir='ltr'><strong>quando</strong></span> 
     </span>
    </p>
   </div>
   <div class='ocr_carea' id='block_1_47' title="bbox 153 4618 1770 4689">
    <p class='ocr_par' dir='ltr' id='par_1_47' title="bbox 153 4618 1770 4689">
     <span class='ocr_line' id='line_1_47' title="bbox 153 4618 1770 4689; baseline -0.002 -14"><span class='ocrx_word' id='word_1_378' title='bbox 153 4622 389 4678; x_wconf 84' lang='lat' dir='ltr'><strong>dicebat</strong></span> <span class='ocrx_word' id='word_1_379' title='bbox 412 4640 428 4676; x_wconf 88' lang='lat'><strong>:</strong></span> <span class='ocrx_word' id='word_1_380' title='bbox 453 4620 583 4675; x_wconf 84' lang='lat' dir='ltr'><strong>Cum</strong></span> <span class='ocrx_word' id='word_1_381' title='bbox 620 4620 751 4674; x_wconf 85' lang='lat' dir='ltr'><strong>enim</strong></span> <span class='ocrx_word' id='word_1_382' title='bbox 802 4618 1026 4673; x_wconf 80' lang='lat' dir='ltr'><strong>nondum</strong></span> <span class='ocrx_word' id='word_1_383' title='bbox 1069 4618 1180 4672; x_wconf 87' lang='lat' dir='ltr'><strong>nati</strong></span> <span class='ocrx_word' id='word_1_384' title='bbox 1223 4627 1415 4681; x_wconf 72' lang='lat' dir='ltr'><strong>essent,</strong></span> <span class='ocrx_word' id='word_1_385' title='bbox 1452 4633 1543 4672; x_wconf 85' lang='lat' dir='ltr'><strong>nec</strong></span> <span class='ocrx_word' id='word_1_386' title='bbox 1578 4618 1770 4689; x_wconf 81' lang='lat' dir='ltr'><strong>aliquid</strong></span> 
     </span>
    </p>
   </div>
   <div class='ocr_carea' id='block_1_48' title="bbox 154 4705 1769 4782">
    <p class='ocr_par' dir='ltr' id='par_1_48' title="bbox 154 4705 1769 4782">
     <span class='ocr_line' id='line_1_48' title="bbox 154 4705 1769 4782; baseline -0.003 -18"><span class='ocrx_word' id='word_1_387' title='bbox 154 4714 392 4782; x_wconf 72' lang='lat' dir='ltr'><strong>egissent</strong></span> <span class='ocrx_word' id='word_1_388' title='bbox 411 4711 530 4765; x_wconf 84' lang='lat' dir='ltr'><strong>boni</strong></span> <span class='ocrx_word' id='word_1_389' title='bbox 552 4720 641 4764; x_wconf 83' lang='lat' dir='ltr'><strong>aut</strong></span> <span class='ocrx_word' id='word_1_390' title='bbox 668 4709 807 4776; x_wconf 80' lang='lat' dir='ltr'><strong>ntali,</strong></span> <span class='ocrx_word' id='word_1_391' title='bbox 836 4716 891 4763; x_wconf 84' lang='lat' dir='ltr'><strong>ut</strong></span> <span class='ocrx_word' id='word_1_392' title='bbox 915 4706 1186 4763; x_wconf 83' lang='lat' dir='ltr'><strong>secundum</strong></span> <span class='ocrx_word' id='word_1_393' title='bbox 1211 4705 1503 4762; x_wconf 77' lang='lat' dir='ltr'><strong>electionem</strong></span> <span class='ocrx_word' id='word_1_394' title='bbox 1529 4707 1769 4778; x_wconf 80' lang='lat' dir='ltr'><strong>proposi-</strong></span> 
     </span>
    </p>
   </div>
   <div class='ocr_carea' id='block_1_49' title="bbox 147 4795 1770 4866">
    <p class='ocr_par' dir='ltr' id='par_1_49' title="bbox 147 4795 1770 4866">
     <span class='ocr_line' id='line_1_49' title="bbox 147 4795 1770 4866; baseline -0.002 -11"><span class='ocrx_word' id='word_1_395' title='bbox 147 4813 264 4857; x_wconf 78' lang='lat' dir='ltr'><strong>tam</strong></span> <span class='ocrx_word' id='word_1_396' title='bbox 285 4802 397 4856; x_wconf 84' lang='lat' dir='ltr'><strong>Dei</strong></span> <span class='ocrx_word' id='word_1_397' title='bbox 425 4810 664 4855; x_wconf 77' lang='lat' dir='ltr'><strong>maneret.</strong></span> <span class='ocrx_word' id='word_1_398' title='bbox 699 4799 823 4855; x_wconf 71' lang='lat' dir='ltr'><strong>Huc</strong></span> <span class='ocrx_word' id='word_1_399' title='bbox 852 4807 934 4855; x_wconf 90' lang='lat' dir='ltr'><strong>est</strong></span> <span class='ocrx_word' id='word_1_400' title='bbox 961 4797 1156 4853; x_wconf 88' lang='lat' dir='ltr'><strong>electio</strong></span> <span class='ocrx_word' id='word_1_401' title='bbox 1180 4839 1193 4861; x_wconf 90' lang='lat'><strong>,</strong></span> <span class='ocrx_word' id='word_1_402' title='bbox 1228 4795 1293 4851; x_wconf 89' lang='lat' dir='ltr'><strong>de</strong></span> <span class='ocrx_word' id='word_1_403' title='bbox 1318 4811 1420 4866; x_wconf 89' lang='lat' dir='ltr'><strong>qua</strong></span> <span class='ocrx_word' id='word_1_404' title='bbox 1450 4804 1505 4851; x_wconf 92' lang='lat' dir='ltr'><strong>ct</strong></span> <span class='ocrx_word' id='word_1_405' title='bbox 1532 4797 1659 4851; x_wconf 89' lang='lat' dir='ltr'><strong>illud</strong></span> <span class='ocrx_word' id='word_1_406' title='bbox 1685 4796 1770 4852; x_wconf 86' lang='lat' dir='ltr'><strong>di-</strong></span> 
     </span>
    </p>
   </div>
   <div class='ocr_carea' id='block_1_50' title="bbox 147 4887 1770 4962">
    <p class='ocr_par' dir='ltr' id='par_1_50' title="bbox 147 4887 1770 4962">
     <span class='ocr_line' id='line_1_50' title="bbox 147 4887 1770 4962; baseline -0.004 -15"><span class='ocrx_word' id='word_1_407' title='bbox 147 4895 298 4949; x_wconf 85' lang='lat' dir='ltr'><strong>citur</strong></span> <span class='ocrx_word' id='word_1_408' title='bbox 318 4912 337 4947; x_wconf 88' lang='lat'><strong>:</strong></span> <span class='ocrx_word' id='word_1_409' title='bbox 372 4892 621 4962; x_wconf 70' lang='lat' dir='ltr'><strong>Reliquiae</strong></span> <span class='ocrx_word' id='word_1_410' title='bbox 646 4907 735 4961; x_wconf 77' lang='lat' dir='ltr'><strong>per</strong></span> <span class='ocrx_word' id='word_1_411' title='bbox 752 4890 1042 4945; x_wconf 84' lang='lat' dir='ltr'><strong>electionem</strong></span> <span class='ocrx_word' id='word_1_412' title='bbox 1065 4887 1243 4958; x_wconf 76' lang='lat' dir='ltr'><strong>gratio:</strong></span> <span class='ocrx_word' id='word_1_413' title='bbox 1265 4890 1415 4953; x_wconf 63' lang='lat' dir='ltr'><strong>facta</strong></span> <span class='ocrx_word' id='word_1_414' title='bbox 1434 4896 1586 4941; x_wconf 86' lang='lat' dir='ltr'><strong>sunt:</strong></span> <span class='ocrx_word' id='word_1_415' title='bbox 1606 4888 1650 4941; x_wconf 85' lang='lat' dir='ltr'><strong>si</strong></span> <span class='ocrx_word' id='word_1_416' title='bbox 1677 4905 1770 4940; x_wconf 86' lang='lat' dir='ltr'><strong>au-</strong></span> 
     </span>
    </p>
   </div>
   <div class='ocr_carea' id='block_1_51' title="bbox 146 4975 1771 5055">
    <p class='ocr_par' dir='ltr' id='par_1_51' title="bbox 146 4975 1771 5055">
     <span class='ocr_line' id='line_1_51' title="bbox 146 4975 1771 5055; baseline -0.002 -19"><span class='ocrx_word' id='word_1_417' title='bbox 146 4995 253 5038; x_wconf 75' lang='lat' dir='ltr'><strong>tem</strong></span> <span class='ocrx_word' id='word_1_418' title='bbox 281 4984 491 5055; x_wconf 79' lang='lat' dir='ltr'><strong>gratia,</strong></span> <span class='ocrx_word' id='word_1_419' title='bbox 534 4983 649 5053; x_wconf 87' lang='lat' dir='ltr'><strong>jam</strong></span> <span class='ocrx_word' id='word_1_420' title='bbox 678 4996 779 5034; x_wconf 88' lang='lat' dir='ltr'><strong>non</strong></span> <span class='ocrx_word' id='word_1_421' title='bbox 827 4995 889 5034; x_wconf 79' lang='lat' dir='ltr'><strong>ea:</strong></span> <span class='ocrx_word' id='word_1_422' title='bbox 912 4978 1178 5049; x_wconf 81' lang='lat' dir='ltr'><strong>operibus;</strong></span> <span class='ocrx_word' id='word_1_423' title='bbox 1217 4975 1440 5047; x_wconf 78' lang='lat' dir='ltr'><strong>alioquin</strong></span> <span class='ocrx_word' id='word_1_424' title='bbox 1471 4979 1637 5048; x_wconf 85' lang='lat' dir='ltr'><strong>gratia</strong></span> <span class='ocrx_word' id='word_1_425' title='bbox 1658 4980 1771 5051; x_wconf 89' lang='lat' dir='ltr'><strong>jam</strong></span> 
     </span>
    </p>
   </div>
   <div class='ocr_carea' id='block_1_52' title="bbox 144 5066 1768 5143">
    <p class='ocr_par' dir='ltr' id='par_1_52' title="bbox 144 5066 1768 5143">
     <span class='ocr_line' id='line_1_52' title="bbox 144 5066 1768 5143; baseline -0.002 -17"><span class='ocrx_word' id='word_1_426' title='bbox 144 5091 254 5127; x_wconf 80' lang='lat' dir='ltr'><strong>non</strong></span> <span class='ocrx_word' id='word_1_427' title='bbox 284 5082 374 5128; x_wconf 76' lang='lat' dir='ltr'><strong>est</strong></span> <span class='ocrx_word' id='word_1_428' title='bbox 403 5073 587 5143; x_wconf 87' lang='lat' dir='ltr'><strong>gratia.</strong></span> <span class='ocrx_word' id='word_1_429' title='bbox 634 5070 784 5127; x_wconf 88' lang='lat' dir='ltr'><strong>Unde</strong></span> <span class='ocrx_word' id='word_1_430' title='bbox 809 5078 863 5124; x_wconf 88' lang='lat' dir='ltr'><strong>et</strong></span> <span class='ocrx_word' id='word_1_431' title='bbox 889 5069 995 5135; x_wconf 88' lang='lat' dir='ltr'><strong>hic,</strong></span> <span class='ocrx_word' id='word_1_432' title='bbox 1044 5083 1164 5123; x_wconf 87' lang='lat' dir='ltr'><strong>cum</strong></span> <span class='ocrx_word' id='word_1_433' title='bbox 1194 5066 1440 5130; x_wconf 81' lang='lat' dir='ltr'><strong>dixisset,</strong></span> <span class='ocrx_word' id='word_1_434' title='bbox 1469 5077 1522 5120; x_wconf 86' lang='lat' dir='ltr'><strong>ut</strong></span> <span class='ocrx_word' id='word_1_435' title='bbox 1549 5085 1638 5139; x_wconf 83' lang='lat' dir='ltr'><strong>per</strong></span> <span class='ocrx_word' id='word_1_436' title='bbox 1666 5070 1768 5122; x_wconf 81' lang='lat' dir='ltr'><strong>ele-</strong></span> 
     </span>
    </p>
   </div>
   <div class='ocr_carea' id='block_1_53' title="bbox 138 5156 1768 5236">
    <p class='ocr_par' dir='ltr' id='par_1_53' title="bbox 138 5156 1768 5236">
     <span class='ocr_line' id='line_1_53' title="bbox 138 5156 1768 5236; baseline -0.004 -16"><span class='ocrx_word' id='word_1_437' title='bbox 138 5168 392 5221; x_wconf 80' lang='lat' dir='ltr'><strong>ctionem</strong></span> <span class='ocrx_word' id='word_1_438' title='bbox 406 5165 717 5236; x_wconf 79' lang='lat' dir='ltr'><strong>propositum</strong></span> <span class='ocrx_word' id='word_1_439' title='bbox 734 5161 829 5216; x_wconf 89' lang='lat' dir='ltr'><strong>Dei</strong></span> <span class='ocrx_word' id='word_1_440' title='bbox 848 5169 1067 5215; x_wconf 87' lang='lat' dir='ltr'><strong>maneret</strong></span> <span class='ocrx_word' id='word_1_441' title='bbox 1082 5177 1102 5226; x_wconf 88' lang='lat'><strong>;</strong></span> <span class='ocrx_word' id='word_1_442' title='bbox 1116 5159 1366 5213; x_wconf 88' lang='lat' dir='ltr'><strong>continuo</strong></span> <span class='ocrx_word' id='word_1_443' title='bbox 1378 5156 1629 5227; x_wconf 86' lang='lat' dir='ltr'><strong>subdidit,</strong></span> <span class='ocrx_word' id='word_1_444' title='bbox 1649 5158 1768 5214; x_wconf 86' lang='lat' dir='ltr'><strong>Non</strong></span> 
     </span>
    </p>
   </div>
   <div class='ocr_carea' id='block_1_54' title="bbox 206 5332 1762 5413">
    <p class='ocr_par' dir='ltr' id='par_1_54' title="bbox 206 5332 1762 5413">
     <span class='ocr_line' id='line_1_54' title="bbox 206 5332 1762 5413; baseline 0.001 -27"><span class='ocrx_word' id='word_1_445' title='bbox 206 5341 227 5374; x_wconf 76' lang='grc' dir='ltr'>ί</span> <span class='ocrx_word' id='word_1_446' title='bbox 258 5338 577 5413; x_wconf 67' lang='lat' dir='ltr'><strong>\‘ignieﬁus,</strong></span> <span class='ocrx_word' id='word_1_447' title='bbox 603 5344 656 5413; x_wconf 78' lang='lat' dir='ltr'><strong>et</strong></span> <span class='ocrx_word' id='word_1_448' title='bbox 694 5344 798 5413; x_wconf 77' lang='lat' dir='ltr'><strong>tres</strong></span> <span class='ocrx_word' id='word_1_449' title='bbox 817 5343 946 5391; x_wconf 64' lang='lat' dir='ltr'><strong>Mss,</strong></span> <span class='ocrx_word' id='word_1_450' title='bbox 985 5332 1131 5386; x_wconf 73' lang='lat' dir='ltr'><strong>solete</strong></span> <span class='ocrx_word' id='word_1_451' title='bbox 1164 5334 1309 5398; x_wconf 78' lang='lat' dir='ltr'><strong>factte</strong></span> <span class='ocrx_word' id='word_1_452' title='bbox 1338 5337 1466 5383; x_wconf 82' lang='lat' dir='ltr'><strong>sunt.</strong></span> <span class='ocrx_word' id='word_1_453' title='bbox 1508 5337 1762 5387; x_wconf 64' lang='lat' dir='ltr'><strong>uenat-dus</strong></span> 
     </span>
    </p>
   </div>
   <div class='ocr_carea' id='block_1_55' title="bbox 158 5414 542 5437">
    <p class='ocr_par' dir='ltr' id='par_1_55' title="bbox 158 5414 542 5437">
     <span class='ocr_line' id='line_1_55' title="bbox 158 5414 542 5437; baseline -0.003 0"><span class='ocrx_word' id='word_1_454' title='bbox 158 5414 265 5437; x_wconf 66' lang='lat' dir='ltr'><strong>.m</strong></span> <span class='ocrx_word' id='word_1_455' title='bbox 278 5414 418 5437; x_wconf 65' lang='grc' dir='ltr'><strong>ΩΡΙΙ-</strong></span> <span class='ocrx_word' id='word_1_456' title='bbox 442 5414 542 5437; x_wconf 78' lang='lat' dir='ltr'><strong>mm</strong></span> 
     </span>
    </p>
   </div>
   <div class='ocr_carea' id='block_1_56' title="bbox 132 5399 1590 5525">
    <p class='ocr_par' dir='ltr' id='par_1_56' title="bbox 132 5399 1590 5525">
     <span class='ocr_line' id='line_1_56' title="bbox 132 5399 1014 5465; baseline -0.007 -13"><span class='ocrx_word' id='word_1_457' title='bbox 132 5399 421 5465; x_wconf 60' lang='lat' dir='ltr'><strong>praeterit,</strong></span> <span class='ocrx_word' id='word_1_458' title='bbox 441 5399 604 5458; x_wconf 70' lang='lat' dir='ltr'><strong>salute,</strong></span> <span class='ocrx_word' id='word_1_459' title='bbox 624 5403 763 5461; x_wconf 76' lang='lat' dir='ltr'><strong>juxta</strong></span> <span class='ocrx_word' id='word_1_460' title='bbox 781 5410 1014 5461; x_wconf 71' lang='lat' dir='ltr'><strong>grmcum.</strong></span> 
     </span>
     <span class='ocr_line' id='line_1_57' title="bbox 201 5461 1590 5525; baseline 0 -14"><span class='ocrx_word' id='word_1_461' title='bbox 201 5466 226 5495; x_wconf 80' lang='grc'><strong><em>²</em></strong></span> <span class='ocrx_word' id='word_1_462' title='bbox 266 5464 375 5511; x_wconf 80' lang='lat' dir='ltr'><strong>uie</strong></span> <span class='ocrx_word' id='word_1_463' title='bbox 396 5473 459 5510; x_wconf 77' lang='lat' dir='ltr'><strong>cx</strong></span> <span class='ocrx_word' id='word_1_464' title='bbox 480 5462 817 5525; x_wconf 65' lang='lat' dir='ltr'><strong>manusqiptis</strong></span> <span class='ocrx_word' id='word_1_465' title='bbox 830 5461 1150 5525; x_wconf 71' lang='lat' dir='ltr'><strong>restinximus,</strong></span> <span class='ocrx_word' id='word_1_466' title='bbox 1170 5467 1263 5525; x_wconf 73' lang='lat' dir='ltr'><strong>non</strong></span> <span class='ocrx_word' id='word_1_467' title='bbox 1286 5461 1478 5525; x_wconf 65' lang='lat' dir='ltr'><strong>propter</strong></span> <span class='ocrx_word' id='word_1_468' title='bbox 1494 5471 1590 5511; x_wconf 77' lang='lat' dir='ltr'><strong>ros.</strong></span> 
     </span>
    </p>
   </div>
   <div class='ocr_carea' id='block_1_57' title="bbox 201 5516 1497 5579">
    <p class='ocr_par' dir='ltr' id='par_1_57' title="bbox 201 5516 1497 5579">
     <span class='ocr_line' id='line_1_58' title="bbox 201 5516 1497 5579; baseline -0.005 -5"><span class='ocrx_word' id='word_1_469' title='bbox 201 5528 224 5556; x_wconf 77' lang='lat'>’</span> <span class='ocrx_word' id='word_1_470' title='bbox 254 5526 347 5574; x_wconf 76' lang='lat' dir='ltr'><strong>Sic</strong></span> <span class='ocrx_word' id='word_1_471' title='bbox 366 5529 478 5570; x_wconf 66' lang='lat' dir='ltr'><strong>uas.</strong></span> <span class='ocrx_word' id='word_1_472' title='bbox 500 5530 609 5571; x_wconf 73' lang='lat' dir='ltr'><strong>Mar.</strong></span> <span class='ocrx_word' id='word_1_473' title='bbox 632 5516 755 5571; x_wconf 66' lang='grc' dir='ltr'><strong>(ζιειιῖ.</strong></span> <span class='ocrx_word' id='word_1_474' title='bbox 781 5528 904 5571; x_wconf 85' lang='lat' dir='ltr'><strong>Port.</strong></span> <span class='ocrx_word' id='word_1_475' title='bbox 930 5526 985 5568; x_wconf 73' lang='lat' dir='ltr'><strong>At</strong></span> <span class='ocrx_word' id='word_1_476' title='bbox 1008 5516 1142 5579; x_wconf 81' lang='lat' dir='ltr'><strong>editi,</strong></span> <span class='ocrx_word' id='word_1_477' title='bbox 1168 5527 1217 5569; x_wconf 87' lang='lat' dir='ltr'><strong>ut</strong></span> <span class='ocrx_word' id='word_1_478' title='bbox 1243 5516 1497 5579; x_wconf 72' lang='lat' dir='ltr'><strong>bdttlﬁtmt.</strong></span> 
     </span>
    </p>
   </div>
   <div class='ocr_carea' id='block_1_58' title="bbox 196 5584 1205 5644">
    <p class='ocr_par' dir='ltr' id='par_1_58' title="bbox 196 5584 1205 5644">
     <span class='ocr_line' id='line_1_59' title="bbox 196 5584 1205 5644; baseline -0.004 -11"><span class='ocrx_word' id='word_1_479' title='bbox 196 5591 221 5618; x_wconf 68' lang='grc' dir='ltr'>δ</span> <span class='ocrx_word' id='word_1_480' title='bbox 250 5584 424 5639; x_wconf 68' lang='lat' dir='ltr'><strong>aliti,</strong></span> <span class='ocrx_word' id='word_1_481' title='bbox 440 5590 487 5633; x_wconf 88' lang='lat' dir='ltr'><strong>ct</strong></span> <span class='ocrx_word' id='word_1_482' title='bbox 509 5590 761 5644; x_wconf 71' lang='lat' dir='ltr'><strong>postremo.</strong></span> <span class='ocrx_word' id='word_1_483' title='bbox 789 5585 951 5644; x_wconf 53' lang='lat' dir='ltr'><strong>Aliost,</strong></span> <span class='ocrx_word' id='word_1_484' title='bbox 974 5586 1036 5637; x_wconf 79' lang='lat' dir='ltr'><strong>ct,</strong></span> <span class='ocrx_word' id='word_1_485' title='bbox 1060 5589 1205 5644; x_wconf 72' lang='lat' dir='ltr'><strong>atras.</strong></span> 
     </span>
    </p>
   </div>
   <div class='ocr_carea' id='block_1_59' title="bbox 195 5640 1768 5715">
    <p class='ocr_par' dir='ltr' id='par_1_59' title="bbox 195 5640 1768 5715">
     <span class='ocr_line' id='line_1_60' title="bbox 195 5640 1768 5715; baseline 0.002 -23"><span class='ocrx_word' id='word_1_486' title='bbox 195 5640 577 5715; x_wconf 33' lang='lat' dir='ltr'><strong>[\‘i&#39;gpierius,</strong></span> <span class='ocrx_word' id='word_1_487' title='bbox 605 5644 688 5715; x_wconf 71' lang='lat' dir='ltr'><strong>ubi</strong></span> <span class='ocrx_word' id='word_1_488' title='bbox 708 5650 755 5694; x_wconf 86' lang='lat' dir='ltr'><strong>ct</strong></span> <span class='ocrx_word' id='word_1_489' title='bbox 774 5652 821 5715; x_wconf 69' lang='lat' dir='ltr'><strong>te</strong></span> <span class='ocrx_word' id='word_1_490' title='bbox 844 5643 1000 5715; x_wconf 71' lang='lat' dir='ltr'><strong>ipsum</strong></span> <span class='ocrx_word' id='word_1_491' title='bbox 1021 5648 1065 5691; x_wconf 77' lang='lat' dir='ltr'><strong>ct</strong></span> <span class='ocrx_word' id='word_1_492' title='bbox 1082 5641 1260 5715; x_wconf 33' lang='lat' dir='ltr'><strong>ipswtt‘</strong></span> <span class='ocrx_word' id='word_1_493' title='bbox 1277 5640 1359 5706; x_wconf 79' lang='lat' dir='ltr'><strong>qvi</strong></span> <span class='ocrx_word' id='word_1_494' title='bbox 1377 5646 1409 5715; x_wconf 73' lang='lat' dir='ltr'><strong>lt</strong></span> <span class='ocrx_word' id='word_1_495' title='bbox 1439 5660 1462 5691; x_wconf 64' lang='grc' dir='ltr'><em>ε</em></span> <span class='ocrx_word' id='word_1_496' title='bbox 1488 5645 1651 5696; x_wconf 60' lang='lat' dir='ltr'><strong>dicere</strong></span> <span class='ocrx_word' id='word_1_497' title='bbox 1668 5659 1768 5715; x_wconf 73' lang='lat' dir='ltr'><strong>non</strong></span> 
     </span>
    </p>
   </div>
   <div class='ocr_carea' id='block_1_60' title="bbox 125 5704 1769 5765">
    <p class='ocr_par' dir='ltr' id='par_1_60' title="bbox 125 5704 1769 5765">
     <span class='ocr_line' id='line_1_61' title="bbox 125 5704 1769 5765; baseline -0.001 -6"><span class='ocrx_word' id='word_1_498' title='bbox 125 5704 429 5759; x_wconf 58' lang='lat' dir='ltr'><strong>desinitis.</strong></span> <span class='ocrx_word' id='word_1_499' title='bbox 454 5707 722 5763; x_wconf 70' lang='lat' dir='ltr'><strong>Meuanias,</strong></span> <span class='ocrx_word' id='word_1_500' title='bbox 737 5705 813 5754; x_wconf 77' lang='lat' dir='ltr'><strong>ubi</strong></span> <span class='ocrx_word' id='word_1_501' title='bbox 837 5704 881 5754; x_wconf 84' lang='lat' dir='ltr'><strong>et</strong></span> <span class='ocrx_word' id='word_1_502' title='bbox 905 5713 950 5754; x_wconf 82' lang='lat' dir='ltr'><strong>te</strong></span> <span class='ocrx_word' id='word_1_503' title='bbox 972 5704 1220 5765; x_wconf 72' lang='lat' dir='ltr'><strong>ipsmnqzti</strong></span> <span class='ocrx_word' id='word_1_504' title='bbox 1243 5704 1329 5753; x_wconf 74' lang='lat' dir='ltr'><strong>hac</strong></span> <span class='ocrx_word' id='word_1_505' title='bbox 1354 5709 1618 5758; x_wconf 65' lang='lat' dir='ltr'><strong>dicm-etwa</strong></span> <span class='ocrx_word' id='word_1_506' title='bbox 1644 5708 1769 5758; x_wconf 61' lang='lat' dir='ltr'><strong>tissi-</strong></span> 
     </span>
    </p>
   </div>
   <div class='ocr_carea' id='block_1_61' title="bbox 116 5765 1411 5820">
    <p class='ocr_par' dir='ltr' id='par_1_61' title="bbox 116 5765 1411 5820">
     <span class='ocr_line' id='line_1_62' title="bbox 116 5765 1411 5820; baseline -0.001 -1"><span class='ocrx_word' id='word_1_507' title='bbox 116 5772 241 5820; x_wconf 76' lang='lat' dir='ltr'><strong>stis.</strong></span> <span class='ocrx_word' id='word_1_508' title='bbox 276 5769 555 5817; x_wconf 59' lang='lat' dir='ltr'><strong>amendati</strong></span> <span class='ocrx_word' id='word_1_509' title='bbox 571 5775 685 5816; x_wconf 83' lang='lat' dir='ltr'><strong>sunt</strong></span> <span class='ocrx_word' id='word_1_510' title='bbox 710 5781 770 5815; x_wconf 68' lang='lat' dir='ltr'><strong>ex</strong></span> <span class='ocrx_word' id='word_1_511' title='bbox 800 5775 900 5814; x_wconf 57' lang='lat' dir='ltr'><strong>325s.</strong></span> <span class='ocrx_word' id='word_1_512' title='bbox 926 5765 1046 5813; x_wconf 72' lang='lat' dir='ltr'><strong>tlar.</strong></span> <span class='ocrx_word' id='word_1_513' title='bbox 1079 5773 1202 5815; x_wconf 68' lang='lat' dir='ltr'><strong>l‘ort.</strong></span> <span class='ocrx_word' id='word_1_514' title='bbox 1231 5778 1280 5817; x_wconf 78' lang='lat' dir='ltr'><strong>et</strong></span> 
     </span>
    </p>
   </div>
   <div class='ocr_carea' id='block_1_62' title="bbox 188 5827 1224 5894">
    <p class='ocr_par' dir='ltr' id='par_1_62' title="bbox 188 5827 1224 5894">
     <span class='ocr_line' id='line_1_63' title="bbox 188 5827 1224 5894; baseline -0.005 -12"><span class='ocrx_word' id='word_1_515' title='bbox 188 5835 285 5894; x_wconf 77' lang='grc' dir='ltr'><strong>(α)</strong></span> <span class='ocrx_word' id='word_1_516' title='bbox 317 5831 441 5877; x_wconf 74' lang='lat' dir='ltr'><strong>Lib.</strong></span> <span class='ocrx_word' id='word_1_517' title='bbox 465 5829 527 5878; x_wconf 84' lang='lat' dir='ltr'><strong>de</strong></span> <span class='ocrx_word' id='word_1_518' title='bbox 549 5832 704 5879; x_wconf 64' lang='lat' dir='ltr'><strong>(testis</strong></span> <span class='ocrx_word' id='word_1_519' title='bbox 722 5827 918 5889; x_wconf 73' lang='lat' dir='ltr'><strong>Pelagii,</strong></span> <span class='ocrx_word' id='word_1_520' title='bbox 941 5841 1021 5874; x_wconf 87' lang='lat' dir='ltr'><strong>ntt.</strong></span> <span class='ocrx_word' id='word_1_521' title='bbox 1046 5828 1123 5887; x_wconf 71' lang='lat'><strong>50,</strong></span> <span class='ocrx_word' id='word_1_522' title='bbox 1148 5830 1224 5877; x_wconf 73' lang='lat'><strong>00.</strong></span> 
     </span>
    </p>
   </div>
   <div class='ocr_carea' id='block_1_63' title="bbox 1522 382 2033 441">
    <p class='ocr_par' dir='ltr' id='par_1_63' title="bbox 1522 382 2033 441">
     <span class='ocr_line' id='line_1_64' title="bbox 1522 382 2033 441; baseline -0.01 0"><span class='ocrx_word' id='word_1_523' title='bbox 1522 384 1726 441; x_wconf 75' lang='lat' dir='ltr'><strong>LIBER</strong></span> <span class='ocrx_word' id='word_1_524' title='bbox 1763 382 2033 440; x_wconf 70' lang='grc' dir='ltr'><strong>μιωωδ.</strong></span> 
     </span>
    </p>
   </div>
   <div class='ocr_carea' id='block_1_64' title="bbox 3232 378 3448 444">
    <p class='ocr_par' dir='ltr' id='par_1_64' title="bbox 3232 378 3448 444">
     <span class='ocr_line' id='line_1_65' title="bbox 3232 378 3448 444; baseline 0.009 -3"><span class='ocrx_word' id='word_1_525' title='bbox 3232 378 3239 391; x_wconf 81' lang='grc'><em>’</em></span> <span class='ocrx_word' id='word_1_526' title='bbox 3311 386 3448 444; x_wconf 69' lang='lat'><strong>“54</strong></span> 
     </span>
    </p>
   </div>
   <div class='ocr_carea' id='block_1_65' title="bbox 1870 498 3451 569">
    <p class='ocr_par' dir='ltr' id='par_1_65' title="bbox 1870 498 3451 569">
     <span class='ocr_line' id='line_1_66' title="bbox 1870 498 3451 569; baseline 0.003 -16"><span class='ocrx_word' id='word_1_527' title='bbox 1870 515 1934 557; x_wconf 68' lang='lat' dir='ltr'><strong>ex</strong></span> <span class='ocrx_word' id='word_1_528' title='bbox 1958 498 2210 568; x_wconf 83' lang='lat' dir='ltr'><strong>operibus,</strong></span> <span class='ocrx_word' id='word_1_529' title='bbox 2240 499 2330 554; x_wconf 79' lang='lat' dir='ltr'><strong>sed</strong></span> <span class='ocrx_word' id='word_1_530' title='bbox 2342 515 2406 554; x_wconf 77' lang='lat' dir='ltr'><strong>ea:</strong></span> <span class='ocrx_word' id='word_1_531' title='bbox 2430 510 2636 554; x_wconf 73' lang='lat' dir='ltr'><strong>vocante</strong></span> <span class='ocrx_word' id='word_1_532' title='bbox 2660 500 2847 557; x_wconf 82' lang='lat' dir='ltr'><strong>dictum</strong></span> <span class='ocrx_word' id='word_1_533' title='bbox 2863 509 2957 566; x_wconf 79' lang='lat' dir='ltr'><strong>est,</strong></span> <span class='ocrx_word' id='word_1_534' title='bbox 2991 499 3126 569; x_wconf 80' lang='lat' dir='ltr'><strong>Quia</strong></span> <span class='ocrx_word' id='word_1_535' title='bbox 3157 502 3319 565; x_wconf 84' lang='lat' dir='ltr'><strong>major</strong></span> <span class='ocrx_word' id='word_1_536' title='bbox 3346 521 3451 558; x_wconf 72' lang='grc' dir='ltr'><strong>ωτ-</strong></span> 
     </span>
    </p>
   </div>
   <div class='ocr_carea' id='block_1_66' title="bbox 1870 588 3454 661">
    <p class='ocr_par' dir='ltr' id='par_1_66' title="bbox 1870 588 3454 661">
     <span class='ocr_line' id='line_1_67' title="bbox 1870 588 3454 661; baseline 0.003 -18"><span class='ocrx_word' id='word_1_537' title='bbox 1870 589 2178 647; x_wconf 74' lang='lat' dir='ltr'><strong>vietminori</strong></span> <span class='ocrx_word' id='word_1_538' title='bbox 2216 588 2389 661; x_wconf 84' lang='lat' dir='ltr'><strong>(Rom.</strong></span> <span class='ocrx_word' id='word_1_539' title='bbox 2419 604 2506 652; x_wconf 78' lang='lat' dir='ltr'><strong>lx,</strong></span> <span class='ocrx_word' id='word_1_540' title='bbox 2547 591 2756 661; x_wconf 69' lang='lat'><strong>11-15).</strong></span> <span class='ocrx_word' id='word_1_541' title='bbox 2795 590 2991 647; x_wconf 81' lang='lat' dir='ltr'><strong>Contra</strong></span> <span class='ocrx_word' id='word_1_542' title='bbox 3024 595 3179 649; x_wconf 79' lang='lat' dir='ltr'><strong>istam</strong></span> <span class='ocrx_word' id='word_1_543' title='bbox 3214 595 3454 649; x_wconf 76' lang='lat' dir='ltr'><strong>veritatis</strong></span> 
     </span>
    </p>
   </div>
   <div class='ocr_carea' id='block_1_67' title="bbox 1872 680 3449 747">
    <p class='ocr_par' dir='ltr' id='par_1_67' title="bbox 1872 680 3449 747">
     <span class='ocr_line' id='line_1_68' title="bbox 1872 680 3449 747; baseline 0.004 -13"><span class='ocrx_word' id='word_1_544' title='bbox 1872 680 2049 735; x_wconf 87' lang='lat' dir='ltr'><strong>tubam</strong></span> <span class='ocrx_word' id='word_1_545' title='bbox 2072 680 2370 747; x_wconf 71' lang='lat' dir='ltr'><strong>reclamas,</strong></span> <span class='ocrx_word' id='word_1_546' title='bbox 2398 691 2453 736; x_wconf 90' lang='lat' dir='ltr'><strong>et</strong></span> <span class='ocrx_word' id='word_1_547' title='bbox 2477 681 2640 738; x_wconf 85' lang='lat' dir='ltr'><strong>dicis:</strong></span> <span class='ocrx_word' id='word_1_548' title='bbox 2662 700 2683 735; x_wconf 70' lang='grc' dir='ltr'>ι</span> <span class='ocrx_word' id='word_1_549' title='bbox 2704 683 2782 738; x_wconf 82' lang='lat' dir='ltr'><strong>Ad</strong></span> <span class='ocrx_word' id='word_1_550' title='bbox 2811 683 3187 740; x_wconf 86' lang='lat' dir='ltr'><strong>incurvandam</strong></span> <span class='ocrx_word' id='word_1_551' title='bbox 3218 688 3449 743; x_wconf 86' lang='lat' dir='ltr'><strong>circum-</strong></span> 
     </span>
    </p>
   </div>
   <div class='ocr_carea' id='block_1_68' title="bbox 1871 772 3447 849">
    <p class='ocr_par' dir='ltr' id='par_1_68' title="bbox 1871 772 3447 849">
     <span class='ocr_line' id='line_1_69' title="bbox 1871 772 3447 849; baseline 0.006 -24"><span class='ocrx_word' id='word_1_552' title='bbox 1871 772 2099 826; x_wconf 82' lang='lat' dir='ltr'><strong>cisorum</strong></span> <span class='ocrx_word' id='word_1_553' title='bbox 2126 774 2505 843; x_wconf 78' lang='lat' dir='ltr'><strong>arrogantiam,</strong></span> <span class='ocrx_word' id='word_1_554' title='bbox 2528 775 2629 830; x_wconf 85' lang='lat' dir='ltr'><strong>sub</strong></span> <span class='ocrx_word' id='word_1_555' title='bbox 2657 776 2874 832; x_wconf 90' lang='lat' dir='ltr'><strong>nomine</strong></span> <span class='ocrx_word' id='word_1_556' title='bbox 2897 776 3080 847; x_wconf 81' lang='lat' dir='ltr'><strong>gratiae</strong></span> <span class='ocrx_word' id='word_1_557' title='bbox 3099 778 3291 832; x_wconf 85' lang='lat' dir='ltr'><strong>Paulus</strong></span> <span class='ocrx_word' id='word_1_558' title='bbox 3315 794 3447 849; x_wconf 87' lang='lat' dir='ltr'><strong>apo-</strong></span> 
     </span>
    </p>
   </div>
   <div class='ocr_carea' id='block_1_69' title="bbox 1868 862 3445 939">
    <p class='ocr_par' dir='ltr' id='par_1_69' title="bbox 1868 862 3445 939">
     <span class='ocr_line' id='line_1_70' title="bbox 1868 862 3445 939; baseline 0.005 -23"><span class='ocrx_word' id='word_1_559' title='bbox 1868 862 2038 917; x_wconf 82' lang='lat' dir='ltr'><strong>stolus</strong></span> <span class='ocrx_word' id='word_1_560' title='bbox 2065 862 2135 919; x_wconf 90' lang='lat' dir='ltr'><strong>de</strong></span> <span class='ocrx_word' id='word_1_561' title='bbox 2173 864 2286 919; x_wconf 84' lang='lat' dir='ltr'><strong>sola</strong></span> <span class='ocrx_word' id='word_1_562' title='bbox 2326 864 2419 919; x_wconf 89' lang='lat' dir='ltr'><strong>Dei</strong></span> <span class='ocrx_word' id='word_1_563' title='bbox 2456 862 2766 935; x_wconf 71' lang='lat' dir='ltr'><strong>praeiudicat</strong></span> <span class='ocrx_word' id='word_1_564' title='bbox 2802 874 3084 937; x_wconf 84' lang='lat' dir='ltr'><strong>potestate.</strong></span> <span class='ocrx_word' id='word_1_565' title='bbox 3112 885 3133 920; x_wconf 72' lang='grc' dir='ltr'><strong><em>ι</em></strong></span> <span class='ocrx_word' id='word_1_566' title='bbox 3187 866 3287 924; x_wconf 86' lang='lat' dir='ltr'><strong>Ubi</strong></span> <span class='ocrx_word' id='word_1_567' title='bbox 3321 870 3445 939; x_wconf 83' lang='lat' dir='ltr'><strong>quid</strong></span> 
     </span>
    </p>
   </div>
   <div class='ocr_carea' id='block_1_70' title="bbox 1870 954 3451 1025">
    <p class='ocr_par' dir='ltr' id='par_1_70' title="bbox 1870 954 3451 1025">
     <span class='ocr_line' id='line_1_71' title="bbox 1870 954 3451 1025; baseline 0.004 -16"><span class='ocrx_word' id='word_1_568' title='bbox 1870 954 2006 1010; x_wconf 88' lang='lat' dir='ltr'><strong>dicis</strong></span> <span class='ocrx_word' id='word_1_569' title='bbox 2024 955 2185 1020; x_wconf 85' lang='lat' dir='ltr'><strong>aliud,</strong></span> <span class='ocrx_word' id='word_1_570' title='bbox 2215 958 2314 1011; x_wconf 89' lang='lat' dir='ltr'><strong>nisi</strong></span> <span class='ocrx_word' id='word_1_571' title='bbox 2335 998 2353 1025; x_wconf 93' lang='lat'><strong>,</strong></span> <span class='ocrx_word' id='word_1_572' title='bbox 2384 959 2466 1013; x_wconf 84' lang='lat' dir='ltr'><strong>Ad</strong></span> <span class='ocrx_word' id='word_1_573' title='bbox 2495 957 2872 1013; x_wconf 85' lang='lat' dir='ltr'><strong>incnrvandam</strong></span> <span class='ocrx_word' id='word_1_574' title='bbox 2899 958 3336 1015; x_wconf 86' lang='lat' dir='ltr'><strong>circumcisormn</strong></span> <span class='ocrx_word' id='word_1_575' title='bbox 3365 977 3451 1015; x_wconf 84' lang='lat' dir='ltr'><strong>ar-</strong></span> 
     </span>
    </p>
   </div>
   <div class='ocr_carea' id='block_1_71' title="bbox 1871 1048 3452 1123">
    <p class='ocr_par' dir='ltr' id='par_1_71' title="bbox 1871 1048 3452 1123">
     <span class='ocr_line' id='line_1_72' title="bbox 1871 1048 3452 1123; baseline 0.006 -25"><span class='ocrx_word' id='word_1_576' title='bbox 1871 1048 2163 1117; x_wconf 86' lang='lat' dir='ltr'><strong>rogantiam</strong></span> <span class='ocrx_word' id='word_1_577' title='bbox 2192 1050 2443 1105; x_wconf 89' lang='lat' dir='ltr'><strong>mentitur</strong></span> <span class='ocrx_word' id='word_1_578' title='bbox 2470 1049 2778 1119; x_wconf 77' lang='lat' dir='ltr'><strong>Apostolus,</strong></span> <span class='ocrx_word' id='word_1_579' title='bbox 2804 1049 2991 1105; x_wconf 88' lang='lat' dir='ltr'><strong>dicens</strong></span> <span class='ocrx_word' id='word_1_580' title='bbox 3019 1066 3124 1106; x_wconf 91' lang='lat' dir='ltr'><strong>non</strong></span> <span class='ocrx_word' id='word_1_581' title='bbox 3164 1068 3231 1108; x_wconf 81' lang='lat' dir='ltr'><strong>ex</strong></span> <span class='ocrx_word' id='word_1_582' title='bbox 3275 1055 3452 1123; x_wconf 83' lang='lat' dir='ltr'><strong>Operi-</strong></span> 
     </span>
    </p>
   </div>
   <div class='ocr_carea' id='block_1_72' title="bbox 1870 1136 3453 1210">
    <p class='ocr_par' dir='ltr' id='par_1_72' title="bbox 1870 1136 3453 1210">
     <span class='ocr_line' id='line_1_73' title="bbox 1870 1136 3453 1210; baseline 0.005 -21"><span class='ocrx_word' id='word_1_583' title='bbox 1870 1136 1969 1191; x_wconf 81' lang='lat' dir='ltr'><strong>bus</strong></span> <span class='ocrx_word' id='word_1_584' title='bbox 1996 1138 2247 1193; x_wconf 84' lang='lat' dir='ltr'><strong>dilectum</strong></span> <span class='ocrx_word' id='word_1_585' title='bbox 2283 1153 2403 1194; x_wconf 84' lang='lat' dir='ltr'><strong>esse</strong></span> <span class='ocrx_word' id='word_1_586' title='bbox 2448 1138 2643 1204; x_wconf 82' lang='lat' dir='ltr'><strong>Jacob;</strong></span> <span class='ocrx_word' id='word_1_587' title='bbox 2675 1154 2796 1195; x_wconf 88' lang='lat' dir='ltr'><strong>cum</strong></span> <span class='ocrx_word' id='word_1_588' title='bbox 2822 1155 2889 1195; x_wconf 79' lang='lat' dir='ltr'><strong>ex</strong></span> <span class='ocrx_word' id='word_1_589' title='bbox 2921 1142 3173 1210; x_wconf 83' lang='lat' dir='ltr'><strong>cperibus</strong></span> <span class='ocrx_word' id='word_1_590' title='bbox 3217 1142 3285 1197; x_wconf 86' lang='lat' dir='ltr'><strong>sit</strong></span> <span class='ocrx_word' id='word_1_591' title='bbox 3323 1144 3453 1198; x_wconf 83' lang='lat' dir='ltr'><strong>dile-</strong></span> 
     </span>
    </p>
   </div>
   <div class='ocr_carea' id='block_1_73' title="bbox 1871 1230 3456 1305">
    <p class='ocr_par' dir='ltr' id='par_1_73' title="bbox 1871 1230 3456 1305">
     <span class='ocr_line' id='line_1_74' title="bbox 1871 1230 3456 1305; baseline 0.003 -21"><span class='ocrx_word' id='word_1_592' title='bbox 1871 1240 2010 1295; x_wconf 82' lang='lat' dir='ltr'><strong>ctus,</strong></span> <span class='ocrx_word' id='word_1_593' title='bbox 2038 1230 2159 1300; x_wconf 88' lang='lat' dir='ltr'><strong>quia</strong></span> <span class='ocrx_word' id='word_1_594' title='bbox 2190 1233 2346 1287; x_wconf 58' lang='lat' dir='ltr'><strong>eratj</strong></span> <span class='ocrx_word' id='word_1_595' title='bbox 2374 1251 2401 1284; x_wconf 67' lang='grc' dir='ltr'><strong><em>ι</em></strong></span> <span class='ocrx_word' id='word_1_596' title='bbox 2427 1232 2636 1302; x_wconf 87' lang='lat' dir='ltr'><strong>quietus</strong></span> <span class='ocrx_word' id='word_1_597' title='bbox 2658 1274 2674 1299; x_wconf 89' lang='lat'><strong>,</strong></span> <span class='ocrx_word' id='word_1_598' title='bbox 2702 1240 2758 1287; x_wconf 91' lang='lat' dir='ltr'><strong>et</strong></span> <span class='ocrx_word' id='word_1_599' title='bbox 2779 1232 2945 1295; x_wconf 86' lang='lat' dir='ltr'><strong>mitis,</strong></span> <span class='ocrx_word' id='word_1_600' title='bbox 2975 1233 3232 1290; x_wconf 86' lang='lat' dir='ltr'><strong>obediens</strong></span> <span class='ocrx_word' id='word_1_601' title='bbox 3259 1250 3456 1305; x_wconf 88' lang='lat' dir='ltr'><strong>parcn-</strong></span> 
     </span>
    </p>
   </div>
   <div class='ocr_carea' id='block_1_74' title="bbox 1872 1325 3444 1397">
    <p class='ocr_par' dir='ltr' id='par_1_74' title="bbox 1872 1325 3444 1397">
     <span class='ocr_line' id='line_1_75' title="bbox 1872 1325 3444 1397; baseline 0.001 -21"><span class='ocrx_word' id='word_1_602' title='bbox 1872 1332 1982 1376; x_wconf 87' lang='lat' dir='ltr'><strong>tum</strong></span> <span class='ocrx_word' id='word_1_603' title='bbox 2010 1326 2316 1395; x_wconf 72' lang='lat' dir='ltr'><strong>prmceptls,</strong></span> <span class='ocrx_word' id='word_1_604' title='bbox 2338 1334 2399 1379; x_wconf 88' lang='lat' dir='ltr'><strong>.et</strong></span> <span class='ocrx_word' id='word_1_605' title='bbox 2420 1325 2902 1379; x_wconf 84' lang='lat' dir='ltr'><strong>sanetilicationum</strong></span> <span class='ocrx_word' id='word_1_606' title='bbox 2928 1328 3397 1397; x_wconf 79' lang='lat' dir='ltr'><strong>appetentissimus</strong></span> <span class='ocrx_word' id='word_1_607' title='bbox 3428 1350 3444 1377; x_wconf 71' lang='grc' dir='ltr'>ι</span> 
     </span>
    </p>
   </div>
   <div class='ocr_carea' id='block_1_75' title="bbox 1872 1414 3449 1489">
    <p class='ocr_par' dir='ltr' id='par_1_75' title="bbox 1872 1414 3449 1489">
     <span class='ocr_line' id='line_1_76' title="bbox 1872 1414 3449 1489; baseline 0.002 -20"><span class='ocrx_word' id='word_1_608' title='bbox 1872 1414 2105 1487; x_wconf 84' lang='lat' dir='ltr'><strong>(Supra,</strong></span> <span class='ocrx_word' id='word_1_609' title='bbox 2147 1432 2261 1486; x_wconf 81' lang='lat' dir='ltr'><strong>cap.</strong></span> <span class='ocrx_word' id='word_1_610' title='bbox 2294 1414 2464 1487; x_wconf 68' lang='lat'><strong>452)?</strong></span> <span class='ocrx_word' id='word_1_611' title='bbox 2518 1415 2628 1471; x_wconf 70' lang='lat' dir='ltr'><strong>Nec</strong></span> <span class='ocrx_word' id='word_1_612' title='bbox 2676 1416 2958 1487; x_wconf 86' lang='lat' dir='ltr'><strong>intelligis,</strong></span> <span class='ocrx_word' id='word_1_613' title='bbox 2996 1434 3100 1473; x_wconf 92' lang='lat' dir='ltr'><strong>non</strong></span> <span class='ocrx_word' id='word_1_614' title='bbox 3161 1419 3281 1473; x_wconf 88' lang='lat' dir='ltr'><strong>ideo</strong></span> <span class='ocrx_word' id='word_1_615' title='bbox 3327 1421 3449 1489; x_wconf 86' lang='lat' dir='ltr'><strong>quia</strong></span> 
     </span>
    </p>
   </div>
   <div class='ocr_carea' id='block_1_76' title="bbox 1873 1504 3446 1572">
    <p class='ocr_par' dir='ltr' id='par_1_76' title="bbox 1873 1504 3446 1572">
     <span class='ocr_line' id='line_1_77' title="bbox 1873 1504 3446 1572; baseline 0.003 -12"><span class='ocrx_word' id='word_1_616' title='bbox 1873 1506 1993 1560; x_wconf 83' lang='lat' dir='ltr'><strong>tdis</strong></span> <span class='ocrx_word' id='word_1_617' title='bbox 2016 1515 2153 1572; x_wconf 85' lang='lat' dir='ltr'><strong>erat,</strong></span> <span class='ocrx_word' id='word_1_618' title='bbox 2174 1505 2432 1561; x_wconf 76' lang='lat' dir='ltr'><strong>vel&#39;talis</strong></span> <span class='ocrx_word' id='word_1_619' title='bbox 2458 1504 2670 1561; x_wconf 87' lang='lat' dir='ltr'><strong>futurus</strong></span> <span class='ocrx_word' id='word_1_620' title='bbox 2689 1515 2825 1572; x_wconf 87' lang='lat' dir='ltr'><strong>erat,</strong></span> <span class='ocrx_word' id='word_1_621' title='bbox 2856 1506 3019 1563; x_wconf 87' lang='lat' dir='ltr'><strong>fuisse</strong></span> <span class='ocrx_word' id='word_1_622' title='bbox 3039 1507 3289 1564; x_wconf 85' lang='lat' dir='ltr'><strong>dilectum</strong></span> <span class='ocrx_word' id='word_1_623' title='bbox 3321 1529 3334 1563; x_wconf 88' lang='lat'><strong>:</strong></span> <span class='ocrx_word' id='word_1_624' title='bbox 3353 1510 3446 1564; x_wconf 90' lang='lat' dir='ltr'><strong>sed</strong></span> 
     </span>
    </p>
   </div>
   <div class='ocr_carea' id='block_1_77' title="bbox 1873 1597 3454 1668">
    <p class='ocr_par' dir='ltr' id='par_1_77' title="bbox 1873 1597 3454 1668">
     <span class='ocr_line' id='line_1_78' title="bbox 1873 1597 3454 1668; baseline 0.001 -14"><span class='ocrx_word' id='word_1_625' title='bbox 1873 1600 2056 1666; x_wconf 82' lang='lat' dir='ltr'><strong>talem,</strong></span> <span class='ocrx_word' id='word_1_626' title='bbox 2078 1598 2200 1668; x_wconf 90' lang='lat' dir='ltr'><strong>quia</strong></span> <span class='ocrx_word' id='word_1_627' title='bbox 2220 1597 2445 1654; x_wconf 87' lang='lat' dir='ltr'><strong>dilectus</strong></span> <span class='ocrx_word' id='word_1_628' title='bbox 2464 1608 2564 1664; x_wconf 89' lang='lat' dir='ltr'><strong>est,</strong></span> <span class='ocrx_word' id='word_1_629' title='bbox 2589 1598 2810 1653; x_wconf 81' lang='lat' dir='ltr'><strong>factum.</strong></span> <span class='ocrx_word' id='word_1_630' title='bbox 2830 1598 3107 1655; x_wconf 82' lang='lat' dir='ltr'><strong>Erubesce</strong></span> <span class='ocrx_word' id='word_1_631' title='bbox 3131 1618 3145 1653; x_wconf 91' lang='lat'>:</span> <span class='ocrx_word' id='word_1_632' title='bbox 3171 1616 3277 1655; x_wconf 88' lang='lat' dir='ltr'><strong>non</strong></span> <span class='ocrx_word' id='word_1_633' title='bbox 3303 1617 3454 1656; x_wconf 88' lang='lat' dir='ltr'><strong>men-</strong></span> 
     </span>
    </p>
   </div>
   <div class='ocr_carea' id='block_1_78' title="bbox 1872 1690 3446 1760">
    <p class='ocr_par' dir='ltr' id='par_1_78' title="bbox 1872 1690 3446 1760">
     <span class='ocr_line' id='line_1_79' title="bbox 1872 1690 3446 1760; baseline 0.002 -17"><span class='ocrx_word' id='word_1_634' title='bbox 1872 1691 2000 1744; x_wconf 85' lang='lat' dir='ltr'><strong>titur</strong></span> <span class='ocrx_word' id='word_1_635' title='bbox 2024 1690 2346 1760; x_wconf 80' lang='lat' dir='ltr'><strong>Apostolus;</strong></span> <span class='ocrx_word' id='word_1_636' title='bbox 2379 1705 2482 1746; x_wconf 90' lang='lat' dir='ltr'><strong>non</strong></span> <span class='ocrx_word' id='word_1_637' title='bbox 2509 1705 2574 1745; x_wconf 79' lang='lat' dir='ltr'><strong>ex</strong></span> <span class='ocrx_word' id='word_1_638' title='bbox 2604 1690 2857 1759; x_wconf 86' lang='lat' dir='ltr'><strong>operibus</strong></span> <span class='ocrx_word' id='word_1_639' title='bbox 2880 1690 3045 1747; x_wconf 86' lang='lat' dir='ltr'><strong>Jacob</strong></span> <span class='ocrx_word' id='word_1_640' title='bbox 3073 1691 3301 1749; x_wconf 86' lang='lat' dir='ltr'><strong>dilectus</strong></span> <span class='ocrx_word' id='word_1_641' title='bbox 3329 1705 3404 1749; x_wconf 86' lang='lat' dir='ltr'><strong>est</strong></span> <span class='ocrx_word' id='word_1_642' title='bbox 3431 1712 3446 1757; x_wconf 87' lang='lat'><strong>;</strong></span> 
     </span>
    </p>
   </div>
   <div class='ocr_carea' id='block_1_79' title="bbox 1870 1781 3451 1861">
    <p class='ocr_par' dir='ltr' id='par_1_79' title="bbox 1870 1781 3451 1861">
     <span class='ocr_line' id='line_1_80' title="bbox 1870 1781 3451 1861; baseline 0.004 -26"><span class='ocrx_word' id='word_1_643' title='bbox 1870 1782 1914 1836; x_wconf 87' lang='lat' dir='ltr'><strong>si</strong></span> <span class='ocrx_word' id='word_1_644' title='bbox 1935 1781 2077 1836; x_wconf 89' lang='lat' dir='ltr'><strong>enim</strong></span> <span class='ocrx_word' id='word_1_645' title='bbox 2106 1784 2274 1851; x_wconf 82' lang='lat' dir='ltr'><strong>gratia</strong></span> <span class='ocrx_word' id='word_1_646' title='bbox 2294 1825 2310 1850; x_wconf 88' lang='lat'><strong>,</strong></span> <span class='ocrx_word' id='word_1_647' title='bbox 2346 1782 2455 1854; x_wconf 84' lang='lat' dir='ltr'><strong>jam</strong></span> <span class='ocrx_word' id='word_1_648' title='bbox 2482 1798 2587 1838; x_wconf 91' lang='lat' dir='ltr'><strong>non</strong></span> <span class='ocrx_word' id='word_1_649' title='bbox 2618 1798 2685 1839; x_wconf 75' lang='lat' dir='ltr'><strong>ex</strong></span> <span class='ocrx_word' id='word_1_650' title='bbox 2712 1784 3001 1854; x_wconf 84' lang='lat' dir='ltr'><strong>operibus:</strong></span> <span class='ocrx_word' id='word_1_651' title='bbox 3026 1785 3121 1841; x_wconf 89' lang='lat' dir='ltr'><strong>sed</strong></span> <span class='ocrx_word' id='word_1_652' title='bbox 3159 1786 3329 1861; x_wconf 86' lang='lat' dir='ltr'><strong>gratia</strong></span> <span class='ocrx_word' id='word_1_653' title='bbox 3364 1787 3451 1842; x_wconf 87' lang='lat' dir='ltr'><strong>di-</strong></span> 
     </span>
    </p>
   </div>
   <div class='ocr_carea' id='block_1_80' title="bbox 1875 1875 3453 1949">
    <p class='ocr_par' dir='ltr' id='par_1_80' title="bbox 1875 1875 3453 1949">
     <span class='ocr_line' id='line_1_81' title="bbox 1875 1875 3453 1949; baseline 0.002 -20"><span class='ocrx_word' id='word_1_654' title='bbox 1875 1876 2062 1940; x_wconf 87' lang='lat' dir='ltr'><strong>lectus,</strong></span> <span class='ocrx_word' id='word_1_655' title='bbox 2095 1876 2282 1933; x_wconf 90' lang='lat' dir='ltr'><strong>eadem</strong></span> <span class='ocrx_word' id='word_1_656' title='bbox 2330 1877 2497 1948; x_wconf 85' lang='lat' dir='ltr'><strong>gratia</strong></span> <span class='ocrx_word' id='word_1_657' title='bbox 2541 1875 2771 1932; x_wconf 79' lang='lat' dir='ltr'><strong>faciente</strong></span> <span class='ocrx_word' id='word_1_658' title='bbox 2798 1878 2953 1933; x_wconf 88' lang='lat' dir='ltr'><strong>bonis</strong></span> <span class='ocrx_word' id='word_1_659' title='bbox 2983 1886 3228 1947; x_wconf 80' lang='lat' dir='ltr'><strong>oportuit</strong></span> <span class='ocrx_word' id='word_1_660' title='bbox 3252 1888 3311 1934; x_wconf 90' lang='lat' dir='ltr'><strong>ut</strong></span> <span class='ocrx_word' id='word_1_661' title='bbox 3337 1882 3453 1949; x_wconf 87' lang='lat' dir='ltr'><strong>pol-</strong></span> 
     </span>
    </p>
   </div>
   <div class='ocr_carea' id='block_1_81' title="bbox 1870 1965 3452 2038">
    <p class='ocr_par' dir='ltr' id='par_1_81' title="bbox 1870 1965 3452 2038">
     <span class='ocr_line' id='line_1_82' title="bbox 1870 1965 3452 2038; baseline 0.004 -19"><span class='ocrx_word' id='word_1_662' title='bbox 1870 1965 2007 2022; x_wconf 89' lang='lat' dir='ltr'><strong>leret</strong></span> <span class='ocrx_word' id='word_1_663' title='bbox 2032 1968 2303 2038; x_wconf 83' lang='lat' dir='ltr'><strong>operibus.</strong></span> <span class='ocrx_word' id='word_1_664' title='bbox 2326 1966 2496 2023; x_wconf 76' lang='lat' dir='ltr'><strong>Parce</strong></span> <span class='ocrx_word' id='word_1_665' title='bbox 2524 1969 2715 2022; x_wconf 71' lang='lat' dir='ltr'><strong>anima:</strong></span> <span class='ocrx_word' id='word_1_666' title='bbox 2755 1977 2860 2023; x_wconf 69' lang='lat' dir='ltr'><strong>tum</strong></span> <span class='ocrx_word' id='word_1_667' title='bbox 2878 2010 2894 2034; x_wconf 94' lang='lat'><strong>,</strong></span> <span class='ocrx_word' id='word_1_668' title='bbox 2923 1968 3033 2024; x_wconf 91' lang='lat' dir='ltr'><strong>noli</strong></span> <span class='ocrx_word' id='word_1_669' title='bbox 3056 1983 3176 2026; x_wconf 73' lang='lat' dir='ltr'><strong>esse</strong></span> <span class='ocrx_word' id='word_1_670' title='bbox 3203 1972 3452 2028; x_wconf 82' lang='lat' dir='ltr'><strong>inimicus</strong></span> 
     </span>
    </p>
   </div>
   <div class='ocr_carea' id='block_1_82' title="bbox 1870 2054 2772 2126">
    <p class='ocr_par' dir='ltr' id='par_1_82' title="bbox 1870 2054 2772 2126">
     <span class='ocr_line' id='line_1_83' title="bbox 1870 2054 2772 2126; baseline 0 -17"><span class='ocrx_word' id='word_1_671' title='bbox 1870 2054 1992 2111; x_wconf 84' lang='lat' dir='ltr'><strong>huic</strong></span> <span class='ocrx_word' id='word_1_672' title='bbox 2015 2057 2219 2126; x_wconf 72' lang='lat' dir='ltr'><strong>gratim.</strong></span> <span class='ocrx_word' id='word_1_673' title='bbox 2765 2068 2772 2075; x_wconf 86' lang='lat'><strong>&#39;</strong></span> 
     </span>
    </p>
   </div>
   <div class='ocr_carea' id='block_1_83' title="bbox 1920 2147 3546 2219">
    <p class='ocr_par' dir='ltr' id='par_1_83' title="bbox 1920 2147 3546 2219">
     <span class='ocr_line' id='line_1_84' title="bbox 1920 2147 3546 2219; baseline -0.002 -15"><span class='ocrx_word' id='word_1_674' title='bbox 1920 2147 2205 2207; x_wconf 67' lang='lat' dir='ltr'><strong>CXXXW.</strong></span> <span class='ocrx_word' id='word_1_675' title='bbox 2227 2148 2345 2205; x_wconf 80' lang='lat' dir='ltr'><strong>JUL.</strong></span> <span class='ocrx_word' id='word_1_676' title='bbox 2360 2148 2511 2217; x_wconf 78' lang='lat' dir='ltr'><strong>Ergo</strong></span> <span class='ocrx_word' id='word_1_677' title='bbox 2531 2148 2775 2217; x_wconf 89' lang='lat' dir='ltr'><strong>superbia</strong></span> <span class='ocrx_word' id='word_1_678' title='bbox 2798 2148 2892 2204; x_wconf 89' lang='lat' dir='ltr'><strong>illa</strong></span> <span class='ocrx_word' id='word_1_679' title='bbox 2908 2165 3027 2219; x_wconf 69' lang='lat' dir='ltr'><strong>quae</strong></span> <span class='ocrx_word' id='word_1_680' title='bbox 3043 2150 3253 2205; x_wconf 87' lang='lat' dir='ltr'><strong>volebat</strong></span> <span class='ocrx_word' id='word_1_681' title='bbox 3268 2153 3446 2218; x_wconf 88' lang='lat' dir='ltr'><strong>otiari,</strong></span> <span class='ocrx_word' id='word_1_682' title='bbox 3537 2192 3546 2201; x_wconf 88' lang='lat'><strong>.</strong></span> 
     </span>
    </p>
   </div>
   <div class='ocr_carea' id='block_1_84' title="bbox 1869 2239 3447 2307">
    <p class='ocr_par' dir='ltr' id='par_1_84' title="bbox 1869 2239 3447 2307">
     <span class='ocr_line' id='line_1_85' title="bbox 1869 2239 3447 2307; baseline 0.001 -9"><span class='ocrx_word' id='word_1_683' title='bbox 1869 2253 1924 2298; x_wconf 91' lang='lat' dir='ltr'><strong>et</strong></span> <span class='ocrx_word' id='word_1_684' title='bbox 1947 2241 2206 2298; x_wconf 89' lang='lat' dir='ltr'><strong>desidiam</strong></span> <span class='ocrx_word' id='word_1_685' title='bbox 2234 2256 2386 2295; x_wconf 89' lang='lat' dir='ltr'><strong>suam</strong></span> <span class='ocrx_word' id='word_1_686' title='bbox 2417 2241 2485 2295; x_wconf 91' lang='lat' dir='ltr'><strong>ob</strong></span> <span class='ocrx_word' id='word_1_687' title='bbox 2513 2239 2562 2295; x_wconf 91' lang='lat' dir='ltr'><strong>id</strong></span> <span class='ocrx_word' id='word_1_688' title='bbox 2590 2240 2767 2295; x_wconf 92' lang='lat' dir='ltr'><strong>colore</strong></span> <span class='ocrx_word' id='word_1_689' title='bbox 2796 2241 3129 2297; x_wconf 89' lang='lat' dir='ltr'><strong>necessitatis</strong></span> <span class='ocrx_word' id='word_1_690' title='bbox 3152 2242 3447 2307; x_wconf 83' lang='lat' dir='ltr'><strong>obnubcre,</strong></span> 
     </span>
    </p>
   </div>
   <div class='ocr_carea' id='block_1_85' title="bbox 1869 2329 3450 2407">
    <p class='ocr_par' dir='ltr' id='par_1_85' title="bbox 1869 2329 3450 2407">
     <span class='ocr_line' id='line_1_86' title="bbox 1869 2329 3450 2407; baseline -0.001 -18"><span class='ocrx_word' id='word_1_691' title='bbox 1869 2346 1927 2389; x_wconf 85' lang='lat' dir='ltr'><strong>ut</strong></span> <span class='ocrx_word' id='word_1_692' title='bbox 1952 2336 2004 2389; x_wconf 90' lang='lat' dir='ltr'><strong>in</strong></span> <span class='ocrx_word' id='word_1_693' title='bbox 2031 2333 2369 2403; x_wconf 88' lang='lat' dir='ltr'><strong>susceptione</strong></span> <span class='ocrx_word' id='word_1_694' title='bbox 2392 2329 2636 2387; x_wconf 87' lang='lat' dir='ltr'><strong>Gentium</strong></span> <span class='ocrx_word' id='word_1_695' title='bbox 2666 2329 2980 2386; x_wconf 86' lang='lat' dir='ltr'><strong>reclamaret</strong></span> <span class='ocrx_word' id='word_1_696' title='bbox 3009 2330 3327 2407; x_wconf 81' lang='lat' dir='ltr'><strong>Evangelia;</strong></span> <span class='ocrx_word' id='word_1_697' title='bbox 3358 2350 3450 2389; x_wconf 87' lang='lat' dir='ltr'><strong>au-</strong></span> 
     </span>
    </p>
   </div>
   <div class='ocr_carea' id='block_1_86' title="bbox 1869 2422 3446 2499">
    <p class='ocr_par' dir='ltr' id='par_1_86' title="bbox 1869 2422 3446 2499">
     <span class='ocr_line' id='line_1_87' title="bbox 1869 2422 3446 2499; baseline -0.001 -20"><span class='ocrx_word' id='word_1_698' title='bbox 1869 2426 1946 2499; x_wconf 86' lang='lat' dir='ltr'><strong>dit</strong></span> <span class='ocrx_word' id='word_1_699' title='bbox 1972 2424 2219 2496; x_wconf 89' lang='lat' dir='ltr'><strong>quoniam</strong></span> <span class='ocrx_word' id='word_1_700' title='bbox 2242 2423 2263 2456; x_wconf 87' lang='grc'><strong>³</strong></span> <span class='ocrx_word' id='word_1_701' title='bbox 2287 2422 2384 2477; x_wconf 87' lang='lat' dir='ltr'><strong>etsi</strong></span> <span class='ocrx_word' id='word_1_702' title='bbox 2413 2424 2490 2477; x_wconf 89' lang='lat' dir='ltr'><strong>sic</strong></span> <span class='ocrx_word' id='word_1_703' title='bbox 2517 2432 2660 2479; x_wconf 87' lang='lat' dir='ltr'><strong>esset</strong></span> <span class='ocrx_word' id='word_1_704' title='bbox 2686 2422 2954 2492; x_wconf 90' lang='lat' dir='ltr'><strong>quomodo</strong></span> <span class='ocrx_word' id='word_1_705' title='bbox 2976 2430 3032 2477; x_wconf 89' lang='lat' dir='ltr'><strong>tu</strong></span> <span class='ocrx_word' id='word_1_706' title='bbox 3052 2426 3446 2490; x_wconf 82' lang='lat' dir='ltr'><strong>commentaris,</strong></span> 
     </span>
    </p>
   </div>
   <div class='ocr_carea' id='block_1_87' title="bbox 1870 2512 3451 2585">
    <p class='ocr_par' dir='ltr' id='par_1_87' title="bbox 1870 2512 3451 2585">
     <span class='ocr_line' id='line_1_88' title="bbox 1870 2512 3451 2585; baseline 0.002 -16"><span class='ocrx_word' id='word_1_707' title='bbox 1870 2527 2047 2571; x_wconf 73' lang='lat' dir='ltr'><strong>tamen</strong></span> <span class='ocrx_word' id='word_1_708' title='bbox 2090 2515 2387 2585; x_wconf 84' lang='lat' dir='ltr'><strong>supplicare</strong></span> <span class='ocrx_word' id='word_1_709' title='bbox 2410 2515 2546 2580; x_wconf 52' lang='lat' dir='ltr'><strong>“Deo,</strong></span> <span class='ocrx_word' id='word_1_710' title='bbox 2593 2528 2696 2569; x_wconf 89' lang='lat' dir='ltr'><strong>non</strong></span> <span class='ocrx_word' id='word_1_711' title='bbox 2728 2512 3044 2570; x_wconf 87' lang='lat' dir='ltr'><strong>seditionem</strong></span> <span class='ocrx_word' id='word_1_712' title='bbox 3087 2516 3327 2571; x_wconf 78' lang='lat' dir='ltr'><strong>excitare</strong></span> <span class='ocrx_word' id='word_1_713' title='bbox 3355 2516 3451 2572; x_wconf 86' lang='lat' dir='ltr'><strong>de-</strong></span> 
     </span>
    </p>
   </div>
   <div class='ocr_carea' id='block_1_88' title="bbox 1868 2588 3451 2681">
    <p class='ocr_par' dir='ltr' id='par_1_88' title="bbox 1868 2588 3451 2681">
     <span class='ocr_line' id='line_1_89' title="bbox 1868 2588 3451 2681; baseline 0.001 -22"><span class='ocrx_word' id='word_1_714' title='bbox 1868 2606 2060 2661; x_wconf 87' lang='lat' dir='ltr'><strong>beres:</strong></span> <span class='ocrx_word' id='word_1_715' title='bbox 2088 2605 2278 2675; x_wconf 79' lang='lat' dir='ltr'><strong>quibus</strong></span> <span class='ocrx_word' id='word_1_716' title='bbox 2305 2604 2481 2659; x_wconf 81' lang='lat' dir='ltr'><strong>verbis</strong></span> <span class='ocrx_word' id='word_1_717' title='bbox 2506 2604 2795 2679; x_wconf 87' lang='lat' dir='ltr'><strong>nequitiam</strong></span> <span class='ocrx_word' id='word_1_718' title='bbox 2820 2604 3054 2681; x_wconf 87' lang='lat' dir='ltr'><strong>retundit</strong></span> <span class='ocrx_word' id='word_1_719' title='bbox 3079 2588 3330 2674; x_wconf 86' lang='lat' dir='ltr'><strong>hominis,</strong></span> <span class='ocrx_word' id='word_1_720' title='bbox 3362 2610 3451 2675; x_wconf 83' lang='lat' dir='ltr'><strong>qui</strong></span> 
     </span>
    </p>
   </div>
   <div class='ocr_carea' id='block_1_89' title="bbox 1868 2696 3448 2769">
    <p class='ocr_par' dir='ltr' id='par_1_89' title="bbox 1868 2696 3448 2769">
     <span class='ocr_line' id='line_1_90' title="bbox 1868 2696 3448 2769; baseline 0.002 -17"><span class='ocrx_word' id='word_1_721' title='bbox 1868 2698 2227 2753; x_wconf 78' lang='lat' dir='ltr'><strong>diversitatem</strong></span> <span class='ocrx_word' id='word_1_722' title='bbox 2271 2699 2582 2752; x_wconf 89' lang='lat' dir='ltr'><strong>meritorum</strong></span> <span class='ocrx_word' id='word_1_723' title='bbox 2624 2714 2689 2752; x_wconf 75' lang='lat' dir='ltr'><strong>ex</strong></span> <span class='ocrx_word' id='word_1_724' title='bbox 2730 2696 3022 2752; x_wconf 79' lang='lat' dir='ltr'><strong>voluntatis</strong></span> <span class='ocrx_word' id='word_1_725' title='bbox 3056 2700 3310 2769; x_wconf 80' lang='lat' dir='ltr'><strong>qualitate</strong></span> <span class='ocrx_word' id='word_1_726' title='bbox 3354 2716 3448 2755; x_wconf 83' lang='lat' dir='ltr'><strong>ve-</strong></span> 
     </span>
    </p>
   </div>
   <div class='ocr_carea' id='block_1_90' title="bbox 1870 2789 3445 2859">
    <p class='ocr_par' dir='ltr' id='par_1_90' title="bbox 1870 2789 3445 2859">
     <span class='ocr_line' id='line_1_91' title="bbox 1870 2789 3445 2859; baseline 0 -16"><span class='ocrx_word' id='word_1_727' title='bbox 1870 2789 2102 2844; x_wconf 88' lang='lat' dir='ltr'><strong>nientem</strong></span> <span class='ocrx_word' id='word_1_728' title='bbox 2124 2831 2138 2853; x_wconf 93' lang='lat'><strong>,</strong></span> <span class='ocrx_word' id='word_1_729' title='bbox 2171 2805 2442 2859; x_wconf 87' lang='lat' dir='ltr'><strong>aucupans</strong></span> <span class='ocrx_word' id='word_1_730' title='bbox 2471 2790 2786 2845; x_wconf 82' lang='lat' dir='ltr'><strong>elocutionis</strong></span> <span class='ocrx_word' id='word_1_731' title='bbox 2828 2789 3132 2859; x_wconf 86' lang='lat' dir='ltr'><strong>ambiguum</strong></span> <span class='ocrx_word' id='word_1_732' title='bbox 3154 2834 3169 2859; x_wconf 93' lang='lat'><strong>,</strong></span> <span class='ocrx_word' id='word_1_733' title='bbox 3201 2791 3320 2847; x_wconf 88' lang='lat' dir='ltr'><strong>ideo</strong></span> <span class='ocrx_word' id='word_1_734' title='bbox 3353 2809 3445 2846; x_wconf 66' lang='lat' dir='ltr'><strong>ne-</strong></span> 
     </span>
    </p>
   </div>
   <div class='ocr_carea' id='block_1_91' title="bbox 1869 2878 3452 2947">
    <p class='ocr_par' dir='ltr' id='par_1_91' title="bbox 1869 2878 3452 2947">
     <span class='ocr_line' id='line_1_92' title="bbox 1869 2878 3452 2947; baseline 0.003 -14"><span class='ocrx_word' id='word_1_735' title='bbox 1869 2879 2099 2934; x_wconf 83' lang='lat' dir='ltr'><strong>cessitati</strong></span> <span class='ocrx_word' id='word_1_736' title='bbox 2144 2878 2333 2933; x_wconf 72' lang='lat' dir='ltr'><strong>divina:</strong></span> <span class='ocrx_word' id='word_1_737' title='bbox 2375 2880 2666 2934; x_wconf 87' lang='lat' dir='ltr'><strong>conabatur</strong></span> <span class='ocrx_word' id='word_1_738' title='bbox 2702 2878 3043 2947; x_wconf 88' lang='lat' dir='ltr'><strong>adscribere,</strong></span> <span class='ocrx_word' id='word_1_739' title='bbox 3090 2891 3146 2936; x_wconf 89' lang='lat' dir='ltr'><strong>ut</strong></span> <span class='ocrx_word' id='word_1_740' title='bbox 3186 2893 3452 2938; x_wconf 67' lang='lat' dir='ltr'><strong>asstcreret</strong></span> 
     </span>
    </p>
   </div>
   <div class='ocr_carea' id='block_1_92' title="bbox 1870 2971 3451 3043">
    <p class='ocr_par' dir='ltr' id='par_1_92' title="bbox 1870 2971 3451 3043">
     <span class='ocr_line' id='line_1_93' title="bbox 1870 2971 3451 3043; baseline 0.001 -17"><span class='ocrx_word' id='word_1_741' title='bbox 1870 2988 2088 3027; x_wconf 86' lang='lat' dir='ltr'><strong>necesse</strong></span> <span class='ocrx_word' id='word_1_742' title='bbox 2113 2988 2231 3028; x_wconf 84' lang='lat' dir='ltr'><strong>esse</strong></span> <span class='ocrx_word' id='word_1_743' title='bbox 2271 2974 2495 3028; x_wconf 88' lang='lat' dir='ltr'><strong>alterum</strong></span> <span class='ocrx_word' id='word_1_744' title='bbox 2524 2973 2589 3027; x_wconf 89' lang='lat' dir='ltr'><strong>de</strong></span> <span class='ocrx_word' id='word_1_745' title='bbox 2617 2971 2824 3043; x_wconf 79' lang='lat' dir='ltr'><strong>duobus</strong></span> <span class='ocrx_word' id='word_1_746' title='bbox 2843 3013 2859 3040; x_wconf 95' lang='lat'><strong>,</strong></span> <span class='ocrx_word' id='word_1_747' title='bbox 2892 2972 2943 3027; x_wconf 87' lang='lat' dir='ltr'><strong>id</strong></span> <span class='ocrx_word' id='word_1_748' title='bbox 2972 2981 3088 3039; x_wconf 89' lang='lat' dir='ltr'><strong>est,</strong></span> <span class='ocrx_word' id='word_1_749' title='bbox 3117 2983 3207 3028; x_wconf 88' lang='lat' dir='ltr'><strong>aut</strong></span> <span class='ocrx_word' id='word_1_750' title='bbox 3248 2975 3451 3029; x_wconf 75' lang='lat' dir='ltr'><strong>Gentes</strong></span> 
     </span>
    </p>
   </div>
   <div class='ocr_carea' id='block_1_93' title="bbox 1870 3064 3451 3134">
    <p class='ocr_par' dir='ltr' id='par_1_93' title="bbox 1870 3064 3451 3134">
     <span class='ocr_line' id='line_1_94' title="bbox 1870 3064 3451 3134; baseline 0.003 -17"><span class='ocrx_word' id='word_1_751' title='bbox 1870 3064 1936 3118; x_wconf 89' lang='lat' dir='ltr'><strong>ad</strong></span> <span class='ocrx_word' id='word_1_752' title='bbox 1976 3064 2343 3134; x_wconf 85' lang='lat' dir='ltr'><strong>promissionis</strong></span> <span class='ocrx_word' id='word_1_753' title='bbox 2387 3080 2490 3117; x_wconf 84' lang='lat' dir='ltr'><strong>non</strong></span> <span class='ocrx_word' id='word_1_754' title='bbox 2523 3067 2706 3119; x_wconf 87' lang='lat' dir='ltr'><strong>venire</strong></span> <span class='ocrx_word' id='word_1_755' title='bbox 2744 3065 3069 3119; x_wconf 87' lang='lat' dir='ltr'><strong>consortium</strong></span> <span class='ocrx_word' id='word_1_756' title='bbox 3095 3108 3109 3130; x_wconf 92' lang='lat'><strong>,</strong></span> <span class='ocrx_word' id='word_1_757' title='bbox 3141 3075 3231 3121; x_wconf 90' lang='lat' dir='ltr'><strong>aut</strong></span> <span class='ocrx_word' id='word_1_758' title='bbox 3273 3068 3317 3120; x_wconf 88' lang='lat' dir='ltr'><strong>si</strong></span> <span class='ocrx_word' id='word_1_759' title='bbox 3350 3067 3451 3121; x_wconf 79' lang='lat' dir='ltr'><strong>hoc</strong></span> 
     </span>
    </p>
   </div>
   <div class='ocr_carea' id='block_1_94' title="bbox 1870 3146 3450 3227">
    <p class='ocr_par' dir='ltr' id='par_1_94' title="bbox 1870 3146 3450 3227">
     <span class='ocr_line' id='line_1_95' title="bbox 1870 3146 3450 3227; baseline -0.001 -13"><span class='ocrx_word' id='word_1_760' title='bbox 1870 3159 2055 3214; x_wconf 79' lang='lat' dir='ltr'><strong>liceret</strong></span> <span class='ocrx_word' id='word_1_761' title='bbox 2080 3159 2211 3224; x_wconf 91' lang='lat' dir='ltr'><strong>Deo,</strong></span> <span class='ocrx_word' id='word_1_762' title='bbox 2232 3146 2493 3226; x_wconf 78' lang='lat' dir='ltr'><strong>exstingui</strong></span> <span class='ocrx_word' id='word_1_763' title='bbox 2520 3157 2691 3227; x_wconf 79' lang='lat' dir='ltr'><strong>ofﬁcia</strong></span> <span class='ocrx_word' id='word_1_764' title='bbox 2718 3157 2898 3211; x_wconf 69' lang='lat' dir='ltr'><strong>liberte</strong></span> <span class='ocrx_word' id='word_1_765' title='bbox 2925 3156 3229 3211; x_wconf 83' lang='lat' dir='ltr'><strong>voluntatis.</strong></span> <span class='ocrx_word' id='word_1_766' title='bbox 3255 3158 3450 3214; x_wconf 81' lang='lat' dir='ltr'><strong>Verum</strong></span> 
     </span>
    </p>
   </div>
   <div class='ocr_carea' id='block_1_95' title="bbox 1870 3248 3454 3321">
    <p class='ocr_par' dir='ltr' id='par_1_95' title="bbox 1870 3248 3454 3321">
     <span class='ocr_line' id='line_1_96' title="bbox 1870 3248 3454 3321; baseline -0.001 -16"><span class='ocrx_word' id='word_1_767' title='bbox 1870 3251 1993 3321; x_wconf 89' lang='lat' dir='ltr'><strong>quia</strong></span> <span class='ocrx_word' id='word_1_768' title='bbox 2035 3250 2085 3305; x_wconf 90' lang='lat' dir='ltr'><strong>id</strong></span> <span class='ocrx_word' id='word_1_769' title='bbox 2130 3266 2232 3304; x_wconf 89' lang='lat' dir='ltr'><strong>non</strong></span> <span class='ocrx_word' id='word_1_770' title='bbox 2276 3248 2572 3303; x_wconf 76' lang='lat' dir='ltr'><strong>sufﬁciebat</strong></span> <span class='ocrx_word' id='word_1_771' title='bbox 2606 3248 2853 3318; x_wconf 82' lang='lat' dir='ltr'><strong>negotio;</strong></span> <span class='ocrx_word' id='word_1_772' title='bbox 2895 3263 3067 3318; x_wconf 87' lang='lat' dir='ltr'><strong>neque</strong></span> <span class='ocrx_word' id='word_1_773' title='bbox 3107 3250 3248 3305; x_wconf 87' lang='lat' dir='ltr'><strong>cnim</strong></span> <span class='ocrx_word' id='word_1_774' title='bbox 3296 3266 3325 3304; x_wconf 90' lang='lat' dir='ltr'><strong>a</strong></span> <span class='ocrx_word' id='word_1_775' title='bbox 3366 3253 3454 3304; x_wconf 85' lang='lat' dir='ltr'><strong>tali</strong></span> 
     </span>
    </p>
   </div>
   <div class='ocr_carea' id='block_1_96' title="bbox 1871 3324 3507 3413">
    <p class='ocr_par' dir='ltr' id='par_1_96' title="bbox 1871 3324 3507 3413">
     <span class='ocr_line' id='line_1_97' title="bbox 1871 3324 3507 3413; baseline -0.002 -15"><span class='ocrx_word' id='word_1_776' title='bbox 1871 3344 2124 3413; x_wconf 87' lang='lat' dir='ltr'><strong>magistro</strong></span> <span class='ocrx_word' id='word_1_777' title='bbox 2148 3385 2161 3409; x_wconf 90' lang='lat'><strong>,</strong></span> <span class='ocrx_word' id='word_1_778' title='bbox 2192 3341 2328 3395; x_wconf 89' lang='lat' dir='ltr'><strong>sicut</strong></span> <span class='ocrx_word' id='word_1_779' title='bbox 2368 3340 2841 3407; x_wconf 75' lang='lat' dir='ltr'><strong>connuendabatur</strong></span> <span class='ocrx_word' id='word_1_780' title='bbox 2868 3340 3157 3395; x_wconf 86' lang='lat' dir='ltr'><strong>auctoritas</strong></span> <span class='ocrx_word' id='word_1_781' title='bbox 3207 3340 3336 3407; x_wconf 90' lang='lat' dir='ltr'><strong>Dei,</strong></span> <span class='ocrx_word' id='word_1_782' title='bbox 3384 3342 3454 3395; x_wconf 89' lang='lat' dir='ltr'><strong>ita</strong></span> <span class='ocrx_word' id='word_1_783' title='bbox 3506 3324 3507 3333; x_wconf 27' lang='lat'>‘</span> 
     </span>
    </p>
   </div>
   <div class='ocr_carea' id='block_1_97' title="bbox 1870 3432 3458 3505">
    <p class='ocr_par' dir='ltr' id='par_1_97' title="bbox 1870 3432 3458 3505">
     <span class='ocr_line' id='line_1_98' title="bbox 1870 3432 3458 3505; baseline -0.003 -14"><span class='ocrx_word' id='word_1_784' title='bbox 1870 3446 1985 3492; x_wconf 89' lang='lat' dir='ltr'><strong>erat</strong></span> <span class='ocrx_word' id='word_1_785' title='bbox 2011 3435 2282 3492; x_wconf 85' lang='lat' dir='ltr'><strong>indefensa</strong></span> <span class='ocrx_word' id='word_1_786' title='bbox 2301 3433 2643 3505; x_wconf 79' lang='lat' dir='ltr'><strong>relinquenda</strong></span> <span class='ocrx_word' id='word_1_787' title='bbox 2662 3432 2863 3505; x_wconf 83' lang='lat' dir='ltr'><strong>justitia</strong></span> <span class='ocrx_word' id='word_1_788' title='bbox 2889 3451 2902 3487; x_wconf 91' lang='lat'>:</span> <span class='ocrx_word' id='word_1_789' title='bbox 2926 3434 3103 3489; x_wconf 88' lang='lat' dir='ltr'><strong>subdit</strong></span> <span class='ocrx_word' id='word_1_790' title='bbox 3123 3449 3458 3504; x_wconf 89' lang='lat' dir='ltr'><strong>consequen-</strong></span> 
     </span>
    </p>
   </div>
   <div class='ocr_carea' id='block_1_98' title="bbox 1873 3523 3456 3595">
    <p class='ocr_par' dir='ltr' id='par_1_98' title="bbox 1873 3523 3456 3595">
     <span class='ocr_line' id='line_1_99' title="bbox 1873 3523 3456 3595; baseline -0.001 -15"><span class='ocrx_word' id='word_1_791' title='bbox 1873 3526 2076 3580; x_wconf 88' lang='lat' dir='ltr'><strong>tissime</strong></span> <span class='ocrx_word' id='word_1_792' title='bbox 2102 3568 2117 3592; x_wconf 90' lang='lat'><strong>,</strong></span> <span class='ocrx_word' id='word_1_793' title='bbox 2145 3540 2268 3580; x_wconf 86' lang='lat' dir='ltr'><strong>vasa</strong></span> <span class='ocrx_word' id='word_1_794' title='bbox 2311 3540 2429 3595; x_wconf 62' lang='lat' dir='ltr'><strong>qute</strong></span> <span class='ocrx_word' id='word_1_795' title='bbox 2459 3523 2513 3578; x_wconf 91' lang='lat' dir='ltr'><strong>in</strong></span> <span class='ocrx_word' id='word_1_796' title='bbox 2552 3523 2874 3579; x_wconf 88' lang='lat' dir='ltr'><strong>contumelia</strong></span> <span class='ocrx_word' id='word_1_797' title='bbox 2904 3533 2959 3580; x_wconf 89' lang='lat' dir='ltr'><strong>et</strong></span> <span class='ocrx_word' id='word_1_798' title='bbox 2993 3539 3112 3595; x_wconf 73' lang='lat' dir='ltr'><strong>qua:</strong></span> <span class='ocrx_word' id='word_1_799' title='bbox 3153 3525 3207 3579; x_wconf 91' lang='lat' dir='ltr'><strong>in</strong></span> <span class='ocrx_word' id='word_1_800' title='bbox 3254 3523 3456 3579; x_wconf 87' lang='lat' dir='ltr'><strong>honore</strong></span> 
     </span>
    </p>
   </div>
   <div class='ocr_carea' id='block_1_99' title="bbox 1873 3614 3454 3684">
    <p class='ocr_par' dir='ltr' id='par_1_99' title="bbox 1873 3614 3454 3684">
     <span class='ocr_line' id='line_1_100' title="bbox 1873 3614 3454 3684; baseline -0.001 -15"><span class='ocrx_word' id='word_1_801' title='bbox 1873 3617 2024 3682; x_wconf 87' lang='lat' dir='ltr'><strong>liunt,</strong></span> <span class='ocrx_word' id='word_1_802' title='bbox 2056 3614 2253 3670; x_wconf 86' lang='lat' dir='ltr'><strong>habere</strong></span> <span class='ocrx_word' id='word_1_803' title='bbox 2281 3614 2382 3669; x_wconf 89' lang='lat' dir='ltr'><strong>hoc</strong></span> <span class='ocrx_word' id='word_1_804' title='bbox 2406 3615 2473 3669; x_wconf 91' lang='lat' dir='ltr'><strong>de</strong></span> <span class='ocrx_word' id='word_1_805' title='bbox 2497 3615 2726 3684; x_wconf 72' lang='lat' dir='ltr'><strong>propria:</strong></span> <span class='ocrx_word' id='word_1_806' title='bbox 2755 3614 3019 3684; x_wconf 91' lang='lat' dir='ltr'><strong>stipendio</strong></span> <span class='ocrx_word' id='word_1_807' title='bbox 3050 3615 3359 3671; x_wconf 82' lang='lat' dir='ltr'><strong>voluntatis.</strong></span> <span class='ocrx_word' id='word_1_808' title='bbox 3392 3615 3454 3669; x_wconf 85' lang='lat' dir='ltr'><strong>Si</strong></span> 
     </span>
    </p>
   </div>
   <div class='ocr_carea' id='block_1_100' title="bbox 1872 3705 3458 3780">
    <p class='ocr_par' dir='ltr' id='par_1_100' title="bbox 1872 3705 3458 3780">
     <span class='ocr_line' id='line_1_101' title="bbox 1872 3705 3458 3780; baseline 0 -21"><span class='ocrx_word' id='word_1_809' title='bbox 1872 3707 2004 3759; x_wconf 87' lang='lat' dir='ltr'><strong>enim</strong></span> <span class='ocrx_word' id='word_1_810' title='bbox 2033 3706 2170 3759; x_wconf 74' lang='lat' dir='ltr'><strong>Dm</strong></span> <span class='ocrx_word' id='word_1_811' title='bbox 2214 3706 2380 3759; x_wconf 75' lang='lat' dir='ltr'><strong>colens</strong></span> <span class='ocrx_word' id='word_1_812' title='bbox 2408 3705 2666 3760; x_wconf 81' lang='lat' dir='ltr'><strong>ostendere</strong></span> <span class='ocrx_word' id='word_1_813' title='bbox 2699 3707 2865 3772; x_wconf 86' lang='lat' dir='ltr'><strong>iram,</strong></span> <span class='ocrx_word' id='word_1_814' title='bbox 2896 3715 2943 3762; x_wconf 88' lang='lat' dir='ltr'><strong>et</strong></span> <span class='ocrx_word' id='word_1_815' title='bbox 2968 3717 3138 3760; x_wconf 87' lang='lat' dir='ltr'><strong>notam</strong></span> <span class='ocrx_word' id='word_1_816' title='bbox 3176 3711 3343 3780; x_wconf 82' lang='lat' dir='ltr'><strong>facere</strong></span> <span class='ocrx_word' id='word_1_817' title='bbox 3367 3723 3458 3776; x_wconf 76' lang='lat' dir='ltr'><strong>po-</strong></span> 
     </span>
    </p>
   </div>
   <div class='ocr_carea' id='block_1_101' title="bbox 1872 3796 3457 3867">
    <p class='ocr_par' dir='ltr' id='par_1_101' title="bbox 1872 3796 3457 3867">
     <span class='ocr_line' id='line_1_102' title="bbox 1872 3796 3457 3867; baseline -0.001 -18"><span class='ocrx_word' id='word_1_818' title='bbox 1872 3798 2077 3852; x_wconf 76' lang='lat' dir='ltr'><strong>tcutiam</strong></span> <span class='ocrx_word' id='word_1_819' title='bbox 2107 3814 2252 3851; x_wconf 84' lang='lat' dir='ltr'><strong>suam</strong></span> <span class='ocrx_word' id='word_1_820' title='bbox 2286 3798 2338 3851; x_wconf 90' lang='lat' dir='ltr'><strong>in</strong></span> <span class='ocrx_word' id='word_1_821' title='bbox 2368 3796 2525 3850; x_wconf 87' lang='lat' dir='ltr'><strong>multa</strong></span> <span class='ocrx_word' id='word_1_822' title='bbox 2555 3799 2794 3867; x_wconf 84' lang='lat' dir='ltr'><strong>patientia</strong></span> <span class='ocrx_word' id='word_1_823' title='bbox 2813 3840 2826 3863; x_wconf 95' lang='lat'><strong>,</strong></span> <span class='ocrx_word' id='word_1_824' title='bbox 2854 3800 2907 3852; x_wconf 85' lang='lat' dir='ltr'><strong>in</strong></span> <span class='ocrx_word' id='word_1_825' title='bbox 2933 3800 3063 3853; x_wconf 73' lang='lat' dir='ltr'><strong>casis</strong></span> <span class='ocrx_word' id='word_1_826' title='bbox 3089 3801 3197 3863; x_wconf 66' lang='lat' dir='ltr'><strong>iraa,</strong></span> <span class='ocrx_word' id='word_1_827' title='bbox 3221 3816 3457 3852; x_wconf 82' lang='lat' dir='ltr'><strong>consum-</strong></span> 
     </span>
    </p>
   </div>
   <div class='ocr_carea' id='block_1_102' title="bbox 1873 3887 3453 3958">
    <p class='ocr_par' dir='ltr' id='par_1_102' title="bbox 1873 3887 3453 3958">
     <span class='ocr_line' id='line_1_103' title="bbox 1873 3887 3453 3958; baseline 0 -17"><span class='ocrx_word' id='word_1_828' title='bbox 1873 3890 2021 3942; x_wconf 86' lang='lat' dir='ltr'><strong>matis</strong></span> <span class='ocrx_word' id='word_1_829' title='bbox 2050 3889 2102 3942; x_wconf 85' lang='lat' dir='ltr'><strong>in</strong></span> <span class='ocrx_word' id='word_1_830' title='bbox 2133 3887 2463 3958; x_wconf 82' lang='lat' dir='ltr'><strong>perditionem</strong></span> <span class='ocrx_word' id='word_1_831' title='bbox 2488 3903 2505 3941; x_wconf 89' lang='lat'><strong><em>:</em></strong></span> <span class='ocrx_word' id='word_1_832' title='bbox 2526 3897 2571 3942; x_wconf 84' lang='lat' dir='ltr'><strong>ct</strong></span> <span class='ocrx_word' id='word_1_833' title='bbox 2599 3899 2655 3941; x_wconf 88' lang='lat' dir='ltr'><strong>ut</strong></span> <span class='ocrx_word' id='word_1_834' title='bbox 2684 3897 2829 3951; x_wconf 82' lang='lat' dir='ltr'><strong>notas</strong></span> <span class='ocrx_word' id='word_1_835' title='bbox 2852 3893 3058 3958; x_wconf 82' lang='lat' dir='ltr'><strong>faceret,</strong></span> <span class='ocrx_word' id='word_1_836' title='bbox 3091 3890 3291 3958; x_wconf 84' lang='lat' dir='ltr'><strong>inquit,</strong></span> <span class='ocrx_word' id='word_1_837' title='bbox 3322 3889 3453 3941; x_wconf 76' lang='lat' dir='ltr'><strong>divi-</strong></span> 
     </span>
    </p>
   </div>
   <div class='ocr_carea' id='block_1_103' title="bbox 1874 3980 3456 4053">
    <p class='ocr_par' dir='ltr' id='par_1_103' title="bbox 1874 3980 3456 4053">
     <span class='ocr_line' id='line_1_104' title="bbox 1874 3980 3456 4053; baseline 0 -18"><span class='ocrx_word' id='word_1_838' title='bbox 1874 3983 1971 4036; x_wconf 83' lang='lat' dir='ltr'><strong>tias</strong></span> <span class='ocrx_word' id='word_1_839' title='bbox 2000 3981 2177 4053; x_wconf 78' lang='lat' dir='ltr'><strong>gloria:</strong></span> <span class='ocrx_word' id='word_1_840' title='bbox 2201 3996 2308 4045; x_wconf 65' lang='lat' dir='ltr'><strong>suae</strong></span> <span class='ocrx_word' id='word_1_841' title='bbox 2343 3981 2397 4035; x_wconf 88' lang='lat' dir='ltr'><strong>in</strong></span> <span class='ocrx_word' id='word_1_842' title='bbox 2424 3980 2553 4035; x_wconf 79' lang='lat' dir='ltr'><strong>vasis</strong></span> <span class='ocrx_word' id='word_1_843' title='bbox 2593 3981 2984 4047; x_wconf 71' lang='lat' dir='ltr'><strong>misericordice,</strong></span> <span class='ocrx_word' id='word_1_844' title='bbox 3013 3990 3127 4050; x_wconf 70' lang='lat' dir='ltr'><strong>quae</strong></span> <span class='ocrx_word' id='word_1_845' title='bbox 3152 3983 3456 4052; x_wconf 69' lang='lat' dir='ltr'><strong>purpurat-it</strong></span> 
     </span>
    </p>
   </div>
   <div class='ocr_carea' id='block_1_104' title="bbox 1872 4071 3450 4147">
    <p class='ocr_par' dir='ltr' id='par_1_104' title="bbox 1872 4071 3450 4147">
     <span class='ocr_line' id='line_1_105' title="bbox 1872 4071 3450 4147; baseline -0.002 -20"><span class='ocrx_word' id='word_1_846' title='bbox 1872 4074 1924 4127; x_wconf 89' lang='lat' dir='ltr'><strong>in</strong></span> <span class='ocrx_word' id='word_1_847' title='bbox 1950 4074 2186 4146; x_wconf 82' lang='lat' dir='ltr'><strong>gloriam,</strong></span> <span class='ocrx_word' id='word_1_848' title='bbox 2215 4090 2339 4147; x_wconf 82' lang='lat' dir='ltr'><strong>quos</strong></span> <span class='ocrx_word' id='word_1_849' title='bbox 2364 4080 2409 4128; x_wconf 83' lang='lat' dir='ltr'><strong>et</strong></span> <span class='ocrx_word' id='word_1_850' title='bbox 2435 4073 2626 4127; x_wconf 82' lang='lat' dir='ltr'><strong>vocavit</strong></span> <span class='ocrx_word' id='word_1_851' title='bbox 2654 4088 2764 4137; x_wconf 89' lang='lat' dir='ltr'><strong>nos,</strong></span> <span class='ocrx_word' id='word_1_852' title='bbox 2796 4089 2895 4147; x_wconf 71' lang='lat' dir='ltr'><strong>non</strong></span> <span class='ocrx_word' id='word_1_853' title='bbox 2925 4072 3091 4126; x_wconf 81' lang='lat' dir='ltr'><strong>solum</strong></span> <span class='ocrx_word' id='word_1_854' title='bbox 3117 4087 3179 4127; x_wconf 76' lang='lat' dir='ltr'><strong>ea:</strong></span> <span class='ocrx_word' id='word_1_855' title='bbox 3219 4071 3416 4127; x_wconf 74' lang='lat' dir='ltr'><strong>Judtt&#39;is</strong></span> <span class='ocrx_word' id='word_1_856' title='bbox 3433 4114 3450 4141; x_wconf 84' lang='lat'><strong>,</strong></span> 
     </span>
    </p>
   </div>
   <div class='ocr_carea' id='block_1_105' title="bbox 1871 4138 3444 4236">
    <p class='ocr_par' dir='ltr' id='par_1_105' title="bbox 1871 4138 3444 4236">
     <span class='ocr_line' id='line_1_106' title="bbox 1871 4138 3444 4236; baseline -0.001 -16"><span class='ocrx_word' id='word_1_857' title='bbox 1871 4138 2135 4220; x_wconf 48' lang='lat' dir='ltr'><strong>sed&#39;etiam</strong></span> <span class='ocrx_word' id='word_1_858' title='bbox 2157 4138 2485 4220; x_wconf 45' lang='lat' dir='ltr'><strong>callentibus</strong></span> <span class='ocrx_word' id='word_1_859' title='bbox 2512 4162 2685 4236; x_wconf 87' lang='lat' dir='ltr'><strong>(Rom.</strong></span> <span class='ocrx_word' id='word_1_860' title='bbox 2712 4178 2785 4225; x_wconf 81' lang='lat' dir='ltr'><strong>Ix,</strong></span> <span class='ocrx_word' id='word_1_861' title='bbox 2817 4138 3031 4234; x_wconf 49' lang='grc'><strong>212-24).</strong></span> <span class='ocrx_word' id='word_1_862' title='bbox 3062 4161 3223 4219; x_wconf 86' lang='lat' dir='ltr'><strong>Certe</strong></span> <span class='ocrx_word' id='word_1_863' title='bbox 3252 4164 3337 4218; x_wconf 90' lang='lat' dir='ltr'><strong>bic</strong></span> <span class='ocrx_word' id='word_1_864' title='bbox 3365 4138 3444 4219; x_wconf 61' lang='lat' dir='ltr'><strong>alr</strong></span> 
     </span>
    </p>
   </div>
   <div class='ocr_carea' id='block_1_106' title="bbox 1873 4250 3454 4326">
    <p class='ocr_par' dir='ltr' id='par_1_106' title="bbox 1873 4250 3454 4326">
     <span class='ocr_line' id='line_1_107' title="bbox 1873 4250 3454 4326; baseline -0.001 -14"><span class='ocrx_word' id='word_1_865' title='bbox 1873 4257 2049 4322; x_wconf 86' lang='lat' dir='ltr'><strong>solvit,</strong></span> <span class='ocrx_word' id='word_1_866' title='bbox 2074 4256 2213 4326; x_wconf 89' lang='lat' dir='ltr'><strong>quod</strong></span> <span class='ocrx_word' id='word_1_867' title='bbox 2241 4255 2485 4326; x_wconf 89' lang='lat' dir='ltr'><strong>superior</strong></span> <span class='ocrx_word' id='word_1_868' title='bbox 2504 4250 2783 4310; x_wconf 79' lang='lat' dir='ltr'><strong>conﬂictus</strong></span> <span class='ocrx_word' id='word_1_869' title='bbox 2810 4263 3112 4325; x_wconf 89' lang='lat' dir='ltr'><strong>operuerat.</strong></span> <span class='ocrx_word' id='word_1_870' title='bbox 3141 4271 3247 4309; x_wconf 87' lang='lat' dir='ltr'><strong>non</strong></span> <span class='ocrx_word' id='word_1_871' title='bbox 3269 4255 3454 4311; x_wconf 76' lang='lat' dir='ltr'><strong>inferri</strong></span> 
     </span>
    </p>
   </div>
   <div class='ocr_carea' id='block_1_107' title="bbox 1858 4346 3456 4421">
    <p class='ocr_par' dir='ltr' id='par_1_107' title="bbox 1858 4346 3456 4421">
     <span class='ocr_line' id='line_1_108' title="bbox 1858 4346 3456 4421; baseline -0.003 -16"><span class='ocrx_word' id='word_1_872' title='bbox 1858 4366 1903 4411; x_wconf 52' lang='lat' dir='ltr'><strong>,a</strong></span> <span class='ocrx_word' id='word_1_873' title='bbox 1933 4354 2040 4407; x_wconf 88' lang='lat' dir='ltr'><strong>Dco</strong></span> <span class='ocrx_word' id='word_1_874' title='bbox 2079 4351 2211 4409; x_wconf 88' lang='lat' dir='ltr'><strong>iram</strong></span> <span class='ocrx_word' id='word_1_875' title='bbox 2241 4349 2343 4413; x_wconf 82' lang='lat' dir='ltr'><strong>nisi</strong></span> <span class='ocrx_word' id='word_1_876' title='bbox 2382 4347 2467 4421; x_wconf 85' lang='lat' dir='ltr'><strong>bis</strong></span> <span class='ocrx_word' id='word_1_877' title='bbox 2494 4348 2637 4409; x_wconf 83' lang='lat' dir='ltr'><strong>vasis</strong></span> <span class='ocrx_word' id='word_1_878' title='bbox 2676 4363 2795 4417; x_wconf 77' lang='lat' dir='ltr'><strong>qua:</strong></span> <span class='ocrx_word' id='word_1_879' title='bbox 2821 4346 2887 4401; x_wconf 88' lang='lat' dir='ltr'><strong>ad</strong></span> <span class='ocrx_word' id='word_1_880' title='bbox 2930 4347 3280 4417; x_wconf 76' lang='lat' dir='ltr'><strong>perditionem</strong></span> <span class='ocrx_word' id='word_1_881' title='bbox 3322 4362 3456 4402; x_wconf 81' lang='lat' dir='ltr'><strong>con-</strong></span> 
     </span>
    </p>
   </div>
   <div class='ocr_carea' id='block_1_108' title="bbox 1873 4435 3458 4510">
    <p class='ocr_par' dir='ltr' id='par_1_108' title="bbox 1873 4435 3458 4510">
     <span class='ocr_line' id='line_1_109' title="bbox 1873 4435 3458 4510; baseline -0.006 -9"><span class='ocrx_word' id='word_1_882' title='bbox 1873 4450 2135 4505; x_wconf 80' lang='lat' dir='ltr'><strong>Summata</strong></span> <span class='ocrx_word' id='word_1_883' title='bbox 2166 4441 2390 4505; x_wconf 82' lang='lat' dir='ltr'><strong>fuerint;</strong></span> <span class='ocrx_word' id='word_1_884' title='bbox 2420 4437 2645 4510; x_wconf 86' lang='lat' dir='ltr'><strong>gloriam</strong></span> <span class='ocrx_word' id='word_1_885' title='bbox 2664 4446 2840 4492; x_wconf 84' lang='lat' dir='ltr'><strong>autem</strong></span> <span class='ocrx_word' id='word_1_886' title='bbox 2866 4435 2981 4491; x_wconf 89' lang='lat' dir='ltr'><strong>dari</strong></span> <span class='ocrx_word' id='word_1_887' title='bbox 3008 4436 3090 4490; x_wconf 89' lang='lat' dir='ltr'><strong>his</strong></span> <span class='ocrx_word' id='word_1_888' title='bbox 3115 4452 3232 4508; x_wconf 78' lang='lat' dir='ltr'><strong>qua:</strong></span> <span class='ocrx_word' id='word_1_889' title='bbox 3259 4437 3323 4490; x_wconf 89' lang='lat' dir='ltr'><strong>ad</strong></span> <span class='ocrx_word' id='word_1_890' title='bbox 3354 4436 3458 4492; x_wconf 83' lang='lat' dir='ltr'><strong>hoc</strong></span> 
     </span>
    </p>
   </div>
   <div class='ocr_carea' id='block_1_109' title="bbox 1875 4530 3457 4607">
    <p class='ocr_par' dir='ltr' id='par_1_109' title="bbox 1875 4530 3457 4607">
     <span class='ocr_line' id='line_1_110' title="bbox 1875 4530 3457 4607; baseline -0.006 -13"><span class='ocrx_word' id='word_1_891' title='bbox 1875 4539 2068 4607; x_wconf 85' lang='lat' dir='ltr'><strong>fuerint</strong></span> <span class='ocrx_word' id='word_1_892' title='bbox 2088 4544 2408 4607; x_wconf 73' lang='lat' dir='ltr'><strong>praeparata.</strong></span> <span class='ocrx_word' id='word_1_893' title='bbox 2449 4535 2494 4589; x_wconf 79' lang='grc' dir='ltr'><strong>Α</strong></span> <span class='ocrx_word' id='word_1_894' title='bbox 2535 4547 2643 4603; x_wconf 92' lang='lat' dir='ltr'><strong>quo</strong></span> <span class='ocrx_word' id='word_1_895' title='bbox 2684 4540 2861 4587; x_wconf 88' lang='lat' dir='ltr'><strong>autem</strong></span> <span class='ocrx_word' id='word_1_896' title='bbox 2893 4546 3019 4586; x_wconf 87' lang='lat' dir='ltr'><strong>vasa</strong></span> <span class='ocrx_word' id='word_1_897' title='bbox 3056 4530 3357 4601; x_wconf 86' lang='lat' dir='ltr'><strong>bujusmodi</strong></span> <span class='ocrx_word' id='word_1_898' title='bbox 3407 4534 3457 4584; x_wconf 84' lang='lat' dir='ltr'><strong>in</strong></span> 
     </span>
    </p>
   </div>
   <div class='ocr_carea' id='block_1_110' title="bbox 1874 4623 3458 4700">
    <p class='ocr_par' dir='ltr' id='par_1_110' title="bbox 1874 4623 3458 4700">
     <span class='ocr_line' id='line_1_111' title="bbox 1874 4623 3458 4700; baseline -0.004 -16"><span class='ocrx_word' id='word_1_899' title='bbox 1874 4629 2266 4700; x_wconf 87' lang='lat' dir='ltr'><strong>susceptionem</strong></span> <span class='ocrx_word' id='word_1_900' title='bbox 2286 4626 2472 4689; x_wconf 85' lang='lat' dir='ltr'><strong>horum</strong></span> <span class='ocrx_word' id='word_1_901' title='bbox 2494 4640 2613 4693; x_wconf 67' lang='lat' dir='ltr'><strong>quae</strong></span> <span class='ocrx_word' id='word_1_902' title='bbox 2628 4623 2861 4679; x_wconf 78' lang='lat' dir='ltr'><strong>diximus</strong></span> <span class='ocrx_word' id='word_1_903' title='bbox 2877 4632 3265 4694; x_wconf 81' lang='lat' dir='ltr'><strong>praeparentur,</strong></span> <span class='ocrx_word' id='word_1_904' title='bbox 3291 4623 3458 4693; x_wconf 81' lang='lat' dir='ltr'><strong>ipsius</strong></span> 
     </span>
    </p>
   </div>
   <div class='ocr_carea' id='block_1_111' title="bbox 1875 4713 3458 4790">
    <p class='ocr_par' dir='ltr' id='par_1_111' title="bbox 1875 4713 3458 4790">
     <span class='ocr_line' id='line_1_112' title="bbox 1875 4713 3458 4790; baseline -0.006 -14"><span class='ocrx_word' id='word_1_905' title='bbox 1875 4720 2112 4790; x_wconf 84' lang='lat' dir='ltr'><strong>Apostoli</strong></span> <span class='ocrx_word' id='word_1_906' title='bbox 2152 4733 2331 4773; x_wconf 86' lang='lat' dir='ltr'><strong>sermo</strong></span> <span class='ocrx_word' id='word_1_907' title='bbox 2372 4714 2637 4787; x_wconf 78' lang='lat' dir='ltr'><strong>patefecit.</strong></span> <span class='ocrx_word' id='word_1_908' title='bbox 2671 4713 2739 4769; x_wconf 89' lang='lat' dir='ltr'><strong>In</strong></span> <span class='ocrx_word' id='word_1_909' title='bbox 2786 4731 2972 4786; x_wconf 84' lang='lat' dir='ltr'><strong>magna</strong></span> <span class='ocrx_word' id='word_1_910' title='bbox 2994 4756 3009 4782; x_wconf 88' lang='lat'><strong>,</strong></span> <span class='ocrx_word' id='word_1_911' title='bbox 3040 4715 3243 4787; x_wconf 90' lang='lat' dir='ltr'><strong>inquit,</strong></span> <span class='ocrx_word' id='word_1_912' title='bbox 3275 4716 3458 4780; x_wconf 78' lang='lat' dir='ltr'><strong>domo,</strong></span> 
     </span>
    </p>
   </div>
   <div class='ocr_carea' id='block_1_112' title="bbox 1870 4806 3461 4876">
    <p class='ocr_par' dir='ltr' id='par_1_112' title="bbox 1870 4806 3461 4876">
     <span class='ocr_line' id='line_1_113' title="bbox 1870 4806 3461 4876; baseline -0.004 -12"><span class='ocrx_word' id='word_1_913' title='bbox 1870 4828 1974 4865; x_wconf 81' lang='lat' dir='ltr'><strong>non</strong></span> <span class='ocrx_word' id='word_1_914' title='bbox 2003 4818 2117 4864; x_wconf 87' lang='lat' dir='ltr'><strong>sunt</strong></span> <span class='ocrx_word' id='word_1_915' title='bbox 2145 4806 2489 4862; x_wconf 85' lang='lat' dir='ltr'><strong>tantummodo</strong></span> <span class='ocrx_word' id='word_1_916' title='bbox 2514 4821 2635 4860; x_wconf 82' lang='lat' dir='ltr'><strong>vasa</strong></span> <span class='ocrx_word' id='word_1_917' title='bbox 2660 4822 2815 4860; x_wconf 84' lang='lat' dir='ltr'><strong>aurea</strong></span> <span class='ocrx_word' id='word_1_918' title='bbox 2840 4815 2886 4859; x_wconf 87' lang='lat' dir='ltr'><strong>ct</strong></span> <span class='ocrx_word' id='word_1_919' title='bbox 2910 4815 3168 4876; x_wconf 78' lang='lat' dir='ltr'><strong>argentea,</strong></span> <span class='ocrx_word' id='word_1_920' title='bbox 3200 4807 3287 4859; x_wconf 81' lang='lat' dir='ltr'><strong>sed</strong></span> <span class='ocrx_word' id='word_1_921' title='bbox 3325 4815 3371 4859; x_wconf 87' lang='lat' dir='ltr'><strong>et</strong></span> <span class='ocrx_word' id='word_1_922' title='bbox 3398 4807 3461 4858; x_wconf 64' lang='lat' dir='ltr'><strong>li.</strong></span> 
     </span>
    </p>
   </div>
   <div class='ocr_carea' id='block_1_113' title="bbox 1873 4893 3461 4974">
    <p class='ocr_par' dir='ltr' id='par_1_113' title="bbox 1873 4893 3461 4974">
     <span class='ocr_line' id='line_1_114' title="bbox 1873 4893 3461 4974; baseline -0.006 -17"><span class='ocrx_word' id='word_1_923' title='bbox 1873 4893 2002 4974; x_wconf 71' lang='lat' dir='ltr'><strong>gtrea</strong></span> <span class='ocrx_word' id='word_1_924' title='bbox 2027 4910 2071 4955; x_wconf 79' lang='lat' dir='ltr'><strong>et</strong></span> <span class='ocrx_word' id='word_1_925' title='bbox 2097 4899 2303 4969; x_wconf 82' lang='lat' dir='ltr'><strong>fictilia;</strong></span> <span class='ocrx_word' id='word_1_926' title='bbox 2332 4898 2436 4951; x_wconf 84' lang='lat' dir='ltr'><strong>alia</strong></span> <span class='ocrx_word' id='word_1_927' title='bbox 2461 4898 2662 4967; x_wconf 83' lang='lat' dir='ltr'><strong>quidem</strong></span> <span class='ocrx_word' id='word_1_928' title='bbox 2686 4898 2740 4951; x_wconf 89' lang='lat' dir='ltr'><strong>in</strong></span> <span class='ocrx_word' id='word_1_929' title='bbox 2771 4898 3034 4963; x_wconf 83' lang='lat' dir='ltr'><strong>honorem,</strong></span> <span class='ocrx_word' id='word_1_930' title='bbox 3064 4897 3168 4949; x_wconf 88' lang='lat' dir='ltr'><strong>alia</strong></span> <span class='ocrx_word' id='word_1_931' title='bbox 3196 4897 3251 4949; x_wconf 85' lang='lat' dir='ltr'><strong>in</strong></span> <span class='ocrx_word' id='word_1_932' title='bbox 3275 4906 3461 4949; x_wconf 81' lang='lat' dir='ltr'><strong>contu-</strong></span> 
     </span>
    </p>
   </div>
   <div class='ocr_carea' id='block_1_114' title="bbox 1873 4987 3456 5063">
    <p class='ocr_par' dir='ltr' id='par_1_114' title="bbox 1873 4987 3456 5063">
     <span class='ocr_line' id='line_1_115' title="bbox 1873 4987 3456 5063; baseline -0.003 -16"><span class='ocrx_word' id='word_1_933' title='bbox 1873 4994 2095 5047; x_wconf 84' lang='lat' dir='ltr'><strong>meliam.</strong></span> <span class='ocrx_word' id='word_1_934' title='bbox 2125 4992 2186 5045; x_wconf 83' lang='lat' dir='ltr'><strong>Si</strong></span> <span class='ocrx_word' id='word_1_935' title='bbox 2228 5006 2346 5063; x_wconf 81' lang='lat' dir='ltr'><strong>ergo</strong></span> <span class='ocrx_word' id='word_1_936' title='bbox 2374 4989 2687 5044; x_wconf 75' lang='lat' dir='ltr'><strong>mandaverit</strong></span> <span class='ocrx_word' id='word_1_937' title='bbox 2723 4987 2835 5059; x_wconf 82' lang='lat' dir='ltr'><strong>quis</strong></span> <span class='ocrx_word' id='word_1_938' title='bbox 2876 4988 3197 5057; x_wconf 81' lang='lat' dir='ltr'><strong>semetipsum</strong></span> <span class='ocrx_word' id='word_1_939' title='bbox 3239 4987 3302 5041; x_wconf 83' lang='lat' dir='ltr'><strong>ab</strong></span> <span class='ocrx_word' id='word_1_940' title='bbox 3343 4989 3422 5042; x_wconf 75' lang='lat' dir='ltr'><strong>Itis</strong></span> <span class='ocrx_word' id='word_1_941' title='bbox 3444 5031 3456 5049; x_wconf 87' lang='lat'><em>.</em></span> 
     </span>
    </p>
   </div>
   <div class='ocr_carea' id='block_1_115' title="bbox 1873 5076 3458 5146">
    <p class='ocr_par' dir='ltr' id='par_1_115' title="bbox 1873 5076 3458 5146">
     <span class='ocr_line' id='line_1_116' title="bbox 1873 5076 3458 5146; baseline -0.003 -9"><span class='ocrx_word' id='word_1_942' title='bbox 1873 5085 1966 5137; x_wconf 84' lang='lat' dir='ltr'><strong>erit</strong></span> <span class='ocrx_word' id='word_1_943' title='bbox 2009 5100 2095 5137; x_wconf 83' lang='lat' dir='ltr'><strong>vas</strong></span> <span class='ocrx_word' id='word_1_944' title='bbox 2139 5082 2193 5137; x_wconf 84' lang='lat' dir='ltr'><strong>in</strong></span> <span class='ocrx_word' id='word_1_945' title='bbox 2224 5083 2464 5135; x_wconf 85' lang='lat' dir='ltr'><strong>honorent</strong></span> <span class='ocrx_word' id='word_1_946' title='bbox 2507 5078 2907 5146; x_wconf 79' lang='lat' dir='ltr'><strong>sanctiﬁcatum,</strong></span> <span class='ocrx_word' id='word_1_947' title='bbox 2950 5076 3071 5132; x_wconf 84' lang='lat' dir='ltr'><strong>utile</strong></span> <span class='ocrx_word' id='word_1_948' title='bbox 3110 5078 3359 5143; x_wconf 67' lang='lat' dir='ltr'><strong>Domino,</strong></span> <span class='ocrx_word' id='word_1_949' title='bbox 3392 5082 3458 5133; x_wconf 83' lang='lat' dir='ltr'><strong>ad</strong></span> 
     </span>
    </p>
   </div>
   <div class='ocr_carea' id='block_1_116' title="bbox 1873 5165 3274 5242">
    <p class='ocr_par' dir='ltr' id='par_1_116' title="bbox 1873 5165 3274 5242">
     <span class='ocr_line' id='line_1_117' title="bbox 1873 5165 3274 5242; baseline -0.005 -16"><span class='ocrx_word' id='word_1_950' title='bbox 1873 5190 2022 5228; x_wconf 85' lang='lat' dir='ltr'><strong>omne</strong></span> <span class='ocrx_word' id='word_1_951' title='bbox 2046 5188 2173 5242; x_wconf 84' lang='lat' dir='ltr'><strong>opus</strong></span> <span class='ocrx_word' id='word_1_952' title='bbox 2202 5172 2385 5225; x_wconf 83' lang='lat' dir='ltr'><strong>bonum</strong></span> <span class='ocrx_word' id='word_1_953' title='bbox 2415 5180 2646 5240; x_wconf 86' lang='lat' dir='ltr'><strong>paratum</strong></span> <span class='ocrx_word' id='word_1_954' title='bbox 2677 5168 2744 5237; x_wconf 87' lang='lat' dir='ltr'><strong>(ll</strong></span> <span class='ocrx_word' id='word_1_955' title='bbox 2776 5165 2904 5219; x_wconf 84' lang='lat' dir='ltr'><strong>Tim.</strong></span> <span class='ocrx_word' id='word_1_956' title='bbox 2940 5183 2975 5222; x_wconf 84' lang='lat' dir='ltr'><strong>tt</strong></span> <span class='ocrx_word' id='word_1_957' title='bbox 2995 5211 3010 5235; x_wconf 88' lang='lat'><strong>,</strong></span> <span class='ocrx_word' id='word_1_958' title='bbox 3038 5167 3130 5234; x_wconf 54' lang='grc' dir='ltr'><strong>ἓξ),</strong></span> <span class='ocrx_word' id='word_1_959' title='bbox 3157 5168 3274 5240; x_wconf 71' lang='grc'><strong>21).</strong></span> 
     </span>
    </p>
   </div>
   <div class='ocr_carea' id='block_1_117' title="bbox 1944 5254 3454 5333">
    <p class='ocr_par' dir='ltr' id='par_1_117' title="bbox 1944 5254 3454 5333">
     <span class='ocr_line' id='line_1_118' title="bbox 1944 5254 3454 5333; baseline -0.005 -14"><span class='ocrx_word' id='word_1_960' title='bbox 1944 5269 2077 5323; x_wconf 75' lang='lat' dir='ltr'><strong>Acs.</strong></span> <span class='ocrx_word' id='word_1_961' title='bbox 2110 5264 2254 5333; x_wconf 80' lang='lat' dir='ltr'><strong>Ergo</strong></span> <span class='ocrx_word' id='word_1_962' title='bbox 2282 5263 2393 5331; x_wconf 83' lang='lat' dir='ltr'><strong>ipsa</strong></span> <span class='ocrx_word' id='word_1_963' title='bbox 2425 5274 2548 5315; x_wconf 87' lang='lat' dir='ltr'><strong>vasa</strong></span> <span class='ocrx_word' id='word_1_964' title='bbox 2575 5260 2643 5313; x_wconf 88' lang='lat' dir='ltr'><strong>ita</strong></span> <span class='ocrx_word' id='word_1_965' title='bbox 2665 5272 2723 5313; x_wconf 87' lang='lat' dir='ltr'><strong>se</strong></span> <span class='ocrx_word' id='word_1_966' title='bbox 2746 5254 3063 5327; x_wconf 26' lang='lat' dir='ltr'><strong>prmpa‘rant,</strong></span> <span class='ocrx_word' id='word_1_967' title='bbox 3088 5270 3146 5314; x_wconf 86' lang='lat' dir='ltr'><strong>ut</strong></span> <span class='ocrx_word' id='word_1_968' title='bbox 3175 5260 3363 5315; x_wconf 85' lang='lat' dir='ltr'><strong>frustra</strong></span> <span class='ocrx_word' id='word_1_969' title='bbox 3387 5259 3454 5312; x_wconf 88' lang='lat' dir='ltr'><strong>de</strong></span> 
     </span>
    </p>
   </div>
   <div class='ocr_carea' id='block_1_118' title="bbox 1877 5352 3448 5441">
    <p class='ocr_par' dir='ltr' id='par_1_118' title="bbox 1877 5352 3448 5441">
     <span class='ocr_line' id='line_1_119' title="bbox 1877 5352 3448 5441; baseline -0.008 -30"><span class='ocrx_word' id='word_1_970' title='bbox 1877 5359 1985 5413; x_wconf 88' lang='lat' dir='ltr'><strong>Deo</strong></span> <span class='ocrx_word' id='word_1_971' title='bbox 2008 5358 2210 5441; x_wconf 60' lang='lat' dir='ltr'><strong>dictum</strong></span> <span class='ocrx_word' id='word_1_972' title='bbox 2234 5358 2323 5415; x_wconf 86' lang='lat' dir='ltr'><strong>sit.</strong></span> <span class='ocrx_word' id='word_1_973' title='bbox 2349 5370 2462 5422; x_wconf 76' lang='lat' dir='ltr'><strong>ante</strong></span> <span class='ocrx_word' id='word_1_974' title='bbox 2477 5352 2781 5423; x_wconf 73' lang='lat' dir='ltr'><strong>pneparavit</strong></span> <span class='ocrx_word' id='word_1_975' title='bbox 2808 5352 2859 5407; x_wconf 89' lang='lat' dir='ltr'><strong>in</strong></span> <span class='ocrx_word' id='word_1_976' title='bbox 2890 5352 3149 5423; x_wconf 83' lang='lat' dir='ltr'><strong>gloriam?</strong></span> <span class='ocrx_word' id='word_1_977' title='bbox 3169 5352 3282 5409; x_wconf 76' lang='lat' dir='ltr'><strong>Hoc</strong></span> <span class='ocrx_word' id='word_1_978' title='bbox 3307 5352 3448 5407; x_wconf 78' lang='lat' dir='ltr'><strong>enim</strong></span> 
     </span>
    </p>
   </div>
   <div class='ocr_carea' id='block_1_119' title="bbox 1874 5440 3456 5520">
    <p class='ocr_par' dir='ltr' id='par_1_119' title="bbox 1874 5440 3456 5520">
     <span class='ocr_line' id='line_1_120' title="bbox 1874 5440 3456 5520; baseline -0.008 -17"><span class='ocrx_word' id='word_1_979' title='bbox 1874 5440 2211 5520; x_wconf 86' lang='lat' dir='ltr'><strong>apertissime</strong></span> <span class='ocrx_word' id='word_1_980' title='bbox 2254 5446 2386 5502; x_wconf 78' lang='lat' dir='ltr'><strong>dicis</strong></span> <span class='ocrx_word' id='word_1_981' title='bbox 2418 5459 2553 5499; x_wconf 87' lang='lat' dir='ltr'><strong>:nec</strong></span> <span class='ocrx_word' id='word_1_982' title='bbox 2598 5443 2851 5517; x_wconf 79' lang='lat' dir='ltr'><strong>intelligis</strong></span> <span class='ocrx_word' id='word_1_983' title='bbox 2892 5444 2963 5500; x_wconf 90' lang='lat' dir='ltr'><strong>ita</strong></span> <span class='ocrx_word' id='word_1_984' title='bbox 2985 5444 3182 5499; x_wconf 87' lang='lat' dir='ltr'><strong>dictum</strong></span> <span class='ocrx_word' id='word_1_985' title='bbox 3210 5456 3351 5503; x_wconf 86' lang='lat' dir='ltr'><strong>esse,</strong></span> <span class='ocrx_word' id='word_1_986' title='bbox 3394 5440 3456 5493; x_wconf 84' lang='lat' dir='ltr'><strong>Si</strong></span> 
     </span>
    </p>
   </div>
   <div class='ocr_carea' id='block_1_120' title="bbox 1938 5641 2720 5706">
    <p class='ocr_par' dir='ltr' id='par_1_120' title="bbox 1938 5641 2720 5706">
     <span class='ocr_line' id='line_1_121' title="bbox 1938 5641 2720 5706; baseline 0.001 -15"><span class='ocrx_word' id='word_1_987' title='bbox 1938 5646 1953 5677; x_wconf 81' lang='grc'>¹</span> <span class='ocrx_word' id='word_1_988' title='bbox 1980 5648 2052 5694; x_wconf 88' lang='lat' dir='ltr'><strong>sle</strong></span> <span class='ocrx_word' id='word_1_989' title='bbox 2070 5652 2173 5693; x_wconf 58' lang='grc' dir='ltr'><strong>ηδε.</strong></span> <span class='ocrx_word' id='word_1_990' title='bbox 2198 5642 2315 5693; x_wconf 71' lang='lat' dir='ltr'><strong>miti</strong></span> <span class='ocrx_word' id='word_1_991' title='bbox 2333 5655 2469 5700; x_wconf 79' lang='lat' dir='ltr'><strong>vero,</strong></span> <span class='ocrx_word' id='word_1_992' title='bbox 2496 5641 2579 5706; x_wconf 74' lang='lat' dir='ltr'><strong>qui</strong></span> <span class='ocrx_word' id='word_1_993' title='bbox 2599 5649 2720 5706; x_wconf 67' lang='lat' dir='ltr'><strong>erat.</strong></span> 
     </span>
    </p>
   </div>
   <div class='ocr_carea' id='block_1_121' title="bbox 1936 5701 3229 5769">
    <p class='ocr_par' dir='ltr' id='par_1_121' title="bbox 1936 5701 3229 5769">
     <span class='ocr_line' id='line_1_122' title="bbox 1936 5701 3229 5769; baseline -0.004 -12"><span class='ocrx_word' id='word_1_994' title='bbox 1936 5710 1956 5738; x_wconf 81' lang='grc'><strong>²</strong></span> <span class='ocrx_word' id='word_1_995' title='bbox 1973 5706 2131 5757; x_wconf 68' lang='lat' dir='ltr'><strong>Codex</strong></span> <span class='ocrx_word' id='word_1_996' title='bbox 2159 5715 2265 5754; x_wconf 72' lang='lat' dir='ltr'><strong>ttar.</strong></span> <span class='ocrx_word' id='word_1_997' title='bbox 2294 5701 2529 5769; x_wconf 65' lang='lat' dir='ltr'><strong>prtetcrit&#39;,</strong></span> <span class='ocrx_word' id='word_1_998' title='bbox 2553 5704 2662 5769; x_wconf 75' lang='lat' dir='ltr'><strong>talis</strong></span> <span class='ocrx_word' id='word_1_999' title='bbox 2685 5710 2807 5764; x_wconf 81' lang='lat' dir='ltr'><strong>erat,</strong></span> <span class='ocrx_word' id='word_1_1000' title='bbox 2834 5701 2922 5754; x_wconf 82' lang='lat' dir='ltr'><strong>vcl.</strong></span> <span class='ocrx_word' id='word_1_1001' title='bbox 3012 5757 3041 5769; x_wconf 59' lang='grc' dir='ltr'>η</span> <span class='ocrx_word' id='word_1_1002' title='bbox 3185 5756 3197 5769; x_wconf 83' lang='lat'>_</span> <span class='ocrx_word' id='word_1_1003' title='bbox 3220 5732 3229 5741; x_wconf 88' lang='lat'><strong>-</strong></span> 
     </span>
    </p>
   </div>
   <div class='ocr_carea' id='block_1_122' title="bbox 1913 5756 3460 5837">
    <p class='ocr_par' dir='ltr' id='par_1_122' title="bbox 1913 5756 3460 5837">
     <span class='ocr_line' id='line_1_123' title="bbox 1913 5756 3460 5837; baseline 0.004 -23"><span class='ocrx_word' id='word_1_1004' title='bbox 1913 5770 1957 5837; x_wconf 33' lang='lat'><strong>.8</strong></span> <span class='ocrx_word' id='word_1_1005' title='bbox 1982 5756 2051 5815; x_wconf 57' lang='lat' dir='ltr'><strong>Sic</strong></span> <span class='ocrx_word' id='word_1_1006' title='bbox 2083 5775 2189 5817; x_wconf 75' lang='lat' dir='ltr'><strong>uss.</strong></span> <span class='ocrx_word' id='word_1_1007' title='bbox 2236 5756 2307 5815; x_wconf 66' lang='grc' dir='ltr'><strong>Δι’</strong></span> <span class='ocrx_word' id='word_1_1008' title='bbox 2326 5767 2457 5827; x_wconf 80' lang='lat' dir='ltr'><strong>editi,</strong></span> <span class='ocrx_word' id='word_1_1009' title='bbox 2508 5756 2772 5817; x_wconf 68' lang='lat' dir='ltr'><strong>rectmnore</strong></span> <span class='ocrx_word' id='word_1_1010' title='bbox 2796 5756 3068 5827; x_wconf 72' lang='lat' dir='ltr'><strong>&#39;a‘rmtgelio</strong></span> <span class='ocrx_word' id='word_1_1011' title='bbox 3097 5756 3317 5819; x_wconf 74' lang='lat' dir='ltr'><strong>auderet.</strong></span> <span class='ocrx_word' id='word_1_1012' title='bbox 3343 5771 3460 5825; x_wconf 74' lang='grc' dir='ltr'><strong>(μιθ-</strong></span> 
     </span>
    </p>
   </div>
   <div class='ocr_carea' id='block_1_123' title="bbox 1872 5842 2016 5879">
    <p class='ocr_par' dir='ltr' id='par_1_123' title="bbox 1872 5842 2016 5879">
     <span class='ocr_line' id='line_1_124' title="bbox 1872 5842 2016 5879; baseline -0.014 0"><span class='ocrx_word' id='word_1_1013' title='bbox 1872 5842 2016 5879; x_wconf 81' lang='lat' dir='ltr'><strong>mam.</strong></span> 
     </span>
    </p>
   </div>
  </div>
