3962 6180
935 303 1001 311 οισι--

579 359 721 415 1135

585 474 692 539 quis
717 470 1024 526 mandaverit
1068 469 1406 538 semetipsum,
1435 477 1493 522 ut
1529 469 1901 524 ostenderetur
1926 477 1980 524 et
2021 482 2153 538 opus

587 562 814 617 hominis
855 575 949 630 per
970 559 1289 614 voluntatem
1322 576 1335 613 :
1365 559 1482 626 sed,
1515 560 1718 630 ingrate
1744 560 1924 623 homo,
1953 576 2154 630 praepa-

582 663 726 706 ratur
767 651 1047 707 voluntasa
1075 649 1293 709 Domino
1322 648 1500 719 (Prov.
1533 655 1644 714 vni,
1678 666 1776 702 sec.
1800 649 1999 717 LXX);
2036 650 2156 704 ideo

582 752 866 811 utrumque
893 755 1080 796 verum
1101 747 1204 806 est,
1231 747 1286 794 et
1326 738 1447 809 quia
1476 739 1616 794 Deus
1641 749 1904 809 prteparat
1938 754 2063 794 vasa
2104 739 2155 793 in

581 833 821 903 gloriam.
846 840 901 887 et
920 832 1042 902 quia
1067 832 1178 901 ipsa
1199 845 1258 886 se
1284 839 1600 901 prteparant.
1626 831 1696 886 Ut
1714 831 1856 886 enim
1880 830 2034 887 faciat
2057 830 2156 886 ho-

580 938 691 987 mo,
725 923 865 978 Deus
893 921 1054 987 facit;
1078 920 1200 992 quia
1221 928 1278 975 ut
1300 920 1482 991 diligat
1521 920 1703 987 homo,
1743 921 1881 976 Deus
1908 921 2054 990 prior
2076 921 2159 975 di-

582 1017 715 1086 ligit.
746 1015 886 1085 Lege
915 1013 1249 1069 Ezechielem
1270 1013 1287 1044 ί
1319 1012 1654 1089 prophetam,
1699 1012 1839 1067 unde
1863 1011 2004 1082 quod
2029 1013 2157 1067 satis

580 1108 753 1162 visum
785 1116 866 1161 est
905 1120 1064 1175 supra
1110 1105 1520 1160 commemoravi
1559 1103 1776 1176 (Supra,
1823 1120 1938 1173 cap.
1986 1103 2108 1174 155)
2141 1122 2152 1156 :

538 1171 678 1265 iista
707 1198 864 1254 etiam
902 1197 1104 1252 verba'
1127 1196 1397 1265 reperies,
1448 1195 1501 1249 id
1538 1205 1640 1263 est,
1679 1195 1842 1250 Deum
1887 1195 2060 1251 facere
2099 1203 2158 1250 ut

541 1263 842 1378 ipraacepta
884 1303 1001 1358 ejus
1043 1287 1286 1342 homines
1325 1285 1538 1353 faciant,
1588 1302 1811 1357 quorum
1853 1287 2153 1353 miseretur,

582 1397 687 1435 non
720 1389 936 1450 propter
956 1377 1144 1434 merita
1183 1391 1390 1444 eorum,
1419 1392 1536 1446 quae
1562 1377 1701 1431 mala
1731 1377 1800 1432 ibi
1843 1391 1962 1432 esse
2006 1392 2157 1432 com-

581 1479 860 1534 memorat,
889 1469 982 1525 sed
1009 1476 1226 1540 prepter
1249 1483 1442 1524 nomen
1472 1483 1660 1534 suum;
1688 1476 1747 1522 ut
1770 1469 1878 1523 Deo
1903 1469 2018 1525 sine
2048 1485 2158 1525 me-

581 1565 698 1618 ritis
745 1577 928 1618 corum
980 1559 1206 1615 faciente
1253 1567 1311 1612 ut
1355 1557 1549 1612 faciant
1591 1565 1857 1627 prmeepta
1895 1559 2031 1628 ejus,
2079 1560 2159 1613 in-

581 1654 627 1708 ci
635 1653 777 1722 piant
788 1651 972 1706 merita
984 1649 1244 1704 bonorum
1265 1647 1459 1703 habere
1470 1646 1748 1702 factorum.
1765 1646 1890 1702 Haec
1900 1657 1980 1702 est
1993 1649 2158 1718 gratia

582 1761 739 1817 quam
769 1744 994 1815 negatis,
1011 1757 1116 1797 non
1145 1757 1210 1797 ex
1233 1739 1480 1811 operibus
1503 1754 1621 1810 quas
1644 1738 1893 1804 θέωμεεά
1924 1748 1981 1794 ut
2011 1740 2154 1794 ﬁant.

653 1833 915 1890 CXXXV.
959 1833 1079 1888 Jun.
1105 1832 1244 1888 Ecce
1265 1830 1499 1887 officium
1520 1829 1703 1884 libera:
1725 1829 2042 1884 voluntatis:
2075 1830 2154 1897 Si,

585 1927 772 1997 inquit,
807 1924 1124 1979 mandaverit
1171 1922 1281 1992 quis
1319 1920 1638 1990 semetipsum
1665 1934 1694 1973 a
1723 1919 1978 1975 societate
2002 1934 2158 1974 vaso-

583 2036 698 2074 rum
724 2018 906 2072 vilium
936 2017 1066 2087 (quo
1087 2013 1304 2069 nomine
1331 2012 1455 2066 vitia
1482 2009 1848 2081 denotamur),
1878 2011 1973 2064 erit
1999 2012 2159 2066 vasin

585 2111 823 2163 honorem
871 2106 1261 2175 sanctificatum,
1311 2102 1434 2157 utile
1474 2101 1715 2165 Domino,
1759 2100 1826 2153 ad
1864 2116 2008 2154 omne
2032 2117 2160 2169 opus

586 2201 766 2254 bonum
797 2207 1046 2269 paratum.
1068 2196 1192 2251 Haec
1217 2194 1375 2264 igitur
1402 2206 1545 2258 vasa,
1571 2191 1761 2247 studiis
1785 2192 2037 2265 propriis,
2067 2199 2159 2246 aut

585 2290 650 2345 ad
683 2291 835 2353 iram,
863 2294 955 2341 aut
995 2285 1063 2340 ad
1091 2284 1316 2354 gloriam
1358 2291 1725 2353 praeparantur
1757 2299 1771 2335 :
1799 2281 1941 2336 Deus
1980 2290 2157 2336 autem

586 2389 766 2434 notam
792 2377 914 2432 facit
939 2375 1228 2446 potentiam
1254 2387 1405 2428 suam
1434 2372 1488 2426 in
1513 2379 1762 2441 utroque,
1790 2370 1874 2425 vel
1901 2371 2161 2425 severita-

583 2482 692 2526 tem
718 2471 770 2524 in
800 2468 990 2540 impios
1015 2466 1036 2498 ³
1064 2465 1381 2531 exserendo,
1413 2463 1498 2518 vel
1535 2462 1958 2519 benedictionem
1992 2461 2161 2516 fideli-

582 2563 685 2620 bus
739 2560 1032 2632 largiendo.
1100 2557 1361 2630 Apparuit
1411 2557 1587 2628 itaque
1651 2555 1786 2610 hanc
1844 2554 2160 2610 sententiam

580 2652 780 2725 egregii
809 2651 1174 2723 praeceptoris,
1199 2664 1296 2704 nec
1315 2647 1616 2703 Manichmis
1641 2661 1794 2719 opem
1815 2647 2057 2702 sensibus
2076 2654 2158 2700 at-

585 2744 789 2809 tulisse,
819 2751 874 2797 et
898 2757 928 2798 e
947 2741 1160 2796 diverso
1187 2754 1286 2795 nos
1313 2746 1699 2808 consequenter
1717 2751 1973 2793 armasse.

653 2835 789 2891 Anc.
830 2831 964 2901 Quid
985 2830 1343 2898 calumniaris,
1375 2829 1499 2900 quid
1527 2828 1658 2884 falso
1699 2828 2016 2894 criminaris,
2063 2843 2161 2883 nec

585 2938 719 2992 quos
747 2931 801 2979 et
826 2922 1014 2993 quales
1034 2921 1287 2976 Ecclesiae
1315 2920 1558 2974 doctores
1577 2918 1872 2973 crimineris
1897 2918 2162 2972 attendis?

585 3013 702 3068 Non
732 3012 1038 3083 cujusquam
1063 3009 1359 3075 Manichzei,
1395 3008 1488 3063 sed
1513 3009 1680 3064 sancti
1704 3007 1968 3063 Ambrosii
1987 3007 2162 3063 verbis

587 3103 679 3159 tibi
705 3102 1003 3172 reSpondeo
1031 3117 1045 3155 :
1079 3120 1099 3152 ι
1131 3101 1273 3156 Deus
1297 3115 1429 3169 quos
1456 3098 1702 3169 dignatur
1721 3106 1892 3161 vocat,
1923 3106 1976 3152 et
2004 3113 2162 3167 quem

585 3197 698 3250 vult
718 3195 1019 3265 religiosum
1044 3192 1169 3248 facit
1192 3211 1214 3245 -ι
1252 3191 1387 3261 (Lib.
1418 3192 1474 3256 7,
1501 3191 1552 3244 in
1581 3189 1706 3244 Luc.
1737 3206 1812 3255 tx,
1839 3187 1949 3261 58).
1979 3189 2090 3244 Hoc
2111 3189 2160 3243 in

586 3286 808 3340 veritate
835 3284 978 3348 facit.
1008 3284 1114 3338 hoc
1137 3284 1190 3338 in
1219 3283 1438 3338 veritate
1459 3281 1847 3351 Scripturarum
1867 3281 2161 3336 divinarum

587 3376 846 3431 intellexit
872 3374 1183 3430 Ambrosius
1217 3391 1230 3426 :
1259 3373 1353 3427 sed
1396 3372 1670 3441 judicium,
1715 3386 1835 3426 cum
1858 3371 1990 3426 alios
2019 3370 2158 3435 facit,

589 3477 642 3520 et
666 3467 797 3520 alios
823 3480 927 3519 non
956 3464 1097 3528 facit,
1133 3464 1398 3518 occultum
1426 3469 1526 3517 est.
1559 3462 1781 3532 Propter
1808 3461 1946 3531 quod
1974 3462 2165 3515 dicitur

590 3559 788 3613 nomini
839 3572 934 3628 per
979 3555 1268 3620 hominem,
1311 3554 1406 3609 sed
1427 3551 1449 3584 ‘
1479 3568 1582 3611 non
1613 3553 1680 3607 ab
1711 3553 1958 3607 homine:
1996 3552 2040 3606 0
2069 3553 2164 3606 Ito-

591 3669 694 3716 mo,
743 3661 795 3703 tu
832 3651 942 3720 quis
965 3665 1036 3716 es,
1077 3647 1162 3718 qui
1191 3647 1493 3717 respondeas
1531 3645 1687 3700 Deo?
1735 3645 1996 3716 Numquid
2045 3645 2166 3699 dicit

591 3746 882 3814 ﬁgmentum
915 3741 961 3795 ei
988 3741 1074 3811 qui
1098 3756 1151 3794 sc
1179 3739 1326 3809 ﬁnxit
1345 3780 1360 3804 ,
1392 3737 1527 3803 Quid
1555 3754 1634 3791 me
1661 3737 1822 3806 fecisti
1841 3736 1958 3791 sic?
1987 3737 2166 3790 Annon

591 3835 734 3889 habet
753 3842 1045 3906 potestatem
1063 3831 1251 3903 ﬁgulus
1265 3831 1378 3896 luti,
1396 3846 1458 3884 ea:
1477 3829 1647 3884 eadem
1665 3845 1829 3882 massa
1845 3833 2009 3898 facere
2026 3828 2168 3881 aliud

591 3943 677 3982 vas
701 3927 753 3980 in
776 3918 1032 3990 honorem,
1057 3923 1199 3978 aliud
1212 3924 1263 3976 in
1280 3923 1633 3976 contumeliam
1649 3921 1826 3989 (Rom.
1845 3935 1918 3986 lx,
1935 3919 2026 3985 20,
2047 3919 2172 3989 21)!

591 4019 756 4076 Aufer
789 4027 907 4073 tuas
935 4017 1153 4073 nebulas
1179 4015 1246 4070 ab
1284 4016 1505 4069 istorum
1547 4013 1832 4069 serenitate
1859 4010 2165 4076 verborum,

551 4137 559 4144 -
591 4112 786 4183 quibus
815 4109 908 4164 Dei
951 4107 1166 4178 quidem
1204 4105 1460 4175 judicium
1503 4102 1827 4172 significatur
1865 4100 2165 4164 occultum;

591 4201 687 4256 sed
716 4201 825 4271 ipsa
859 4206 967 4254 tam
987 4198 1127 4252 clara
1157 4203 1303 4260 sunt,
1341 4202 1398 4248 ut
1418 4207 1476 4246 se
1507 4202 1592 4246 tua
1622 4191 1844 4260 caligine
1862 4189 2168 4244 obumbrari

592 4291 972 4360 obscurarique
995 4301 1100 4342 non
1125 4286 1321 4342 sinant.
1567 4355 1582 4360 _

657 4379 947 4440 CXXXVI.
985 4378 1100 4434 Jun.
1147 4377 1224 4431 Ac
1268 4389 1364 4445 per
1387 4373 1490 4428 hoc
1509 4381 1562 4427 et
1589 4371 1679 4427 tibi
1708 4371 2049 4428 vehementer
2072 4371 2170 4426 ob-

591 4475 718 4529 nixa
757 4479 863 4536 est,
906 4469 1111 4533 dicens,
1152 4481 1258 4520 non
1301 4479 1486 4519 omnes
1523 4462 1647 4533 ﬁngi
1688 4463 1740 4516 in
1768 4461 2170 4518 condemnatio-

595 4579 739 4626 nem,
767 4562 819 4616 in
847 4575 1002 4630 quam
1027 4567 1082 4612 tu
1111 4571 1297 4611 omnes
1317 4556 1394 4609 ire
1420 4555 1747 4624 pronuntias.
1781 4551 2173 4607 Absurdissime

598 4663 772 4708 autem
799 4649 1154 4720 argumentari
1181 4647 1341 4711 soles,
1373 4655 1431 4700 ut
1452 4645 1618 4709 dicas,
1640 4643 1743 4699 Sed
1763 4644 1816 4698 hi
1842 4658 1945 4696 non
1968 4642 2174 4713 ﬁngun-

601 4757 684 4800 tur
715 4744 766 4798 in
796 4740 1315 4803 condemnationem,
1361 4737 1450 4806 qui
1483 4745 1660 4805 postea
1687 4735 1978 4790 liberantur
2010 4753 2022 4786 :
2050 4749 2172 4789 cum

600 4850 694 4890 nec
726 4833 802 4888 sic
825 4833 994 4902 possit
1021 4828 1282 4883 sermonis
1310 4825 1584 4897 apostolici
1611 4825 1703 4879 tibi
1745 4827 1829 4880 vel
1867 4825 2175 4894 superﬁcies

597 4927 903 4984 convenire.
934 4924 1063 4978 Nam
1091 4937 1212 4977 cum
1240 4920 1372 4974 dicis
1423 4928 1498 4985 tu,
1529 4920 1727 4972 Omnes
1757 4919 1807 4972 in
1853 4917 2177 4971 condemna-

599 5021 796 5074 tionem
827 5024 1076 5070 creantur
1105 5014 1221 5083 lege
1237 5011 1518 5075 nascendi,
1555 5008 1648 5063 sed
1691 5009 1848 5078 aliqui
1875 5007 2018 5072 inde,
2046 5006 2170 5061 licet

596 5107 937 5180 perexigui’,
988 5103 1254 5177 mysteriis
1299 5102 1624 5166 liberantur;
1671 5114 1774 5152 non
1821 5097 1921 5152 hoc
1971 5097 2168 5151 asseris

663 5284 680 5314 ¹
708 5278 995 5336 lenardus,
1031 5275 1132 5340 lege
1159 5275 1299 5340 milia
1323 5272 1632 5340 Ezechielem.
1656 5280 1873 5340 Erratum
1892 5269 2174 5340 profectum

599 5355 663 5392 ex
701 5355 762 5391 eo
783 5341 912 5404 quod
945 5332 995 5387 tn
1015 5332 1433 5404 veieribuslibris
1464 5336 1706 5395 scribitur,
1740 5332 2072 5385 ltezecltielem.
2095 5334 2174 5381 vi-

600 5396 820 5467 gnierius
835 5401 956 5467 loco,
969 5396 1096 5467 mihi
1110 5436 1138 5467 λ
1149 5396 1614 5467 posuit,_diligcnter.
1634 5455 1646 5467 ι
1666 5455 1680 5466 ,

661 5465 832 5522 ἘΔὶιί,
854 5455 1055 5512 ιιὺίἶδῑα
1072 5455 1217 5522 etiam
1240 5455 1396 5522 verba.
1415 5455 1576 5516 A'best,
1595 5455 1694 5518 ubi,
1713 5467 1742 5505 a
1763 5464 1867 5506 Mss.

663 5528 683 5558 ³
705 5527 778 5574 sic
799 5519 902 5573 Mss.
930 5522 1067 5578 Editi.
1086 5519 1137 5570 in
1158 5519 1334 5583 impiis.

659 5588 680 5618 ⁸
705 5589 788 5634 ttic
800 5592 1031 5694 (geterum
1058 5577 1306 5632 librorum
1333 5583 1616 5633 auctoritate
1653 5580 1896 5638 addimus,
1923 5591 2007 5642 per
2029 5577 2179 5627 homi-

661 5661 725 5694 m.
750 5659 798 5694 re
839 5683 850 5694 .

599 5661 725 5696 nem.
750 5661 770 5692 Ξ
772 5659 833 5694 ea
839 5683 850 5694 .

660 5682 850 5769 ΐιέάῦῖζ
867 5705 953 5757 sed
984 5704 1133 5769 aliqui
1169 5704 1386 5756 manca
1425 5703 1687 5769 percn'gui.
1731 5713 1867 5764 3:35.,
1910 5703 1993 5752 sed
2035 5698 2183 5763 aliqui

596 5768 728 5827 inde,
751 5766 858 5818 licet
881 5766 1146 5832 pet-exigui.

1230 348 1480 409 'OPERIS
1521 352 1927 408 IMPERFECTI
1969 353 2234 409 CONTRA
2275 345 2632 420 JULIANUM,
2672 359 2726 414 S.
2769 362 3130 420 AUGUSTINI

3695 369 3820 424 1156

2264 470 2403 539 quod
2436 471 2542 529 ille.
2597 474 2682 542 qui
2716 490 2818 528 non
2859 477 3028 530 solum
3057 475 3125 531 de
3165 473 3531 532 condemnatis
3579 477 3819 536 liberari‘

2258 562 2532 633 praedicat.
2556 581 2736 621 verum
2757 583 2862 622 non
2884 584 3067 623 omnes
3094 569 3146 622 in
3171 567 3664 626 condemnationem
3687 574 3820 646 fingi,

2262 652 2355 706 sed
2383 653 2515 708 alios
2546 655 2596 708 in
2624 658 3018 723 contumeliam,
3049 659 3183 713 alios
3213 659 3264 712 in
3292 657 3572 714 honorem.

2333 745 2467 801 Anc.
2500 745 2599 801 Ubi
2625 747 3057 818 dixitApostolus
3077 791 3092 814 ,
3141 749 3226 802 Ea:
3249 766 3350 803 uno
3366 767 3536 805 omnes
3573 753 3624 805 in
3651 756 3826 810 conde-

2265 837 2576 890 mnationem
2589 838 2762 906 (Rom.
2778 855 2833 904 v,
2849 838 2938 910 I6)
2963 856 2980 904 ;
3000 839 3013 893 i
3021 854 3166 908 psam
3181 854 3409 895 massam
3435 841 3824 913 demonstravit,

2263 942 2382 996 qua:
2404 936 2509 981 tota
2529 928 2707 983 vitiata
2735 945 2799 984 ex
2831 930 2998 986 Adam
3029 930 3178 986 ﬂuxit
3205 948 3220 984 :
3249 932 3336 987 ubi
3375 942 3554 989 autem
3581 934 3720 999 dicit,
3765 953 3825 991 ex

2264 1017 2351 1070 illa
2378 1016 2491 1072 fieri
2524 1033 2649 1073 vasa
2679 1020 2732 1073 in
2759 1019 3035 1087 honorem,
3078 1023 3300 1091 gratiam
3333 1024 3688 1090 commendat,
3732 1043 3827 1096 qua

2265 1105 2509 1162 homines
2537 1123 2669 1178 quos
2690 1118 2858 1175 creat,
2888 1111 3047 1164 etiam
3079 1111 3304 1178 liberat;
3345 1112 3432 1166 ubi
3462 1128 3609 1177 vero,
3655 1130 3717 1170 ex
3747 1117 3826 1170 illa

2264 1196 2380 1252 fieri
2408 1213 2532 1252 vasa
2558 1199 2611 1253 in
2638 1201 3033 1268 contumeliam,
3057 1201 3311 1270 judicium
3339 1205 3588 1272 ostendit,
3612 1222 3715 1274 quo
3740 1207 3829 1262 ho-

2262 1290 2454 1355 mines,
2484 1291 2724 1360 quamvis
2753 1301 2915 1356 creet,
2951 1300 3248 1348 nontamen
3271 1295 3476 1349 liberat.
3506 1297 3654 1363 Quod
3677 1299 3828 1353 etiam

2261 1395 2358 1434 vos
2383 1380 2450 1435 de
2477 1382 2709 1450 parvulis
2737 1382 2987 1452 cogimini
3015 1383 3277 1449 conﬁteri,
3299 1400 3523 1454 quorum
3561 1398 3705 1442 certe
3725 1405 3831 1442 om-

2263 1469 2408 1522 nium
2433 1483 2591 1523 unam
2612 1483 2732 1524 esse
2753 1485 2982 1525 massam
3003 1486 3108 1525 non
3131 1473 3350 1541 potestis
3369 1489 3580 1543 negare,
3602 1476 3831 1544 qualem—

2263 1563 2391 1618 libet
2409 1577 2527 1618 eam
2552 1565 2748 1632 putetis
2781 1583 2794 1619 :
2825 1579 2892 1620 ex
2921 1580 3022 1634 qua
3051 1573 3228 1620 tamen
3254 1566 3388 1622 alios
3414 1567 3466 1620 in
3498 1567 3590 1621 Dei
3616 1584 3830 1638 regnum

2261 1653 2501 1722 adoptari
2529 1652 2787 1720 fatemini,
2813 1669 2948 1724 quos
2972 1655 3154 1724 procul
3170 1654 3332 1710 dubio
3358 1670 3482 1710 vasa
3505 1656 3556 1710 in
3579 1655 3833 1712 honorem

2262 1744 2397 1798 facta
2425 1743 2749 1808 conceditis;
2781 1745 2918 1800 alios
2941 1761 3066 1801 vero
3104 1761 3216 1801 non
3241 1747 3502 1816 adoptari,
3547 1765 3682 1818 quos
3703 1749 3834 1805 facta

2261 1847 2385 1886 vasa
2416 1833 2468 1887 in
2511 1832 2905 1900 contumeliam,
2939 1834 3040 1888 nisi
3081 1835 3437 1904 intelligenter
3472 1838 3835 1902 consentiatis,

2262 1923 2599 1994 impudenter
2641 1924 2862 1994 negatis.
2914 1923 3097 1994 Neque
3145 1926 3310 1993 enim,
3361 1927 3534 1981 sinon
3579 1937 3662 1982 est
3704 1929 3838 1982 ista'

2262 2030 2419 2084 paena
2440 2016 2815 2081 damnationis,
2856 2017 2994 2072 sicut
3022 2017 3203 2080 vultis,
3235 2033 3340 2072 non
3361 2020 3464 2073 erit
3496 2019 3684 2073 saltem
3717 2034 3843 2073 con-

2266 2107 2485 2162 tumelia
2506 2107 2752 2176 imaginis
2779 2106 2895 2174 Dei,
2927 2107 3161 2176 separari
3201 2122 3232 2160 a
3261 2122 3426 2178 regno
3452 2107 3564 2160 Dei.
3610 2107 3722 2162 Sed
3751 2123 3845 2163 vos

2263 2197 2307 2250 si
2332 2184 2473 2250 illam
2495 2205 2898 2267 perseveranter
2917 2195 2937 2227 ³
2968 2196 3232 2266 negabitis
3271 2197 3514 2266 gratiam,
3542 2197 3606 2251 ad
3637 2197 3743 2252 hoc
3769 2199 3846 2267 ju-

2264 2287 2460 2342 dicium
2491 2301 2588 2342 vos
2638 2285 2904 2355 pertinere
2941 2287 3307 2341 monstrabitis
3338 2303 3350 2338 :
3377 2285 3516 2356 quod
3563 2288 3752 2356 utique
3796 2289 3846 2341 in

2263 2377 2500 2448 parvulis
2523 2377 2776 2446 injustum
2827 2385 2989 2440 esset,
3032 2377 3076 2432 si
3117 2385 3393 2446 peccatum
3431 2377 3696 2447 originale
3744 2393 3846 2430 non

2262 2474 2424 2522 esset.
2445 2501 2448 2506 -

2333 2555 2638 2612 CXXXVII.
2663 2557 2780 2612 Jun.
2813 2557 2963 2624 Quod
2985 2565 3041 2610 ut
3068 2556 3258 2611 claruit
3283 2557 3594 2626 Apostolum
3639 2558 3852 2614 dixisse

2264 2647 2330 2703 de
2349 2647 2607 2715 moribus,
2641 2648 2714 2702 ita
2743 2657 2964 2718 apparet
2986 2657 3180 2718 quanta
3218 2648 3651 2704 testimoniorum
3696 2653 3857 2721 Legis

2265 2739 2440 2810 inopia
2462 2738 2693 2804 labores,
2715 2740 2804 2810 qui
2820 2740 2888 2794 ab
2909 2739 2994 2795 his
3019 2739 3299 2795 sententiis
3323 2752 3506 2794 contra
3526 2739 3760 2797 fulmina
3783 2759 3856 2798 ra-

2266 2831 2423 2886 tionis
2444 2829 2466 2862 ⁸
2495 2845 2648 2900 opem
2677 2832 2837 2900 petis,
2860 2847 2979 2901 qua:
3009 2832 3100 2886 tibi
3126 2832 3495 2900 dedignantur,
3521 2832 3630 2888 imo
3659 2844 3857 2891 natura

2264 2923 2342 2978 sui
2367 2922 2647 2977 subvenire
2668 2937 2775 2976 non
2789 2923 2810 2953 '
2846 2930 3088 2990 possunt.

2336 3015 2469 3069 Auc.
2501 3011 2696 3068 Contra
2728 3013 3038 3082 Apostolum
3069 3012 3354 3074 dicentem.
3384 3028 3450 3068 ex
3465 3013 3652 3068 eadem
3672 3030 3863 3068 massa

2266 3103 2408 3158 aliud
2438 3117 2530 3157 vas
2558 3103 2610 3156 in
2633 3103 2909 3168 honorem,
2935 3102 3077 3157 aliud
3105 3103 3155 3156 in
3173 3103 3545 3158 contumeliam
3571 3103 3748 3158 Deum
3781 3104 3866 3158 fa-

2265 3208 2421 3258 cere;
2445 3207 2544 3248 nec
2563 3193 2847 3257 dicentem,
2865 3193 3004 3247 aliud
3031 3208 3130 3248 nec
3146 3193 3196 3246 in
3223 3193 3500 3257 honorem,
3527 3207 3626 3248 nec
3647 3194 3706 3248 in
3727 3209 3866 3249 con-

2267 3284 2538 3338 tumeliam
2560 3325 2575 3350 ,
2607 3283 2748 3354 quod
2778 3283 2958 3353 utique
2995 3283 3215 3349 diceret,
3247 3283 3290 3337 si
3324 3283 3423 3336 hoc
3451 3283 3591 3352 quod
3616 3298 3724 3338 vos
3745 3284 3769 3315 '
3796 3284 3867 3338 de

2265 3374 2503 3443 parvulis
2547 3374 2789 3430 crederet
2821 3393 2835 3428 :
2866 3384 3050 3429 contra
3096 3374 3236 3429 hunc
3288 3390 3416 3446 ergo
3459 3374 3722 3429 divinitus
3778 3375 3867 3429 in-

2267 3471 2538 3517 tonantem
2572 3479 2676 3517 non
2696 3471 2784 3518 est
2813 3464 3059 3518 fulminea
3087 3465 3223 3519 ratio
3248 3476 3422 3520 vestra
3447 3507 3461 3528 ,
3490 3464 3581 3520 sed
3611 3465 3827 3520 fumea.

2271 3577 2282 3588 ε
2338 3553 2669 3610 CXXXVIII.
2700 3554 2818 3609 Jun.
2849 3553 2916 3608 Et
2950 3553 3066 3609 haec
3093 3555 3303 3624 quidem
3334 3565 3588 3625 quantum
3642 3565 3870 3625 spectat

2268 3647 2333 3702 ad
2357 3647 2715 3702 testimonium
2746 3646 2984 3715 Apostoli
3013 3645 3277 3715 disputata
3301 3656 3444 3701 sunt.
3487 3647 3767 3701 Caeterum
3813 3648 3870 3700 in

2272 3737 2424 3801 Isaia,
2456 3737 2596 3792 unde
2619 3737 2785 3806 ipsam
2817 3736 3132 3790 sententiam
3182 3736 3380 3790 Paulus
3435 3737 3777 3804 assumpsit,
3815 3736 3869 3790 in

2271 3836 2471 3883 tantum
2502 3841 2604 3881 non
2631 3826 2861 3880 deterret
2888 3826 3028 3880 Dens
3080 3825 3444 3880 rationabilem
3475 3835 3806 3880 creaturam
3843 3841 3873 3876 a

2272 3919 2352 3973 sui
2383 3915 2812 3971 consideratione
2836 3915 3042 3984 judicii,
3071 3923 3129 3969 ut
3152 3916 3287 3970 sicut
3317 3931 3409 3984 per
3446 3915 3698 3970 eumdem
3732 3931 3872 3984 pro-

2273 4007 2484 4077 phetam
2507 4005 2740 4070 dixerat,
2777 4004 3022 4070 Quiescite
3059 4022 3206 4076 agere
3236 4021 3458 4075 perverse
3481 4048 3495 4072 ,
3527 4007 3713 4060 discite
3745 4007 3881 4059 bene

2273 4098 2440 4167 facere
2457 4139 2470 4161 ,
2495 4095 2748 4150 subvenite
2785 4112 3059 4165 oppresso;
3098 4106 3144 4150 et
3164 4097 3320 4150 venite
3341 4137 3354 4160 ,
3380 4097 3574 4165 arguite
3593 4113 3674 4148 me
3695 4138 3714 4161 ,
3745 4097 3880 4148 dicit

2276 4185 2521 4239 Dominus
2542 4183 2696 4256 (Isai.
2726 4200 2763 4249 ι,
2797 4185 2980 4256 16-18)
3016 4202 3029 4236 :
3059 4186 3127 4238 ita
3157 4185 3314 4240 etiam
3342 4185 3445 4248 hic,
3489 4199 3557 4238 ne
3604 4186 3745 4254 quid
3779 4201 3887 4255 po-

2277 4293 2471 4341 testate
2499 4283 2630 4349 sola,
2660 4298 2763 4338 non
2789 4281 2992 4352 justitia
3022 4281 3292 4336 videretur
3317 4280 3506 4336 fecisse
3526 4320 3541 4344 ,
3569 4279 3886 4349 dispensa-

2275 4378 2479 4432 tionum
2508 4390 2722 4430 suarum
2757 4374 3002 4444 dignatur
3045 4374 3252 4443 aperire
3299 4373 3583 4427 rationem.
3639 4373 3890 4427 Alllicto

2277 4470 2420 4525 enim
2467 4469 2518 4522 in
2542 4467 2844 4537 captivitate
2873 4466 3070 4536 populo
3111 4465 3414 4520 Judmorum
3458 4465 3886 4532 redemptionis

2277 4560 2594 4631 appropiare
2618 4568 2846 4628 tempus,
2879 4572 2984 4627 quo
3010 4557 3076 4610 ad
3109 4565 3301 4611 terram
3330 4571 3481 4610 suam
3519 4565 3894 4611 reverteren-

2280 4663 2384 4720 tur,
2399 4652 2771 4715 annuntiat;et
2800 4663 3012 4703 causam
3047 4648 3128 4703 vel
3157 4646 3570 4717 prmcedentium
3594 4661 3893 4713 angorum

2279 4752 2516 4808 reserat,
2544 4741 2628 4796 vel
2658 4739 2962 4794 instantium
2993 4737 3325 4808 gaudiorum.
3353 4736 3619 4805 Epulatur,
3657 4736 3895 4805 inquit,

2280 4834 2461 4885 cadum
2498 4815 2729 4899 desuper,
2761 4838 2809 4882 et
2835 4827 2987 4881 nubes
3012 4835 3252 4896 spargant
3269 4825 3560 4895 justitiam;
3581 4824 3810 4877 oriatur
3833 4841 3900 4876 α

2282 4934 2414 4977 terra
2448 4922 2807 4985 misericordia,
2838 4928 2882 4972 ct
2920 4918 3121 4989 justitia
3149 4918 3344 4969 oriatur
3367 4914 3538 4968 simul.
3586 4913 3714 4984 Ego
3774 4931 3900 4968 sunt

2285 5011 2530 5065 Dominus
2558 5010 2690 5063 Deus
2718 5009 2803 5080 qui
2823 5008 2986 5061 creavi
3007 5018 3053 5059 te
3076 5047 3091 5069 ,
3116 5007 3306 5077 faciens
3327 5004 3582 5058 meliorem
3602 5044 3616 5067 ,
3655 5021 3900 5072 prtepa-

2282 5104 2389 5157 ravi
2420 5114 2466 5156 te
2489 5103 2614 5155 sicut
2646 5101 2806 5154 lutum
2828 5098 2990 5169 ﬁguli.
3019 5096 3278 5166 Numquid
3301 5096 3388 5166 qui
3413 5105 3543 5160 arat,
3574 5095 3766 5146 ambit
3795 5105 3906 5147 lcr-

2281 5211 2392 5248 ram
2423 5208 2510 5262 per
2533 5207 2729 5243 omnem
2762 5190 2892 5242 diem
2922 5189 2946 5241 ?
2987 5186 3252 5255 Numquid
3274 5185 3395 5238 dicit
3449 5184 3610 5236 lutum
3665 5185 3863 5254 ﬁgulo
3890 5225 3906 5244 .

2285 5284 2423 5352 Quid
2446 5284 2595 5354 facis,
2625 5282 2742 5352 quia
2781 5297 2878 5334 non
2924 5279 3168 5349 operaris,
3195 5279 3312 5346 quia
3338 5291 3437 5329 non
3457 5274 3606 5326 habes
3633 5289 3857 5334 "mnus
3881 5273 3905 5325 ἲ

2348 5397 2363 5460 ξ
2393 5403 2501 5460 Mss.
2531 5394 2650 5442 Clar.
2679 5403 2730 5442 et
2747 5389 3135 5460 Mat-“liberatis.
3251 5456 3260 5460 _
3290 5449 3302 5460 θ
3421 5459 3426 5460 ν
3585 5447 3680 5460 ,μ’

2345 5457 2365 5487 ²
2388 5455 2503 5505 Editi
2528 5462 2770 5511 onuttunt,
2793 5452 2884 5503 is'a
2904 5466 2920 5512 ;
2944 5452 3136 5502 tametsi
3163 5452 3338 5499 eratin
3362 5452 3745 5507 manuscriptis.

2348 5520 2367 5580 ἒ
2390 5517 2528 5574 Editi,
2552 5520 2943 5580 perseverantem.
2970 5521 3095 5580 iussa
3116 5515 3488 5580 perseveranter.
3528 5569 3539 5580 .
3601 5566 3613 5577 .

2347 5579 2367 5609 ἰ
2391 5569 2617 5636 Μοιπιί·ὃ.,
2645 5581 2808 5627 contra
2845 5573 3044 5636 fulmina
3084 5569 3370 5624 tentatiom's.
3405 5569 3697 5636 \‘ignieritss
3721 5605 3754 5636 ,_
3792 5583 3922 5621 con-

2285 5646 2362 5689 tra
2381 5640 2580 5703 fuitnina
2603 5630 2732 5703 tanta
2750 5630 2963 5703 rationis.
2991 5635 3166 5703 Abest,
3193 5639 3339 5690 tanta,
3365 5644 3393 5679 a
3415 5630 3812 5703 mammas-inus.

2350 5691 2463 5750 Vsic
2486 5709 2590 5749 Mss.
2627 5699 2898 5755 \‘igniorius
2922 5710 3061 5755 vero,
3088 5702 3260 5744 natura
3283 5707 3370 5743 sua
3409 5691 3651 5742 obverti".

2351 5764 2369 5792 ⁸
2395 5748 2474 5811 ttic
2500 5748 2616 5812 editi
2642 5748 2836 5811 addunt.
2857 5757 3028 5808 dicitis.
