4008 6178
197 311 327 366 “57

194 425 457 495 Numquid
483 422 920 490 dicit'ﬁgmentum
948 417 992 471 ei
1019 417 1104 486 qui
1124 433 1176 469 se
1199 415 1364 483 ﬁnxit,
1400 410 1666 482 Sapienter
1691 426 1769 463 me

191 518 384 586 ﬁuxisti
407 515 433 567 2’
457 514 531 567 vel
568 512 654 581 qui
682 510 800 563 dicit
826 509 978 578 patri,
1014 506 1149 572 Quid
1187 504 1442 575 generabis
1461 503 1484 556 τ’
1506 512 1554 556 et
1582 501 1729 554 matri
1751 539 1764 563 ,

196 606 334 674 Quid
376 603 623 674 parturies
649 601 673 655 ?
702 598 832 666 Quia
855 598 928 651 sic
967 597 1086 649 dicit
1131 594 1378 648 Dominus
1421 592 1560 646 Deus
1604 590 1768 645 Israel

191 707 397 750 sanctus
421 694 508 763 qui
531 691 645 762 fecit
667 689 838 758 futura
859 703 878 741 :
900 685 1216 756 Interrogate
1239 701 1315 738 me
1329 700 1418 754 pro
1447 683 1568 752 ﬁliis
1593 682 1713 762 meis
1724 690 1770 733 et

194 786 419 855 ﬁliabus,
447 793 492 838 et
514 799 604 852 pro
623 779 852 851 operibus
872 794 1112 832 manuum
1128 791 1354 829 mearum
1371 773 1605 826 mandate
1625 771 1768 832 mihi.

195 876 307 949 Ego
337 877 436 948 feci
460 885 644 930 terram
672 881 716 926 et
761 873 1011 926 hominem
1033 886 1185 939 super
1213 883 1347 932 eam;
1373 883 1462 937 ego
1485 882 1635 919 manu
1661 881 1772 917 mea

195 968 392 1036 ﬁrmavi
415 965 630 1028 cadum;
653 980 741 1032 ego
771 960 996 1016 omnibus
1016 959 1260 1014 sideribus
1289 957 1522 1011 mandavi
1546 971 1564 1010 :
1590 972 1677 1025 ego
1697 954 1772 1008 le-

195 1058 303 1110 vavi
334 1072 449 1109 cum
489 1055 688 1126 justitia
730 1067 895 1122 regem
920 1094 934 1116 ,
961 1059 1007 1104 et
1035 1066 1204 1104 omnes
1228 1049 1319 1102 via:
1357 1048 1464 1117 ejus
1490 1055 1665 1107 rectm;
1693 1044 1775 1097 hic

195 1147 467 1214 wdiﬁcabit
492 1146 737 1200 civitatem
767 1159 958 1209 nteant,
1006 1151 1051 1196 et
1077 1141 1412 1212 captivitatem
1460 1137 1636 1208 pepuli
1680 1136 1776 1189 mei

197 1240 418 1306 reducet,
439 1254 537 1291 non
559 1253 670 1289 cum
694 1236 920 1305 prtumio,
945 1249 1034 1286 nec
1059 1249 1172 1286 cum
1195 1229 1498 1296 muneribus,
1522 1227 1648 1282 dixit
1673 1225 1778 1280 Do-

199 1331 361 1383 minus
389 1329 598 1384 sabaoth
619 1327 768 1398 (Isai.
796 1341 923 1391 XLV,
951 1326 1122 1395 8-15).

267 1422 408 1475 Auc.
435 1420 491 1474 Si
511 1417 835 1487 intelligeres
857 1416 1017 1471 verba
1038 1413 1340 1484 Prophetm,
1364 1411 1684 1480 intelligercs
1707 1408 1779 1463 ibi

201 1525 405 1582 regem,
432 1509 499 1564 de
523 1523 626 1579 quo
647 1508 847 1562 dictum
869 1515 970 1572 est,
1008 1505 1114 1576 Ego
1140 1504 1296 1558 levavi
1317 1519 1430 1556 cum
1467 1502 1671 1574 justitia
1709 1517 1784 1553 re-

201 1617 332 1671 gem,
362 1610 409 1653 et
434 1615 600 1653 omnes
625 1599 718 1651 via:
744 1599 853 1669 ejus
878 1606 1055 1661 rectm,
1082 1601 1222 1650 hunc
1265 1609 1385 1650 esse
1433 1592 1780 1647 mediatoretn

202 1695 295 1748 Dei
341 1701 394 1748 et
439 1692 708 1746 hominum
737 1692 1006 1746 hominem
1032 1689 1300 1746 Christum
1326 1687 1505 1743 Jesum
1536 1702 1549 1742 :
1577 1686 1669 1740 sed
1701 1687 1783 1740 in-

203 1779 471 1854 ulligeres
501 1794 555 1838 ut
595 1782 967 1853 intelligendus
1013 1791 1114 1836 est.
1142 1781 1324 1850 Neque
1374 1780 1514 1834 enim
1566 1778 1786 1832 audebis

200 1889 323 1928 eum
355 1875 534 1929 dicere
560 1873 977 1943 prmcedentibus
1001 1886 1221 1941 Operam
1250 1869 1455 1924 meritis
1479 1867 1670 1922 Filium
1694 1867 1786 1921 Dei

202 1967 399 2020 tactum
440 1967 506 2020 ab
533 1966 685 2020 initio
707 2007 722 2031 ,
751 1965 801 2020 id
827 1975 928 2032 est,
969 1979 1000 2017 a
1027 1963 1247 2033 virginis
1278 1973 1451 2017 utero.
1496 1960 1609 2027 Qua
1660 1972 1786 2028 ergo

203 2057 371 2127 gratia
401 2056 562 2110 homo
587 2055 672 2110 ille
692 2056 758 2109 ab
780 2055 928 2109 initio
955 2053 1123 2108 factus
1139 2063 1221 2108 est
1236 2052 1426 2116 bonus,
1453 2049 1638 2104 eadem
1663 2063 1784 2118 gra-

203 2148 268 2200 tia
299 2146 550 2201 homines
579 2147 665 2214 qui
685 2153 810 2200 sunt
834 2144 1070 2198 membra
1086 2143 1201 2213 ejus
1228 2159 1292 2197 ex
1319 2142 1474 2196 malis
1492 2140 1622 2194 ﬁunt
1639 2138 1784 2192 boui.

204 2237 340 2303 Quid
387 2237 535 2292 enim
577 2235 766 2288 dicatis
793 2234 857 2289 de
885 2233 1096 2289 Christo
1142 2232 1428 2287 secundum
1479 2230 1786 2294 hominem,

206 2342 307 2380 non
339 2325 616 2389 invenitis,
645 2324 694 2378 id
725 2333 826 2389 est,
849 2323 1140 2378 secundum
1170 2323 1221 2376 id
1249 2322 1390 2392 quod
1409 2321 1641 2377 Verbum
1665 2335 1790 2375 caro

208 2419 402 2472 factum
431 2426 547 2472 est:
572 2416 708 2486 quod
727 2415 815 2470 ille
834 2415 922 2484 qui
951 2415 1091 2470 Deus
1117 2423 1259 2481 erat,
1290 2421 1345 2468 et
1367 2412 1505 2466 Deus
1528 2410 1718 2464 mansit
1739 2418 1793 2464 et

209 2511 369 2566 homo
398 2509 570 2565 factus
593 2519 706 2574 est;
734 2508 872 2578 quod
904 2508 1015 2576 ipse
1041 2507 1203 2560 homo
1250 2520 1522 2576 nunquam
1577 2504 1646 2557 ita
1690 2503 1790 2556 fuit

208 2601 409 2667 homo,
444 2610 630 2654 utnon
657 2607 800 2654 esset
852 2597 1151 2667 unigenilus
1199 2596 1291 2650 Dei
1335 2594 1534 2659 Filius,
1577 2601 1790 2663 propter

210 2691 541 2763 unigenitum
569 2689 820 2745 Verbum.
849 2687 1030 2758 Neque
1045 2687 1185 2741 enim
1202 2694 1258 2740 ut
1274 2685 1374 2739 hoc
1400 2692 1562 2749 esset,
1583 2697 1791 2737 morum

212 2797 435 2837 suorum
464 2781 533 2835 de
559 2780 768 2848 propria
796 2779 1064 2833 voluntate
1079 2777 1404 2832 venientium
1423 2774 1622 2830 meritis
1641 2789 1793 2828 com-

211 2873 419 2942 paravit
443 2889 456 2924 :
478 2870 570 2924 sed
592 2911 608 2935 ,
645 2870 782 2924 sicut
809 2884 989 2923 verum
1020 2867 1152 2922 dixit
1182 2867 1523 2929 Ambrosius,
1554 2865 1701 2935 quasi
1728 2863 1795 2919 de

207 2961 407 3029 Spiritu
427 2968 578 3014 natus
607 2958 860 3013 abstinuit
885 2973 914 3011 a
941 2957 1135 3012 delicto
1168 2955 1267 3028 (α).
1303 2955 1556 3024 Alioquin
1587 2969 1785 3009 secun-

210 3051 338 3106 dum
357 3065 473 3116 vos,
504 3049 653 3104 multi
675 3057 859 3104 essent
884 3048 1038 3115 talos,
1061 3047 1105 3100 si
1134 3060 1257 3101 esse
1283 3044 1610 3107 voluissent;
1635 3052 1796 3112 atque

211 3153 266 3196 ut
298 3143 388 3196 ille
420 3140 539 3195 talis
571 3142 586 3172 ¹
621 3140 831 3194 nonnisi
876 3152 1010 3193 unus
1049 3146 1224 3203 esset,
1251 3137 1303 3191 in
1331 3143 1594 3206 potestate
1622 3134 1796 3188 homi-

216 3249 341 3287 num
375 3232 473 3286 luit
495 3273 510 3297 ,
539 3232 628 3302 qui
648 3233 778 3286 tales
803 3244 922 3286 esse
950 3229 1272 3284 noluerunt:
1302 3242 1421 3298 qua:
1456 3227 1500 3281 si
1528 3225 1796 3280 altenditis

213 3332 411 3392 quanta
439 3322 712 3390 impietate
736 3321 1001 3384 dicantur,
1034 3319 1114 3373 vel
1145 3318 1300 3372 tacita
1327 3316 1647 3386 cogitatione
1675 3329 1796 3369 cre-

213 3415 442 3477 dantur;
471 3412 610 3467 sicut
635 3410 921 3481 agnoscitis
946 3407 1212 3479 Unigeniti
1243 3417 1483 3462 naturam
1505 3449 1519 3469 ,
1563 3406 1704 3476 quod
1737 3408 1789 3462 in

216 3503 476 3572 principio
497 3511 610 3556 erat
639 3501 889 3562 Verbum,
922 3509 976 3553 et
1006 3497 1240 3552 Verbum
1271 3507 1386 3552 erat
1406 3497 1544 3566 apud
1589 3499 1754 3552 Deum
1777 3538 1792 3564 ,

218 3603 269 3648 et
296 3594 436 3647 Deus
452 3602 569 3646 erat
589 3591 816 3646 Verbum
837 3607 853 3654 ;
875 3591 1145 3659 agnoscite
1172 3599 1227 3643 et
1251 3588 1496 3657 gratiam,
1511 3588 1799 3656 quod‘Ver-

216 3683 340 3738 bum
367 3698 496 3737 caro
523 3682 714 3737 factum
736 3690 836 3747 est,
869 3689 924 3734 et
945 3679 1197 3733 habitavit
1221 3679 1274 3731 in
1296 3678 1448 3732 nobis
1470 3676 1646 3746 (Joan.
1675 3693 1712 3741 t,
1744 3679 1796 3744 l,

224 3775 329 3846 Η).
376 3773 470 3828 llle
529 3774 686 3843 igitur
710 3785 845 3841 quos
891 3769 1136 3839 dignatur
1173 3776 1358 3832 vocat,
1386 3777 1440 3820 et
1487 3781 1646 3836 quem
1693 3767 1802 3820 vult

221 3867 526 3937 religiosum
557 3864 679 3918 facit
705 3862 1037 3934 (Ambrosius,
1064 3859 1150 3914 lib.
1175 3861 1206 3913 7
1238 3860 1290 3912 in
1322 3858 1446 3912 Luc.
1476 3858 1680 3928 tx,58),
1712 3860 1801 3929 qui

220 3959 490 4013 hominem
520 3972 677 4028 quem
707 3955 891 4020 voluit,
923 3967 1084 4007 unum
1113 3947 1228 4006 sine
1272 3951 1392 4006 ullis
1424 3953 1668 4006 humana:
1710 3969 1801 4006 vo-

221 4051 438 4104 luntatis
465 4046 886 4118 przccedentibus
908 4042 1111 4099 meritis
1141 4043 1487 4097 mediatorem
1515 4042 1607 4097 Dei
1634 4053 1687 4098 et
1709 4041 1804 4097 ho-

222 4145 423 4195 minum
457 4141 598 4195 fecit.

289 4231 579 4287 CXXXIX.
607 4229 726 4284 Jun.
759 4229 813 4283 In
842 4228 942 4282 hoc
972 4228 1130 4298 igitur
1157 4227 1272 4282 loco
1295 4226 1379 4280 hic
1399 4241 1608 4291 sensus,
1636 4240 1802 4295 quan-

225 4337 334 4380 tum
364 4332 571 4394 spectat
599 4323 664 4377 ad
695 4322 991 4385 historiam,
1020 4321 1341 4386 continetur,
1374 4331 1430 4374 ut
1462 4322 1596 4374 Deus
1623 4321 1805 4390 loqua-

227 4428 312 4470 tur
335 4416 400 4468 ad
435 4415 684 4484 populum
718 4431 731 4467 :
763 4413 895 4480 Quia
936 4427 1035 4467 nec
1075 4408 1197 4466 odio
1218 4427 1314 4466 vos
1355 4411 1408 4465 in
1450 4412 1804 4480 captivitatem

227 4507 417 4561 tradidi
439 4549 454 4572 ,
484 4520 583 4559 nec
610 4520 747 4558 nunc
772 4504 1036 4558 oblivione
1063 4502 1245 4571 judicii
1281 4502 1347 4556 de
1379 4502 1600 4555 vinculis
1633 4502 1804 4572 Baby—

229 4601 415 4654 lonica
446 4596 768 4666 captivitatis
805 4594 1012 4658 exemi;
1044 4593 1139 4648 sed
1167 4608 1265 4662 ego
1286 4634 1301 4657 ,
1344 4600 1598 4661 quantum
1630 4593 1679 4644 in
1721 4607 1806 4645 me

227 4701 310 4747 est
329 4732 344 4756 ,
378 4698 589 4760 paratus
613 4689 634 4719 ’
659 4686 769 4756 jugi
801 4701 894 4739 vos
921 4683 1290 4739 benevolentia
1319 4682 1621 4744 confovere,
1653 4680 1806 4748 justi-

229 4785 318 4836 tize
349 4796 482 4835 mea:
515 4790 689 4832 tamen
731 4775 926 4841 debui,
974 4783 1031 4828 ut
1070 4784 1123 4828 et
1166 4772 1534 4840 delinquentes
1570 4770 1806 4825 hosﬁbus

231 4871 516 4932 traderem,
554 4879 606 4922 et
632 4880 925 4922 rccrearem
967 4865 1354 4932 liberarcmque
1381 4870 1615 4916 vexatos.
1652 4862 1802 4916 Sicut

230 4965 371 5020 enim
425 4959 712 5016 rusticandi
755 4971 954 5027 gnarus
1002 4969 1105 5009 non
1155 4967 1368 5021 semper
1421 4967 1524 5005 uno
1571 4951 1810 5005 imminet

232 5056 417 5125 operi,
457 5061 515 5107 ut
549 5051 678 5105 solis
721 5048 886 5103 findat
929 5061 1053 5100 arva
1095 5044 1434 5108 dentalibus;
1467 5043 1558 5098 sed
1597 5043 1810 5097 diverso

231 5160 430 5220 genere
467 5144 654 5198 votivze
691 5137 951 5194 lertiiitati
980 5137 1002 5169 ³
1034 5152 1154 5191 rura
1190 5136 1462 5205 componit
1493 5152 1505 5186 :
1541 5135 1609 5188 ita
1651 5135 1809 5198 etiam

234 5254 336 5310 ego
363 5232 818 5304 dispensationum
862 5230 1002 5283 vices
1045 5232 1210 5292 vario,
1254 5236 1311 5280 ut
1353 5235 1458 5278 tum
1507 5225 1766 5292 pressuris
1793 5264 1808 5288 ,

237 5343 348 5385 tum
371 5319 824 5384 consolationibus
839 5319 1158 5374 voluntatem
1183 5329 1410 5372 vestram
1438 5314 1670 5384 frugibus
1691 5329 1814 5382 pos-

303 5442 319 5471 ι
348 5435 610 5491 uenardus,
630 5437 769 5493 atque
790 5436 841 5480 ut
870 5427 976 5478 illos
997 5434 1132 5493 tates.
1158 5426 1430 5493 vignierius
1447 5461 1460 5485 ,
1486 5429 1628 5486 atque
1651 5421 1812 5486 utique

235 5502 375 5551 tales.
401 5487 720 5547 Emendantur
744 5506 806 5541 ex
831 5487 1255 5551 uulnuscx‘iptorum
1278 5487 1389 5534 lide.

303 5548 324 5592 ά
348 5559 481 5615 aditi,
506 5561 701 5620 paratus
723 5565 841 5620 sum.
862 5548 1028 5620 Abest,
1051 5548 1231 5620 sumta
1247 5548 1590 5620 manttsm'iptis.

313 5624 332 5654 ι
357 5609 789 5680 ΡΔὶιὶ’,’[ενιὶΙξισιὶδ.
813 5623 882 5660 us.
909 5610 1043 5680 var,
1070 5609 1316 5680 fertilitati.

306 5666 532 5792 (aliide
574 5688 736 5739 supra,
783 5683 846 5723 De
886 5666 1148 5728 sumtis'et
1186 5669 1607 5730 (Loucutisccnua,
1648 5666 1726 5716 lib.
1769 5668 1812 5726 1,

241 5758 296 5793 ι).
326 5758 396 5792 441.

1556 295 1758 351 LIBER
1799 294 2072 352 PRIMUS.

2591 237 2740 270 επηορ
2773 251 2776 254 ,

3311 298 3453 352 1158

1879 409 1976 462 sim
2003 417 2189 477 aptare
2209 405 2446 477 iustitiae.
2475 407 2750 479 Denique,
2796 415 2854 462 ut
2901 406 3206 478 intelligetis
3251 417 3446 478 quanta

1878 497 2131 566 :equitate
2161 511 2312 567 agam
2342 496 2614 552 vobiscum
2639 539 2654 563 ,
2685 511 2898 568 possem
2931 498 3326 553 mussitationes
3363 512 3454 552 ve-

1877 599 2014 642 stras
2042 603 2140 657 pro
2166 597 2426 658 potestate
2450 589 2726 659 despicere
2744 631 2760 656 ,
2801 598 2860 644 ut
2887 589 3022 645 sicut
3050 588 3207 658 ﬁgulo
3233 588 3454 658 ﬁgmen-

1880 689 1988 733 tum
2029 695 2180 734 suum
2225 680 2400 734 dicere
2446 695 2582 734 non-
2607 689 2809 749 potest:
2865 681 3002 748 Quid
3057 679 3229 736 fecisti
3263 679 3325 730 '?
3383 681 3450 733 ita

1879 771 2036 825 etiam
2065 770 2213 824 vobis
2248 770 2440 825 silentii
2485 770 2688 840 pondus
2715 770 3041 840 imponerem
3075 789 3088 825 :
3123 780 3297 824 tamen
3324 784 3457 823 con-

1881 869 1960 913 tra
1991 859 2104 913 haec
2131 859 2371 928 exempla
2401 872 2633 929 provoco
2665 873 2760 913 vos
2783 901 2796 924 ,
2838 868 2895 913 ut
2933 873 3030 929 pro
3068 858 3192 913 ﬁliis
3229 860 3360 913 meis
3405 867 3458 911 et

1883 951 2108 1018 ﬁliabus,
2147 951 2198 1006 id
2227 959 2328 1016 est,
2356 966 2452 1020 pro
2478 952 2627 1006 vobis
2655 960 2708 1005 et
2737 952 2986 1020 operibus
3017 967 3268 1005 manuum
3307 965 3453 1004 mea-

1881 1057 1996 1095 rum
2025 1055 2111 1094 me
2141 1041 2497 1110 interrogetis,
2526 1051 2580 1094 et
2604 1039 2842 1107 discatis,
2865 1051 3029 1094 totum
3057 1041 3301 1110 mejuste
3319 1081 3334 1106 ,
3360 1054 3459 1094 nec

1881 1129 2162 1199 quidquam
2193 1145 2421 1200 unquam
2451 1132 2470 1160 '
2499 1131 2686 1185 iecisse
2714 1129 3020 1184 crudeliter.

1953 1222 2087 1277 Auc.
2105 1221 2256 1289 Quod
2279 1223 2358 1275 vis
2375 1220 2526 1287 dicis,
2551 1237 2655 1275 non
2680 1220 2819 1290 quod
2839 1220 2976 1275 dixit
3004 1221 3162 1276 Isaias
3184 1239 3197 1276 :
3224 1221 3312 1275 ille
3333 1236 3458 1291 gra-

1886 1312 2011 1366 tiam
2037 1312 2291 1381 loquitur,
2323 1319 2504 1366 contra
2530 1327 2689 1381 quam
2717 1322 2772 1366 tu
2801 1312 3056 1382 loqueris.

1953 1401 2108 1458 CXL.
2139 1403 2258 1459 Jun.
2290 1403 2359 1458 Et
2385 1419 2414 1456 a
2439 1404 2704 1473 Propheta
2732 1419 2877 1474 ergo,
2911 1414 2965 1458 et
2992 1405 3060 1459 ab
3088 1404 3375 1474 Apostolo,
3407 1405 3459 1457 in

1885 1496 2182 1566 exemplum
2208 1495 2464 1550 adductus
2488 1504 2571 1550 est
2607 1495 2830 1566 ﬁgulus,
2872 1495 3002 1549 nihil
3045 1494 3185 1550 aliud
3215 1493 3461 1564 praebitu-

1887 1604 2014 1653 rus,
2052 1603 2210 1658 quam
2253 1588 2662 1656 comparationis
2707 1587 2975 1652 ofﬁcium;
3024 1602 3132 1642 non
3183 1596 3357 1642 tanton
3406 1595 3464 1640 ut

1889 1686 1994 1732 tam
2025 1677 2156 1732 viles
2175 1677 2312 1747 apud
2339 1677 2502 1732 Deum
2529 1691 2649 1732 esse
2687 1677 2932 1732 homines
2958 1677 3276 1742 indicentur,
3300 1690 3458 1746 quam

1889 1767 2069 1835 argilla
2113 1775 2196 1822 est
2242 1767 2295 1820 in
2341 1765 2556 1822 fornace
2599 1776 2653 1822 et
2690 1770 2819 1821 orbe
2862 1767 3162 1837 ligulorum.
3209 1765 3462 1823 Absoluta

1889 1856 1988 1912 hac
2018 1857 2347 1927 expositione
2372 1872 2529 1926 quam
2560 1857 2910 1926 praemisimus
2929 1900 2944 1922 ,
2995 1857 3344 1912 admonemus
3371 1861 3466 1908 tne-

1889 1949 2122 2004 cundum
2165 1951 2654 2020 interpretationem
2700 1961 2970 2005 recentem
3017 1950 3071 2004 in
3114 1949 3304 2005 eodem
3346 1947 3464 2001 loco

1891 2040 2031 2094 aliud
2056 2041 2314 2096 relucere.
2345 2041 2552 2107 Rorate,
2584 2043 2786 2110 inquit,
2815 2040 2948 2105 coeli,
2975 2041 3211 2109 desuper,
3234 2049 3281 2093 et
3310 2037 3465 2092 nubes

1893 2130 2069 2200 pluunt
2085 2131 2284 2200 justum
2304 2149 2324 2198 ;
2343 2133 2599 2201 aperiatur
2618 2142 2769 2196 terra,
2791 2141 2836 2186 et
2861 2134 3102 2202 germinet
3126 2130 3464 2194 Salvatorem,
3507 2163 3518 2170 -
3547 2173 3554 2180 .

1893 2231 1940 2274 et
1959 2222 2160 2291 justitia
2188 2222 2381 2274 oriatur
2409 2222 2558 2276 simul
2587 2237 2605 2276 :
2629 2238 2718 2292 ego
2749 2221 2996 2275 Dominus
3021 2221 3184 2274 creavi
3210 2236 3343 2274 eum.
3385 2219 3469 2273 Va:

1892 2314 1976 2381 qui
2001 2312 2300 2366 contradicit
2323 2313 2506 2382 [actori
2531 2329 2642 2380 suo,
2669 2322 2793 2367 testa
2821 2313 2883 2366 de
2905 2312 3078 2366 samiis
3101 2321 3247 2365 teme
3273 2327 3293 2365 :
3319 2327 3469 2364 num-

1893 2405 2013 2474 quid
2040 2406 2158 2459 dicit
2189 2406 2349 2459 lutum
2375 2406 2532 2476 ﬁgulo
2557 2422 2673 2462 suo.
2730 2406 2864 2470 Quid
2893 2405 3021 2475 facis
3041 2407 3067 2458 ?
3104 2414 3150 2460 et
3174 2421 3300 2475 Opus
3326 2413 3469 2457 tuum

1893 2493 2076 2564 absque
2103 2495 2332 2550 manibus
2359 2505 2428 2549 est
2459 2495 2613 2566 (Isai.
2656 2512 2789 2563 ην,
2816 2496 2882 2560 8,
2914 2495 3018 2563 9)?
3052 2495 3254 2563 Quibus
3297 2495 3472 2549 verbis

1896 2587 1995 2640 etsi
2022 2587 2313 2641 secundum
2345 2586 2618 2642 historiam
2645 2587 2816 2658 Cyrus
2843 2603 2935 2643 rex
2961 2629 2977 2654 ,
3008 2588 3302 2644 secundum
3347 2603 3467 2657 pro-

1899 2675 2130 2745 phetiam
2191 2686 2371 2732 tamen
2423 2678 2718 2733 incarnatio
2772 2678 3064 2733 Salvatoris
3117 2678 3469 2748 exprimitur;

1896 2766 1988 2835 qui
2015 2767 2264 2836 quoniam
2308 2775 2424 2822 erat
2449 2766 2519 2822 de
2562 2769 2764 2839 virgine
2792 2769 3090 2823 nasciturus
3114 2809 3128 2833 ,
3168 2768 3473 2824 .ludaaorum

1896 2865 1953 2912 et
1978 2856 2212 2910 omnium
2240 2857 2534 2912 inﬁdelium
2580 2859 2864 2913 obstinatio
2899 2859 3212 2913 convenitur
3232 2899 3248 2924 ,
3277 2875 3344 2913 ne
3370 2859 3476 2913 sint

1899 2947 2063 3016 signis
2102 2946 2344 3002 ﬁdelibus
2383 2947 2707 3014 perduelles.
2748 2948 2880 3003 Cum
2911 2949 3051 3004 enim
3093 2949 3472 3019 prmmisisset,

1899 3037 2168 3106 Aperiutur
2213 3046 2366 3103 terra,
2415 3048 2461 3092 et
2500 3039 2740 3106 germinet
2789 3038 3141 3104 Salvatorem,
3193 3049 3241 3093 et
3275 3040 3476 3111 justitia

1899 3127 2091 3180 oriatur
2115 3127 2283 3180 simul.
2312 3125 2425 3197 Ego
2453 3125 2720 3194 Dominus,
2751 3128 2952 3197 inquit,
2981 3131 3143 3183 creavi
3165 3145 3298 3184 eum.

1971 3219 2106 3274 Anc.
2136 3218 2232 3272 Dic
2277 3217 2409 3272 mihi
2446 3218 2638 3286 quibus
2671 3218 2921 3287 operibus
2957 3221 3059 3274 hoc
3097 3221 3289 3274 meruit
3319 3221 3477 3276 homo

1899 3308 2142 3362 Christus
2168 3307 2356 3372 Jcsus;
2387 3316 2441 3362 et
2464 3322 2567 3377 qua
2601 3307 2804 3377 justitia
2836 3308 2928 3362 Dei
2968 3309 3112 3364 solus
3139 3309 3240 3364 hoc
3266 3325 3477 3365 merue-

1901 3398 2002 3462 rit,
2039 3395 2177 3450 aude
2215 3395 2236 3427 ³
2261 3396 2463 3466 garrire
2497 3414 2510 3450 :
2539 3404 2632 3450 aut
2663 3397 2707 3451 si
2742 3412 2845 3451 non
2873 3397 3071 3464 audes,
3107 3398 3318 3454 tandem
3351 3414 3477 3469 gra-

1902 3488 2026 3541 tiam
2053 3486 2171 3542 sine
2205 3486 2410 3541 meritis
2449 3485 2736 3553 conﬁtere,
2764 3503 2870 3541 non
2900 3489 3070 3542 solum
3116 3489 3477 3544 remittentem

1903 3585 2115 3647 peccata
2145 3576 2366 3640 homini,
2390 3592 2572 3632 verum
2593 3578 2751 3632 etiam
2781 3577 2831 3631 in
2861 3587 3045 3634 natura
3073 3578 3300 3633 humana
3322 3579 3478 3649 justi-

1905 3667 2028 3720 tiam
2057 3675 2242 3720 sancto
2282 3665 2484 3735 Spiritu
2531 3666 2834 3721 facientem.
2876 3667 2990 3723 Non
3027 3669 3167 3724 enim
3199 3679 3252 3725 et
3276 3669 3478 3724 homini

1901 3754 2114 3810 Christo
2140 3755 2306 3825 gratia
2334 3763 2546 3824 peccata
2569 3755 2786 3823 dimisit,
2815 3766 2906 3812 aut
2926 3772 3030 3812 non
3057 3773 3176 3814 cum
3201 3760 3369 3830 gratia
3401 3769 3478 3812 ta-

1905 3846 2008 3900 lem
2041 3845 2166 3900 fecit
2189 3888 2204 3913 ,
2239 3855 2298 3899 ut
2325 3846 2392 3899 ab
2424 3847 2573 3900 initio
2595 3862 2808 3916 semper
2829 3857 2971 3902 esset
2999 3849 3168 3903 bonus
3192 3891 3207 3915 ,
3242 3851 3377 3904 sicut
3410 3851 3503 3915 ab,

1905 3940 2055 3993 initio
2097 3953 2308 4008 semper
2353 3937 2447 3991 Dei
2492 3937 2677 3991 Filius.
2727 3938 2991 4002 Prorsus,
3041 3940 3176 3992 sicut
3222 3939 3477 3994 admoniti

1906 4039 2050 4094 sunt,
2093 4027 2182 4097 qui
2232 4027 2283 4080 in
2327 4040 2510 4080 eremo
2553 4035 2858 4096 serpentum
2907 4027 3171 4082 morsibus
3217 4029 3480 4094 lethaliter

1905 4119 2254 4184 vexabantur,
2282 4127 2337 4172 ut
2361 4117 2508 4171 illum
2534 4117 2622 4188 qui
2652 4118 2704 4171 in
2725 4119 2874 4189 signo
2896 4119 3156 4174 cxaltatus
3184 4119 3374 4185 fuerat,
3403 4129 3478 4174 at-

1907 4209 2203 4274 tenderem,
2233 4222 2300 4263 ne
2327 4207 2563 4278 perirent
2595 4207 2780 4279 (Num.
2803 4225 2912 4274 xxt,
2943 4208 3057 4279 6-9)
3093 4227 3106 4261 :
3140 4209 3209 4264 ita
3236 4217 3360 4264 sunt
3385 4211 3478 4264 ad-

1907 4299 2178 4364 monendi,
2209 4299 2296 4368 qui
2336 4300 2528 4353 vestris
2562 4299 3004 4368 disputationibus
3037 4312 3396 4368 venenantur,
3427 4310 3481 4356 ut

1907 4389 2177 4445 Christum
2205 4389 2566 4452 attendant.et
2585 4391 2634 4444 in
2658 4391 2800 4446 illius
2818 4392 3046 4448 hominis
3061 4393 3366 4448 mediatoris
3391 4394 3481 4463 ju-

1907 4482 2047 4536 stitia
2072 4482 2294 4551 gratiam
2330 4482 2444 4536 sine
2470 4482 2672 4536 meritis
2709 4483 2961 4549 videant,
2998 4483 3136 4539 unde
3168 4499 3196 4537 a
3227 4499 3284 4539 se
3319 4487 3479 4540 vestri

1907 4574 2016 4627 oris
2053 4573 2195 4626 virus
2228 4572 2528 4626 excludant.
2575 4573 2812 4642 Denique
2853 4574 2904 4627 iu
2946 4575 3125 4630 verbis
3152 4575 3433 4647 Prophetae
3458 4619 3472 4642 ,

1908 4666 2066 4719 etiam
2117 4663 2406 4720 secundum
2462 4674 2727 4719 recentem
2780 4665 3269 4736 interpretationem
3321 4685 3478 4740 quam

1909 4755 2335 4811 commemorasti
2375 4754 2462 4808 ubi
2501 4755 2799 4809 evidentius
2826 4757 3171 4826 prophetatus
3209 4769 3291 4814 est
3325 4760 3514 4824 Chri-ﬁ

1909 4859 2043 4913 stus,
2074 4862 2174 4901 non
2201 4845 2322 4900 inde
2347 4847 2677 4915 assumpsisti
2700 4848 2839 4901 unde
2861 4849 3178 4918 disputares,
3213 4849 3314 4903 nisi
3341 4851 3506 4920 quod

1911 4959 1973 4997 ex
2005 4941 2206 5010 virgine
2237 4947 2390 4992 natus
2414 4945 2516 5004 est,
2543 4939 2662 5008 quia
2687 4939 2881 4993 dictum
2910 4949 3010 5004 est,
3038 4940 3308 5012 Aperiatur
3327 4939 3506 5012 terra,’

1912 5042 1956 5085 et
1986 5030 2224 5100 germinet
2251 5027 2563 5082 Salvatorem
2592 5044 2610 5082 :
2638 5028 2704 5081 de
2725 5028 2925 5096 justitin
2949 5044 3074 5084 vero
3095 5030 3229 5098 ejus,
3252 5046 3371 5100 qua:
3399 5017 3506 5086 hicf

1914 5123 2110 5192 pariter
2131 5118 2474 5187 praenuntiata
2504 5126 2607 5183 est,
2638 5117 2768 5170 nihil
2795 5117 2974 5174 dicere
3003 5119 3251 5186 voluisti;
3274 5137 3395 5176 cum
3427 5131 3482 5175 tu

1913 5212 2072 5266 verba
2103 5212 2214 5280 ipsa
2241 5208 2547 5278 prophetica
2580 5210 2949 5277 pr0posucris,
2997 5212 3082 5266 ubi
3113 5213 3222 5278 ait,
3256 5214 3475 5276 Rorate,

1915 5304 2043 5368 ca’li,
2072 5303 2302 5371 desuper,
2330 5309 2376 5354 et
2403 5299 2554 5354 nubes
2584 5300 2759 5370 pluunt
2779 5303 3008 5371 justum;
3029 5306 3284 5374 aperiatur
3313 5316 3442 5359 terra
3463 5347 3476 5363 .

1917 5405 1962 5450 et
1984 5393 2220 5465 germinet
2245 5390 2557 5446 Salvatorent
2582 5433 2596 5456 ,
2639 5400 2684 5444 et
2705 5393 2904 5461 justitia
2942 5396 3134 5449 oriatur
3169 5394 3336 5448 simul.
3389 5392 3480 5447 Dic

1983 5501 2313 5570 'ﬁjignierius,
2339 5499 2453 5562 quid
2477 5513 2552 5570 me
2583 5500 2737 5570 [ecisti
2776 5503 2890 5553 sic?
2925 5504 3237 5566 Manttscrtpti,
3269 5500 3395 5561 Quid
3416 5503 3476 5564 fe-

1919 5563 2024 5614 cisti
2041 5564 2064 5614 Ρ
2084 5563 2194 5619 nec,
2212 5575 2312 5618 me,
2342 5574 2448 5612 nec.
2476 5563 2562 5620 sie,
2587 5563 2785 5612 habent.

1983 5630 2333 5682 2.\ts..\tar.,nec
2368 5622 2627 5686 quidquam
2655 5626 2840 5688 [et'tsst‘l
2866 5624 3151 5684 crudeliter;
3177 5625 3369 5686 eruisse,
3402 5637 3487 5674 urt-

1956 5699 2081 5734 lllllll.

1922 5701 2092 5797 quale
2108 5753 2219 5799 uss.
2244 5745 2360 5796 Editi
2383 5758 2518 5811 vero,
2544 5748 2706 5798 audes.
