4004 6190
528 303 666 358 i139

524 418 654 473 mihi
686 418 704 450 ⁸
735 430 893 488 quem
915 416 1116 485 justum
1142 412 1311 468 nubes
1337 413 1616 481 pluet-unt,
1653 410 1750 464 n-isi
1779 409 1900 479 quia
1923 411 1942 438 ³
1967 409 2095 462 Pro—

524 510 698 579 pheta:
731 518 784 566 et
813 506 1051 575 Apostoli
1089 503 1356 559 Christum
1400 501 1821 572 pt'ardicaverunt
1845 542 1859 566 ,
1901 499 1989 568 qui
2034 515 2100 553 ex

527 604 643 671 ipso
690 601 908 670 virginis
957 606 1109 652 utero
1154 611 1274 651 cum
1320 595 1527 665 justitia
1571 604 1726 648 natus
1775 593 1897 648 est?
1948 591 2099 647 Unde

523 708 640 745 cum
672 691 867 746 dictum
905 697 1085 752 esset,
1125 686 1398 756 Aperiatur
1440 695 1571 739 terra
1591 726 1606 750 ,
1635 695 1680 738 et
1706 685 1949 754 germinet
1981 682 2102 738 Sal-

519 792 740 834 ratorem
761 796 780 844 ;
802 795 922 833 mox
945 777 1184 832 additum
1204 785 1306 842 est,
1333 786 1378 830 et
1387 776 1588 846 justitia
1609 776 1801 829 oriatur
1826 776 1995 829 simul.
2023 776 2100 839 Ae

523 889 615 940 per
646 874 764 936 hoc,
786 885 846 924 ea
876 871 1042 939 gratia
1069 869 1090 901 ⁸
1115 871 1248 924 ﬁunt
1266 869 1397 938 justi
1423 867 1666 922 homines
1695 866 1784 937 qui
1811 881 2099 920 renascun-

520 975 603 1015 tur
635 965 685 1016 in
713 963 944 1025 Christo,
972 977 1073 1032 qua
1096 961 1263 1032 gratia
1285 961 1456 1031 justus
1481 961 1641 1015 homo
1668 969 1822 1014 natus
1843 970 1924 1017 est
1952 959 2099 1014 Citri-

517 1065 649 1107 stus.
677 1053 825 1108 Sicut
851 1067 980 1122 ergo
1005 1052 1307 1121 exetnplum
1335 1061 1418 1106 est
1440 1052 1584 1116 vitm,
1611 1061 1668 1104 ut
1688 1066 1808 1105 eum
1839 1050 2100 1104 imitando

513 1145 655 1212 juste
682 1160 900 1214 agamus
935 1163 947 1197 :
981 1145 1050 1198 ita
1077 1155 1159 1198 est
1191 1146 1351 1198 etiam
1376 1143 1680 1212 exemplum
1710 1142 1916 1212 gratia),
1954 1151 2012 1195 ut
2043 1143 2093 1195 in

519 1252 641 1289 eum
685 1235 952 1291 credendo
990 1235 1111 1289 inde
1157 1250 1253 1290 nos
1297 1235 1413 1290 ﬁeri
1460 1250 1738 1304 speremus
1780 1234 1952 1303 justos
2001 1249 2096 1302 per

517 1327 690 1396 ipsum
717 1325 766 1392 ⁸,
795 1326 932 1380 unde
960 1325 1132 1381 factus
1156 1334 1237 1380 est
1266 1328 1398 1394 ipse,
1427 1327 1513 1392 qui
1543 1329 1707 1399 [actus
1731 1335 1803 1380 est
1833 1326 1977 1379 nobis
2011 1343 2094 1379 sa-

518 1420 707 1488 pientia
727 1433 756 1471 a
786 1417 914 1482 Deo,
945 1428 993 1472 et
1010 1419 1233 1490 justitia,
1266 1428 1314 1473 et
1339 1419 1690 1488 amictiﬁcatio,
1715 1428 1759 1472 ct
1781 1419 2095 1486 redemptio;

515 1520 590 1570 ut,
621 1511 1042 1574 quemadmodum
1064 1512 1306 1580 scriptum
1338 1521 1412 1564 est
1431 1553 1444 1573 ,
1476 1511 1562 1580 qui
1587 1510 1866 1580 gloriatur,
1896 1511 1947 1562 iu
1991 1509 2096 1563 Do-

514 1601 651 1652 mino
678 1601 918 1671 glorietur
939 1602 981 1671 (Ι
1011 1602 1127 1657 Cor.
1155 1619 1192 1668 ι,
1233 1602 1322 1668 50,
1363 1602 1477 1673 5i).
1505 1601 1875 1672 Quoscumque
1914 1603 2094 1672 itaque

513 1691 672 1746 dente
695 1693 967 1748 mortifero
992 1695 1353 1749 momordistis
1375 1696 1396 1727 ⁵
1413 1737 1427 1758 ,
1461 1695 1602 1748 hunc
1620 1697 1819 1763 justum
1844 1696 2091 1749 int-neun-

516 1797 619 1846 tnr,
648 1795 702 1838 et
726 1787 1055 1840 sanabuntur
1086 1803 1100 1840 :
1131 1786 1230 1841 hoc
1254 1797 1356 1852 est,
1386 1787 1509 1842 inde
1531 1803 1588 1842 se
1608 1787 1829 1842 credant
1849 1789 2092 1856 accipere

509 1874 772 1940 justitiam
789 1907 806 1937 ,-
847 1875 988 1930 unde
1017 1875 1230 1931 Christo
1268 1887 1350 1930 est
1387 1877 1563 1930 innata
1600 1877 1834 1945 justitia;
1879 1886 1933 1930 et
1973 1877 2092 1932 ideo

514 1980 618 2019 non
651 1968 703 2019 in
738 1981 835 2020 suo
863 1966 1104 2032 arbitrio,
1143 1983 1239 2021 nec
1277 1968 1331 2022 in
1370 1983 1468 2021 suo
1505 1969 1730 2035 merito,
1771 1969 1864 2022 sed
1892 1969 1941 2022 in
1985 1968 2092 2022 Do-

514 2054 656 2108 [nino
681 2055 992 2124 glorientur.

581 2144 760 2198 CXLI.
802 2145 922 2201 ,ἰείη
954 2150 1092 2202 Ante
1119 2157 1258 2201 terra
1297 2149 1534 2216 aperitur
1571 2149 1625 2202 in
1659 2164 1900 2218 germen,
1928 2162 2088 2219 quam

512 2247 672 2302 opera
715 2237 940 2290 colentis
986 2251 1169 2292 semen
1217 2238 1482 2307 accipiat:
1515 2238 1657 2308 quod
1700 2237 1754 2292 in
1803 2241 2087 2309 puerperio

507 2330 726 2398 virginis
773 2330 1132 2399 approbatur,
1185 2347 1306 2400 qua:
1355 2346 1576 2385 munere
1621 2333 1806 2386 matris
1849 2331 2084 2387 ofﬁcium

508 2423 763 2488 praevenit
796 2422 1098 2476 etexelusit
1125 2425 1325 2476 uxoris.
1376 2423 1527 2488 Quod
1572 2437 1700 2492 ergo
1741 2424 1794 2477 in
1841 2439 1936 2477 usu
1980 2439 2085 2478 non

503 2520 653 2578 erat,
688 2511 741 2565 id
769 2513 1024 2566 iacturum
1053 2525 1112 2567 se
1149 2513 1288 2568 Deus
1315 2515 1651 2582 omnipotens
1689 2516 1999 2582 pollicetur;
2033 2527 2086 2569 et

505 2602 671 2666 addit,
724 2602 1021 2671 praevidens
1065 2603 1357 2656 inﬁdelium
1401 2605 1792 2659 multitudinem
1828 2623 1840 2658 :
1884 2603 1972 2659 Va:
1998 2608 2086 2676 qui

503 2695 799 2748 contradicit
828 2695 993 2763 [icturi
1017 2712 1133 2763 suo,
1157 2705 1281 2749 testa
1302 2696 1366 2750 de
1387 2698 1560 2751 samiis
1582 2707 1745 2752 terrm.
1781 2698 1836 2752 ld
1861 2709 1963 2764 est,
1997 2700 2084 2754 Vte

506 2786 589 2838 his
623 2785 735 2854 qui,
781 2784 887 2841 Deo
918 2788 1279 2856 promittente,
1323 2787 1482 2842 fetam
1518 2789 1633 2844 ﬁeri
1670 2790 1930 2859 virginem
1979 2805 2081 2843 non

508 2877 743 2942 potuisse
770 2878 1095 2931 contendunt
1123 2896 1137 2930 :
1171 2893 1400 2948 cumque
1443 2880 1540 2947 ipsi
1569 2879 1789 2934 totidem
1820 2881 1840 2910 ⁶
1870 2881 1989 2934 licet
2016 2880 2083 2935 de

503 2968 795 3022 seminibus
821 2983 849 3020 α
889 2969 995 3022 Deo
1021 2969 1308 3035 institutis,
1348 2981 1518 3025 tamen
1562 2971 1948 3026 interveniente
1989 2974 2081 3026 Dei

502 3060 757 3127 potentia,
779 3058 830 3112 in
851 3060 1143 3114 visceri-bus
1162 3060 1428 3131 ﬁngantur
1444 3065 1715 3129 maternis,
1736 3063 1870 3116 obsei
1878 3079 1944 3132 po
1969 3072 2081 3118 stu-

502 3151 591 3203 dio
620 3150 907 3216 afﬁrmant,
949 3151 1251 3221 nequivisse
1275 3159 1492 3206 carnem
1515 3155 1631 3208 sine
1662 3154 1956 3210 ministerio
1983 3156 2079 3209 viri

500 3255 566 3295 ex
591 3256 752 3296 carne
782 3242 1000 3312 virginis
1026 3242 1292 3298 fabricari.
1322 3243 1452 3298 Tale
1489 3254 1573 3299 est
1599 3246 1756 3315 igitur
1784 3247 1923 3315 quod
1951 3261 2075 3312 vos,

500 3351 534 3387 o
562 3335 888 3402 pervicaees,
924 3351 1028 3389 non
1076 3338 1271 3405 putatis
1303 3353 1387 3391 me
1414 3337 1463 3390 id
1495 3338 1671 3393 facere
1703 3341 1937 3407 potuisse
1961 3383 1975 3406 ,
2017 3356 2078 3396 ac

500 3425 627 3478 mihi
656 3425 724 3479 de
754 3427 833 3478 rei
859 3425 1173 3481 dil‘ﬁeuttate
1205 3429 1545 3496 praescribitis
1574 3430 1594 3460 "
1617 3471 1630 3493 ,
1661 3444 1782 3483 cum
1808 3444 1902 3483 vos
1936 3431 2078 3498 ipsos

500 3518 743 3569 manibus
768 3518 901 3570 meis
927 3523 1131 3571 constet
1157 3519 1373 3573 eﬂ'ectos
1398 3537 1412 3583 ;
1439 3521 1616 3589 quale,
1650 3521 1695 3574 si
1725 3521 1891 3575 lutum
1919 3521 2079 3591 ﬁgulo

500 3621 615 3667 suo,
643 3616 762 3659 cum
788 3606 856 3660 ab
881 3621 946 3661 eo
975 3616 1248 3674 tractatur,
1283 3610 1501 3673 diceret,
1524 3611 1640 3665 Non
1667 3611 1830 3667 habes
1852 3627 2074 3680 manus;

500 3699 690 3765 quibus
719 3703 842 3753 tunc
890 3699 940 3752 in
984 3709 1074 3751 vas
1103 3700 1313 3769 aiiquod
1355 3701 1696 3757 forrnabatur.
1744 3702 1818 3757 ita
1860 3719 1988 3774 ergo
2027 3715 2081 3760 et

503 3802 615 3850 vos,
647 3788 734 3858 qui
764 3789 1028 3858 inquii-itis
1057 3791 1174 3859 quis
1204 3789 1366 3845 ﬁlium
1398 3792 1583 3862 virgini
1613 3793 1819 3848 dederit
1842 3796 1956 3850 sine
1983 3797 2078 3850 viri

501 3878 727 3938 semine.
757 3881 1058 3948 cognoscite
1089 3881 1334 3935 eumdem
1357 3895 1478 3937 esse
1504 3885 1590 3952 qui
1625 3898 1718 3938 vos
1749 3885 1874 3940 feeit
1903 3903 1966 3939 cx
1996 3901 2078 3940 se-

500 3970 661 4023 mine.
703 3967 808 4023 Sed
832 3970 940 4038 jam
970 3972 1218 4040 quoniam
1260 3971 1552 4042 Scripturis
1591 3976 1789 4028 sanctis
1815 3977 2077 4044 expositio

498 4064 641 4117 varia
669 4064 814 4130 licet,
850 4071 1071 4134 utraque
1100 4075 1274 4118 tamen
1307 4065 1388 4134 pia
1418 4075 1473 4118 et
1512 4066 1758 4134 religiosa
1783 4069 2074 4134 concinuit,

501 4157 700 4221 primus
722 4155 1037 4209 tet-minetur
1060 4155 1191 4208 liber
1222 4175 1236 4209 :
1263 4169 1360 4208 suo
1384 4165 1557 4208 tamen
1581 4157 1684 4210 ﬁne
1708 4171 2074 4226 commonens,

500 4257 555 4298 nt
581 4245 752 4315 opifex
783 4247 1113 4298 nascentium
1148 4244 1287 4298 Deus
1314 4245 1578 4304 credatur.
1613 4247 1971 4302 innocentium
1997 4258 2078 4304 tu-

499 4349 618 4401 tor,
667 4335 1058 4392 Catholicorum
1107 4346 1513 4401 remunerator,
1561 4337 2078 4412 Manichzeorumque

497 4430 777 4484 damnatur
801 4431 841 4483 ⁸.

575 4523 706 4576 AUC.
752 4521 817 4577 Ut
845 4522 1034 4587 sciant,
1063 4522 1152 4592 qui
1199 4523 1554 4593 intelligenter
1581 4524 1780 4592 legunt,
1815 4525 2076 4594 quemad—

500 4614 714 4666 modum
756 4624 976 4669 conatus
1025 4615 1189 4670 t‘ncris
1233 4616 1392 4671 verba
1437 4618 1723 4688 τιρομιυιὶοει
1763 4619 2076 4674 obnubilare

499 4707 664 4773 (rt-ira,
695 4718 748 4760 et
777 4717 918 4761 recta
952 4715 1276 4776 pervertere,
1307 4707 1428 4762 huic
1470 4710 1814 4781 disputationi
1863 4722 1962 4765 tua:
2009 4729 2074 4766 ex

501 4800 686 4853 eadem
743 4808 951 4867 oportet
999 4799 1236 4867 Apostoli
1295 4799 1653 4868 diSputatione
1697 4803 2071 4872 rCSpondeam.

508 4891 699 4945 Veiens
731 4890 888 4960 igitur
917 4891 1103 4944 beatus
1131 4890 1324 4944 Paulus
1350 4892 1630 4947 ostendere
1650 4936 1664 4959 ,
1694 4895 1834 4965 quod
1865 4903 1925 4950 ea
1956 4913 2073 4966 quae

563 5049 578 5119 ξ
606 5045 742 5119 editi,
765 5045 847 5097 die
868 5059 1008 5119 quem
1029 5045 1175 5119 nubes
1186 5045 1622 5119 justum;_omisso,
1637 5049 1770 5100 milii.

561 5113 580 5139 ³
609 5113 654 5156 Vi
694 5122 761 5170 n.,
787 5119 945 5170 quem.
969 5115 1093 5157 Men.
1119 5115 1172 5158 et
1194 5115 1318 5166 Mss,
1343 5113 1475 5171 quia.

564 5172 582 5197 ³
607 5121 751 5220 Editi.
790 5180 851 5218 ac
885 5181 973 5220 per
1007 5170 1097 5220 hoc
1128 5182 1159 5219 α
1190 5170 1367 5220 oratio.
1400 5170 1697 5220 (:astiaantur
1721 5182 1781 5220 ex
1817 5176 2053 5220 manuscri

689 5171 751 5234 ti,
790 5180 851 5218 ac
885 5181 973 5232 per
1007 5170 1097 5220 hoc
1128 5182 1159 5219 a
1189 5170 1367 5233 gratia.
1400 5170 1697 5233 (:astigantur
1721 5182 1781 5220 ex
1817 5176 2078 5222 mai-mseri-

501 5240 676 5403 ιὐξξίο
700 5292 962 5343 Meuanias.
987 5299 1043 5343 At
1077 5294 1211 5356 \‘ign.
1242 5299 1293 5342 et
1317 5301 1422 5344 uss.
1468 5293 1586 5343 Clar.
1626 5301 1734 5343 Mar.
1784 5301 1906 5344 Fort.
1927 5329 1942 5356 ,
1991 5310 2077 5360 per
2107 5305 2122 5316 ‘

501 5367 615 5403 smn
638 5367 733 5403 am.

496 5367 733 5417 smmum.

560 5417 580 5450 ⁵
606 5423 687 5468 tus.
706 5425 837 5477 Man,
863 5415 1179 5468 momordisti.

558 5479 582 5510 ⁸
609 5481 767 5543 \’tgn.,
790 5478 976 5543 itidem.
1000 5485 1204 5543 Men.__et
1225 5485 1353 5543 stis”
1379 5478 1590 5543 totidem.

560 5547 577 5573 τ
604 5537 688 5590 διε
700 5537 804 5591 Mss.
831 5541 968 5601 aliti,
988 5553 1043 5590 ac
1067 5539 1185 5589 mihi
1210 5537 1540 5602 diﬂicuttatem
1563 5540 1888 5603 prwscribitis.

558 5608 580 5634 ⁸
621 5611 714 5654 ttoc
759 5602 866 5653 loco
909 5605 958 5652 in
1018 5611 1191 5666 vetere
1258 5603 1424 5666 codice
1460 5610 1610 5666 _l\_lar.,
1664 5611 1786 5666 ante
1831 5606 2073 5666 Augustini

499 5668 862 5725 responsionem
887 5665 1168 5729 prtuligitur,
1187 5728 1190 5729 ν
1211 5663 1418 5729 I-ifplicit
1453 5664 1569 5729 liber
1609 5665 1788 5715 Julii'mi
1809 5680 1821 5724 ;
1845 5663 1938 5727 qua
1967 5675 2074 5716 nota

499 5730 598 5778 tiu;
622 5725 1158 5796 superiuri;voluminis
1182 5725 1376 5776 iudieari
1401 5727 1543 5784 soltl,

1128 298 1368 356 OPERIS
1407 294 1812 351 IMPERFECTI
1852 290 2122 349 CONTRA
2164 294 2520 359 JULlANUM,
2563 296 2618 350 S.
2661 295 3020 352 AUGUSTINI

3645 301 3796 358 “40

2215 409 2454 478 promisit
2485 411 2644 478 Deus,
2675 420 2861 481 potens
2879 422 2956 466 est
2982 421 3033 464 et
3065 411 3274 476 facere;
3302 412 3388 466 ubi
3413 414 3638 467 niaxime
3663 432 3794 485 gra-

2207 501 2275 553 tia
2307 503 2727 570 commendatur,
2755 504 2905 571 cujus
2938 503 3068 558 estis
3089 503 3287 558 inimici
3321 521 3333 556 :
3364 520 3538 574 neque
3565 508 3709 560 enim
3739 508 3790 561 in

2207 599 2466 660 potestate
2494 594 2764 648 hominum
2793 604 2873 650 est
2896 635 2912 661 ,
2942 603 2998 648 ut
3022 596 3161 649 Deus
3191 596 3407 665 impleat
3434 613 3550 666 qum
3581 599 3790 668 promi-

2205 683 2311 748 sit,
2355 693 2408 736 et
2446 699 2550 738 non
2593 684 2648 738 in
2695 685 2860 754 ipsius
2899 687 2986 755 qui
3031 686 3317 756 promisit:
3350 689 3531 743 volens
3557 703 3685 758 ergo
3731 690 3785 744 id

2205 775 2520 844 ostendere,
2557 775 2679 831 Non
2713 787 2891 848 potest,
2935 778 3121 848 inQuit,
3163 779 3391 833 excidere
3417 781 3616 834 verbum
3648 780 3788 835 Dei;

2205 880 2304 918 non
2331 866 2462 919 enim
2487 883 2659 922 ontnes
2695 869 2783 938 qui
2823 885 2886 922 ea:
2925 867 3115 935 Israel,
3156 869 3210 922 lii
3251 879 3367 923 sunt
3401 869 3595 935 Israel;
3627 889 3786 941 neque

2201 957 2320 1025 quia
2341 959 2356 988 ¹
2385 967 2502 1011 sunt
2539 974 2708 1012 semen
2745 958 3024 1027 Abraham,
3069 976 3240 1014 omnes
3270 961 3399 1030 ﬁlii;
3424 962 3512 1016 sed
3538 963 3587 1015 in
3632 961 3783 1016 Isaac

2201 1049 2456 1101 iocabitur
2479 1050 2566 1102 tibi
2596 1066 2798 1104 semen:
2823 1052 2918 1104 hoc
2944 1059 3035 1115 est,
3064 1067 3166 1104 non
3202 1051 3255 1104 lii
3279 1052 3367 1116 qui
3391 1051 3485 1120 ﬁlii
3516 1054 3705 1116 curuis,
3733 1054 3783 1105 It.

2202 1139 2298 1206 ﬁlii
2340 1139 2463 1204 Dei;
2490 1141 2578 1194 sed
2621 1141 2719 1210 ﬁlii
2761 1141 3109 1211 promissionis
3137 1143 3447 1212 deputantur
3467 1144 3517 1196 in
3545 1161 3714 1197 semen
3737 1148 3781 1200 ³.

2203 1227 2561 1285 Promissionis
2586 1233 2720 1286 enim
2758 1233 2961 1286 verbum
2989 1233 3083 1286 hoc
3109 1242 3202 1296 est,
3247 1235 3326 1286 Ad
3353 1234 3445 1287 hoc
3471 1244 3664 1303 tempus
3693 1251 3781 1289 te-

2201 1322 2357 1388 niam,
2394 1332 2439 1375 et
2476 1324 2567 1376 erit
2606 1324 2780 1378 Sarra:
2805 1323 2990 1379 Filius.
3015 1324 3160 1379 Tene
3189 1326 3238 1378 in
3256 1336 3447 1380 mente
3483 1326 3619 1380 ﬁlios
3661 1344 3783 1396 pro-

2201 1413 2487 1476 mis.,ionis,
2517 1416 2764 1482 quoniam
2809 1417 2900 1486 qui
2939 1417 3183 1486 promisit
3208 1427 3396 1486 potens
3420 1427 3578 1472 estet
3605 1417 3774 1475 facere

2204 1501 2374 1573 (liam.
2399 1520 2472 1568 Iv,
2501 1505 2614 1573 21).
2646 1505 2767 1560 Non
2792 1508 2958 1561 solum
2995 1517 3180 1573 autent,
3213 1509 3400 1578 inquit,
3449 1509 3537 1563 sed
3580 1521 3625 1563 et
3673 1511 3780 1565 Re-

2200 1593 2345 1646 becca
2375 1611 2436 1648 ea;
2462 1612 2558 1649 uno
2583 1599 2846 1650 concubitu
2866 1597 3054 1651 habens
3072 1597 3240 1664 Isaac,
3275 1601 3434 1668 patris
3460 1603 3636 1654 nostri.
3651 1602 3779 1656 Cum

2197 1685 2331 1738 enim
2359 1687 2581 1740 nondum
2612 1688 2719 1741 nati
2741 1690 2974 1759 fuissent,
2998 1699 3085 1742 aut
3110 1689 3305 1760 aliquid
3329 1693 3543 1762 egissent
3563 1694 3680 1745 boui
3700 1693 3779 1748 vel

2198 1778 2339 1842 ntali,
2371 1789 2425 1830 ut
2450 1781 2723 1834 secundum
2748 1781 3037 1835 electionem
3067 1784 3379 1853 propositum
3404 1784 3495 1838 Dei
3527 1798 3774 1852 maneret,

2195 1883 2296 1919 non
2323 1883 2384 1920 ea:
2411 1871 2662 1939 operibus,
2685 1871 2774 1924 sed
2804 1888 2866 1925 ex
2891 1883 3094 1926 vocante
3116 1873 3304 1926 dictum
3324 1885 3414 1938 est,
3451 1876 3584 1943 Quia
3611 1879 3777 1947 major

2193 1960 2368 2013 serviet
2391 1963 2589 2015 minori.
2616 1963 2681 2016 Et
2713 1964 2795 2017 hic
2819 1974 2938 2018 tene
2960 1967 3009 2017 in
3033 1978 3212 2019 mente
3241 1965 3558 2021 electionem
3581 1985 3686 2022 non
3707 1985 3771 2022 ex

2194 2053 2466 2120 operibus,
2495 2071 2651 2123 quam
2682 2055 2912 2125 quodam
2939 2055 3100 2109 modo
3126 2058 3373 2124 exposuit
3401 2043 3656 2127 preplietti
3678 2074 3774 2127 po-

2192 2150 2414 2212 sterior;
2447 2147 2588 2217 quod
2631 2150 2956 2217 solijungens
2999 2149 3286 2218 Apostolus
3315 2151 3408 2216 ait,
3459 2149 3602 2205 Sicut
3641 2154 3771 2206 scri-

2194 2250 2338 2309 ptum
2383 2249 2471 2302 cst,
2518 2238 2677 2292 Jocob
2724 2240 2897 2302 dilexi,
2932 2239 3074 2292 Esau
3104 2249 3272 2292 autem
3309 2241 3424 2294 odio
3469 2243 3640 2294 habui.
3673 2244 3773 2298 Hic

2191 2332 2421 2386 occurrit
2455 2331 2698 2399 qnzrstio,
2730 2346 2847 2398 qua:
2881 2331 3193 2398 perturbare
3224 2340 3404 2399 posset
3433 2347 3538 2386 non
3577 2333 3771 2387 intelli-

2189 2432 2376 2491 gentes
2418 2422 2751 2476 altitudinem
2778 2423 2996 2490 gratim:
3029 2436 3254 2491 eamque
3296 2423 3395 2475 sibi
3424 2422 3539 2491 ipse
3568 2442 3768 2495 propo-

2190 2528 2345 2578 nens,
2376 2513 2470 2578 ait,
2503 2513 2640 2578 Quid
2667 2531 2786 2582 ergo
2831 2514 3086 2567 dicemus?
3129 2516 3371 2580 numquid
3410 2517 3652 2583 iniquitas
3697 2529 3771 2572 est

2188 2608 2326 2675 apud
2364 2605 2563 2659 Deum?
2601 2606 2760 2658 Absit.
2795 2607 2857 2659 lit
2904 2617 2960 2659 ut
2997 2606 3208 2660 doceret
3233 2607 3371 2674 quod
3407 2607 3559 2672 dixit,
3591 2611 3770 2665 absit:

2188 2697 2394 2768 Moyses
2413 2697 2453 2761 ³,
2501 2699 2653 2762 enim,
2696 2698 2883 2768 inquit,
2917 2699 3055 2760 dicit,
3092 2697 3360 2751 Miser-cher
3405 2701 3484 2752 cui
3532 2703 3769 2758 misertus

2187 2809 2292 2856 ero,
2315 2802 2358 2844 et
2381 2791 2776 2843 misericordiam
2797 2791 3042 2859 prwstabo
3065 2792 3146 2844 cui
3167 2792 3445 2845 misericors
3466 2794 3630 2862 fuero.
3655 2793 3768 2864 Igi-

2187 2893 2268 2936 tur
2293 2899 2392 2936 non
2418 2883 2646 2946 volentis,
2673 2895 2828 2950 neque
2844 2883 3108 2946 currentis,
3133 2883 3220 2936 sed
3248 2883 3522 2938 miserentis
3549 2897 3622 2939 est
3650 2885 3766 2941 Dei.

2186 2975 2298 3029 Hoc
2321 2975 2364 3028 si
2386 2975 2711 3038 attenderes,
2744 2989 2850 3027 non
2873 2975 3158 3028 ett-tolleres
3185 2983 3370 3029 contra
3400 2978 3623 3046 gratiam
3651 2993 3759 3033 me-

2185 3067 2286 3122 rita
2320 3067 2631 3128 voluntatis;
2670 3066 2755 3119 ubi
2786 3065 2957 3130 audis,
2985 3063 3101 3118 Non
3130 3067 3358 3131 volentis,
3382 3083 3538 3135 neque
3554 3085 3763 3122 curren-

2183 3158 2268 3225 tis,
2298 3160 2388 3212 sed
2416 3158 2692 3211 ndacreiztis
2721 3166 2791 3210 cst
2824 3156 2935 3210 Dei.
2961 3156 3073 3211 Non
3105 3173 3233 3226 ergo
3260 3157 3380 3211 ideo
3410 3159 3656 3214 misertus
3684 3172 3766 3215 est

2186 3248 2345 3313 Deus,
2384 3248 2503 3317 quia
2534 3247 2693 3302 voluit
2719 3259 2772 3302 et
2797 3247 3243 3312 coe-urritJacob;
3267 3249 3361 3302 sed
3385 3249 3504 3303 ideo
3527 3251 3768 3306 voluitet

2183 3339 2416 3393 cucurrit
2444 3339 2629 3402 Jacob,
2659 3340 2780 3407 quia
2809 3339 3058 3393 misertus
3085 3349 3166 3393 est
3195 3340 3353 3394 Deus.
3386 3340 3607 3394 Paratur
3623 3343 3764 3396 enim

2185 3429 2427 3484 voluntas
2467 3445 2496 3480 a
2541 3427 2766 3481 Domino
2797 3427 2978 3498 (Prov.
3011 3439 3122 3493 Vin,
3164 3445 3262 3482 sec.
3297 3429 3461 3501 LXX)
3489 3448 3502 3482 :
3529 3441 3585 3485 et
3603 3447 3631 3484 a
3662 3433 3764 3486 Do-

2184 3521 2331 3573 mino
2356 3527 2570 3589 gressus
2601 3519 2830 3572 hominis
2859 3519 3178 3588 diriguntur,
3207 3530 3260 3573 et
3293 3521 3428 3573 viam
3461 3521 3578 3590 ejus
3622 3522 3765 3577 volet

2185 3611 2202 3676 ί
2215 3608 2358 3664 Paul.
2388 3626 2570 3674 κυνὶ,
2587 3609 2704 3681 ‘23).
2731 3611 2952 3676 Deinde,
2972 3610 3095 3679 quia
3115 3621 3327 3680 prepter
3341 3612 3506 3667 Jaeoh
3525 3613 3664 3667 dicta
3682 3623 3767 3668 est

2185 3701 2282 3754 iSta
2311 3702 2570 3754 sententia
2597 3701 2881 3770 generalis,
2919 3699 3034 3754 Non
3056 3701 3281 3765 volentis,
3311 3718 3468 3771 neque
3496 3705 3762 3771 currentis,

2184 3792 2272 3844 sed
2292 3792 2569 3845 miserantis
2594 3801 2668 3844 cst
2692 3790 2783 3843 Dei
2809 3809 2827 3844 :
2853 3791 3008 3844 datur
3027 3791 3190 3846 etiam
3213 3792 3514 3860 exemplum
3542 3793 3608 3847 de
3629 3794 3764 3848 Pha-

2183 3897 2367 3946 raone,
2402 3892 2617 3951 propter
2645 3881 2696 3935 id
2727 3882 2868 3951 quod
2897 3883 3098 3936 dictum
3127 3892 3231 3948 est,
3278 3881 3420 3936 Esau
3450 3894 3616 3938 autem
3645 3887 3764 3940 odio

2184 3975 2366 4037 habui;
2415 3984 2470 4029 et
2505 3975 2800 4043 subjicitur,
2856 3975 2986 4028 Dicit
3014 3977 3148 4029 enim
3178 3975 3445 4047 Scriptura
3477 3976 3761 4043 Pharaoni,

2187 4067 2320 4133 Quia
2361 4067 2429 4118 ad
2459 4068 2552 4120 hoc
2588 4079 2633 4119 te
2660 4068 2891 4133 excitavi,
2937 4077 2994 4120 ut
3037 4069 3299 4122 ostendam
3346 4069 3400 4122 in
3447 4079 3494 4121 te
3532 4071 3765 4125 virtutem

2183 4176 2362 4222 meam,
2395 4169 2439 4212 et
2466 4169 2520 4211 ut
2545 4159 2869 4212 annuntietur
2888 4176 3066 4212 nomen
3084 4177 3246 4213 meum
3269 4164 3320 4214 in
3341 4162 3575 4215 universa
3604 4173 3760 4215 terra.

2183 4250 2308 4307 Post
2351 4249 2465 4303 haec
2492 4250 2558 4302 ad
2595 4258 2881 4318 utrumque
2924 4250 3282 4314 concluditur,
3315 4251 3453 4321 Ergo
3482 4254 3627 4322 cujus
3657 4255 3762 4306 vult

2182 4341 2457 4404 miseretur,
2494 4350 2541 4393 et
2569 4356 2714 4410 quem
2741 4339 2847 4393 vult
2871 4340 3126 4394 obdurat:
3153 4341 3248 4396 sed
3273 4342 3559 4396 miseretur
3583 4343 3765 4412 utique

2182 4430 2473 4486 secundum
2494 4431 2738 4500 gratiam,
2767 4446 2883 4500 quae
2907 4431 3070 4502 gratis
3092 4431 3264 4494 datur,
3290 4448 3395 4486 non
3413 4433 3616 4487 meritis
3642 4434 3762 4488 red-

2183 4525 2351 4588 ditur;
2383 4524 2610 4577 obdurat
2637 4536 2812 4576 autem
2841 4524 3133 4578 secundum
3159 4524 3438 4592 judicium,
3478 4525 3618 4593 quod
3650 4541 3761 4580 me-

2182 4616 2298 4669 ritis
2321 4615 2558 4669 redditur
2572 4613 2612 4666 δ.
2643 4615 2718 4668 De
2755 4628 2928 4668 massa
2967 4615 3162 4684 quippe
3183 4615 3430 4668 damnata
3457 4616 3632 4670 facere
3668 4631 3762 4668 vas

2183 4706 2235 4758 in
2264 4704 2541 4770 honorem,
2577 4704 2853 4758 manifesta
2884 4713 2966 4758 est
2998 4706 3200 4774 gratia:
3227 4704 3400 4760 facere
3427 4715 3604 4760 autem
3637 4705 3763 4762 inde

2181 4812 2274 4850 vas
2304 4797 2354 4850 in
2385 4798 2779 4860 contumeliam,
2806 4797 3006 4865 justum
3044 4797 3302 4865 judicium
3342 4805 3441 4852 est.
3485 4797 3620 4852 Hinc
3647 4797 3763 4866 jam
3847 4853 3854 4859 ,

2181 4889 2467 4955 subjicicns
2493 4889 2650 4942 verba
2677 4903 2886 4950 eorum,
2910 4889 3099 4955 quibus
3122 4888 3225 4942 hoc
3245 4888 3507 4957 displicet,
3531 4888 3639 4941 ait:
3661 4887 3762 4942 Di-

2181 4981 2250 5032 cis
2276 4980 2441 5049 itaque
2464 4979 2608 5045 mihi,
2636 4979 2771 5045 Quid
2791 4979 2956 5032 adhuc
2985 4981 3308 5048 conqueritur
3325 4980 3351 5031 Σ)
3370 4995 3489 5031 nam
3513 4980 3762 5033 voluntati

2181 5071 2289 5139 ejus
2317 5070 2428 5140 quis
2456 5070 2678 5123 resistit?
2704 5069 2916 5138 Eosque
2942 5069 3231 5124 cohibens:
3265 5069 3308 5122 0
3351 5070 3518 5133 homo,
3566 5069 3760 5138 inquit,

2135 5209 2144 5216 .
2181 5171 2234 5214 tu
2257 5163 2368 5230 quis
2403 5178 2454 5215 es
2488 5163 2576 5234 qui
2597 5163 2902 5233 respondeas
2931 5161 3073 5216 Deo?
3114 5161 3374 5231 Numquid
3401 5163 3521 5216 dicit
3546 5164 3762 5233 figmen-

2245 5363 2260 5393 ¹
2285 5367 2388 5410 MSS.
2414 5367 2522 5409 Mar.
2550 5367 2601 5410 et
2621 5359 2761 5420 clar.,
2779 5359 2879 5420 qui.

2245 5422 2642 5493 fsie-Mssttuiiti‘,
2670 5420 2721 5472 in
2747 5435 2925 5472 semen.

2245 5486 2265 5515 ³
2283 5491 2438 5541 Forte,
2484 5486 2649 5545 Moysi.

2243 5545 2263 5575 ι
2289 5545 2500 5593 alterum
2536 5546 2626 5606 hoc
2659 5545 2930 5594 membrum
2953 5549 3238 5606 sententiae,
3267 5547 3472 5596 obdurat
3502 5555 3662 5597 mrtem
3691 5563 3772 5602 se-

2180 5607 2392 5657 cundum
2423 5605 2706 5666 judicium,
2747 5611 2874 5670 qnozl
2919 5609 3103 5658 meritis
3141 5605 3390 5668 redditur,
3433 5624 3494 5657 ex
3534 5620 3766 5662 veterum

2182 5671 2411 5717 librorum
2445 5670 2537 5718 title
2571 5671 2886 5720 t'cstitttiznns.
2927 5673 2968 5716 Li
3006 5672 3180 5718 habent
3226 5673 3367 5720 etiam
3416 5672 3538 5719 Beda
3574 5680 3618 5718 et
3660 5676 3770 5720 tiu--

2186 5743 2283 5779 ius.
