3962 6180
193 313 318 370 HM

191 438 294 481 tum
319 429 369 482 ei
389 425 475 496 qui
500 440 554 480 se
582 425 752 495 finxit,
786 424 922 491 Quid
951 438 1029 479 me
1054 422 1215 493 fecisti
1253 422 1366 477 sic?
1400 423 1583 476 Annon
1621 421 1767 475 habet

189 526 483 588 potestatem
525 517 714 590 figulus
756 517 870 586 luti,
909 532 972 571 es;
1013 515 1191 571 eadem
1216 521 1383 570 massa
1421 520 1587 589 facere
1626 513 1769 568 aliud

185 610 388 679 quidem
414 609 577 663 vasin
601 609 863 680 honorem,
893 608 1036 663 aliud
1057 624 1110 663 tn
1141 607 1540 662 contumeliam?
1566 605 1699 661 Vide
1723 606 1768 659 si

187 719 293 756 non
323 708 586 756 consonat
611 700 977 770 superioribus
1004 699 1134 766 suis,
1179 707 1233 754 et
1273 698 1523 754 dissentit
1562 713 1592 752 a
1623 698 1765 754 luis:

182 795 274 865 qni
307 802 463 864 putas
488 793 592 849 hoc
634 793 835 850 dictum
863 793 1155 849 secundum
1194 792 1381 847 merita
1411 791 1765 857 voluntatum,

181 894 370 939 contra
392 884 445 940 id
470 884 611 955 quod
631 884 749 955 ipse
772 884 868 950 ait,
889 882 1015 939 Cum
1041 884 1171 938 enim
1199 882 1423 937 nondum
1450 883 1557 936 nati
1581 890 1765 948 essent,

178 991 271 1028 nec
298 973 495 1045 aliquid
521 975 735 1046 egissent
766 973 884 1028 boni
905 974 984 1029 vel
1007 974 1154 1041 mali,
1183 983 1239 1027 ut
1263 973 1541 1028 secundum
1567 974 1769 1029 electio-

180 1081 295 1119 nem
320 1065 635 1136 propositum
660 1064 757 1119 Dei
782 1073 1024 1132 maneret,
1062 1079 1166 1118 non
1194 1081 1257 1119 ea:
1284 1064 1537 1136 Operibus,
1579 1063 1670 1119 sed
1704 1080 1770 1119 ea:

181 1166 394 1209 vocante
414 1156 607 1210 dictum
630 1163 723 1220 est,
756 1155 890 1220 Quia
915 1157 1080 1221 maior
1102 1156 1281 1210 serviet
1309 1155 1524 1220 minori;
1557 1164 1613 1211 et
1640 1170 1770 1211 con-

180 1254 261 1299 tra
287 1245 340 1299 id
367 1244 510 1315 quod
542 1246 656 1317 ipse
683 1246 777 1313 ait,
806 1244 975 1317 Igitur
998 1263 1100 1301 non
1120 1246 1349 1313 uolentis,
1379 1263 1538 1315 neque
1559 1264 1770 1302 curren-

181 1335 266 1403 tis,
292 1336 384 1390 sed
409 1337 689 1392 miserentis
719 1345 791 1391 est
821 1335 934 1391 Dei.
966 1334 1078 1391 Nec
1101 1337 1275 1391 solum
1298 1344 1484 1391 contra
1508 1336 1625 1392 haec
1646 1353 1766 1407 quas

179 1434 595 1496 prascesserunt,
640 1442 823 1501 verum
869 1428 1030 1482 etiam
1074 1438 1259 1482 contra
1308 1428 1397 1482 illa
1423 1443 1542 1498 quae
1572 1427 1765 1483 subse-

179 1525 440 1584 qunntnr.
463 1516 603 1571 Vasa
628 1517 824 1587 quippe
850 1518 944 1571 ira:
973 1517 1119 1583 dicit,
1151 1533 1268 1588 quae
1298 1528 1423 1572 sunt
1453 1517 1689 1588 perfecta
1714 1518 1765 1572 in

178 1608 568 1677 perditionem;
616 1608 760 1680 quod
792 1609 1042 1679 injustum
1070 1620 1234 1678 esset,
1282 1611 1381 1665 nisi
1419 1612 1670 1667 omnibus
1699 1627 1765 1667 ex

177 1713 288 1753 uno
332 1699 387 1753 in
435 1698 934 1755 condemnationem
988 1701 1323 1757 venientibus
1358 1700 1469 1771 jam
1516 1701 1764 1757 damnata

175 1805 358 1845 massa
396 1800 571 1858 esset:
594 1798 650 1846 et
672 1806 798 1847 vasa
828 1792 954 1847 dicit
982 1792 1381 1857 misericordi-.12,
1411 1808 1529 1863 qua:
1562 1809 1765 1865 przepa-

174 1880 319 1933 ravit
340 1880 393 1934 in
420 1880 674 1950 gloriam:
707 1880 774 1935 ad
805 1881 1221 1937 misericordiam
1244 1883 1438 1954 quippe
1456 1893 1760 1954 gratuitam,

173 1984 281 2024 non
307 1969 563 2046 debitam,
586 1972 812 2041 pertinet
835 1972 902 2027 de
928 1988 1102 2027 massa
1130 1972 1378 2027 damnata
1408 1989 1531 2028 vasa
1565 1975 1615 2028 in
1644 1976 1763 2046 glo-

171 2044 321 2115 riam'
342 2076 673 2131 prmparare;
701 2078 801 2116 non
825 2064 989 2117 solum
1013 2079 1078 2117 ex
1102 2062 1318 2128 Iudaeis,
1349 2065 1484 2119 sicut
1499 2044 1765 2132 dicit;'sed

170 2152 323 2205 etiam
347 2167 413 2205 ea:
438 2150 700 2219 Gentibus,
736 2161 952 2222 propter
976 2153 1117 2222 quod
1142 2155 1289 2222 ponit
1316 2155 1676 2210 testimonium
1698 2157 1764 2212 de

169 2244 310 2297 Osee
324 2242 612 2313 propheta,
641 2243 825 2297 Vocavi
842 2260 941 2297 non
959 2243 1149 2314 plebem
1165 2261 1346 2312 meam,
1367 2246 1557 2314 plebem
1579 2262 1766 2311 meam;

168 2344 221 2389 et
248 2335 322 2389 de
340 2324 511 2401 ‘lsaia,
538 2333 761 2405 Pr0pter
789 2334 955 2389 Israel
982 2335 1209 2406 reliquie
1233 2337 1387 2390 salute
1411 2338 1553 2406 ﬁent.
1586 2336 1656 2393 Ut
1680 2354 1766 2392 au-

171 2436 275 2481 tem
305 2436 495 2481 essent
515 2426 632 2482 ista:
652 2426 912 2497 reliquias,
938 2428 1106 2497 gratia
1135 2428 1230 2483 Dei
1259 2408 1452 2482 laetum
1479 2445 1599 2484 esse
1625 2431 1763 2484 testi-

168 2520 351 2572 monio
367 2525 627 2588 sequente
647 2518 823 2585 docet,
853 2533 949 2588 per
967 2518 1213 2574 eumdem
1246 2519 1557 2588 prophetam
1588 2520 1761 2575 dicen-

167 2616 300 2673 tem,
354 2607 473 2661 Nisi
517 2606 766 2662 Dominus
809 2608 1018 2663 sabaatlt
1062 2608 1343 2680 reliquisset
1387 2609 1528 2664 nobis
1571 2627 1755 2665 semen.

169 2698 378 2752 Deinde
406 2698 637 2753 ostendit
661 2698 858 2755 Gentes
901 2715 967 2755 ex
1010 2700 1113 2755 [ide
1141 2701 1559 2770 apprehendisse
1596 2702 1759 2770 justi-

168 2790 298 2844 tiam
322 2808 335 2843 :
364 2790 528 2845 Israel
554 2800 732 2846 autem
763 2792 882 2848 ideo
908 2809 1011 2847 non
1036 2794 1472 2864 apprehendisse,
1498 2799 1619 2868 quia
1653 2814 1758 2852 non

166 2898 230 2936 ex
263 2882 389 2947 fide,
430 2882 525 2937 sed
552 2892 799 2955 tanquam
827 2900 894 2940 ex
922 2887 1192 2955 operibus.
1220 2885 1381 2943 Fides
1405 2889 1546 2945 enim
1575 2888 1753 2954 habet,

165 2974 311 3044 quod
330 2975 619 3045 aliquando
639 2984 759 3046 post
785 2976 945 3032 dicit:
972 2976 1223 3044 Quoniam
1247 2981 1409 3039 omnis
1438 2980 1525 3051 qui
1554 2982 1755 3036 invoca-

166 3068 294 3118 rm’t
316 3083 499 3120 nomen
525 3065 753 3134 Domini,
780 3067 951 3124 saluus
971 3069 1081 3123 erit.
1110 3070 1190 3126 Ad
1212 3087 1369 3141 quam
1394 3072 1617 3128 salutem
1640 3088 1760 3142 per-

71 3192 79 3205 .
170 3156 325 3223 tinet,
354 3166 416 3211 ut
442 3172 602 3227 opera
650 3158 786 3213 bona
829 3168 883 3215 et
919 3160 1125 3229 justitia
1173 3160 1327 3218 nobis
1355 3175 1419 3216 cx
1452 3162 1562 3217 Deo
1590 3163 1754 3227 sint‘,

167 3261 273 3299 non
304 3263 368 3300 es
402 3247 572 3302 nobis.
608 3248 832 3319 Propter
855 3249 1019 3320 quod,
1050 3249 1116 3305 de
1156 3253 1261 3307 illis
1289 3255 1376 3322 qui
1407 3268 1511 3307 non
1540 3269 1603 3307 ex
1631 3252 1753 3317 lide,

166 3336 259 3389 sed
294 3346 546 3405 tanquam
575 3353 639 3392 ex
666 3340 916 3409 operibus
952 3340 1289 3397 ollenderunt
1316 3343 1367 3397 in
1400 3343 1629 3412 lapidem
1678 3343 1760 3398 of-

168 3429 452 3494 fensionis,
484 3431 743 3500 sequitur,
790 3439 846 3486 et
889 3431 1020 3486 dicit
1056 3451 1069 3487 :
1111 3416 1344 3498 Fratres,
1374 3434 1500 3489 bona
1527 3436 1757 3493 uoluntas

168 3521 372 3587 quidem
401 3521 566 3574 cordis
591 3522 708 3589 mei,
741 3530 787 3576 et
824 3522 1108 3593 deprecatio
1137 3524 1207 3578 ad
1233 3523 1398 3579 Deum
1440 3542 1532 3595 pro
1570 3528 1670 3581 illis
1705 3527 1756 3582 in

166 3611 385 3664 salutem
409 3627 428 3666 .'
452 3612 785 3665 testimonium
807 3613 938 3666 enim
961 3612 1193 3683 perhibeo
1214 3614 1316 3669 illis
1334 3616 1452 3685 quia
1477 3616 1641 3671 zelum
1663 3616 1757 3671 Dei

166 3704 374 3771 habent,
406 3703 495 3758 sed
522 3721 624 3758 non
648 3704 923 3759 secundum
960 3705 1238 3763 scientiam.
1286 3705 1587 3777 Ignorantes
1625 3709 1758 3762 enim

164 3794 260 3849 Dei
288 3796 547 3865 justitiam
576 3806 622 3851 et
650 3813 796 3850 suam
824 3797 1079 3869 justitiam
1119 3806 1394 3868 quaerentes
1437 3799 1752 3863 constituere,

161 3887 378 3955 justiticc
406 3884 499 3942 Dei
527 3903 629 3941 non
667 3897 782 3941 sunt
817 3887 1029 3958 subjecti
1059 3884 1233 3961 (Rom.
1260 3904 1333 3956 Ix,
1365 3887 1429 3952 6;
1457 3904 1489 3942 x
1513 3930 1527 3952 ,
1556 3890 1609 3955 ὅ,
1645 3890 1754 3959 15).

168 3976 325 4044 Quod
355 3977 575 4032 omnino
602 3987 657 4033 et
682 3993 776 4034 vos
799 3978 970 4034 facitis
990 3996 1002 4032 :
1025 3978 1283 4049 justitiam
1304 3980 1498 4050 quippe
1524 3990 1756 4036 vestram

171 4068 332 4121 vultis
348 4070 696 4134 constituere,
717 4070 799 4124 cui
818 4069 960 4125 Deus
981 4070 1271 4125 secundum
1291 4070 1479 4125 merita
1501 4071 1758 4125 retribuat

165 4159 426 4226 gratiam;
457 4174 556 4214 nec
600 4160 757 4215 vultis
781 4161 1003 4232 gratiam
1033 4161 1126 4216 Dei
1159 4160 1484 4231 praecedere,
1516 4177 1636 4233 qua:
1662 4177 1757 4218 vos

231 4292 249 4320 ¹
277 4288 428 4359 ifilli,
461 4294 515 4339 ut
544 4301 691 4353 opera
718 4289 860 4359 'gbpna
897 4289 1023 4352 sint,
1062 4295 1111 4343 et
1141 4290 1336 4355 Justitia
1372 4291 1509 4344 nobis
1546 4303 1612 4345 ea:
1657 4302 1758 4347 Deo

170 4356 251 4402 su.
284 4351 584 4413 Castiganttu‘
617 4364 680 4401 ex
712 4351 810 4403 ﬁde
844 4361 924 4403 ns.
956 4351 1082 4405 Pert.

1495 304 2108 382 Licensecunous.

3329 313 3470 371 1142

1879 421 2037 477 faciat
2062 423 2257 479 habere
2275 423 2555 495 justitiam.
2589 424 2790 482 Deinde
2815 438 3052 482 connexa
3082 426 3297 483 sibimet
3324 428 3469 481 serie

1876 514 2268 584 disputationis,
2317 516 2383 571 ad
2430 516 2559 572 illud
2598 518 2859 587 pervenit,
2890 517 2979 574 ubi
3007 517 3105 583 ait,
3149 516 3278 573 Dico
3322 534 3464 588 ergo,

1880 604 2143 674 Numquid
2189 608 2373 677 repulit
2412 605 2554 663 Deus
2602 607 2795 678 plebem
2835 608 3018 665 suam?
3049 608 3195 683 Absit
3225 624 3245 663 :
3269 623 3389 663 nam
3418 618 3469 662 et

1876 712 1965 768 ego
1994 693 2231 752 Israelita
2257 714 2392 765 sum,
2418 714 2481 753 ei:
2504 699 2693 754 semine
2718 698 2995 765 Abraham,
3026 714 3091 754 es:
3120 697 3472 766 tribuBeniu-

1875 788 1979 842 min
2001 805 2021 843 :
2045 806 2151 843 non
2170 790 2356 860 repulit
2394 789 2530 845 Deus
2571 790 2762 859 plebem
2797 807 2962 857 suam,
2993 808 3144 864 quam
3187 791 3458 859 prtesciuit,

1875 883 1954 936 An
1980 884 2179 938 nescitis
2198 885 2252 937 in
2277 883 2395 939 Elia
2416 883 2539 955 quid
2556 883 2677 938 dicit
2713 883 3003 953 Scriptura,
3033 883 3456 953 quemadmodum

1874 975 2163 1046 interpellat
2188 974 2352 1031 Deum
2379 976 2619 1031 adversus
2653 974 2859 1030 Israel?
2907 975 3143 1041 Domine,
3187 975 3460 1045 prophetas

1875 1075 1987 1121 tuos
2006 1067 2313 1134 occiderunt,
2336 1078 2382 1121 et
2399 1067 2582 1122 altaria
2603 1076 2692 1121 tua
2713 1065 3051 1134 sulfoderunt,
3075 1075 3118 1120 et
3139 1083 3229 1137 ego
3255 1056 3460 1119 relictus

1873 1174 1985 1212 sum
2012 1159 2169 1226 solus,
2200 1165 2249 1213 et
2271 1167 2503 1230 quierunt
2531 1158 2755 1212 animam
2795 1174 2978 1211 meam.
3027 1155 3134 1211 Sed
3171 1155 3297 1223 quid
3340 1155 3460 1208 dicit

1872 1249 1951 1303 illi
1977 1265 2271 1321 responsum
2297 1249 2559 1303 divinum?
2590 1250 2791 1318 Reliqui
2816 1250 2939 1303 mihi
2978 1259 3167 1319 septem
3196 1247 3358 1302 millia
3387 1249 3461 1301 εἰς

1872 1320 2067 1405 rorum,
2096 1341 2182 1408 qui
2201 1357 2300 1395 non
2325 1348 2654 1395 curvaverant
2681 1356 2812 1412 genu
2830 1347 2948 1394 ante
2964 1338 3115 1393 Baal.
3146 1337 3237 1394 Sic
3256 1320 3383 1409 Iergo
3414 1349 3459 1391 et

1872 1433 1926 1485 in
1950 1434 2045 1487 hoc
2073 1442 2294 1503 tempore
2328 1434 2555 1503 reliquias
2598 1450 2687 1503 per
2729 1433 3018 1488 electionem
3062 1433 3277 1504 gratite‘
3310 1434 3459 1501 {actia

1871 1532 2005 1578 sunt.
2037 1524 2097 1578 Si
2126 1535 2294 1578 autem
2336 1526 2519 1595 gratia,
2560 1526 2674 1592 jam
2701 1540 2802 1578 non
2830 1540 2893 1579 ea:
2928 1525 3202 1592 operibus;
3227 1524 3457 1590 alioquin

1871 1616 2037 1685 gratia
2056 1616 2170 1686 jam
2199 1633 2299 1670 non
2329 1625 2402 1671 est
2432 1617 2616 1687 gratia.
2650 1616 2852 1672 Deinde
2881 1618 3001 1672 vide
3027 1616 3152 1686 quid
3180 1617 3454 1685 adiungat.

1873 1705 2011 1769 Quid
2038 1722 2178 1777 ergo,
2203 1708 2407 1777 inquit?
2426 1707 2578 1774 Quod
2619 1710 2868 1776 quarebat
2915 1707 3102 1774 Israel,
3134 1707 3229 1761 hoc
3253 1723 3353 1760 non
3382 1716 3455 1760 est

1869 1800 2396 1854 consecutus:electio
2433 1809 2603 1854 autem
2627 1808 2895 1854 consecuta
2936 1808 3029 1853 est.
3073 1797 3180 1856 Sed
3209 1798 3455 1867 superius

1868 1891 2076 1960 reSpice
2098 1892 2269 1961 qualis
2291 1890 2500 1956 electio,
2529 1891 2615 1946 ubi
2647 1892 2751 1946 ait:
2777 1890 3020 1957 Reliquias
3047 1907 3139 1960 per
3162 1889 3457 1945 electionem

1868 1984 2046 2054 gratia:
2067 1984 2216 2052 facta:
2228 1993 2344 2038 sunt
2365 1999 2384 2037 :
2397 1985 2442 2039 si
2456 1993 2623 2038 autem
2642 1985 2827 2053 gratia,
2842 1985 2955 2053 jam
2985 2000 3086 2038 non
3112 1998 3176 2037 ea:
3196 1981 3452 2050 operibus.

1868 2075 1935 2130 Et
1956 2074 2058 2130 hoc
2084 2075 2251 2130 rel‘ert
2274 2074 2343 2129 ad
2386 2075 2535 2139 illud,
2585 2075 2723 2129 unde
2766 2075 3053 2144 disputatio
3080 2075 3177 2129 ista
3210 2073 3448 2144 profecta

1869 2177 1987 2222 est:
2015 2165 2143 2222 Cum
2170 2167 2302 2220 enim
2326 2166 2551 2220 nondum
2576 2167 2681 2219 nati
2709 2177 2893 2232 essent,
2921 2182 3081 2235 neque
3106 2164 3299 2235 aliquid
3323 2166 3456 2234 egis-

1868 2268 1978 2313 sent
2000 2259 2117 2312 boni
2143 2266 2229 2311 aut
2257 2257 2402 2324 mali,
2427 2266 2484 2311 ut
2507 2258 2787 2312 secundum
2813 2258 3105 2311 electionem
3136 2258 3455 2328 propositum

1868 2347 1966 2401 Dei
1989 2357 2247 2410 maneret;
2278 2363 2378 2401 non
2404 2363 2468 2401 ea:
2489 2345 2741 2416 operibus.
2772 2347 2897 2401 Hwe
2922 2358 3003 2401 est
3030 2348 3221 2402 electio
3245 2350 3451 2417 gratim,

1866 2456 1972 2495 non
1995 2456 2058 2494 ex
2081 2440 2347 2508 operibus,
2384 2454 2485 2509 qua
2508 2441 2528 2472 '
2552 2440 2684 2492 llunt
2706 2453 2831 2493 vasa
2854 2439 2905 2493 in
2934 2439 3216 2502 honorem,
3245 2442 3455 2494 utbona

1866 2544 2028 2599 opera
2056 2527 2253 2583 faciant
2275 2547 2286 2582 :
2309 2531 2434 2599 quia
2455 2530 2589 2584 bona
2607 2543 2775 2597 Opera
2788 2529 3185 2599 subsequuntur
3203 2532 3450 2601 gratiam,

1865 2639 1972 2680 non
2004 2621 2340 2696 praecedunt;
2370 2621 2621 2692 quoniam
2642 2622 2809 2691 gratia
2843 2622 2934 2676 Dei
2967 2621 3094 2677 facit
3118 2632 3174 2676 ut
3202 2638 3263 2677 ea
3294 2624 3455 2676 Lacia-

1864 2733 2014 2783 mus;
2048 2731 2148 2771 nec
2172 2717 2573 2771 constituamus
2592 2715 2853 2784 justitiam
2904 2725 3163 2781 nostram,
3216 2717 3310 2771 Sed
3362 2717 3452 2771 Dei

1860 2808 2063 2877 jnstitia
2088 2807 2157 2861 sit
2183 2807 2233 2860 in
2262 2805 2439 2871 nobis,
2470 2805 2520 2859 id
2546 2814 2649 2869 est,
2681 2821 2838 2876 quam
2887 2806 3052 2862 donat
3098 2808 3237 2863 Deus
3275 2807 3450 2862 nobis.

1863 2898 2044 2953 Ceteri
2065 2915 2174 2953 vero
2196 2899 2430 2953 excazeati
2452 2908 2568 2952 sunt
2584 2896 2758 2970 (Rom.
2778 2916 2854 2963 xu,
2872 2902 2893 2954 1
2910 2941 2922 2964 ,
2943 2899 3034 2970 7):
3068 2900 3171 2956 hoc
3203 2910 3285 2956 est
3305 2900 3452 2970 judi-

1864 2991 2026 3057 cium,
2062 3005 2169 3060 quo
2201 2990 2329 3045 ﬁunt
2351 3004 2475 3044 vasa
2506 2990 2561 3044 in
2590 2991 3000 3056 contumeliam;
3030 3007 3095 3047 ex
3121 3008 3226 3062 quo
3247 2992 3451 3061 judicio

1863 3077 2065 3133 dictum
2091 3087 2193 3141 est,
2228 3078 2367 3133 Esau
2394 3087 2559 3133 autem
2588 3080 2706 3134 odio
2728 3080 2899 3134 habui.
2929 3079 3007 3136 Ex
3028 3097 3134 3151 quo
3154 3082 3356 3152 judicio
3375 3083 3454 3136 di-

1864 3178 2008 3222 ctum
2034 3175 2117 3222 est
2139 3168 2302 3222 etiam
2322 3167 2609 3233 Pharaoni,
2638 3168 2720 3223 At!
2744 3169 2837 3222 hoc
2867 3177 2914 3223 te
2937 3171 3166 3224 excitavi.
3186 3170 3338 3226 Unde
3359 3187 3454 3240 ap-

1864 3267 2017 3328 paret
2040 3272 2135 3313 vos
2157 3257 2235 3313 sic
2258 3257 2635 3326 intelligentes,
2655 3259 2738 3313 vel
2765 3257 2940 3328 potius
2965 3274 3070 3313 non
3095 3259 3452 3330 intelligentes

1866 3347 2202 3418 Apostolnm,
2226 3363 2288 3404 ex
2310 3347 2561 3418 operibus
2585 3356 2769 3403 contra
2799 3350 3022 3419 gratiam
3047 3349 3186 3405 velle
3209 3350 3448 3420 gloriari,

1862 3450 1917 3495 et
1942 3450 2172 3494 vestram
2191 3440 2450 3508 justitiam
2474 3440 2714 3496 volentes
2740 3442 3085 3507 constituere,
3110 3442 3330 3511 iustitia:
3354 3444 3449 3497 Dei

1864 3548 1969 3585 non
1998 3546 2119 3587 esse
2148 3529 2436 3601 subjectos.
2461 3530 2569 3586 Nos
2598 3546 2728 3587 vero
2753 3532 2919 3587 Deum
2950 3532 3165 3601 quidem
3198 3534 3449 3604 parvulo-

1864 3636 1980 3677 rum
2009 3622 2252 3692 Opiliccm
2281 3622 2668 3691 praedicamus:
2696 3622 2792 3677 sed
2819 3637 2884 3679 ex
2914 3622 3099 3679 eadem
3130 3639 3309 3680 massa
3335 3642 3451 3681 me-

1863 3712 2008 3766 dium
2037 3714 2209 3767 locum
2239 3713 2397 3777 vasis,
2432 3713 2520 3767 ubi
2563 3728 2667 3770 nec
2703 3714 2755 3767 in
2786 3714 3045 3770 honorem
3090 3716 3238 3784 ﬂant,
3271 3732 3368 3772 nec
3397 3718 3450 3772 in

1864 3802 2262 3866 contumeliam,
2292 3818 2449 3871 quem
2477 3819 2580 3857 non
2603 3804 2749 3858 dedit
2772 3806 3075 3872 Apostolus,
3100 3821 3205 3861 non
3231 3808 3447 3872 damus;

1864 3892 2004 3963 quod
2031 3908 2125 3947 vos
2172 3893 2415 3947 faciendo
2461 3894 2759 3948 evadcrctis
2797 3895 3056 3963 judicium
3100 3897 3211 3962 Dei,
3249 3898 3292 3951 si
3323 3912 3448 3952 eum

1866 3984 2232 4041 tantummodo
2258 3984 2689 4048 Manicharornm,
2720 3993 2775 4039 et
2817 4001 2922 4040 non
2953 3988 3191 4041 omnium
3231 3989 3445 4042 haereti-

1865 4093 2047 4133 corum
2069 4077 2434 4131 damnatorcm
2455 4075 2824 4131 demonstrare
2848 4076 3093 4147 possetis.

1928 4234 1945 4264 ι
1977 4230 2249 4292 Vigirterius
2268 4229 2347 4279 hic
2367 4235 2420 4279 et
2442 4227 2562 4278 intra
2581 4230 2627 4277 in
2650 4240 2712 4279 eo
2732 4228 2861 4280 Pauli
2885 4229 3158 4283 testimonio
3173 4235 3451 4281 constanter

1863 4292 2012 4361 adsit,
2031 4288 2212 4361 “saltim.
2408 4349 2420 4361 .

1927 4356 1950 4385 ι
1968 4352 2101 4417 Apud
2120 4352 2311 4412 Bedatn,
2338 4352 2468 4415 quia.

1097 4612 1574 4725 LIBER
1631 4613 2035 4726 SECU
2019 4616 2166 4721 Ν
2162 4617 2272 4720 D
2292 4616 2405 4720 Π
2395 4618 2517 4727 S.

229 4797 479 4872 delenitur
498 4797 622 4872 liber
643 4802 818 4872 tuliani
834 4803 896 4853 ad
918 4805 1106 4872 Florum
1125 4805 1387 4862 secundus,
1409 4806 1492 4862 qui
1510 4805 1575 4872 de
1596 4803 1693 4872 illis
1717 4809 1793 4854 est
1814 4800 2023 4872 qustoli
2043 4802 2223 4859 verbis,
2251 4801 2309 4872 ad
2331 4808 2565 4872 nomanos
2586 4817 2632 4863 v,
2664 4812 2754 4872 Ijer
2777 4816 2925 4872 unum
2946 4804 3186 4872 [tantinem
3203 4816 3452 4872 peccatum

162 4860 215 4939 ἓξ
232 4862 625 4939 Maenium
642 4860 856 4939 intratis
879 4871 1026 4939 etne"
1048 4874 1298 4939 ροεεαιιιῖη
1314 4860 1480 4939 urbe:
1498 4869 1627 4939 eam
1647 4868 1699 4939 έξι
1713 4860 1875 4939 oculis
1897 4861 2125 4939 "Patitur:
2152 4862 2506 4939 υφιθςξιξαηψι
2520 4864 2599 4937 hic
2618 4860 2806 4939 reiecta
2825 4866 3061 4918 αλιιιοιίοο
3076 4860 3225 4939 δεξιεὺ
3247 4870 3266 4939 ς
3278 4860 3454 4939 secus?

164 4922 281 4996 dum
302 4934 454 4996 quem
496 4926 788 4996 augustioris
830 4927 880 4976 in
921 4922 1060 4996 libro'
1078 4929 1293 4996 secundo
1327 4929 1393 4977 de
1423 4922 1609 4996 nuptiis
1642 4934 1694 4977 et
1734 4924 2158 4996 Concupiscgnlitt.
2198 4925 2366 4996 ‘quile
2404 4925 2637 4996 vigesimo
2672 4922 2913 4996 septima,
2954 4942 3013 4996 Qa
3050 4933 3200 4996 verba
3233 4922 3315 4996 de
3343 4933 3458 4996 Adae

166 4983 369 5054 Ima,
391 4983 713 5054 genuit-ioue
735 4989 786 5054 ίη
808 5001 980 5041 omnes
1000 4991 1150 5053 ipsius
1170 4998 1392 5054 posteros
1412 4983 1695 5043 transmisso
1712 4983 1972 5054 exposuit)
1996 4984 2173 5054 frustra
2198 4983 2435 5054 laborare,
2451 4983 2515 5054 iit
2534 4983 2801 5054 semiudan
2824 4983 3124 5052 Pelagianam
3142 4991 3368 5043 lueresim
3390 4983 3462 5045 de

169 5043 416 5106 exemplo'
424 5048 627 5109 peccati,
654 5061 751 5098 non
772 5050 824 5100 in
841 5043 1268 5115 omnes'postei'os,
1292 5052 1381 5103 sed
1404 5054 1454 5102 in
1472 5056 1732 5114 peccantes
1752 5043 1938 5102 tantum
1954 5043 2226 5097 imitatione
2248 5043 2545 5099 transeuntis
2562 5086 2577 5111 ,
2603 5043 2963 5114 intelligantur?
3435 5043 3460 5149 Vg

1620 5178 1991 5236 ΜΝ

246 5296 285 5348 l.
325 5296 598 5355 JULIANUS.
642 5298 932 5357 Commode
975 5303 1249 5359 nobiscum
1292 5314 1561 5376 ageretur,
1594 5305 1637 5359 si
1667 5313 1759 5358 aut

172 5389 312 5457 apud
340 5389 582 5445 eruditos
606 5392 810 5462 judiccs
834 5396 1101 5466 negotium
1127 5397 1365 5455 veritatis
1386 5399 1519 5455 tueri
1544 5399 1759 5457 daretur

171 5476 441 5545 facultas;
484 5490 576 5537 aut
619 5485 742 5553 quia
791 5484 892 5541 hoc
939 5486 1149 5542 interim
1190 5498 1433 5560 negatur,
1478 5490 1564 5548 vel
1611 5491 1758 5549 nullo

151 5567 544 5651 imperitorum
574 5572 1052 5634 obverberaremur
1084 5581 1328 5637 tumultu.

247 5663 602 5718 Aueusriaus.
642 5664 798 5721 Tales
839 5679 983 5725 certe
1023 5670 1261 5727 eruditos
1301 5674 1506 5742 judiccs
1541 5678 1755 5746 quaeris,

168 5752 262 5819 qui
302 5753 398 5809 nisi
445 5754 638 5810 fuerint
676 5759 870 5813 exculti
902 5770 951 5814 ct
983 5763 1153 5816 ornati
1187 5763 1489 5821 lilwraliiius
1520 5769 1569 5822 di
1605 5771 1755 5837 vipli-

1866 5299 1973 5366 nis,
2009 5315 2181 5372 neque
2226 5302 2586 5373 ignoraverint
2619 5307 2744 5377 quid
2788 5311 3053 5369 senserint
3093 5312 3253 5369 etiam
3296 5312 3451 5383 hujus

1865 5390 2050 5446 mundi
2076 5393 2094 5424 ¹
2123 5392 2443 5464 philosophi,
2475 5396 2542 5451 de
2573 5397 2678 5453 tuis
2713 5398 2870 5456 dictis
2906 5402 3145 5472 judicare
3182 5418 3288 5457 non
3330 5417 3451 5471 pos-

1867 5480 1999 5538 sint.
2025 5481 2170 5538 Talis
2201 5485 2287 5540 hie
2315 5495 2429 5541 erat
2450 5486 2785 5555 Ambrosius,
2818 5507 2975 5562 quem
3003 5492 3236 5562 judicem
3267 5491 3311 5545 si
3344 5505 3449 5547 non

1862 5575 2078 5645 refugis,
2100 5573 2342 5633 dubitare
2369 5595 2473 5633 non
2500 5579 2683 5647 debes,
2710 5583 3000 5654 iustissime
3021 5593 3072 5638 te
3096 5598 3215 5637 esse
3231 5582 3448 5638 damna-

1864 5676 1993 5720 tum.
2045 5666 2139 5723 llle
2164 5667 2305 5722 enim
2333 5669 2460 5723 dixit
2492 5715 2504 5734 ,
2542 5694 2558 5726 ι
2589 5675 2784 5733 Omnes
2815 5676 3056 5732 homines
3085 5676 3183 5730 sub
3226 5687 3444 5746 peccato

1922 5784 2051 5832 'Alss.
2087 5783 2199 5833 Mar.
2238 5795 2282 5836 et
2318 5798 2465 5846 non,
2496 5789 2635 5838 ~'rrrrli.
