4008 6178
514 320 649 379 1145

506 433 794 494 nascimur,
825 447 1045 501 quorum
1074 432 1185 501 ipse
1213 441 1361 486 ortus
1389 433 1441 486 in
1471 432 1597 486 vitio
1624 443 1706 487 est
1725 451 1744 484 ι
1780 431 1878 503 (De
1898 430 2073 485 Pumi-

508 525 680 586 tenh‘a,
709 524 797 578 tib.
830 526 879 588 t,
905 540 1020 593 cap.
1047 524 1082 576 2
1110 525 1183 577 vel
1206 525 1281 594 5)
1309 541 1322 577 :
1352 534 1409 578 ut
1451 524 1532 580 his
1558 524 1732 580 verbis
1760 525 1901 589 suis,
1923 524 2075 578 Chri-

505 623 644 666 stum
672 612 1019 677 Salvatorem,
1055 614 1155 668 hoc
1181 624 1283 678 est,
1309 614 1489 669 Jesnm
1515 614 1820 670 ostenderet
1845 613 2074 682 parvulis

506 707 860 758 necessarium
891 722 904 757 :
937 704 1020 760 cui
1053 713 1107 758 tu
1134 720 1255 759 cum
1281 705 1630 768 eontradicis,
1671 704 1938 760 fatendum
1983 704 2074 759 tibi

506 802 608 855 ost,
641 793 711 845 ita
755 803 806 847 te
833 793 1029 847 habere
1058 794 1192 848 velle
1216 794 1424 863 judices
1450 794 1707 859 eruditos,
1739 782 1955 848 utnolis
1984 793 2078 846 lla-

507 883 632 937 bere
654 881 861 951 judiccs
889 883 1179 938 catholicos
1206 884 1542 938 christianos.

581 971 642 1024 ll.
683 972 801 1026 Jac.
842 971 910 1026 Et
936 973 1058 1042 quia
1087 972 1380 1028 obtollendi
1404 975 1420 1007 ⁸
1451 974 1504 1028 in
1539 973 1897 1028 Ecclesiarum
1938 973 2078 1027 salu-

505 1070 611 1114 tent
658 1063 838 1132 trupmi
883 1062 1074 1117 damna
1124 1064 1465 1132 perpetimur,
1512 1063 1654 1133 quod
1706 1063 1857 1117 boum
1903 1078 2077 1118 causa:

505 1151 781 1220 prudentia
810 1155 1139 1224 cognitorum
1176 1154 1325 1210 miris
1361 1165 1478 1210 erat
1511 1155 1748 1211 delatura
1777 1155 2073 1225 suffragiis;

505 1241 589 1294 vel
616 1240 747 1296 nihil
776 1241 917 1296 aliud
952 1242 1019 1296 ad
1048 1244 1068 1274 ²
1096 1243 1443 1298 contumelias
1471 1253 1681 1298 nostras
1710 1244 1849 1314 vulgi
1881 1245 2078 1298 valeret

502 1331 766 1385 assensio.
794 1332 868 1386 De
899 1331 982 1387 his
1011 1346 1158 1402 ergo,
1197 1348 1328 1402 quas
1355 1332 1499 1399 dixi,
1529 1333 1801 1389 hominum
1840 1335 2077 1403 partibus

505 1436 606 1473 una
651 1422 805 1477 nobis
853 1422 1147 1491 prodesset,
1179 1424 1343 1479 altera
1374 1423 1501 1477 nihil
1531 1436 1771 1492 noceret,
1797 1425 1845 1479 si
1871 1433 1961 1478 aut
1989 1425 2077 1479 illa

506 1522 817 1579 potestatem
864 1514 1156 1582 obtineret,
1196 1525 1288 1577 aut
1329 1517 1428 1569 ista
1457 1515 1850 1571 verecundiam.
1880 1515 2074 1571 Verum

502 1603 626 1671 quia
653 1619 829 1665 rerum
853 1614 938 1660 est
958 1621 1145 1675 magna
1165 1605 1424 1673 confusio,
1446 1616 1499 1662 et
1518 1606 1830 1662 stolidorum
1851 1606 2077 1660 maxima

508 1693 820 1753 multitudo:
848 1696 1143 1765 eripiuntur
1169 1697 1423 1754 Ecclesiae
1451 1698 1805 1769 gubernacula
1836 1699 2075 1764 rationis,

505 1794 560 1839 ut
590 1798 770 1842 erecto
798 1803 961 1843 cornu
994 1789 1219 1846 veliﬁcet
1248 1789 1436 1860 dogma
1470 1792 1745 1861 populare.

573 1878 708 1934 Acc.
748 1879 802 1934 Si
830 1879 931 1934 hoc
959 1880 1097 1950 quod
1124 1882 1430 1946 asserimus,
1462 1882 1651 1952 dogma
1678 1883 1931 1952 populare
1958 1891 2074 1948 est;

504 1984 608 2021 non
630 1977 712 2022 est
730 1984 856 2038 ergo
878 1969 1065 2039 dogma
1090 1970 1495 2025 Manichaeorum
1522 1970 1644 2036 hoc,
1669 1972 1811 2040 quod
1837 1972 1889 2027 in
1914 1986 2079 2042 popu-

502 2060 566 2112 lis
591 2059 894 2114 Christianis
915 2068 1092 2114 mente
1120 2061 1323 2129 perdita
1348 2076 1642 2131 oppugnas.
1666 2060 2075 2116 Manichaeorum

501 2150 697 2218 quippe
723 2149 1043 2206 dementiam
1089 2151 1140 2204 in
1176 2149 1359 2219 paucis
1399 2154 1588 2207 merito
1613 2150 1909 2206 contemnis
1939 2169 1952 2204 :
1984 2150 2078 2206 sed

503 2237 668 2303 habes
705 2249 759 2294 et
805 2249 966 2305 tuam,
1005 2255 1109 2310 qua
1149 2241 1363 2296 nomine
1399 2240 1827 2306 Manichaeorum,
1859 2255 1952 2296 eos
1979 2257 2078 2311 po-

504 2329 656 2395 pulos
684 2344 817 2399 quos
840 2330 1048 2400 judiees
1074 2330 1292 2402 refugis,
1321 2331 1544 2387 reddere
1573 2333 1728 2388 nobis
1752 2334 1963 2389 conaris
1990 2333 2075 2387 in-

503 2421 700 2485 festos;
741 2421 890 2490 quasi
933 2422 1139 2491 possint
1180 2422 1359 2493 populi
1401 2433 1488 2478 tua
1523 2423 1845 2494 loquacitate
1870 2424 2077 2495 decepti

407 2516 425 2532 ‘
501 2508 845 2567 Manichzeum
886 2510 1067 2566 dicere
1108 2511 1479 2579 Ambrosium,
1511 2512 1860 2569 Manichaeum
1897 2513 2077 2570 dicere

500 2597 821 2670 Cyprianum
842 2641 858 2668 ,
889 2602 977 2671 qui
1005 2610 1225 2672 propter
1251 2604 1475 2658 salutem
1524 2604 1684 2659 etiam
1736 2605 2076 2674 parvulorum

503 2689 799 2749 docuertnit
830 2704 952 2750 esse
986 2692 1242 2761 originale
1271 2700 1567 2761 peccatum.
1591 2692 1747 2749 Tales
1776 2702 1953 2748 autem
1980 2710 2075 2764 po-

504 2781 658 2849 pulos
706 2798 809 2836 non
856 2781 1002 2852 fecit,
1043 2782 1140 2843 sed
1186 2782 1388 2849 invenit
1413 2784 1764 2850 Ambrosius;
1796 2800 1900 2840 non
1930 2784 2074 2850 fecit,

502 2871 598 2928 sed
649 2873 848 2929 invenit
891 2874 1052 2930 etiam
1097 2875 1211 2945 ipse
1234 2875 1532 2947 Cyprianus
1564 2892 1577 2930 :
1607 2875 1738 2930 tales
1766 2875 1988 2945 populos
2026 2877 2077 2932 in

506 2965 745 3023 Erclesia
787 2967 990 3022 invenit
1014 2968 1173 3022 etiam
1206 2981 1356 3037 pater
1386 2977 1527 3036 tuus,
1550 2967 1761 3037 quando
1784 2967 2080 3039 baptizatus

504 3055 633 3122 es',
662 3066 719 3111 ut
764 3055 976 3124 dicitur,
1021 3056 1320 3127 parvulus;
1368 3058 1499 3112 tales
1543 3067 1811 3127 postremo
1857 3057 2080 3128 populos

503 3148 795 3209 catholicos
824 3148 1100 3203 invenistis
1124 3157 1179 3202 et
1205 3164 1317 3205 vos.
1345 3148 1681 3218 Compescite
1701 3162 1831 3212 vos;
1857 3144 2081 3202 fatemur

503 3236 696 3308 dogma
746 3246 983 3292 nostrum
1028 3252 1148 3293 esse
1198 3238 1494 3308 populare:
1527 3237 1648 3307 quia
1697 3238 1920 3307 populus
1967 3235 2083 3307 ejus

505 3342 709 3391 smnus,
738 3327 828 3397 qui
869 3335 1148 3396 propterea
1187 3338 1270 3383 est
1307 3326 1602 3397 appellatus
1623 3325 1797 3393 Jesus,
1824 3327 1944 3395 quia
1970 3325 2080 3381 sal-

505 3433 627 3476 vum
648 3417 776 3471 facit
800 3418 1049 3485 populum
1078 3433 1230 3477 suum
1256 3433 1288 3472 a
1324 3417 1555 3486 peccatis
1579 3432 1763 3471 eorum
1787 3416 2000 3489 (Matth.
2027 3432 2079 3481 1,

506 3510 597 3579 21)
627 3526 640 3562 :
670 3524 701 3562 a
726 3523 833 3578 quo
859 3509 1055 3578 populo
1083 3523 1203 3563 cum
1233 3522 1482 3578 separare
1510 3508 1756 3577 parvulos
1785 3507 1960 3574 vultis,
1989 3522 2083 3563 vos

507 3600 652 3668 ipsos
673 3597 845 3668 potius
870 3598 1147 3667 separatis.

579 3690 667 3746 Ill.
705 3690 825 3747 JUL.
868 3691 940 3746 ita
966 3706 1088 3751 cum
1116 3692 1460 3761 prudentibus
1486 3707 1670 3763 parum
1702 3692 1854 3757 licet,
1888 3692 2083 3746 vilibus

509 3793 688 3839 autem
729 3783 1002 3853 quodlibet
1041 3785 1200 3838 etiam
1239 3783 1363 3838 licet
1400 3782 1452 3848 ες
1500 3782 1817 3838 seditionum
1869 3781 2085 3837 decreto

509 3873 725 3930 exclusa
766 3884 847 3933 est
881 3874 948 3940 de
976 3873 1226 3929 Ecclesiis
1253 3888 1477 3929 censura
1505 3874 1753 3928 virtutum
1782 3890 1795 3927 :
1826 3872 2085 3943 nobisque

515 3967 614 4020 hoc
632 3964 772 4035 apud
805 3964 1047 4040 homines
1076 3964 1217 4035 vulgi
1247 3962 1431 4028 ofﬁcit,
1459 3962 1599 4034 quod
1623 3964 1859 4018 accessio
1889 3962 2086 4017 erroris

511 4070 630 4111 esse
670 4056 975 4119 renuimus;
1007 4054 1169 4125 vulgi,
1211 4055 1448 4123 inquam,
1479 4054 1568 4122 qui
1609 4053 1887 4107 sententia:
1923 4053 2085 4106 meri-

513 4156 625 4200 tum
666 4146 743 4201 “de
796 4145 1236 4216 prosticritatibus
1288 4143 1606 4212 ponderans,
1656 4158 1775 4197 eam
1827 4141 2086 4196 veriorem

512 4237 759 4301 aestimat,
787 4250 946 4305 quam
978 4234 1216 4304 pluribus
1244 4232 1453 4303 placere
1480 4232 1838 4301 conspexerit.

584 4331 720 4384 Auc.
760 4324 1023 4396 Numquid
1052 4323 1374 4379 Manichacus
1413 4322 1649 4391 pluribus
1675 4322 1887 4392 placet?
1915 4337 2091 4379 nonne

517 4419 656 4473 sicut
677 4416 972 4488 parricidae,
995 4423 1049 4470 et
1068 4413 1241 4485 pauci,
1268 4421 1322 4468 et
1347 4412 1560 4482 pessimi
1587 4412 1745 4465 sunt?
1766 4411 1941 4467 Nolite
1965 4428 2091 4483 ergo

520 4509 587 4562 de
631 4507 893 4574 paucitate
939 4504 1187 4575 gloriari;
1235 4512 1308 4568 et,
1356 4502 1494 4573 quod
1544 4511 1625 4555 est
1670 4501 1886 4567 vanius,
1914 4501 2093 4557 dicere

519 4595 661 4666 quod
709 4596 945 4664 pluribus
983 4595 1189 4664 placeat
1231 4590 1422 4663 dogma
1468 4601 1731 4658 nostrum,
1769 4601 1824 4646 et
1860 4590 2094 4662 objicere

520 4685 672 4741 nobis
700 4683 1089 4743 detestabilium
1117 4681 1304 4752 dogma
1329 4697 1636 4751 paucorum.

596 4774 682 4829 IV.
721 4773 842 4829 Jun.
884 4772 1140 4841 Quodque
1169 4771 1241 4824 ait
1281 4771 1332 4824 in
1363 4771 1644 4841 Epicurum
1676 4771 1897 4833 Tullius,
1921 4772 2092 4826 mani-

523 4869 658 4921 festo
689 4873 1000 4935 argumento
1026 4877 1132 4917 non
1170 4861 1275 4916 dici
1317 4862 1403 4919 illa
1434 4862 1719 4928 subtiliter,
1747 4862 1888 4932 quod
1916 4863 2094 4932 cujus-

523 4956 730 5012 ccmodi
756 4958 777 4989 ⁸
808 4957 1050 5015 homines
1076 4955 1271 5025 passim
1300 4953 1400 5008 sibi
1426 4969 1490 5008 ea
1523 4954 1832 5024 proﬁtentur
1862 4954 2094 5024 placere.

588 5069 701 5129 {sic
723 5075 827 5117 uss.
854 5074 908 5117 At
933 5066 1231 5129 vignierius,
1257 5071 1308 5129 Et
1332 5063 1414 5129 qui
1434 5061 1695 5129 attollendi.

588 5124 894 5182 "Menardus.
919 5126 964 5177 si
988 5123 1114 5177 nihil
1134 5123 1223 5175 ad.
1248 5123 1535 5187 \‘ignierius,
1565 5123 1685 5175 m'lu'l
1708 5124 1789 5175 ad.
1814 5132 2100 5177 Concmmus

526 5200 655 5250 ttss.,
679 5189 751 5240 vel
772 5188 894 5239 nihil
912 5189 1047 5239 aliud
1064 5189 1128 5243 ad
1156 5200 1175 5237 :
1198 5189 1245 5236 id
1269 5195 1363 5247 est,
1378 5187 1493 5250 nihil
1512 5187 1637 5250 aliud
1659 5187 1941 5247 incommodi
1960 5187 2101 5236 affer-

525 5248 621 5311 ret,
644 5247 824 5315 praeter
844 5253 1015 5315 damna
1042 5251 1244 5315 πυρίεί,
1280 5248 1411 5311 quod
1441 5247 1652 5310 judicum
1684 5252 1941 5297 sententiis
1975 5249 2099 5311 erigi

524 5312 685 5365 music
707 5319 883 5362 nostra:
906 5312 1176 5361 debuisset.

589 5378 610 5408 ³
634 5373 961 5438 \‘etuscodex
993 5378 1147 5438 ,μω-ε,
1186 5369 1453 5438 baptizatus
1481 5376 1567 5438 est.
1604 5376 1656 5418 At
1691 5370 1737 5438 in
1763 5370 1922 5438 priore
1946 5382 2099 5438 opere

525 5446 691 5488 contra
709 5434 967 5501 .{ulianunn
993 5432 1075 5501 'ib.
1104 5434 1151 5501 t,
1175 5446 1228 5501 ιιἶ
1252 5431 1327 5490 14,
1367 5432 1455 5495 ipsi
1480 5431 1664 5481 Juliano
1685 5430 1873 5488 dicitur,
1910 5430 2101 5479 audiri-

525 5512 630 5549 mus
647 5506 692 5548 te
712 5494 1001 5559 infantuhmt
1024 5492 1329 5559 baptizatum.

589 5561 611 5591 ⁸
634 5562 706 5607 sic
729 5556 831 5606 Mss.
859 5557 972 5605 Editi
999 5567 1135 5611 vero,
1161 5556 1313 5603 decet.

587 5622 608 5653 ⁸
632 5621 784 5676 Editi,
826 5619 951 5679 quod
986 5613 1348 5679 hujuscemodi;
1386 5623 1436 5662 ct
1486 5613 1640 5671 infra,
1689 5616 1736 5662 in
1783 5614 2100 5679 responsione

527 5674 791 5794 anguium,
815 5674 856 5729 et
880 5679 989 5730 ideo
1011 5674 1352 5739 hujuscemodi.
1382 5684 1434 5724 At
1461 5683 1565 5726 Mss.
1590 5685 1793 5740 utroque
1819 5676 1940 5735 loco,
1962 5675 2099 5736 cujus

530 5754 655 5794 sema
691 5754 723 5793 ι.

1140 320 1383 377 OPERIS
1419 320 1666 377 IMPERF
1671 320 1797 376 ECT
1804 320 1820 373 ι
1859 320 2127 377 CONTRA
2165 318 2521 387 JULlANUM,
2563 321 2620 376 S.
2664 319 3025 379 AUGUSTINI

2214 199 2277 208 -ο-
2321 187 2480 212 cun-kd"

3623 322 3749 381 ms

2189 427 2241 484 Id
2285 431 2392 494 isti.
2436 433 2573 489 sicut
2613 435 2812 500 omnia,
2854 450 3002 490 more
3040 449 3288 503 perverso
3313 433 3354 501 ¹,
3382 432 3449 488 ad
3477 436 3745 505 sapientia:

2184 530 2370 590 putant
2397 522 2753 577 testimonium
2779 526 3063 595 pertinere.

2256 613 2390 668 Anc.
2431 612 2535 667 Sed
2556 611 2786 668 Tullium
2812 615 2935 670 vicit
2961 624 3121 686 atque
3141 615 3369 672 convicit
3389 618 3409 649 ³
3432 617 3483 671 in
3512 617 3611 673 bac
3630 634 3748 674 sen-

2186 700 2348 755 tentia
2377 700 2464 756 ille
2489 702 2578 771 qui
2604 703 2750 769 dicit,
2772 703 3000 757 Laudute
3025 703 3319 771 Dominum,
3352 723 3521 761 euntes
3550 718 3748 777 gentes;

2184 791 2386 844 laudate
2431 807 2565 855 eum,
2611 809 2782 848 omnes
2830 794 3004 863 pepuli
3041 794 3210 867 (Psat.
3239 811 3385 862 cxvt,
3415 798 3489 868 l).
3521 798 3666 867 Quos
3698 809 3750 855 tu

2182 880 2396 949 quzcris,
2439 896 2544 935 non
2574 883 2831 938 veraciter
2868 884 3080 951 docere,
3126 885 3221 940 sed
3261 886 3525 942 subtiliter
3570 888 3751 945 fallere

2181 971 2390 1041 aliquos
2415 986 2621 1039 eorum,
2653 982 2708 1029 et
2735 984 2925 1028 vestra:
2956 973 3152 1030 addere
3190 976 3461 1044 paucitati,
3493 978 3727 1032 subtilita

2186 1070 2292 1116 tem
2351 1077 2635 1131 paucorum
2682 1062 3120 1134 pbi1030phorum
3173 1066 3506 1121 smcularium
3561 1068 3752 1136 prmdi-

2183 1152 2374 1218 cando,
2401 1162 2456 1208 et
2484 1169 2580 1210 nos
2610 1155 3051 1224 reprehendendo
3076 1155 3215 1226 quod
3247 1170 3351 1211 non
3379 1156 3622 1212 dicantur
3654 1173 3752 1213 no-

2183 1251 2293 1296 stra
2340 1243 2623 1311 subtiliter,
2657 1254 2713 1301 et
2749 1244 2868 1300 ideo
2900 1245 3259 1315 cujuscemodi
3295 1245 3536 1302 homines
3559 1250 3752 1320 passim

2183 1333 2280 1388 sibi
2310 1348 2371 1388 ea
2402 1333 2749 1404 proﬁteantur
2773 1336 3003 1404 placere.
3019 1335 3104 1390 Me
3127 1345 3301 1391 tamen
3325 1338 3604 1407 aliquoties
3621 1339 3755 1394 dixi-

2180 1421 2269 1489 sti,
2304 1423 2434 1476 nihil
2476 1423 2642 1495 tnagis
2679 1439 2860 1494 agere,
2902 1440 3059 1495 quam
3104 1434 3162 1480 ut
3203 1440 3308 1480 non
3348 1427 3609 1498 intelligar
3637 1428 3755 1501 (a):

2184 1510 2452 1579 quomodo
2498 1526 2625 1582 ergo
2667 1513 2720 1567 id
2760 1512 2902 1583 quod
2931 1512 3180 1581 defendo,
3213 1515 3533 1571 multitudini
3560 1519 3754 1587 placet,

2182 1600 2282 1654 nisi
2330 1602 2451 1671 quia
2500 1602 2781 1658 multitudo
2824 1604 2925 1658 ista
2973 1604 3232 1660 catholica
3280 1616 3389 1673 est,
3433 1608 3519 1663 cui
3564 1609 3757 1665 merito

2183 1699 2355 1746 vestra
2383 1693 2601 1749 haeresis
2628 1694 2909 1765 displicet?

2254 1783 2316 1838 V.
2356 1782 2474 1843 Jut.
2518 1786 2755 1841 Delectat
2789 1788 2933 1842 enim
2974 1802 3196 1858 prorsus
3230 1790 3484 1848 subantes
3525 1793 3755 1859 animas,

2183 1873 2442 1929 infamare
2462 1874 2711 1946 quidquid
2733 1892 2964 1947 unquam
2990 1887 3045 1932 et
3062 1893 3282 1949 usquam
3309 1889 3612 1938 sanctorum
3632 1882 3753 1949 fuit,

2185 1976 2253 2018 ne
2278 1963 2540 2019 clarorum
2568 1980 2786 2035 operum
2816 1967 3142 2038 castigentur
3169 1971 3447 2041 exemplis.
3647 1987 3672 2004 ’

2255 2052 2389 2108 Aue.
2429 2051 2691 2109 Subantes
2719 2069 2848 2125 ergo
2873 2056 3064 2111 anima:
3092 2068 3212 2127 post
3240 2068 3291 2114 te
3320 2060 3493 2130 potius
3516 2076 3760 2131 currunt,

2188 2142 2278 2213 qui
2307 2143 2579 2203 libidinem
2609 2145 2792 2201 laudas
2817 2164 2829 2200 :
2854 2162 2976 2202 nam
3004 2158 3165 2212 castae
3189 2152 3380 2207 animae
3408 2153 3764 2224 vituperando

2183 2242 2429 2303 arguunt,
2453 2234 2594 2304 quod
2622 2237 2979 2307 expugnando
3005 2237 3307 2296 laudantur.

2259 2324 2350 2380 Vl.
2388 2324 2506 2383 JUL.
2538 2326 2775 2383 Delectat
2800 2343 3017 2397 prorsus
3034 2340 3088 2386 et
3110 2333 3322 2402 penitus
3346 2333 3528 2401 afﬁcit,
3550 2344 3763 2397 causari

2182 2412 2599 2469 imbecillitatem
2646 2424 2869 2483 naturae,
2893 2417 3070 2474 dicere
3097 2434 3313 2476 carnem
3342 2426 3635 2493 congenitis
3663 2427 3769 2482 ob-

2183 2501 2395 2557 noxiam
2421 2517 2541 2558 esse
2562 2504 2815 2572 peccatis,
2835 2520 2937 2567 nec
2955 2506 3007 2561 in
3024 2507 3296 2565 voluntate
3316 2509 3547 2568 hominis
3572 2530 3769 2572 emen-

2183 2592 2412 2649 dationis
2435 2594 2679 2650 effectum
2710 2596 2906 2664 locare,
2937 2597 3032 2653 sed
3059 2600 3356 2659 studiorum
3379 2602 3603 2661 crimina
3632 2607 3771 2660 ofﬁ-

2182 2685 2263 2738 cia
2291 2699 2481 2740 vocare
2508 2686 2863 2742 membrorum
2889 2687 3241 2754 :catbolieam
3265 2691 3405 2753 hanc
3428 2692 3588 2748 ﬁdem
3615 2709 3769 2763 esse,

2188 2779 2245 2827 ut
2273 2773 2497 2828 liberum
2529 2776 2843 2858 confiteatur
2865 2776 3161 2845 arbitrium,
3189 2780 3285 2845 sed
3310 2796 3407 2850 per
3430 2780 3574 2852 quod
3598 2783 3772 2842 homo

2189 2863 2387 2918 malum
2414 2861 2590 2919 facere
2612 2875 2851 2935 cogatur,
2876 2866 3070 2922 bonum
3092 2867 3229 2925 velle
3257 2884 3363 2924 non
3393 2872 3579 2939 possit.

2254 2954 2391 3013 Auo.
2432 2955 2568 3024 Quid
2608 2957 2761 3012 nobis
2802 2957 3069 3025 irasceris,
3094 2960 3187 3030 qui
3214 2962 3601 3018 emendationis
3623 2965 3769 3023 effe-

2184 3056 2328 3102 ctum
2364 3055 2509 3103 tanto
2534 3048 2733 3103 certius
2762 3049 3082 3119 appetimus,
3109 3051 3322 3120 quando
3350 3050 3558 3108 ﬁdelius
3580 3069 3709 3109 eum
3737 3072 3770 3110 ι

2186 3137 2410 3195 Domino
2440 3138 2701 3207 petimus?
2727 3137 2945 3192 Frustra
2976 3139 3209 3194 inflatam
3241 3139 3473 3211 linguam
3506 3158 3636 3197 voce
3665 3160 3768 3199 su-

2186 3224 2459 3295 perbieute
2496 3226 2721 3281 dilatas:
2749 3227 2992 3282 nolumus
3028 3242 3263 3297 prorsus,
3294 3231 3538 3285 nolumus
3564 3233 3641 3287 eis
3668 3249 3772 3288 an—

2188 3316 2451 3370 numerari
2479 3315 2570 3389 qui
2597 3315 2874 3371 conﬁdunt
2912 3316 2969 3372 in
3003 3318 3195 3372 virlntc
3221 3334 3314 3373 sua
3359 3318 3544 3386 (Psal.
3576 3338 3771 3388 xcvm,

2188 3404 2219 3457 7
2243 3404 2283 3474 ).
2311 3404 2500 3457 Anima
2527 3414 2707 3458 nostra
2733 3404 2845 3460 Deo
2868 3406 2979 3460 sitit
3001 3404 3022 3438 ⁸
3052 3406 3220 3477 (Psat.
3250 3423 3382 3475 an,
3405 3410 3485 3479 2),
3507 3412 3590 3464 cui
3611 3411 3770 3477 dicit,

2188 3490 2412 3565 Diligam
2440 3500 2505 3561 te,
2537 3492 2771 3560 Domine,
2803 3495 2957 3555 virtus
2984 3512 3092 3549 mea
3120 3490 3290 3569 (Psal.
3321 3513 3449 3564 xvn,
3474 3497 3554 3570 Ξ).
3581 3500 3774 3557 PoteSt

2187 3585 2328 3639 enim
2370 3583 2528 3639 homo
2567 3584 2764 3639 bonum
2795 3586 2964 3650 velle;
2992 3587 3088 3642 sed
3117 3599 3443 3659 prmparatur
3462 3592 3708 3648 voluntas
3736 3610 3768 3647 a

2190 3676 2415 3732 Domino
2462 3674 2667 3746 (Prov.
2707 3693 2820 3742 vni,
2869 3693 2968 3731 sec.
3014 3676 3203 3751 LXX)
3242 3697 3256 3733 :
3292 3681 3344 3735 in
3389 3681 3583 3736 malutn
3636 3698 3773 3739 vero

2191 3769 2361 3824 libens
2411 3768 2580 3837 vergit
2627 3768 2807 3823 vitiata
2833 3810 2847 3833 ,
2911 3776 3126 3840 propter
3181 3771 3322 3841 quod
3386 3779 3468 3831 est
3528 3773 3774 3828 sananda

2191 3867 2395 3913 natura.

2268 3946 2378 4001 Vll.
2420 3947 2537 4002 Jun.
2582 3946 2756 4001 Vanos
2786 3961 2912 4002 vero
2940 3947 3213 4004 hominum
3244 3948 3625 4020 hmrctieosque
3654 3966 3778 4006 ser-

2194 4053 2396 4102 mones,
2429 4040 2517 4109 qui
2552 4049 2793 4094 asserant
2821 4040 2986 4094 Deum
3031 4039 3231 4110 justum
3276 4041 3341 4096 ad
3389 4042 3585 4099 bonum
3633 4058 3779 4113 opus

2194 4134 2419 4188 liberum
2456 4132 2725 4188 hominem
2766 4132 3092 4199 condidisse,
3121 4142 3320 4189 etesse
3347 4134 3399 4188 in
3429 4135 3780 4203 uniuscujus-

2193 4240 2297 4295 que
2340 4212 2601 4293 potestate
2638 4214 2890 4279 recedere
2917 4240 2946 4277 a
2979 4225 3137 4291 malo,
3166 4238 3229 4280 ac
3256 4224 3446 4280 studiis
3486 4226 3785 4296 splendere

2195 4317 2432 4382 virtutis,
2472 4325 2530 4371 ut
2566 4314 2650 4370 his
2690 4315 2778 4382 qui
2819 4316 3011 4386 ﬂagitia
3053 4316 3107 4371 in
3150 4316 3553 4372 neccessitatem
3593 4318 3784 4373 carnis

2196 4405 2511 4472 refundunt,
2555 4404 2966 4462 sollicitudinum
3012 4415 3065 4460 et
3120 4405 3369 4461 timorum
3421 4407 3639 4461 aculeus
3692 4408 3788 4463 in-

2198 4496 2407 4567 ligatur.
2440 4554 2452 4566 ,

2267 4590 2403 4643 Auc.
2443 4587 2556 4642 Non
2599 4586 2823 4642 dicimus
2861 4586 3133 4641 hominum
3176 4602 3344 4642 vanos
3388 4586 3789 4657 hmreticosque

2198 4694 2495 4743 sermones,
2518 4679 2607 4748 qui
2634 4688 2880 4733 asserunt
2908 4677 3072 4732 Deum
3094 4678 3295 4747 justum
3324 4677 3391 4732 ad
3416 4677 3614 4732 bonum
3640 4693 3789 4747 opus

2200 4771 2425 4826 liberum
2467 4769 2736 4823 hominem
2773 4767 3093 4824 condidisse.
3144 4767 3328 4822 Talem
3373 4768 3565 4838 quippe
3604 4767 3790 4823 Adam

2199 4859 2456 4925 condidit,
2485 4861 2663 4928 inquo
2691 4859 2886 4913 fuimus
2914 4872 3099 4912 omnes
3125 4876 3137 4912 :
3167 4857 3264 4912 sed
3296 4857 3566 4927 peccando
3597 4858 3792 4927 perdi-

2199 4950 2274 5006 dit
2303 4966 2383 5017 sc,
2405 4959 2459 5005 et
2486 4964 2672 5005 omnes
2699 4950 2750 5009 in
2775 4963 2854 5004 se.
2871 4947 3024 5004 Unde
3045 4962 3185 5002 nunc
3205 4963 3310 5002 non
3335 4957 3419 5003 est
3442 4948 3494 5003 in
3518 4956 3797 5018 patestate

2203 5041 2427 5094 ﬁliorum
2460 5040 2690 5094 hominis
2726 5055 2753 5092 a
2782 5038 2922 5093 malo
2951 5039 3197 5105 liberari,
3229 5038 3333 5093 nisi
3362 5040 3528 5109 gratia
3566 5039 3656 5093 Dei
3683 5038 3795 5095 det

2204 5138 2517 5200 potestatem
2546 5128 2683 5183 filios
2713 5128 2804 5183 Dei
2833 5129 2945 5185 fieri
2974 5127 3152 5197 (Joan.
3180 5144 3219 5195 ι,
3254 5127 3365 5198 12).
3394 5128 3617 5198 Propter
3643 5127 3791 5191 hoc.

2267 5311 2282 5341 ³
2315 5308 2458 5370 Editi,
2482 5304 2607 5357 sicut
2628 5304 2787 5356 onmia
2806 5316 3045 5366 perversa.
3080 5305 3402 5353 Emendantur
3427 5314 3491 5353 ex
3514 5306 3797 5353 maximi-

2204 5378 2458 5487 “limiti,
2482 5427 2568 5498 sed
2613 5425 2815 5477 Tullium
2850 5431 2994 5476 autat
3026 5436 3166 5488 atque
3207 5422 3457 5475 compte-it.
3511 5430 3640 5483 uss,
3669 5422 3802 5475 vicit

2204 5500 2345 5553 atque
2367 5496 2581 5539 convicit.
3369 5545 3381 5555 .
3407 5546 3417 5556 _

2270 5555 2304 5618 3_
2329 5551 2481 5608 Fditi,
2542 5558 2692 5618 Imm}
2735 5547 2848 5618 sitit.
2889 5556 2952 5618 _At
3005 5556 3109 5598 Mss.
3133 5585 3172 5618 ,.
3202 5552 3452 5618 pensant.
3503 5545 3803 5618 albidiuad

2208 5611 2440 5661 Psalmunt
2483 5625 2605 5668 an,
2653 5610 2712 5668 2,
2764 5610 2846 5658 ubi
2888 5608 3061 5672 legere
3102 5608 3254 5666 solet,
3297 5608 3447 5658 Sitit‘it
3496 5608 3581 5657 tibi
3617 5608 3804 5671 (mima

2207 5685 2349 5794 "wfii;
2375 5729 2484 5780 Vide
2510 5728 2592 5781 lib.
2621 5730 2639 5781 l
2667 5728 2732 5779 de
2755 5729 2934 5809 Nuptiis
2959 5735 3005 5779 et
3026 5733 3429 5794 concupiscentia,
3457 5728 3601 5780 ωλι.
