4010 6186
294 325 422 382 “‘5

291 447 390 489 non
418 433 501 487 bis
528 432 612 502 qui
644 428 837 502 flagitia
857 474 873 494 ,
903 431 1037 485 sicut
1061 427 1220 496 dicis,
1259 429 1309 484 in
1340 427 1707 483 necessitatem
1735 444 1851 482 ear-

289 528 367 581 nis
400 523 716 589 refundunt;
756 523 850 577 sed
878 522 961 578 his
987 523 1075 593 qui
1111 534 1167 577 ut
1198 524 1250 577 in
1282 522 1598 577 tentationes
1632 520 1856 589 ﬂagitio-

290 632 401 672 rum
434 631 552 673 non
605 615 931 681 inferantur,
992 627 1176 683 preces
1221 614 1329 668 Deo
1374 611 1633 675 fundunt,
1685 610 1859 680 figitur

288 707 501 763 aculeus
544 704 913 761 sollicitudinis
954 713 1008 759 et
1032 705 1266 769 timoris,
1308 718 1375 758 ne
1401 703 1738 757 consentiant
1765 715 1859 753 sn-

288 796 610 868 perbissimis
624 805 676 850 et
691 796 800 849 Deo
814 794 1184 864 ingratissimis
1196 790 1637 863 disputationibus
1648 789 1857 845 vestris.

354 886 489 941 VIII.
517 886 633 942 ιω..
668 886 961 950 Postremo,
992 885 1044 938 in
1072 884 1325 939 Eeclesiis
1345 898 1462 952 qua:
1489 896 1736 953 magnum
1764 880 1860 935 bo-

289 995 469 1035 norem
498 980 515 1010 ⁸
546 989 600 1033 et
628 992 876 1046 magnum
917 977 1170 1047 populum
1217 976 1553 1045 possideant,
1583 972 1861 1043 praadicari

291 1081 482 1125 minam
511 1070 616 1124 vim
645 1084 764 1125 esse
802 1071 1039 1139 peccati,
1086 1077 1143 1122 ut
1182 1076 1305 1122 ante
1347 1066 1709 1122 membrorum
1750 1064 1862 1118 for-

290 1176 444 1226 mam,
475 1169 603 1215 ante
630 1160 835 1214 initium
862 1158 1252 1227 adventumque
1277 1157 1490 1222 animae,
1517 1155 1676 1225 jactis
1701 1155 1863 1209 semi-

292 1253 440 1306 nibus
480 1251 863 1321 supervolans,
917 1250 968 1303 in
1009 1257 1274 1304 secretum
1319 1247 1503 1301 matris
1533 1245 1778 1311 invadat,
1810 1254 1864 1298 et

290 1356 406 1396 reos
432 1339 501 1394 fat
523 1340 599 1395 iat
620 1341 916 1395 nasciturus
942 1380 958 1405 ,
984 1348 1212 1406 ortuque
1236 1338 1350 1405 ipso
1373 1334 1639 1404 antiquior
1675 1347 1863 1403 exSpe.

290 1440 393 1487 ctet
415 1431 570 1501 culpa
593 1430 938 1485 substantiam
958 1446 972 1495 ;
989 1445 1106 1499 quae
1127 1428 1216 1483 lea
1232 1426 1431 1496 peccati
1459 1426 1701 1479 habitans
1713 1424 1865 1478 dein-

291 1538 411 1592 ceps
440 1524 494 1577 in
538 1521 831 1588 membris,
871 1520 1143 1588 captivum
1175 1518 1442 1572 hominem
1471 1526 1626 1586 cogat
1661 1514 1864 1570 servire

289 1613 628 1679 criminibus,
672 1629 779 1667 non
823 1610 1173 1680 eaStigatione
1215 1608 1267 1662 in
1297 1606 1736 1676 turpitudinibus,
1768 1604 1864 1660 sed

291 1703 651 1759 misericordia
678 1702 973 1772 digniorem
999 1717 1013 1752 :
1042 1697 1471 1769 quandoquidem
1498 1695 1638 1765 quod
1667 1709 1764 1749 nos
1789 1694 1866 1747 vi-

291 1791 353 1848 tia
377 1810 563 1864 prava:
600 1794 889 1849 voluntatis
915 1807 1036 1848 esse
1065 1791 1322 1856 dicimus,
1364 1789 1416 1845 id
1459 1791 1510 1843 in
1556 1788 1791 1843 Ecclesia
1834 1803 1863 1839 a

289 1884 411 1938 viris
439 1894 497 1939 et
521 1882 737 1939 feminis
762 1883 1071 1953 magnisque
1098 1880 1434 1952 pontificibus
1454 1878 1724 1948 originalis
1745 1892 1868 1947 pas-

288 1972 363 2028 sio
389 1983 749 2043 nuncupatur.

350 2064 493 2120 Anc.
522 2062 831 2133 Respondet
865 2062 958 2116 tibi
988 2061 1305 2117 Ambrosius
1335 2058 1569 2130 pontifex
1609 2070 1831 2126 magnus
1850 2094 1866 2120 ,

290 2153 665 2209 haeresiarcha:
689 2153 849 2207 vestri
872 2153 1196 2207 excellenter
1219 2167 1313 2205 ore
1335 2150 1598 2214 laudatus,
1622 2157 1675 2203 et
1699 2147 1827 2202 dicit
1853 2163 1868 2200 :

295 2255 310 2286 ς
336 2236 484 2291 Male
514 2236 627 2290 Eva
650 2235 929 2305 parturivit
948 2275 963 2300 ,
993 2242 1051 2288 ut
1080 2245 1261 2303 partus
1288 2232 1611 2302 relinqueret
1634 2230 1873 2284 mulieri-

290 2327 383 2382 bus
418 2324 816 2390 hmreditatem,
848 2333 1005 2393 atque
1025 2323 1390 2392 unusquisque
1430 2321 1873 2389 concupiscentia:

291 2416 571 2485 voluptate
594 2425 894 2478 concretus,
916 2422 970 2467 et
993 2411 1312 2481 genitalibus
1333 2410 1624 2465 visceribus
1645 2408 1869 2476 infusus,

293 2516 342 2562 et
363 2504 682 2576 coagulatus
710 2506 763 2557 in
792 2503 1067 2573 sanguine,
1099 2502 1155 2556 in
1186 2501 1374 2570 pannis
1401 2500 1695 2559 involutus,
1727 2499 1873 2568 prius

295 2601 499 2655 subiret
525 2599 839 2654 delictorum
879 2595 1176 2665 contagium
1198 2634 1214 2659 ,
1253 2607 1411 2663 quam
1442 2591 1615 2647 vitalis
1654 2590 1873 2660 spiritus

298 2704 483 2744 munus
504 2687 742 2742 hauriret
771 2706 789 2739 ι
817 2685 953 2757 (Lib.
981 2686 1043 2738 de
1063 2683 1214 2739 Sacr.
1235 2699 1406 2754 regeri.
1431 2698 1518 2737 seu
1534 2682 1597 2735 de
1621 2679 1868 2751 Philos.).

297 2778 537 2834 Sananda
558 2786 644 2833 est
669 2778 863 2845 itaque,
891 2774 1118 2839 Juliane,
1144 2773 1395 2836 humana,
1420 2771 1533 2827 Deo
1559 2771 1869 2837 miserante,

302 2882 516 2927 natura:
548 2885 656 2926 non
677 2911 691 2936 ,
721 2879 774 2925 te
821 2868 1048 2923 inaniter
1074 2865 1435 2930 declamante,
1469 2872 1713 2934 tanquam
1743 2878 1871 2918 sana

300 2962 580 3024 laudanda.

364 3054 456 3110 1X.
485 3054 610 3110 Jun.
634 3052 760 3108 Ilzcc
782 3066 910 3122 ergo
933 3049 1347 3105 Manichaeorum
1371 3054 1548 3102 scorta
1569 3045 1873 3115 dogmatum

303 3143 778 3217 impurissimorum
801 3142 1168 3197 lenocinantur
1194 3139 1410 3194 auribus
1429 3140 1474 3192 '.

369 3239 506 3292 Anc.
536 3232 901 3296 Ambrosium,
923 3231 966 3285 si
989 3229 1173 3295 audes,
1198 3229 1481 3283 criminare
1505 3225 1873 3281 Manichamm.

308 3323 530 3379 Attende
570 3322 623 3376 in
662 3337 819 3392 quem
848 3319 1024 3383 dicas,
1069 3317 1208 3388 quod
1235 3316 1314 3372 vis
1341 3315 1505 3371 videri
1537 3324 1782 3384 tanquam
1822 3312 1876 3366 in

309 3430 386 3470 me
411 3415 597 3471 dicere
621 3431 635 3467 :
661 3422 715 3466 et
738 3412 784 3465 si
806 3411 941 3464 ullus
961 3409 1053 3464 tibi
1076 3409 1157 3463 vel
1181 3407 1274 3462 Dei
1303 3407 1480 3471 timor,
1505 3404 1588 3458 vel
1616 3404 1878 3458 humanus

311 3508 468 3575 pudor
493 3514 613 3570 est,
658 3505 975 3559 eonticesce.
1018 3501 1101 3556 Me
1147 3508 1356 3569 Oportet
1394 3513 1514 3552 eum
1553 3496 1745 3550 talibus
1788 3503 1877 3548 tua

309 3598 573 3659 convicia,
618 3609 725 3649 non
753 3593 925 3649 solum
966 3591 1245 3660 patienter,
1288 3603 1468 3642 verum
1509 3588 1666 3642 etiam
1696 3594 1877 3655 gratu-

310 3688 470 3743 lanter
493 3685 726 3741 audire:
764 3683 861 3738 scd
902 3692 956 3736 tu
991 3680 1155 3735 debes
1184 3682 1235 3732 in
1275 3678 1467 3731 talibus
1506 3675 1800 3730 laeerandis
1825 3683 1880 3729 et

312 3777 533 3832 humana
564 3775 887 3831 erubescere
915 3770 1165 3827 etdivina
1196 3767 1394 3838 judicia
1424 3764 1732 3821 formidare.

374 3870 441 3925 X.
492 3869 623 3925 Jun.
671 3867 798 3922 Haec
844 3865 898 3918 in
944 3871 1181 3931 tttroqne-
1215 3876 1344 3916 sexu
1391 3858 1881 3930 positos-inimicos

314 3970 513 4016 nostros
575 3958 747 4014 urtica
797 3953 1126 4017 commovit,
1176 3965 1293 4020 qua:
1348 3949 1474 4004 olim
1536 3946 1746 4018 quidem
1799 3945 1882 3999 vi-

314 4052 381 4106 tio
417 4052 574 4106 malae
612 4044 1012 4105 consuetudinis
1053 4042 1273 4097 mordax
1315 4041 1369 4105 ⁸,
1416 4048 1592 4095 tamen
1631 4037 1882 4094 exhorta-

318 4143 508 4199 tiouum
551 4139 862 4197 salutarium
907 4136 1055 4191 velut
1100 4134 1413 4206 quibusdam
1458 4132 1744 4187 curabatur
1786 4145 1883 4184 un-

315 4237 537 4305 guentis.

380 4328 510 4383 Atto.
558 4324 740 4381 Urtica
784 4327 1052 4392 pungente
1097 4318 1297 4387 prurit,
1340 4315 1433 4371 sed
1475 4314 1565 4385 qui
1615 4312 1884 4368 libidinem

320 4416 507 4472 laudat.
537 4416 594 4472 Si
620 4423 796 4470 autem
821 4419 1036 4484 propter
1055 4410 1245 4464 malam
1267 4406 1725 4470 consuetudinem,
1748 4404 1884 4458 sicut

321 4507 451 4576 sapis
467 4506 490 4539 ⁸
519 4507 713 4561 clamat
734 4504 911 4569 homo,
939 4501 1059 4555 Non
1080 4499 1369 4570 quod‘volo,
1399 4496 1530 4566 facio
1552 4495 1771 4558 bonum;
1797 4493 1886 4547 sed

323 4600 444 4665 quod
468 4599 588 4653 nolo
613 4597 804 4652 malum
823 4637 837 4661 ,
869 4595 964 4649 hoc
991 4610 1086 4664 ago
1113 4590 1286 4664 (Rom.
1326 4605 1430 4654 vn,
1466 4589 1553 4658 19)
1584 4607 1597 4643 :
1630 4596 1774 4643 certe
1801 4588 1885 4641 vel

325 4689 373 4743 in
396 4690 493 4745 isto
524 4689 763 4746 fatemini
794 4689 1076 4742 humanam
1103 4683 1425 4736 voluntatem
1457 4680 1598 4734 vires
1627 4678 1885 4732 bonorum

325 4791 534 4848 operum
562 4777 884 4848 perdidisse,
915 4775 1000 4830 cui
1036 4772 1135 4827 nisi
1171 4770 1365 4825 divina:
1393 4768 1573 4838 gratiae
1610 4767 1887 4821 subveniat

328 4868 657 4938 adjutorium,
688 4868 812 4938 quid
837 4867 887 4922 ei
917 4850 1133 4935 prodest
1156 4863 1427 4931 copiosum
1450 4868 1504 4915 ct
1526 4868 1769 4913 ornatum
1796 4873 1889 4911 cu-

324 4957 530 5027 juslibet
552 4959 886 5016 exhortantis
913 4953 1221 5025 eloquium?

385 5093 401 5123 ³
434 5092 679 5142 stenardus
700 5090 852 5153 primo
868 5088 1103 5143 ediderat,
1124 5096 1347 5153 mqgmmi
1363 5082 1603 5153 bonorum.
1622 5080 1891 5153 \:igiiierius

328 5138 792 5211 curre—xit,"an
833 5149 1059 5200 bonorum
1093 5138 1295 5211 copiam.
1329 5145 1452 5211 Libri
1478 5157 1600 5211 vero
1629 5138 1743 5211 ass.
1767 5138 1883 5211 alar.

330 5219 432 5274 tur.
453 5203 870 5274 etP'ortfhahent,
904 5221 1130 5274 magnum
1152 5203 1401 5258 honorem.
1440 5210 1489 5252 In
1527 5203 1887 5274 editione‘auni

333 5273 441 5322 £658
460 5262 516 5324 ad
538 5262 669 5326 oram
691 5262 868 5323 codicis
888 5262 1101 5321 notatum
1126 5276 1201 5318 est
1224 5281 1239 5316 :
1270 5285 1293 5313 ι
1310 5273 1463 5325 Forte,
1502 5276 1725 5328 magnum
1749 5262 1889 5313 bono-

336 5350 358 5379 ι
375 5346 481 5384 nan
500 5345 546 5387 et
580 5337 816 5397 malorum
829 5331 1071 5397 populum
1090 5329 1372 5397 possideant;
1392 5343 1414 5372 ι’
1603 5384 1616 5397 .
1738 5385 1749 5395 .

387 5399 407 5427 ³
437 5384 774 5455 Εώίἰξδεονὶα
804 5384 1550 5457 άόςὶηαιιιιηξὶιηριινὶδδὶίηοηαῃ
1595 5384 1889 5457 lenocinatur

330 5446 732 5516 attribuibmnes
752 5446 890 5515 Mss,"
901 5460 1055 5505 scorta
1076 5446 1347 5516 damnatum
1363 5446 1793 5513 impurissimoth
1819 5446 1888 5497 le-

332 5515 838 5582 uoginanturiauribus.
883 5579 892 5582 _
1077 5576 1087 5582 _
1112 5575 1122 5582 _

391 5578 413 5610 ⁸
442 5568 703 5643 geminius,
734 5591 841 5643 qua:
860 5579 977 5627 dum
998 5575 1202 5643 quidam
1224 5572 1335 5643 uitio
1357 5570 1499 5643 ninia:
1539 5568 1890 5643 consuetudinis

335 5641 525 5700 mordet.
548 5633 813 5700 \‘ignierius
832 5651 941 5700 qua:
974 5633 1087 5688 dum
1110 5637 1340 5700 quosdam
1352 5633 1477 5700 τὲζὶἱο
1492 5633 1632 5682 maliv
1647 5636 1891 5681 consectu-

337 5678 1005 5762 άὶωεᾜονᾶῖῖίνίέιξῖἰέηῶυἶ
1026 5712 1086 5747 ex
1113 5678 1455 5759 manust-rimis.

393 5762 414 5791 δ
436 5764 502 5812 Sic
522 5770 622 5815 uss.
648 5763 782 5827 mni,
799 5760 977 5844 scipine.

1582 313 1779 371 LIBEII
1818 313 2189 374 SECUNDUS.

3388 319 3528 376 Ηαῑϐ

2040 428 2129 483 XI.
2163 427 2278 482 ιω..
2312 430 2378 481 At
2407 443 2545 483 nunc
2575 438 2850 500 postquam
2876 444 2973 501 pro
2998 430 3349 500 medicamine
3373 438 3535 502 coepit

1964 520 2142 574 olferri
2165 560 2177 582 ,
2209 529 2264 573 et
2300 518 2636 575 delectationi
2681 522 2903 576 accessit
2942 523 3262 587 auctoritas,
3308 533 3366 577 ut
3406 538 3534 577 con-

1965 626 2125 665 sensu
2155 611 2171 641 ί
2199 625 2333 678 pene
2361 609 2541 664 mundi
2564 652 2578 676 ,
2611 611 3027 680 membripotens
3052 614 3229 682 regina
3255 613 3530 676 mentium,

1965 700 2312 770 expugnatrix
2343 699 2653 763 honestatis,
2682 708 2737 754 et
2764 702 2955 755 invicta
2978 702 3275 756 animorum
3297 702 3534 756 omnium

1965 790 2277 861 captivatrix
2307 788 2575 858 turpitudo
2608 790 2997 845 bacebaretur:
3028 792 3182 847 nobis
3215 802 3413 861 quanto
3443 793 3536 846 ho-

1966 883 2185 949 nestior,
2219 890 2364 936 tanto
2388 881 2570 936 durior
2598 881 2807 936 tuendae
2834 883 3073 938 veritatis
3092 898 3251 938 causa
3274 883 3409 938 facta
3433 893 3534 938 est.

1966 976 2098 1043 Quia
2128 982 2310 1030 contra
2338 974 2637 1044 praecipites
2679 975 2900 1044 populos
2937 985 2993 1029 et
3033 976 3145 1030 suis
3170 976 3423 1031 remediis
3459 977 3537 1029 in-

1967 1065 2145 1121 fensos
2164 1107 2178 1130 ,
2222 1081 2325 1119 non
2356 1065 2578 1119 multum
2608 1065 2751 1119 valet
2774 1066 2961 1119 raritas
3001 1066 3243 1120 oratione
3271 1066 3539 1121 medicam

1969 1159 2117 1211 tium.
2150 1156 2285 1223 Quid
2314 1156 2506 1225 igitur?
2538 1155 2797 1210 Iterumne
2819 1156 3039 1225 intuitu,
3075 1157 3314 1226 receptui
3349 1171 3540 1211 canere

1968 1246 2298 1312 debebimus,
2319 1255 2370 1300 et
2389 1246 2738 1300 contumelias
2760 1255 2971 1300 nostras
2988 1246 3152 1299 ultum
3175 1246 3253 1300 ire
3271 1246 3482 1302 silentio
3496 1249 3537 1309 ⁸,

1968 1352 2031 1391 ac
2067 1336 2133 1392 de
2177 1337 2517 1391 conscientia:
2558 1346 2713 1404 portu
2741 1336 2968 1390 aliorum
3009 1336 3186 1391 ridere
3233 1336 3543 1405 naufragia?

1972 1428 2164 1483 Verum
2191 1428 2507 1482 contradicit
2535 1428 2658 1482 huic
2694 1428 2839 1493 odio,
2867 1428 3039 1497 primo
3064 1428 3359 1499 benignitas
3383 1444 3543 1497 quam

1967 1518 2147 1586 generi
2176 1517 2433 1572 debemus
2458 1517 2719 1583 humano;
2748 1518 2999 1587 deinceps
3027 1534 3169 1587 spes,
3204 1519 3355 1583 fides,
3383 1534 3543 1586 quam

1969 1607 2224 1662 habemus
2249 1608 2303 1661 in
2333 1608 2529 1671 Deum,
2568 1608 2655 1677 qui
2682 1617 2831 1662 extra
2872 1608 2922 1661 id
2952 1609 3091 1678 quod
3123 1608 3429 1677 frequenter
3450 1607 3544 1661 de-

1967 1710 2207 1769 speratas
2226 1707 2521 1768 temporum
2541 1699 2736 1754 levavit
2754 1700 2965 1764 ruinas;
2993 1700 3342 1754 constantiam
3366 1708 3545 1752 tamen

1969 1805 2124 1860 quam
2151 1804 2317 1859 usque
2342 1789 2410 1844 ad
2431 1790 2615 1844 mortis
2643 1789 2827 1844 horam
2855 1791 3090 1844 exerceri
3119 1790 3305 1854 voluit,
3337 1789 3544 1844 etiamsi

1971 1880 2146 1933 nullus
2186 1880 2237 1933 in
2280 1881 2680 1949 prazsentiarum
2725 1890 3038 1950 sequeretur
3084 1880 3303 1934 effectus
3346 1885 3543 1934 interna

1971 1970 2403 2024 remuneratione
2432 1970 2666 2024 donavit.

2045 2061 2176 2127 Avo.
2207 2060 2480 2125 Quomodo
2509 2061 2649 2114 levat
2691 2060 2832 2115 Deus
2869 2060 3049 2114 ruinas
3077 2061 3335 2114 malarum
3361 2061 3545 2115 volun:

1977 2157 2140 2201 talum
2166 2148 2282 2218 (per
2302 2162 2434 2216 quas
2460 2148 2639 2218 utique
2662 2157 2899 2217 tempora
2917 2149 3303 2216 vituperantur,
3334 2147 3545 2216 quando

1977 2248 2121 2295 recte
2150 2237 2566 2312 vituperantur),
2610 2239 2709 2294 nisi
2739 2240 2905 2293 bonas
2944 2239 3242 2293 voluntates
3279 2239 3549 2308 operando

1977 2330 2029 2383 iu
2061 2329 2309 2383 cordibus
2346 2329 2661 2383 hominum?
2686 2329 2791 2383 Ant
2828 2329 2872 2383 si
2916 2338 3167 2397 possunt,
3213 2328 3341 2398 ipsa:
3371 2342 3429 2382 se
3472 2328 3549 2382 le~

1976 2428 2121 2487 vent,
2152 2421 2287 2475 sicut
2308 2420 2705 2475 dementissime
2723 2420 3023 2487 sentiendo,
3048 2435 3234 2490 magna
3258 2421 3407 2473 ruina
3430 2420 3549 2473 facti

1977 2514 2128 2568 estis.
2160 2511 2308 2567 Unde
2338 2527 2432 2581 pro
2464 2511 2612 2566 vobis
2640 2512 2811 2581 ipsum
2847 2526 3097 2581 rogamus
3123 2551 3136 2565 .
3166 2519 3324 2581 atque
3349 2512 3550 2567 utinam

1976 2605 2053 2659 sic
2087 2603 2249 2658 etiam
2290 2603 2359 2659 de
2399 2614 2482 2670 te,
2513 2603 2958 2674 quemadmodum
3006 2603 3073 2658 de
3117 2602 3281 2659 fratre
3307 2604 3553 2660 Turbati-

1979 2699 2050 2751 tio
2075 2693 2172 2769 (α),
2205 2711 2304 2751 nos
2330 2696 2581 2752 exaudire
2604 2695 2870 2767 dignetur.

2048 2788 2162 2844 XII.
2192 2788 2312 2843 Jun.
2357 2788 2466 2843 ilac
2507 2788 2665 2858 igitur
2693 2788 2815 2842 fidei
2857 2789 3223 2844 consolatione
3262 2787 3554 2857 gaudentes

1978 2878 2351 2934 immineamus
2380 2888 2555 2947 empto
2581 2878 2750 2947 Operi,
2777 2886 2833 2933 et
2856 2878 3269 2949 disputationum
3296 2878 3552 2947 promissa

1978 2969 2263 3025 reddamus
2300 2987 2314 3022 :
2358 2983 2464 3022 non
2516 2968 2847 3038 ambigentes
2897 2967 2997 3021 hoc
3041 2967 3215 3036 ipsum
3264 2969 3548 3020 maximam

1978 3075 2099 3114 esse
2124 3059 2324 3128 prmmii
2347 3070 2581 3128 partem,
2613 3059 2734 3128 quia
2772 3058 2825 3111 in
2850 3057 2966 3126 ejus
2985 3057 3246 3127 dogmatis
3276 3071 3397 3112 arce
3424 3072 3553 3111 cono

1980 3148 2231 3214 stitimus,
2262 3147 2402 3217 quod
2430 3162 2549 3201 eum
2578 3155 2683 3200 tam
2710 3146 2999 3200 multorum
3023 3146 3177 3209 livor,
3206 3145 3300 3199 sed
3329 3146 3555 3214 plurium

1980 3256 2131 3297 error
2154 3248 2452 3309 oppugnet;
2487 3248 2661 3292 tamen
2690 3238 2759 3292 ita
2788 3251 2945 3306 supra
2972 3250 3128 3291 casus
3152 3236 3320 3290 evasit
3351 3236 3556 3305 ancipi-

1982 3342 2082 3400 tes,
2113 3339 2173 3386 ut
2196 3329 2514 3385 invincibilis
2533 3330 2675 3383 cluat
2701 3328 3039 3397 possessione
3062 3328 3320 3382 victoria).

2051 3424 2185 3478 Anu.
2218 3424 2336 3493 Ipse
2363 3421 2453 3476 tibi
2479 3421 2574 3476 das
2596 3420 2823 3491 palmam
2845 3430 3028 3475 contra
3056 3428 3132 3474 tot
3151 3420 3415 3475 antistites
3441 3421 3554 3483 Dei,

1981 3515 2070 3583 qui
2097 3525 2218 3568 ante
2263 3527 2392 3578 nos,
2441 3527 2501 3567 ea
2536 3527 2655 3581 qua:
2682 3525 2986 3582 oppugnas,
3017 3511 3067 3565 in
3096 3511 3331 3565 Ecclesia
3362 3509 3556 3564 Christi

1981 3604 2306 3670 didicerunt,
2333 3612 2492 3673 atque
2516 3601 2843 3665 docuerunt,
2874 3602 3117 3656 bibentes
3161 3610 3216 3655 et
3253 3602 3559 3655 ministran-

1983 3707 2063 3751 tes
2098 3696 2165 3750 de
2205 3696 2223 3727 ³
2270 3694 2504 3749 fontibus
2547 3694 2708 3749 Israel
2755 3692 2924 3765 (Psal.
2956 3710 3115 3758 van,
3142 3692 3255 3764 27).
3290 3693 3399 3747 IIoc
3431 3706 3560 3761 ergo

1982 3788 2122 3858 quod
2150 3787 2306 3850 facis,
2341 3801 2446 3842 non
2474 3796 2557 3840 est
2588 3786 2824 3841 victori-.1:
2851 3786 3188 3854 possessione
3223 3785 3430 3849 cluere,
3463 3782 3558 3837 sed

1985 3879 2036 3931 in
2090 3875 2289 3930 odiosa:
2339 3875 2654 3944 arrogantia:
2717 3875 2950 3929 cloacam
3014 3874 3321 3928 deformiter
3371 3874 3556 3927 ﬂuere.

1983 3966 2174 4027 Ciuere
2198 3966 2421 4035 quippe,
2468 3964 2669 4032 pollere
2697 3971 2780 4017 est
2817 3980 2830 4016 :
2876 3963 3145 4031 quomodo
3188 3972 3363 4017 autem
3412 3972 3561 4030 potes

1986 4058 2218 4112 victoria:
2259 4055 2596 4126 possessione
2643 4053 2877 4123 pollere,
2927 4053 3017 4122 qui
3067 4054 3277 4107 conaris
3302 4052 3561 4107 catholica

1986 4148 2252 4217 dogmata,
2282 4146 2522 4215 antiqua,
2554 4153 2606 4200 et
2633 4143 2825 4198 invicta
2855 4142 3126 4213 polluere?

2058 4237 2195 4292 XIII.
2226 4237 2345 4293 ιω..
2374 4236 2506 4290 Nam
2533 4236 2610 4302 si,
2642 4245 2699 4288 ut
2723 4243 2779 4289 et
2806 4235 3050 4304 superior
3075 4248 3252 4288 sermo
3277 4232 3557 4303 patefecit,

1987 4340 2042 4385 et
2085 4338 2364 4384 secuturus
2401 4328 2640 4391 docebit,
2670 4326 2921 4397 quidquid
2969 4326 3103 4380 ratio
3151 4334 3262 4391 est,
3308 4324 3559 4395 quidquid

1988 4423 2235 4488 eruditio,
2265 4421 2517 4492 quidquid
2542 4420 2765 4489 justitia,
2803 4417 3057 4487 quidquid
3087 4418 3283 4486 pictas,
3311 4416 3562 4487 quidquid

1989 4512 2410 4567 testimoniorum
2437 4523 2708 4563 sacrorum
2727 4548 2742 4573 ,
2772 4507 2894 4561 huic
2922 4506 3061 4575 quod
3096 4514 3305 4560 tuemur
3330 4507 3563 4576 dogmati

1988 4602 2341 4670 sull'ragatur:
2372 4599 2501 4652 nihil
2525 4597 2666 4651 aliud
2697 4595 2896 4650 inimici
2919 4597 3084 4651 nostri
3116 4604 3227 4661 toto
3256 4596 3562 4665 adipiscun-

1990 4701 2075 4748 tnr
2099 4700 2323 4756 conatu,
2364 4704 2520 4759 quam
2556 4698 2614 4744 ut
2654 4687 2824 4744 doctis
2867 4688 3161 4759 quibusque
3190 4688 3565 4757 imprudentis-

1989 4784 2109 4839 simi
2134 4781 2177 4846 ⁸,
2204 4781 2405 4835 sanctis
2428 4779 2897 4843 eontumacissimi,
2929 4778 2980 4832 in
3012 4778 3175 4832 Deum
3207 4776 3563 4847 profanissimi

1990 4872 2422 4941 comprobentur.

2061 4965 2195 5020 Anc.
2224 4962 2328 5018 Sed
2370 4961 2497 5016 falsa
2538 4959 2769 5030 loqueris
2795 4976 2807 5013 :
2840 4973 2960 5012 nam
2999 4972 3167 5026 neque
3193 4957 3326 5012 ratio
3347 5000 3360 5022 ,
3392 4973 3566 5027 neque

1992 5068 2117 5108 sana
2143 5051 2389 5119 eruditio,
2423 5066 2595 5121 neque
2614 5050 2839 5119 justitia,
2874 5062 3043 5117 neque
3073 5047 3259 5116 pietas,
3283 5064 3455 5118 neque
3479 5062 3564 5101 sa-

1993 5162 2078 5200 era
2109 5144 2403 5200 testi.t.onia
2425 5152 2601 5196 vestro
2622 5139 2850 5210 dogmati
2877 5138 3255 5208 suffragantur;
3285 5139 3411 5203 imo,
3455 5137 3568 5190 ha-c

1993 5236 2188 5298 omnia,
2219 5233 2357 5287 sicut
2382 5232 2431 5285 hi
2453 5231 2543 5299 qui
2568 5238 2712 5285 recte
2734 5229 3027 5298 intelligunt
3048 5228 3302 5297 iudicant,
3332 5235 3564 5279 vestrum

1992 5326 2181 5396 dogma
2213 5323 2546 5377 subvertant.
2577 5321 2730 5374 Ratio
2755 5320 2945 5389 quippe
2967 5319 3135 5373 cernit
3161 5317 3245 5370 vix
3273 5315 3338 5368 ad
3370 5313 3564 5383 aliquid

2058 5507 2073 5536 ί
2109 5504 2181 5553 sic
2202 5509 2307 5552 Mss.
2333 5501 2468 5566 Editi,
2491 5511 2740 5566 concessu._
2777 5558 2787 5566 .
2848 5556 2858 5566 ,
2907 5555 2935 5566 __
3000 5553 3031 5566 Δ,

2058 5568 2078 5597 ¹
2110 5566 2182 5613 sic
2204 5573 2306 5612 Mss.
2334 5555 2465 5621 Editi,
2489 5567 2672 5610 nostras
2692 5556 2858 5609 ulcisci
2875 5555 3074 5607 silentio.

2059 5630 2077 5659 a
2112 5627 2244 5684 mm,
2270 5625 2334 5673 in.
2364 5632 2487 5687 mss,
2512 5624 2625 5687 de._
2766 5680 2774 5687 _
2844 5678 2869 5687 ί,
2927 5677 2937 5686 .
2990 5676 2999 5685 .

2058 5690 2078 5718 δ
2114 5697 2215 5735 viss.
2234 5680 2348 5733 'var.
2374 5693 2422 5734 et
2442 5683 2580 5735 (:Iar..
2608 5680 3023 5735 immulenlissimi.

2062 5696 2078 5718 ι
2114 5697 2215 5735 viss.
2243 5696 2348 5733 var.
2374 5696 2422 5734 et
2442 5696 2580 5735 ρων..
2608 5696 2673 5730 2m
2693 5696 2714 5729 η

2062 5751 2131 5811 (α)
2164 5762 2324 5807 :.u;:ra,
2352 5747 2430 5794 lib.
2463 5744 2513 5805 ἔ,
2538 5758 2641 5808 cap.
