4010 6186
348 308 481 364 IN?

348 420 459 474 veri
503 434 562 474 se
599 432 755 488 posse
801 414 1079 488 pervenire
1121 411 1365 466 tarditate
1405 407 1727 478 impediente
1768 415 1919 459 natu-

347 525 456 564 r;c:
486 508 712 563 eruditio
755 519 963 576 pmnam
1002 502 1196 558 laboris
1237 500 1394 556 habet
1437 501 1490 553 in
1531 498 1718 554 eadem
1757 496 1923 552 tardi-

346 610 456 654 tate
480 609 681 654 natura:
712 615 726 651 :
748 596 950 666 justitia
975 593 1187 648 clamat.
1209 606 1313 645 non
1339 589 1406 645 ad
1433 605 1494 645 se
1536 590 1824 659 pertinere,
1866 595 1925 642 ut

349 691 521 745 Ada
547 689 638 743 ﬁlii
663 687 811 758 gravi
835 685 963 755 jugo
994 692 1302 753 premantur
1325 698 1356 737 a
1385 680 1475 737 die
1500 682 1681 738 exitus
1707 679 1775 736 de
1798 696 1925 736 ven-

349 792 428 835 tre
456 779 638 833 matris
665 792 796 844 sum,
840 776 955 831 sine
982 776 1090 830 ullo
1116 775 1308 830 merito
1335 783 1671 844 peccatorum
1706 790 1720 826 :
1753 772 1925 842 pictas

346 872 599 925 adversus
641 869 742 924 hoc
769 868 990 934 malum,
1018 867 1255 922 divinum
1297 866 1473 937 poscit
1510 865 1765 920 auxilium
1792 881 1808 919 :
1839 879 1926 943 sa-

340 978 437 1029 era
472 959 793 1026 testimonia,
821 966 881 1014 ut
906 957 1008 1013 hoc
1038 958 1151 1025 ﬁat,
1180 956 1473 1013 humanum
1495 955 1786 1010 admonent
1812 953 1929 1007 ani-

368 1070 513 1107 num.

368 1072 397 1107 ll
461 1070 513 1106 ll.

334 1034 361 1221 ἶ
407 1070 555 1200 EN.
588 1143 704 1201 Jun.
746 1145 812 1199 Et
839 1143 1053 1213 quidem
1091 1157 1250 1219 quam
1294 1140 1426 1196 nihil
1454 1138 1685 1197 habeant
1727 1137 1930 1193 Tradu-

335 1224 509 1304 ‘ciani,
540 1237 682 1307 quod
707 1238 757 1291 vi
789 1251 891 1306 qua
920 1244 1278 1305 proteruntur,
1303 1232 1525 1288 rationis
1550 1238 1842 1301 opponant,
1871 1238 1930 1284 ut

333 1316 450 1380 iulia
473 1343 658 1383 eorum
690 1327 911 1396 scripta,
944 1326 1013 1379 ita
1042 1325 1097 1379 hi
1126 1332 1308 1379 contra
1337 1337 1471 1393 quos
1495 1322 1702 1390 agimus
1730 1328 1929 1375 testan-

352 1428 439 1473 tur
467 1418 651 1481 libelli,
685 1418 776 1486 qui
808 1416 997 1471 directi
1036 1414 1104 1470 ad
1134 1415 1411 1468 militarem
1455 1412 1625 1467 virum
1647 1410 1720 1483 (a)
1751 1409 1772 1482 ί
1791 1409 1930 1480 quod

348 1510 510 1563 etiam
531 1510 642 1577 ipse
670 1507 904 1577 proﬁteri
930 1506 1155 1575 potest),
1184 1504 1302 1558 aliis
1329 1502 1496 1572 magis
1522 1501 1749 1572 negotiis
1772 1516 1931 1571 quam

353 1600 542 1653 litteris
569 1609 904 1668 occupatum,
943 1597 1267 1667 impotentia:
1296 1606 1480 1652 contra
1521 1610 1616 1649 nos
1646 1604 1931 1665 precantur

351 1690 626 1755 auxilium,
655 1705 718 1745 ac
759 1705 856 1760 pro
885 1704 945 1744 se
971 1703 1181 1743 sursum
1209 1688 1458 1743 deorsum
1501 1686 1889 1755 plebecularunt
1912 1726 1928 1751 ,

353 1788 446 1833 aut
467 1780 742 1845 ruralium,
769 1789 860 1833 aut
884 1778 1219 1833 theatralium
1239 1778 1370 1833 scita
1392 1776 1786 1841 commendant,
1812 1791 1933 1845 quae

353 1886 460 1939 quo
498 1870 604 1925 sint
634 1870 964 1939 promulgata
993 1869 1239 1934 consilio,
1274 1867 1491 1923 historia
1515 1867 1656 1921 nulla
1695 1882 1932 1921 comme—

353 1970 546 2016 morat.

428 2055 562 2107 Aue.
606 2050 723 2105 Non
754 2050 1077 2121 impotentia:
1117 2058 1302 2105 contra
1329 2038 1437 2103 vos
1464 2063 1743 2117 precamur
1780 2047 1936 2101 auxi-

360 2143 488 2195 Illllll
517 2158 531 2195 :
557 2142 649 2196 sed
674 2156 772 2213 pro
811 2142 959 2196 vobis
989 2141 1183 2210 potius,
1216 2149 1270 2193 ut
1303 2139 1371 2193 ab
1401 2154 1533 2193 ausu
1557 2139 1814 2207 sacrilego
1840 2154 1933 2191 co-

361 2230 646 2285 hibeamini
674 2272 687 2295 ,
719 2230 1024 2284 christiana:
1074 2230 1322 2299 potentiae
1366 2228 1641 2284 laudamus
1682 2228 1933 2282 ofﬁciunt.

360 2321 494 2375 Vide
519 2336 648 2376 sane
666 2321 1114 2391 quemadmodum
1142 2319 1344 2375 rurales
1365 2329 1419 2374 et
1442 2319 1726 2375 theatrales
1750 2319 1897 2374 dicas
1919 2361 1935 2385 ,

363 2409 724 2480 Cyprianum,
764 2419 815 2463 et
860 2409 1220 2473 Ambrosium,
1253 2416 1307 2462 et
1332 2415 1407 2461 tot
1433 2407 1668 2463 eruditos
1696 2408 1746 2462 in
1775 2424 1939 2477 regno

367 2502 461 2555 Dei
490 2502 695 2555 scribas
719 2500 899 2556 socios
915 2515 1122 2555 eorum.

438 2591 556 2648 XV.
598 2592 717 2648 JUL.
750 2591 881 2646 Illud
920 2601 1095 2647 tamen
1125 2606 1454 2661 nequaquam
1488 2591 1706 2646 inﬁciari
1753 2606 1940 2661 possu-

366 2698 485 2737 mus
505 2724 519 2748 ,
552 2683 692 2753 quod
724 2683 1006 2751 plurimum
1027 2724 1041 2748 ,
1070 2692 1126 2736 ut
1154 2682 1260 2736 disi
1283 2723 1297 2747 ,
1327 2682 1492 2737 turbis
1533 2682 1754 2749 placeat,
1788 2682 1941 2738 luteis

366 2785 543 2827 tamen
575 2774 591 2804 ¹
631 2773 821 2828 delicta
851 2774 1135 2828 voluntatis
1170 2773 1429 2842 imputare
1458 2783 1659 2827 natura:
1678 2814 1693 2839 ,
1721 2783 1775 2827 et
1807 2773 1942 2829 infa-

369 2863 601 2918 matlone
630 2865 890 2918 seminum
926 2879 1134 2919 morum
1165 2864 1510 2932 petulantiam
1545 2864 1814 2920 vindicare
1844 2882 1857 2918 :
1886 2874 1943 2919 ut

371 2972 641 3024 nunquam
665 2957 781 3026 quis
807 2956 1090 3011 emendare
1117 2966 1358 3022 conetur,
1389 2957 1528 3028 quod
1559 2968 1735 3028 sperat
1759 2959 1778 2989 ²
1803 2957 1858 3012 in
1885 2973 1944 3013 se

373 3052 489 3115 ipso
516 3050 738 3101 alterum
768 3058 1095 3116 perpetrare.

442 3140 575 3193 Aes.
609 3138 739 3204 Quis
770 3139 861 3193 tibi
885 3139 1018 3193 dixit
1041 3139 1085 3207 ³,
1115 3139 1257 3209 quod
1294 3140 1429 3194 alter
1455 3150 1723 3210 perpetrct
1755 3156 1943 3210 pecca-

372 3239 483 3280 tum
511 3229 863 3298 cujusquam?
887 3229 1326 3300 Quandoquidem
1364 3232 1526 3286 etiam
1554 3232 1642 3286 ille
1679 3232 1767 3302 qui
1797 3232 1943 3298 dicit,

368 3319 492 3371 Jam
521 3338 619 3372 non
646 3337 734 3390 ego
761 3336 941 3389 aperor
977 3320 1126 3387 illud,
1163 3320 1252 3374 sed
1289 3323 1345 3374 id
1372 3322 1505 3390 quod
1541 3322 1597 3374 in
1636 3338 1716 3376 me
1755 3322 1948 3375 habitat

378 3422 633 3478 prconium
659 3426 678 3463 :
703 3411 953 3465 continuo
973 3411 1277 3479 subjicicns,
1305 3411 1423 3467 Scio
1445 3412 1576 3466 enim
1601 3414 1716 3483 quia
1738 3430 1836 3467 non
1857 3415 1949 3468 Ita-

376 3503 495 3552 bilat
526 3501 577 3553 in
617 3517 715 3565 ine,
753 3500 848 3553 hoc
875 3511 945 3553 est
974 3501 1027 3552 in
1065 3517 1215 3554 carne
1246 3517 1377 3565 mea,
1418 3500 1601 3555 bonum
1628 3501 1816 3573 (Rom.
1854 3519 1945 3570 vn,

374 3594 463 3655 t7,
493 3589 627 3662 l8);
650 3591 879 3647 ostendit
903 3605 1059 3644 suum
1084 3606 1205 3646 esse
1231 3591 1483 3661 quidquid
1513 3592 1640 3646 illud
1670 3605 1751 3647 est
1782 3611 1795 3647 :
1826 3595 1949 3663 quia

376 3692 430 3735 et
456 3682 567 3749 ipsa
598 3696 723 3735 caro
750 3680 816 3735 ad
843 3696 966 3735 eum
994 3682 1244 3751 pertinet,
1275 3683 1364 3751 qui
1390 3699 1452 3737 ex
1479 3697 1640 3738 carne
1665 3694 1871 3740 constat
1897 3696 1952 3741 ct

378 3772 587 3840 spiritu.
614 3771 681 3825 Et
703 3780 877 3826 tamen
899 3788 1002 3826 non
1028 3773 1107 3826 vis
1131 3787 1249 3826 cum
1277 3774 1558 3829 Ambrosio
1578 3790 1785 3844 sapere,
1810 3778 1954 3847 quod

386 3865 488 3918 hoc
518 3865 738 3927 malum,
768 3880 876 3934 qtto
902 3880 1028 3919 caro
1053 3865 1380 3934 concupiscit
1407 3866 1661 3921 adversus
1687 3869 1949 3937 spiritum,

380 3955 815 4022 praevaricatione
842 3953 864 3986 ⁸
908 3956 1060 4022 primi
1107 3955 1334 4011 hominis
1379 3957 1429 4041 ip
1468 3969 1709 4011 naturam
1740 3943 1955 4025 verterit

379 4046 670 4112 (Ambros,
693 4046 782 4100 lib.
810 4046 840 4100 7
866 4047 918 4098 in
943 4045 1066 4099 Luc.
1093 4063 1184 4107 xu,
1208 4048 1321 4117 52).
1350 4047 1453 4102 Sed
1474 4058 1528 4103 ct
1555 4059 1607 4104 tu
1632 4065 1749 4104 cum
1777 4051 1955 4107 dicere

380 4137 554 4190 soleas
582 4138 633 4188 in
668 4135 749 4190 his
773 4136 1081 4205 apostolicis
1108 4138 1283 4192 verbis
1313 4139 1618 4192 violentiam
1647 4141 1799 4194 mala:
1823 4157 1954 4195 con-

379 4226 675 4281 suetudinis
713 4227 976 4296 exprimi,
1006 4227 1131 4294 quid
1160 4236 1272 4292 est,
1300 4228 1440 4295 quod
1470 4228 1629 4282 modo
1656 4230 1835 4286 dicere
1861 4247 1955 4285 vo-

380 4316 545 4383 luisti,
583 4336 601 4369 ι
633 4318 699 4374 Ut
745 4335 1013 4389 nunquam
1050 4320 1169 4389 quis
1210 4319 1498 4375 emendare
1542 4333 1783 4386 conetur,
1816 4326 1954 4394 quod

378 4415 478 4462 scit
503 4412 552 4462 in
579 4425 637 4463 se
661 4410 885 4465 alterum
908 4410 1253 4481 perpetrare?
1282 4430 1301 4463 ι
1328 4410 1458 4464 Cum
1486 4412 1619 4465 velis
1645 4413 1665 4444 ⁵
1694 4415 1873 4483 utique
1898 4430 1957 4471 se

381 4503 551 4568 ipsum
579 4503 863 4558 emendare
891 4518 1012 4558 eum
1035 4503 1124 4573 qui
1150 4502 1295 4567 dicit,
1327 4501 1450 4556 Non
1472 4519 1561 4574 ego
1590 4519 1769 4573 aperor
1792 4507 1957 4561 illud:

379 4604 428 4648 et
462 4594 564 4649 hoc
594 4596 726 4648 velis
758 4596 868 4652 ﬁeri
900 4595 1098 4650 viribus
1125 4597 1351 4666 propria:
1379 4596 1702 4661 voluntatis;
1734 4612 1854 4651 cum
1882 4598 1958 4651 νὶ-

385 4686 511 4739 dcas
539 4702 696 4755 quam
737 4687 804 4738 sit
844 4686 1087 4741 voluntas
1115 4686 1231 4757 ejus
1272 4688 1479 4741 inﬁrma
1517 4687 1606 4757 qui
1635 4687 1795 4754 dicit,
1837 4688 1958 4743 Non

382 4778 520 4847 quod
542 4774 674 4841 volo,
706 4793 821 4846 ago.
846 4774 1010 4830 Istum
1040 4776 1248 4845 saltem,
1276 4792 1478 4847 quarso,
1510 4779 1801 4849 permittite
1822 4780 1959 4835 divi-

383 4884 509 4921 num
544 4882 764 4937 poscere
806 4867 1082 4936 auxilium,
1110 4867 1163 4923 in
1194 4884 1297 4939 quo
1320 4868 1580 4929 defecisse
1606 4872 1823 4927 cernitis
1847 4888 1958 4928 suae

376 4962 663 5037 voluntatis
690 4962 996 5017 arbitrium.

439 5153 766 5229 ﬁttteuardus,
787 5155 971 5229 .t-urlgis
998 5155 1186 5229 placet3
1230 5156 1417 5229 ludatis
1669 5162 1959 5229 vignierius,

372 5214 532 5289 turpis
552 5214 728 5289 placet,
1154 5214 1207 5272 lit
1240 5221 1383 5284 paulo
1406 5228 1516 5289 post
1546 5222 1695 5289 iidem
1717 5214 1959 5289 (crepant,

369 5284 424 5352 ει
443 5278 853 5352 inminutionem
882 5279 1124 5331 hominum
1154 5278 1343 5333 "tofum
1363 5278 1676 5347 petulantiam
1697 5278 1958 5336 vindicare;

373 5345 676 5403 castigantur
699 5354 763 5403 ex
785 5348 891 5393 uss.

440 5403 459 5433 ¹
492 5400 649 5460 Forte,
674 5400 812 5454 sciat.

440 5462 461 5527 ξ
490 5464 567 5527 εἰς
592 5470 697 5514 Mss.
734 5466 849 5514 aditi
869 5478 1005 5524 vero,
1030 5465 1158 5527 quod
1181 5464 1266 5517 tibi
1283 5466 1407 5518 dixi.

439 5523 461 5596 ξ
494 5526 629 5596 MN,
668 5539 756 5596 pe!
784 5523 1239 5596 ρναψαήσάιξρηεηι.
1262 5537 1387 5590 3155.,
1413 5529 1819 5592 pra'varicatiom.

439 5586 460 5650 ξ
494 5586 629 5650 illiti,
646 5586 797 5650 incliti
820 5589 1175 5650 refragantibus
1196 5596 1302 5639 Mss.

372 5646 513 5755 mg)
532 5648 653 5696 libri
676 5648 739 5698 de
759 5651 938 5709 Nuptiis
951 5646 1029 5701 “et
1063 5654 1471 5713 mncupisccntia,
1497 5654 1553 5703 ad
1573 5655 1796 5703 comitem
1824 5652 1958 5704 Vale-

1012 300 1254 375 OPEIlIS
1293 293 1697 351 IMPEBFECTI
1739 293 2008 347 CONTRA
2049 290 2403 354 JULIANUM,
2445 291 2501 345 S.
2543 288 2912 347 AUGUSTINI

3471 293 3613 351 Hi8

2103 401 2242 457 XVI.
2264 402 2383 457 Jun.
2412 402 2609 457 Verum
2631 402 2956 457 imbecillum
2976 415 3136 459 eatea;
3156 401 3422 473 opinionis
3443 418 3616 477 patro-

2030 494 2230 548 cinium
2274 492 2586 563 multiplicat
2622 502 2865 563 peccata,
2915 507 3021 547 non
3063 492 3277 550 minuit.
3317 494 3416 552 Hic
3453 497 3616 569 igitur

2029 586 2346 640 miserorum
2369 584 2602 655 pruritus
2626 593 2682 641 et
2699 593 2891 655 sponte
2914 587 3317 655 aegrescentium
3340 589 3384 656 ί,
3413 591 3615 647 nullum

2031 685 2219 731 contra
2253 675 2424 745 ipsam
2463 675 2726 730 rationem
2765 676 2963 732 valebit
3004 677 3214 746 pondus
3251 678 3446 736 all'erre
3475 700 3489 736 :
3521 685 3616 738 sed

2030 768 2154 839 quia
2184 766 2455 822 nonnullis
2474 765 2866 837 Scripturarum
2887 767 3038 836 locis,
3062 778 3119 824 et
3136 772 3367 826 maxime
3390 775 3616 841 apostoli

2032 859 2184 915 Pauli
2212 858 2553 915 sermonibus
2582 857 2887 914 conﬁrmari
2932 870 3178 915 asserunt
3221 863 3460 917 naturale
3489 880 3616 933 pce-

2033 963 2209 1009 catum
2233 994 2249 1019 ,
2278 968 2504 1023 quorum
2535 952 2924 1023 expositionem
2956 952 3008 1006 in
3050 954 3341 1008 secundum
3370 956 3615 1011 volumen

2032 1043 2234 1109 distuli,
2260 1041 2785 1113 ejusque'reddendte
2808 1051 3017 1111 tempus
3039 1052 3124 1098 est
3142 1045 3199 1110 ¹;
3224 1044 3453 1101 breviter
3469 1048 3618 1115 prius

2038 1133 2137 1208 (ut
2164 1133 2257 1189 ﬁat
2283 1135 2451 1189 lector
2478 1129 2843 1207 instructior),
2881 1144 2935 1188 et
2965 1149 3084 1204 qua:
3117 1135 3225 1188 sint
3251 1144 3389 1197 aeta.
3421 1148 3472 1191 et
3498 1154 3617 1206 qua:

2036 1226 2143 1280 sint
2184 1224 2389 1295 agenda
2438 1222 2782 1294 distinguam.
2830 1222 3114 1279 Ostensum
3158 1235 3239 1278 est
3282 1240 3440 1293 ergo.
3486 1227 3616 1281 nihil

2038 1330 2200 1385 posse
2229 1331 2325 1384 per
2369 1324 2579 1368 sanctas
2617 1314 2918 1383 Scripturas
2955 1314 3206 1381 probari,
3248 1316 3389 1384 quod
3414 1315 3616 1383 justitia

2035 1419 2145 1459 non
2190 1405 2357 1475 possit
2404 1404 2540 1459 tueri
2571 1418 2588 1458 :
2618 1404 2743 1473 quia
2772 1404 2818 1458 si
2864 1404 2916 1457 in
2963 1404 3078 1473 lege
3122 1404 3217 1458 Dei
3261 1413 3344 1457 est
3389 1405 3616 1473 perlecta

2036 1496 2201 1550 forma
2225 1487 2466 1563 justitite,
2496 1494 2626 1548 nihil
2656 1510 2751 1563 per
2789 1509 2904 1547 eam
2935 1494 3239 1548 adversaria
3269 1495 3404 1564 ejus,
3435 1494 3488 1548 id
3515 1505 3615 1558 οδε,

2037 1586 2292 1656 injustitia
2317 1587 2510 1640 sinitur
2537 1585 2746 1640 virtutis
2768 1585 3045 1654 acquirere
3075 1604 3088 1639 :
3119 1601 3183 1639 ac
3209 1600 3301 1653 per
3329 1584 3451 1650 hoc,
3478 1585 3618 1654 quod

2039 1679 2175 1731 ratio
2205 1679 2401 1747 arguit,
2434 1691 2537 1732 non
2566 1686 2745 1747 potest
2780 1676 3071 1730 auctoritas
3097 1675 3386 1729 vindicare.
3423 1675 3619 1729 Deinde

2039 1769 2317 1839 probatura
2348 1778 2430 1823 est
2455 1811 2473 1836 ,
2501 1768 2666 1823 Deum
2709 1767 2864 1821 nobis
2908 1778 3091 1820 uotum
3139 1780 3261 1820 esse
3290 1765 3571 1820 virtutibus
3602 1784 3616 1818 :

2039 1859 2196 1929 hujus
2218 1874 2347 1929 ergo
2385 1858 2641 1928 justitiam
2675 1865 2733 1912 ut
2756 1857 3192 1926 omnipotentiam
3230 1855 3615 1919 conﬁtendam;

2039 1953 2187 2021 cujus
2229 1954 2271 2006 si
2300 1952 2609 2005 admittatur
2653 1949 2954 2016 excidium,
2987 1948 3237 2018 majestas
3262 1948 3477 2017 incipiet
3513 1956 3637 2005 tota.

2040 2053 2258 2109 nutare;
2285 2044 2407 2114 quia
2433 2044 2503 2097 ita
2533 2043 2674 2097 Deus
2696 2043 2874 2111 justus
2899 2052 3003 2108 εει,
3034 2051 3091 2094 ιιι
3118 2041 3163 2096 si
3193 2040 3509 2110 probaretur
3529 2040 3620 2110 ju-

2041 2147 2157 2192 stus
2192 2152 2297 2192 non
2337 2153 2490 2201 esse,
2534 2136 2941 2192 convinceretur
2982 2136 3123 2190 Deus
3152 2150 3257 2190 non
3295 2149 3416 2190 esse
3447 2152 3462 2188 :
3489 2150 3619 2187 con-

2041 2231 2353 2299 elusamque
2380 2238 2494 2291 est,
2539 2242 2636 2282 nos
2666 2227 2833 2283 Deum
2863 2226 3224 2296 aequissimum
3269 2226 3322 2279 in
3366 2224 3624 2280 Trinitate

2042 2324 2313 2387 venerari;
2359 2332 2412 2376 ct
2453 2319 2848 2376 irrefutabiliter
2886 2319 3164 2387 apparuit,
3211 2332 3318 2372 non
3356 2330 3514 2385 posse
3551 2315 3621 2370 ab

2044 2431 2110 2469 eo
2138 2424 2413 2485 peccatum
2443 2413 2673 2467 alienum
2696 2410 2927 2481 parvulis
2952 2409 3216 2478 imputari.

2117 2506 2252 2561 Ave.
2280 2507 2457 2572 Quare
2483 2519 2589 2558 non
2622 2503 2806 2557 fateris
2825 2502 2890 2557 ab
2914 2499 3278 2568 omnipotente
3296 2497 3441 2566 justo
3459 2510 3624 2565 grave

2041 2597 2225 2667 jugum
2253 2611 2415 2665 super
2445 2595 2582 2648 ﬁlios
2611 2594 2778 2648 Adam
2804 2609 2834 2646 a
2876 2592 2963 2646 die
2985 2591 3158 2645 exitus
3194 2588 3262 2643 de
3299 2598 3482 2641 ventre
3509 2602 3623 2639 ma-

2049 2690 2146 2743 tris
2170 2702 2374 2751 eorum,
2402 2687 2517 2741 sine
2544 2686 2650 2740 ullo
2670 2686 2871 2756 peccati
2899 2683 3087 2737 merito
3111 2695 3216 2734 non
3243 2679 3478 2749 potuisse
3497 2692 3624 2732 con-

2044 2778 2214 2834 stitui.

2116 2869 2283 2925 XVII.
2325 2869 2445 2924 ιω..
2494 2868 2600 2924 Sed
2650 2876 2706 2921 ut
2761 2866 2829 2921 de
2888 2865 3199 2920 deﬁnitione
3242 2861 3494 2931 justitite,
3556 2860 3625 2913 ita

2049 2962 2211 3018 etiam
2241 2961 2310 3015 de
2338 2960 2539 3030 peccati
2571 2959 2875 3013 conditione
2900 2956 3181 3010 dissertum
3211 2960 3311 3017 est,
3341 2951 3478 3021 quod
3508 2965 3630 3019 pec-

2049 3061 2225 3108 catum
2254 3053 2496 3121 apparuit
2523 3050 2654 3104 nihil
2680 3065 2799 3104 esse
2822 3048 2965 3101 aliud
2989 3062 3148 3117 quam
3174 3045 3367 3117 malam
3393 3045 3631 3098 volutata-

2052 3155 2181 3209 tem,
2210 3145 2296 3200 cui
2337 3155 2481 3199 esset
2517 3143 2741 3198 liberum
2768 3141 2836 3195 ab
2860 3155 2927 3195 eo
2954 3138 3092 3209 quod
3122 3152 3280 3207 prave
3306 3136 3630 3206 appetiverat

2051 3234 2345 3288 abstinere.

2123 3325 2257 3379 Auc.
2307 3324 2418 3379 IIoc
2446 3331 2527 3377 est
2571 3322 2790 3376 omnino
2840 3329 3113 3390 peccatum
3162 3318 3315 3387 primi
3361 3318 3626 3383 hominis,

2053 3414 2194 3469 unde
2244 3415 2296 3467 in
2342 3413 2586 3468 homines
2635 3411 2758 3465 mali
2802 3412 2951 3479 origo
2995 3408 3288 3464 descendit.
3334 3407 3393 3461 Ei
3438 3408 3630 3475 quippe

2053 3505 2205 3559 valde
2232 3504 2455 3559 liberum
2476 3503 2590 3567 fuit,
2618 3501 2685 3555 ab
2711 3516 2775 3554 eo
2804 3499 2941 3568 quod
2969 3514 3128 3567 prave
3151 3499 3477 3566 appetiverat
3499 3496 3630 3550 abs-

2062 3601 2235 3654 tinere
2266 3615 2277 3649 :
2324 3596 2444 3665 quia
2484 3594 2718 3649 nondum
2747 3600 2864 3647 erat
2890 3591 3095 3652 vitium,
3127 3604 3236 3659 quo
3282 3604 3409 3643 caro
3434 3601 3631 3642 concu-

2055 3690 2286 3759 pisceret
2328 3687 2582 3740 adversus
2612 3685 2899 3754 spiritum:
2940 3684 3172 3735 nondum
3215 3680 3462 3744 dicebat,
3514 3679 3635 3732 Non

2055 3780 2189 3849 quod
2214 3780 2347 3844 volo,
2380 3794 2475 3848 ago
2502 3794 2520 3830 :
2551 3774 2783 3830 nondum
2816 3772 3019 3842 positus
3058 3772 3110 3824 in
3137 3786 3300 3825 carne
3324 3772 3523 3840 peccati
3552 3770 3633 3823 ul-

2056 3870 2165 3924 lum
2212 3869 2572 3923 necessarium
2621 3865 2846 3919 habebat
2889 3862 3139 3916 auxiliata
3169 3861 3238 3916 de
3287 3860 3634 3915 similitudine

2058 3962 2233 4017 carnis
2278 3962 2508 4031 peccati.

2127 4050 2312 4107 XVIII.
2370 4049 2487 4105 Jun.
2544 4049 2622 4104 Ac
2678 4062 2773 4116 per
2835 4046 2936 4100 hoc
2985 4044 3344 4103 illustrissimo
3394 4044 3637 4098 testimo-

2060 4147 2150 4202 nio
2196 4145 2505 4217 perdoctam
2552 4151 2674 4209 est,
2724 4143 2777 4195 in
2820 4140 3162 4195 nascentibus
3206 4154 3313 4192 non
3363 4153 3481 4192 esse
3512 4153 3636 4205 pec-

2061 4250 2235 4293 catum
2259 4279 2274 4305 ,
2305 4237 2445 4307 quod
2476 4237 2528 4291 in
2572 4235 2653 4289 his
2684 4248 2815 4289 usus
2854 4233 3140 4287 voluntatis
3185 4247 3287 4286 non
3318 4240 3524 4300 poterat
3555 4232 3633 4283 in-

2062 4328 2250 4381 venirt.

2133 4420 2269 4475 Auc.
2296 4419 2361 4473 Et
2382 4416 2521 4473 unde
2539 4432 2699 4488 grave
2714 4432 2921 4486 jugum,
2946 4415 3046 4469 nisi
3072 4414 3193 4483 quia
3219 4414 3288 4467 ita
3316 4429 3418 4466 non
3445 4412 3641 4465 habent

2066 4509 2353 4563 voluntatis
2379 4524 2552 4575 usum,
2584 4518 2642 4561 ut
2665 4507 2908 4563 obnoxia:
2926 4506 2946 4538 ³
2971 4513 3147 4559 tamen
3173 4505 3399 4558 habeant
3421 4504 3641 4573 originis

2065 4600 2359 4654 vinculum.

2134 4690 2277 4746 XIX.
2309 4690 2426 4746 JUL.
2469 4691 2715 4763 Liberum
2745 4698 2920 4745 autem
2951 4687 3228 4743 arbitrium
3257 4687 3435 4757 negari
3464 4686 3530 4739 ab
3562 4685 3644 4740 his

2064 4783 2152 4854 qui
2177 4783 2358 4838 dicunt
2387 4791 2604 4852 peccata
2635 4797 2756 4838 esse
2780 4782 3061 4844 naturalia,
3095 4778 3264 4834 lucida
3290 4789 3374 4833 est
3400 4778 3641 4846 disputa-

2067 4874 2209 4929 tione
2249 4881 2619 4928 monstratum.
2669 4872 2819 4941 Quod
2867 4872 3080 4942 quidem
3126 4872 3355 4934 Penus,
3401 4884 3506 4922 non
3546 4883 3645 4921 suo

2065 4979 2331 5029 sermone,
2364 4979 2430 5018 ne
2468 4964 2644 5018 minus
2670 4962 2919 5032 ponderis
2945 4962 3205 5028 haberet,
3250 4960 3342 5014 sed
3373 4958 3644 5028 Evangelii

2068 5056 2370 5111 testimonio
2390 5096 2406 5122 ,
2446 5055 2598 5125 quasi
2636 5053 2961 5108 auetoratius
2981 5093 2994 5114 ,
3023 5050 3308 5124 denegavit
3326 5094 3342 5110 .
3368 5048 3505 5118 quod
3549 5062 3648 5101 nos

2066 5147 2418 5219 exponendo,
2465 5147 2788 5218 evangelicae
2836 5145 3164 5200 reddidimus
3196 5143 3462 5214 dignitati.
3503 5142 3650 5209 Apo-

2066 5239 2190 5296 stoli
2221 5254 2432 5309 quoque
2464 5238 2613 5293 Pauli
2640 5235 2999 5292 testimonium
3031 5234 3232 5305 laqueis
3252 5229 3651 5288 calumniatoris

2067 5334 2359 5389 exemimus
2382 5373 2395 5398 ,
2444 5340 2500 5387 et
2527 5330 2786 5385 bonorum
2817 5342 3064 5382 vasorum
3097 5326 3308 5397 ﬁgulum
3351 5324 3518 5379 Deum
3551 5336 3649 5376 no-

2132 5530 2145 5560 '
2184 5528 2317 5588 Editi,
2341 5532 2665 5577 noscentium.
2689 5533 2814 5588 Mss_.,
2835 5520 3213 5586 wgrescemium.

2129 5592 2149 5622 ¹
2175 5581 2315 5661 editi,
2337 5588 2519 5648 distuli,
2544 5581 2996 5653 quwrcnditcnipns
3015 5592 3097 5635 est.
3117 5581 3435 5632 Etncudantur
3457 5593 3519 5630 ex
3543 5590 3647 5627 ma-

2149 5666 2335 5697 iCI‘IlLlIS.

2066 5660 2335 5709 adscriptis.

2137 5715 2156 5745 ³
2188 5716 2257 5763 sic
2409 5721 2458 5761 Al
2486 5712 2620 5773 editi,
2642 5708 2915 5760 obnoxium.
