4008 6178
348 290 484 346 1149

341 416 514 460 atrum
540 420 660 461 esse
688 405 925 461 omnium
949 404 1298 469 conditorem,
1331 403 1585 473 propheta
1618 413 1750 459 teste
1782 420 1931 459 mon-

345 498 656 552 Stravimus.

413 591 551 645 Anc.
591 588 705 645 illic
734 588 826 643 tibi
855 603 1168 659 responsmn
1212 596 1314 652 est,
1346 596 1400 642 et
1426 594 1678 657 quantum
1710 586 1930 641 aberra-

344 680 489 736 veris
513 695 544 732 a
578 681 803 735 veritate
826 689 1200 735 monstratum.

412 768 538 826 XX.
570 771 693 826 Jun.
722 771 816 825 llis
855 771 1015 842 igitur
1050 772 1286 827 maxime
1310 772 1442 829 actis
1467 770 1520 825 in
1553 771 1723 840 primo
1751 770 1885 825 libro
1908 812 1925 836 ,

333 878 566 932 quorum
609 878 774 917 unum
816 861 1031 932 aliquod
1073 863 1286 918 abunde
1314 862 1512 918 sufficit
1539 864 1605 917 ad
1649 863 1924 917 victoriam

343 954 580 1008 veritatis
605 970 621 1016 ;
663 969 729 1008 ex
758 952 1048 1008 abundanti
1087 953 1299 1024 quidem
1324 995 1341 1020 ,
1370 963 1612 1023 superest
1640 963 1838 1019 tamen,
1872 961 1928 1007 ut

336 1044 572 1114 Magistri
602 1042 876 1112 Gentium,
909 1060 1011 1114 qua
1036 1059 1134 1115 per
1161 1059 1324 1099 unum
1354 1045 1619 1099 hominem
1650 1053 1922 1113 peccatum

333 1134 469 1189 dixit
499 1136 729 1190 intrasse
770 1135 820 1188 in
862 1134 1118 1189 mundum
1151 1135 1324 1205 (Rom.
1367 1151 1419 1200 ν,
1458 1134 1571 1207 12),
1601 1137 1922 1189 sententiam

330 1226 670 1296 disputemus
702 1244 714 1280 :
739 1234 793 1282 et
814 1226 1231 1292 definitionibus,
1254 1242 1385 1297 quas
1406 1227 1778 1297 przemisimus,
1802 1241 1924 1281 cum

330 1332 557 1373 necesse
582 1317 759 1384 fuerit,
785 1316 1102 1387 adjuvandi;
1133 1326 1185 1372 et
1204 1317 1474 1387 probaturi
1503 1318 1632 1371 nihil
1660 1320 1922 1372 rationem

329 1407 497 1461 fuisse
526 1408 804 1462 mentitam
829 1425 842 1469 ;
872 1409 967 1462 sed
996 1408 1265 1478 injustitiae
1302 1423 1421 1463 esse
1444 1409 1667 1473 crimen,
1695 1408 1920 1463 aliorum

327 1497 509 1551 studia
538 1497 763 1552 aliorum
789 1497 995 1552 ortibus
1022 1498 1318 1568 imputare;
1349 1498 1555 1568 hocque
1580 1499 1750 1566 ipsum
1779 1498 1922 1567 quod

326 1586 572 1659 iniquum
603 1598 717 1653 est,
750 1591 992 1659 quamvis
1027 1605 1185 1645 nemo
1224 1589 1346 1645 hinc
1385 1590 1628 1646 dubitare
1656 1591 1917 1657 debuerit,

333 1689 517 1734 tamen
552 1680 665 1736 Deo
691 1679 976 1750 displicere
998 1723 1015 1748 ,
1047 1690 1100 1735 et
1126 1681 1192 1734 ab
1228 1681 1415 1736 eodem
1449 1683 1740 1752 prohiberi,
1770 1686 1921 1738 testi-

324 1771 525 1826 moniis
550 1771 703 1842 legis,
737 1772 822 1827 vel
848 1772 902 1827 in
934 1773 1035 1828 hoc
1064 1773 1199 1829 libro
1222 1814 1238 1839 ,
1266 1774 1349 1829 vel
1379 1775 1429 1829 in
1475 1777 1714 1847 sequenti
1754 1776 1919 1833 doce-

326 1860 533 1917 bimus.
575 1863 652 1918 Ex
702 1863 894 1934 quibus
936 1867 1240 1921 necessario
1279 1867 1578 1933 conficitur,
1609 1878 1664 1923 et
1708 1884 1804 1923 nos
1832 1886 1919 1925 re-

324 1953 571 2008 ctissime
608 1952 927 2020 defendere,
958 1957 1226 2010 neminem
1256 1973 1375 2012 cum
1422 1968 1638 2026 peccato
1667 1959 1833 2026 nasci,
1863 1972 1915 2014 et

320 2045 499 2099 Deum
543 2062 665 2101 reos
712 2063 818 2101 non
864 2061 1021 2116 posse
1060 2047 1303 2116 judicare
1347 2057 1669 2103 nasrentes:
1718 2065 1781 2105 ac
1823 2066 1916 2118 per

318 2134 460 2202 hoc,
508 2142 614 2189 tam
663 2136 928 2204 integrum
967 2151 1088 2191 esse
1132 2138 1357 2193 liberum
1402 2139 1715 2206 arbitrium,
1756 2154 1914 2210 quam

314 2235 448 2280 ante
478 2226 775 2281 voluntatis
802 2227 1028 2297 pr0pria:
1052 2243 1204 2281 usum
1227 2227 1494 2282 innoxiam
1522 2229 1572 2282 in
1602 2244 1918 2301 unoquoque

320 2324 599 2371 naturam.

389 2411 531 2462 Anc.
570 2408 701 2474 Dic,
734 2407 1010 2464 videamus
1054 2409 1195 2479 quod
1232 2411 1249 2442 ²
1289 2410 1358 2467 de
1401 2411 1639 2480 Apostoii
1672 2413 1913 2467 testimo-

317 2500 412 2553 nio
450 2499 695 2555 dicturus
739 2514 836 2566 es,
879 2509 983 2555 tam
1029 2501 1259 2558 inaniter
1283 2544 1297 2571 ,
1330 2518 1485 2573 quam
1531 2507 1801 2574 superiora
1831 2506 1913 2560 di-

318 2590 469 2642 xisti.

397 2674 542 2734 XXI.
573 2677 691 2734 Jun.
734 2679 1053 2736 Manichacos
1081 2690 1258 2737 autem
1302 2693 1356 2736 ct
1401 2683 1580 2753 pietati
1625 2691 1680 2737 et
1719 2685 1907 2739 rationi

316 2766 573 2835 rebelles,
601 2768 692 2839 qui
718 2779 904 2840 putent
930 2772 950 2803 ¹
980 2781 1035 2827 et
1062 2782 1184 2826 ante
1227 2783 1432 2842 tempus
1472 2775 1758 2829 voluntatis
1788 2790 1909 2829 esse

320 2869 599 2932 peccatum
625 2902 640 2929 ,
682 2862 825 2932 quod
862 2878 1038 2917 rerum
1084 2874 1269 2920 natura
1299 2882 1404 2918 non
1447 2865 1610 2931 sinit;
1650 2874 1705 2919 et
1740 2865 1906 2920 Deum

315 2965 480 3017 esse,
526 2966 685 3022 quem
732 2962 1171 3023 argumentantur
1214 2956 1505 3025 injustam;
1554 2965 1606 3010 et
1650 2956 1907 3021 infamare

312 3051 531 3096 Sanctas
573 3043 829 3112 paginas,
875 3059 1096 3112 quarum
1114 3048 1488 3123 monumentis
1531 3046 1741 3115 probari
1769 3046 1905 3099 alle-

316 3144 448 3204 gant
474 3134 678 3188 crimen
720 3134 1012 3191 divinitatis
1050 3149 1067 3193 :
1109 3138 1252 3207 quod
1294 3152 1415 3193 cum
1461 3150 1526 3193 ex
1571 3137 1737 3192 tribus
1775 3137 1908 3191 nihil

311 3234 479 3294 queat
506 3226 715 3283 ratione
759 3228 1082 3295 monstrari,
1116 3228 1166 3282 id
1212 3238 1313 3294 est,
1346 3244 1445 3284 nec
1473 3230 1590 3285 sine
1631 3229 1905 3284 voluntate

315 3326 591 3383 peccatum
617 3357 632 3381 ,
662 3332 762 3371 nec
791 3316 841 3371 in
870 3318 981 3373 Deo
1013 3318 1286 3388 iniquitas,
1319 3335 1418 3375 nec
1447 3321 1497 3374 in
1543 3321 1660 3390 lege
1687 3336 1904 3391 perver-

311 3407 479 3473 sitas;
528 3408 627 3462 soli
678 3409 753 3463 illi
799 3410 986 3478 stulti,
1020 3412 1355 3482 impudentes
1402 3422 1458 3468 et
1497 3414 1641 3484 impii
1681 3414 1903 3470 demon-

310 3508 553 3554 strentur
573 3501 617 3555 ³.

381 3589 517 3647 Ave.
559 3591 828 3649 Erubesce
857 3612 871 3650 :
900 3609 1007 3649 non
1049 3594 1147 3650 fuit
1189 3595 1501 3651 Ambrosius
1540 3596 1896 3663 Manichacus,

308 3698 435 3738 cum
465 3683 669 3740 diceret
696 3685 971 3742 hominem
998 3688 1144 3758 prius
1169 3688 1348 3744 subire
1371 3688 1681 3744 delictorum
1711 3698 1898 3745 conta-

307 3775 456 3844 gium
479 3817 495 3841 ,
524 3792 680 3846 quam
722 3779 896 3835 vitalis
924 3781 1140 3850 spiritus
1178 3796 1371 3835 munus
1414 3780 1629 3836 haurire
1672 3781 1806 3852 (Lib.
1838 3782 1901 3836 de

313 3866 569 3940 Philam).
600 3869 705 3925 Sed
731 3886 832 3926 nec
853 3871 956 3926 ista
974 3870 1189 3939 delicta,
1222 3873 1320 3927 nisi
1349 3888 1413 3927 ex
1438 3873 1707 3927 voluntate
1733 3874 1896 3928 exsti-

309 3967 491 4014 terunt
511 4001 526 4025 ,
557 3961 697 4016 unde
725 3961 983 4031 originem
1031 3962 1244 4017 trahunt
1274 3981 1289 4017 :
1318 3970 1373 4016 et
1400 3962 1519 4017 ideo
1562 3977 1663 4018 nec
1703 3964 1756 4017 in
1789 3964 1898 4017 Deo

309 4060 394 4104 cst
420 4051 693 4122 iniquitas,
716 4053 805 4123 qui
828 4063 1044 4122 propter
1064 4052 1165 4106 hoc
1188 4053 1365 4123 posuit
1384 4052 1723 4108 noscentibus
1737 4067 1897 4122 grave

301 4142 490 4212 jngum
523 4160 536 4196 :
566 4158 667 4196 nec
698 4143 748 4196 in
778 4142 892 4213 lege
916 4142 1256 4212 perversitas,
1289 4143 1341 4197 in
1364 4158 1468 4213 qua
1496 4144 1597 4199 hoc
1624 4144 1846 4200 discitur
1873 4143 1897 4176 δ

306 4247 433 4286 esse
460 4231 831 4298 verissimum;
863 4230 1005 4304 quod
1033 4244 1087 4288 et
1111 4234 1211 4303 ipsi
1242 4234 1515 4301 videretis,
1546 4235 1647 4289 nisi
1678 4249 1770 4290 vos
1794 4250 1893 4306 po-

307 4321 417 4373 tius
444 4336 725 4390 perversos
750 4322 935 4377 oculos
964 4321 1250 4378 haberetis.

380 4410 548 4465 XXII.
582 4411 699 4466 Jun.
749 4410 958 4467 llzereat
1000 4413 1159 4483 igitur
1203 4413 1302 4468 hoc
1346 4414 1578 4470 maxime
1623 4414 1894 4483 prudentis

300 4500 487 4555 animo
515 4501 750 4568 lectoris,
772 4502 1019 4558 omnibus
1040 4502 1326 4572 Scripturis
1350 4504 1515 4558 sacris
1543 4505 1713 4558 solum
1741 4505 1889 4570 illud,

300 4591 446 4661 quod
490 4592 541 4645 in
573 4592 832 4647 honorem
878 4593 970 4647 Dei
1011 4592 1268 4648 Catholici
1312 4595 1561 4663 sapiunt,
1592 4596 1890 4663 contineri,

299 4683 444 4736 sicut
482 4681 838 4753 frequentium
885 4688 1266 4739 sententiarum
1313 4686 1428 4740 luce
1467 4685 1798 4741 illustratur:
1840 4698 1894 4743 et

305 4772 479 4828 sicubi
509 4774 693 4829 durior
730 4775 963 4829 elocutio
993 4776 1217 4830 moverit
1253 4776 1602 4846 qmcstionem
1627 4817 1643 4842 ,
1689 4785 1890 4831 certum

302 4866 521 4937 quidem
548 4883 701 4936 esse,
732 4884 838 4923 non
866 4869 934 4923 ibi
964 4868 1014 4923 id
1042 4868 1182 4939 quod
1213 4868 1462 4937 injustam
1494 4877 1594 4935 est,
1626 4871 1727 4925 loci
1755 4871 1893 4925 illius

300 4968 581 5013 auctorem
610 4960 887 5029 sapuisse;
918 4960 1208 5015 secundmn
1240 4960 1289 5013 id
1314 4971 1491 5014 autem
1518 4960 1713 5016 debere
1740 4962 1894 5016 intel-

300 5050 416 5122 ligi,
458 5049 600 5120 quod
625 5060 680 5105 et
706 5053 843 5106 ratio
871 5051 1145 5122 perspicua
1167 5093 1193 5135 ,ι
1214 5059 1267 5105 et
1295 5052 1517 5105 aliormn
1547 5053 1805 5118 locorum,
1838 5054 1890 5107 in

298 5141 495 5213 quibus
521 5157 626 5197 non
649 5150 733 5197 est
760 5142 1095 5212 ambiguitas,
1124 5142 1378 5211 Splendor
1403 5145 1669 5212 aperuerit
1699 5144 1741 5196 ⁸.
1773 5143 1889 5198 Jam

300 5232 461 5303 igitur
485 5231 605 5303 ejus
631 5247 752 5287 cum
778 5248 884 5302 quo
909 5235 1115 5303 agimus
1133 5231 1295 5288 verba
1327 5248 1605 5304 ponamus.
1633 5233 1888 5304 Equidem

364 5445 379 5508 ξ
415 5443 552 5508 ﬁdi“.
588 5442 724 5508 quid:
742 5451 870 5508 MSS»
894 5447 1039 5508 quod-

361 5506 383 5570 !
415 5507 488 5570 sic
516 5505 624 5555 Mss.
649 5505 786 5570 Editi,
811 5505 994 5570 pulchri.

361 5568 383 5597 ³
415 5567 487 5615 sic
504 5573 615 5636 quas.
654 5565 774 5615 clar.
794 5565 848 5618 et
869 5576 991 5618 Port.
1022 5570 1138 5620 Editi
1163 5584 1298 5633 vero,
1323 5569 1650 5636 imprudentes
1672 5579 1716 5623 et
1754 5571 1891 5636 impii

298 5628 732 5697 dmrmw-.-
758 5690 769 5697 .
849 5688 875 5697 ..
914 5687 923 5697 .

361 5690 383 5759 ᾖ
417 5692 490 5738 sic
520 5697 629 5740 atas.
655 5688 790 5759 aditi,
825 5688 1021 5741 dicitur.

360 5752 383 5784 ⁸
414 5759 542 5814 διες..
578 5752 783 5813 aperuit.

1653 286 1851 342 LIBER
1889 286 2260 365 secuxous.

3490 256 3499 277 ὗ

3485 301 3625 359 “50

2042 406 2094 458 in
2126 406 2217 460 illo
2241 408 2412 475 capite
2438 407 2700 463 dictorum
2741 424 2954 466 suorum
2972 453 2989 479 ,
3016 411 3158 482 quod
3187 425 3355 482 usque
3380 412 3444 466 ad
3488 416 3624 483 ﬁgu-

2038 496 2147 551 lum
2196 509 2534 568 peccatorum
2581 503 2597 532 ι
2645 502 2812 556 Deum
2859 518 3011 556 suum
3059 503 3351 558 adduxerat
3376 544 3391 569 ,
3436 514 3625 560 contra

2035 589 2177 658 quod
2211 591 2347 645 libro
2385 592 2661 660 superiore
2698 593 3053 661 conﬂiximus,
3091 596 3318 649 tenuiter
3342 595 3497 661 dixit,
3529 610 3626 664 per

2034 695 2199 733 unum
2230 681 2498 735 hominem
2529 691 2809 751 peccatum
2832 684 3057 738 intrasse
3086 685 3138 737 in
3185 685 3437 739 mundum
3468 702 3481 737 :
3515 700 3621 738 non

2035 780 2113 823 est
2138 779 2313 824 autem
2347 770 2396 823 in
2424 773 2757 840 expositione
2786 773 2886 826 loci
2909 774 3074 842 ipsius
3099 775 3431 828 immoratus.
3463 775 3623 829 Post-

2036 876 2196 931 quam
2222 878 2348 917 vero
2375 864 2557 918 multis
2581 865 2758 919 verbis
2782 876 2967 920 contra
2996 866 3083 919 illa
3110 876 3380 936 excerpta,
3412 883 3530 935 quae
3556 869 3622 921 ad

2030 970 2090 1010 se
2131 955 2410 1010 continuat
2439 957 2632 1023 missa,
2671 957 2959 1025 disseruit,
3006 959 3251 1027 pervenit
3278 960 3344 1013 ad
3388 958 3618 1028 aliquem

2030 1045 2297 1101 dictorum
2330 1063 2572 1102 meorum
2611 1048 2806 1115 locum,
2851 1065 3007 1119 quem
3045 1050 3143 1103 sibi
3173 1052 3323 1119 quasi
3350 1065 3613 1119 oppugna-

2033 1146 2186 1191 turus
2215 1137 2445 1206 objecit;
2473 1138 2567 1193 sed
2595 1138 2727 1193 nihil
2748 1140 3039 1193 secundum
3068 1140 3125 1193 id
3147 1141 3286 1209 quod
3309 1140 3479 1195 fuerat
3505 1142 3613 1209 pul~

2032 1234 2181 1280 satus
2206 1226 2448 1282 referens
2472 1271 2486 1293 ,
2533 1228 2607 1283 ad
2630 1229 2766 1283 hanc
2803 1230 3049 1299 Apostoli
3074 1233 3391 1285 sententiam
3416 1246 3618 1285 convo-

2028 1315 2194 1381 lavit,
2248 1317 2305 1370 in
2344 1333 2445 1387 qua
2496 1318 2661 1385 dicit,
2695 1334 2793 1388 per
2832 1335 2993 1373 unum
3041 1320 3309 1375 hominem
3341 1329 3614 1388 peccatum

2032 1407 2260 1462 intrasse
2305 1409 2359 1462 in
2408 1410 2699 1475 mundum;
2739 1420 2794 1465 ct
2838 1412 3131 1466 secundum
3176 1412 3368 1482 dogma
3419 1429 3572 1467 suum
3599 1454 3613 1477 ,

2027 1507 2335 1551 contextum
2366 1498 2469 1553 loci
2497 1499 2662 1569 ipsius
2688 1514 2958 1569 exponere
2983 1501 3199 1555 molitus
3227 1510 3312 1556 est
3340 1519 3352 1554 :
3401 1511 3618 1570 propter

2026 1587 2169 1655 quod
2207 1603 2328 1657 ego,
2359 1590 2733 1658 praetermissis
2761 1591 2901 1657 aliis,
2931 1591 3007 1645 ad
3039 1608 3156 1647 eam
3187 1593 3463 1663 preperavi
3493 1608 3611 1662 par-

2025 1687 2129 1730 tem
2157 1720 2173 1744 ,
2222 1690 2279 1734 ut
2322 1681 2444 1751 quia
2485 1697 2571 1737 me
2616 1684 2965 1751 promiseram
3008 1685 3145 1740 hanc
3190 1700 3311 1741 esse
3356 1686 3611 1756 quaestio-

2028 1783 2148 1821 nent
2176 1770 2227 1823 in
2257 1772 2499 1827 secundo
2527 1774 2796 1829 volumine
2838 1776 3136 1829 solnutrmn
3159 1817 3175 1841 ,
3207 1787 3260 1831 et
3291 1776 3446 1831 tidem
3492 1792 3614 1844 pro-

2022 1859 2292 1914 missionis
2335 1862 2629 1932 implcrcm,
2659 1873 2714 1918 et
2735 1866 3125 1934 argmnentatio
3156 1866 3297 1921 illius
3321 1882 3438 1935 qua:
3469 1876 3614 1922 esset

2022 1954 2398 2016 ostemlerem,
2449 1968 2518 2008 ne
2562 1964 2778 2023 putarer
2824 1954 3013 2010 fecisse
3051 1954 3331 2019 fraudem,
3380 1957 3424 2010 si
3469 1955 3643 2010 illius.

2018 2043 2355 2107 expositionum:
2378 2057 2686 2112 suppressa,
2715 2060 2833 2099 eam
2858 2061 3019 2115 quam
3042 2046 3356 2100 catholicam
3383 2045 3610 2100 fatentur

2021 2130 2302 2185 inferrem.

2090 2221 2228 2275 Avo.
2260 2220 2597 2292 Pelagianam
2623 2224 2865 2281 illaturus
2892 2240 2972 2291 cs,
3003 2241 3115 2279 non
3138 2226 3476 2282 eatlmlicam.
3504 2228 3607 2281 Ca-

2021 2310 2215 2366 tholica
2249 2312 2341 2367 illa
2380 2323 2500 2381 est,
2545 2330 2664 2384 tunc
2710 2318 2941 2371 ostendit
2974 2317 3173 2387 justum
3216 2320 3379 2373 Deum
3429 2319 3481 2372 in
3532 2327 3608 2372 tot

2013 2417 2076 2455 ac
2106 2405 2270 2457 tantis
2310 2405 2485 2471 penitis
2522 2415 2575 2460 et
2608 2408 2934 2462 crociatibus
2974 2409 3345 2477 parvuiorum;
3376 2426 3509 2479 quos
3551 2410 3602 2463 in

2015 2496 2262 2561 paradiso
2292 2496 2434 2550 ullus
2459 2511 2643 2552 eorum
2675 2499 2819 2552 nulla
2863 2501 3113 2569 (equitate
3141 2502 3400 2565 sentiret,
3431 2502 3475 2556 si
3507 2517 3605 2555 oa-

2014 2591 2128 2636 tura
2162 2582 2391 2639 humana
2421 2586 2602 2641 vitiata
2649 2597 2887 2656 peccato,
2918 2599 2973 2644 et
3009 2591 3203 2646 merito
3222 2590 3462 2644 damnata
3496 2606 3601 2645 non

2010 2684 2173 2729 esset.

2082 2764 2271 2819 XXI".
2337 2766 2456 2822 Jee.
2523 2767 2839 2825 lterractans
2891 2770 3050 2840 igitur
3099 2772 3153 2825 in
3213 2775 3389 2842 primo
3436 2786 3600 2841 opere

2008 2869 2137 2907 urcei
2184 2857 2505 2911 sententiam
2554 2858 2708 2928 ejus,
2758 2876 2865 2930 qua
2910 2861 3115 2916 dixerat
3166 2881 3181 2916 :
3236 2881 3255 2914 ι
3286 2862 3417 2916 Nam
3462 2864 3601 2917 sicut

2007 2954 2284 3013 peccatum
2311 2988 2325 3010 ,
2361 2949 2480 3003 sive
2508 2950 2629 3006 hinc
2656 2990 2674 3017 ,
2701 2952 2816 3007 sive
2842 2952 2965 3009 inde
2996 2954 3235 3008 trahatur
3263 2971 3291 3007 a
3325 2955 3554 3024 parvulis
3576 2992 3595 3019 ,

2007 3050 2140 3103 opus
2187 3046 2271 3092 est
2318 3038 2555 3104 diaboli;
2601 3043 2681 3096 sic
2719 3042 2918 3109 homo,
2965 3045 3078 3099 sive
3125 3045 3286 3111 hinc,
3317 3046 3435 3100 sive
3475 3046 3597 3100 inde

2004 3135 2271 3192 nascatur,
2294 3143 2428 3196 Opus
2442 3140 2522 3184 est
2551 3131 2643 3186 Dei
2676 3151 2695 3183 ι
2728 3131 2827 3201 (De
2846 3132 3057 3203 Nuptiis
3081 3146 3129 3188 et
3159 3136 3594 3206 Concupiscenlia,

2006 3215 2093 3268 lib.
2118 3216 2166 3278 l,
2184 3233 2237 3270 κ.
2258 3218 2284 3271 l
2312 3222 2329 3287 )
2356 3236 2370 3272 :
2400 3218 2469 3271 ita
2488 3229 2664 3275 autem
2687 3238 2717 3275 a
2735 3238 2822 3277 me
2849 3240 2989 3278 Ill)th
3012 3226 3095 3279 hic
3116 3227 3362 3288 refertur,
3381 3228 3519 3279 sicut
3539 3228 3591 3281 in

2004 3320 2126 3360 meo
2155 3322 2316 3379 opere
2345 3311 2671 3380 continetur,
2703 3313 2844 3370 unde
2870 3317 3155 3371 maximam
3190 3326 3397 3388 partem
3423 3318 3594 3373 fuerat

2009 3399 2110 3454 iste
2137 3398 2360 3457 furatus.

2071 3492 2206 3546 Acc.
2258 3490 2347 3548 Sic
2388 3508 2511 3549 vera
2560 3497 2580 3527 '
2638 3496 2883 3568 disputas
2911 3542 2924 3565 ,
2972 3500 3241 3569 quomodo
3286 3517 3465 3556 vermn
3513 3513 3596 3557 est

2003 3584 2144 3652 quod
2189 3598 2288 3655 ego
2339 3585 2426 3640 illa
2474 3586 2681 3643 furatus
2730 3606 2846 3644 sum
2903 3610 2916 3644 :
2959 3607 3078 3646 cum
3141 3595 3318 3663 potius
3363 3595 3454 3649 ille
3495 3612 3591 3650 cu-

1998 3672 2090 3741 jus
2129 3673 2369 3728 chartula
2411 3677 2539 3731 mihi
2589 3679 2751 3734 missa
2796 3692 2917 3747 cst,
2966 3684 3106 3753 quod
3152 3687 3321 3740 voluit
3348 3696 3505 3757 atque
3536 3696 3594 3739 ut

2001 3763 2203 3829 voluit,
2226 3779 2293 3819 ex
2322 3779 2484 3833 opere
2512 3775 2603 3823 tuo
2627 3810 2643 3834 ,
2676 3770 2898 3827 arbitrio
2923 3788 3021 3828 suo
3053 3775 3354 3846 iudicioque
3401 3787 3578 3831 trans-

2002 3852 2198 3907 tulerit.

2066 3941 2258 3999 XXIV.
2283 3942 2404 3999 Jun.
2435 3945 2706 4016 Respondi
2728 3963 2856 4018 ergo
2884 3951 2957 4005 ibi
2982 3970 2997 4004 :
3026 3970 3046 4003 σ
3078 3954 3157 4007 To
3187 3956 3402 4024 quidem
3428 3957 3591 4029 (pace

1996 4035 2286 4104 magisterii
2320 4037 2392 4089 tui
2423 4037 2646 4092 dixerim
2670 4038 2714 4110 ³)
2750 4041 3118 4110 tergiversaris
3159 4061 3173 4097 :
3220 4046 3316 4099 sed
3344 4047 3584 4117 intelligo

1995 4125 2136 4194 quod
2165 4126 2422 4181 ademerit
2451 4127 2543 4182 tibi
2568 4128 2766 4184 veritas
2786 4131 3053 4186 licentiam
3080 4136 3426 4206 pervagandi.
3452 4139 3589 4192 Ecce

1995 4220 2135 4273 enim
2185 4231 2237 4275 et
2287 4238 2384 4276 nos
2423 4223 2809 4293 acquiescimus
2852 4227 2973 4296 quia
3014 4238 3290 4295 peccatum
3331 4244 3465 4298 opus
3503 4240 3589 4284 est

1994 4310 2148 4364 malae
2177 4310 2481 4376 voluntatis,
2521 4313 2602 4368 vel
2660 4326 2792 4383 opus
2822 4324 2904 4369 est
2938 4316 3172 4371 diaboli:
3205 4319 3299 4373 sed
3339 4334 3433 4387 per
3459 4320 3585 4387 quid

1996 4399 2096 4454 hoe
2122 4409 2398 4469 peccatum
2434 4402 2698 4458 invenitur
2725 4405 2778 4458 in
2808 4407 3061 4474 parvulo?
3094 4408 3196 4463 Per
3217 4410 3538 4464 voluntatem
3563 4412 3587 4462 ?

1995 4492 2060 4543 At
2089 4491 2229 4543 nulla
2273 4491 2324 4544 in
2350 4506 2416 4546 eo
2448 4490 2563 4547 fuit.
2597 4494 2701 4548 Per
2739 4494 2965 4549 formam
2994 4498 3277 4565 corporis?
3313 4500 3416 4553 Sed
3445 4500 3583 4554 hanc

1994 4582 2134 4636 Deus
2166 4583 2368 4637 tribuit.
2400 4583 2504 4638 Per
2541 4578 2845 4655 ingressum
2870 4590 3104 4643 animm?
3130 4590 3232 4647 Sed
3263 4592 3393 4646 nihil
3424 4594 3586 4651 debet

1993 4677 2188 4731 semini
2216 4678 2501 4747 corporali,
2531 4694 2650 4750 qua:
2688 4696 2820 4735 nova
2847 4698 2875 4735 a
2908 4684 3018 4738 Deo
3044 4687 3312 4740 conditur.
3345 4688 3446 4741 Per
3478 4706 3580 4743 nn-

1994 4768 2172 4835 ptius?
2210 4768 2314 4825 Sed
2350 4769 2431 4823 ha:
2462 4771 2728 4840 pertinent
2756 4774 2820 4828 ad
2853 4789 2987 4844 opus
3025 4786 3325 4845 parentum,
3364 4795 3501 4849 quos
3530 4783 3592 4839 in,

1997 4859 2095 4914 hoc
2116 4872 2237 4914 acttt
2259 4876 2361 4916 non
2385 4878 2635 4932 peccas-se
2669 4868 3013 4934 praemiseras
3040 4888 3052 4921 :
3079 4870 3219 4937 quod
3248 4870 3291 4922 si
3319 4887 3420 4923 non
3455 4887 3584 4927 rere

1995 4950 2045 5004 id
2089 4966 2453 5019 concesseras,
2479 4956 2613 5010 sicut
2635 4971 2921 5026 processus
2952 4958 3025 5010 tui
3062 4959 3327 5013 sermonis
3354 4959 3585 5029 indicat,

1996 5043 2122 5110 ipStB
2163 5051 2284 5096 sunt
2326 5045 2688 5109 exsccrandm,
2735 5063 2855 5116 qua:
2897 5062 3113 5101 causam
3149 5045 3384 5103 fct'b'l‘lllll
3430 5053 3579 5109 Iunii.

1994 5130 2188 5186 Verum
2220 5132 2322 5186 illa:
2369 5135 2719 5188 substantiam
2759 5136 3027 5204 prepriam
3068 5154 3171 5191 non
3219 5139 3446 5205 lmhent;
3479 5143 3577 5196 Sed

2055 5265 2080 5335 ι,
2109 5263 2225 5337 Editi
2239 5298 2256 5325 ,
2287 5272 2584 5328 peccatorem
2624 5277 2643 5314 :

1988 5338 2241 5457 δ⁰ῗ¹ἐξῇὶξ,
2267 5384 2312 5437 si
2333 5398 2461 5436 vera.
2474 5392 2547 5457 ..Αι
2568 5388 2802 5457 Μεδηρᾴο
2821 5402 2978 5457 υεναε-
3374 5446 3381 5447 ί

2053 5447 2075 5518 _3
2107 5448 2258 5518 ﬁditi,_
2279 5448 2521 5518 Responde
2551 5447 2764 5512 ergo’ibi
2786 5457 2837 5501 tu
2860 5452 3075 5517 quidem,
3095 5462 3281 5518 partem
3313 5453 3581 5518 magisterii

1987 5508 2057 5561 tui
2093 5508 2323 5573 dixerim.
2365 5508 2674 5573 'Castigantitr
2719 5527 2781 5564 ex
2983 5508 3105 5567 Poet:
3160 5524 3269 5566 mar.
3331 5508 3452 5566 cla'r.
3490 5525 3584 5565 In-

1987 5572 2423 5639 sponsionemhue
2449 5572 2585 5639 suam
2629 5574 2843 5625 Julianus
2884 5577 3110 5627 transfert
3150 5592 3210 5626 ex
3260 5579 3414 5639 primo
3457 5579 3581 5627 libro

1991 5632 2161 5696 prioris
2179 5635 2343 5698 operis
2446 5632 2773 5704 Tur-haetiam,
2806 5655 2918 5704 qua:
2937 5642 3032 5701 jam
3066 5642 3126 5688 ab
3153 5632 3413 5701 augustino
3445 5643 3578 5690 refu-

1997 5711 2088 5748 tata
2106 5696 2292 5770 per“,
2316 5726 2382 5765 ηε,
2411 5699 2457 5746 in
2484 5696 2563 5770 lil_)_.
2594 5696 2849 5770 primone
2886 5696 2963 5763 an,
2986 5703 3061 5749 tiis
3098 5711 3182 5770 ett
3200 5696 3577 5766 oncupiseeutia,

1996 5774 2076 5809 un.
2105 5765 2185 5819 50;
2209 5761 2292 5825 5!;
2313 5761 2555 5820 invitm-o3
2577 5761 2739 5813 Contra
2773 5761 3018 5823 tulimuin,
3055 5778 3100 5811 ιι.
3129 5762 3182 5811 δε
3207 5777 3312 5827 sqq.

2688 5265 2816 5314 male
2869 5279 2925 5318 ac
2980 5273 3366 5334 repugnantibus
3416 5286 3583 5325 manu-
