4004 6190
414 262 543 319 “Si

409 375 623 430 nomine
650 388 746 430 suo
766 388 1110 446 personarum
1136 388 1271 443 opus
1292 372 1523 428 indicant
1549 393 1562 427 :
1596 382 1843 443 parentes
1882 372 1975 441 igi-

410 476 516 533 tur,
555 467 644 536 qui
690 476 958 521 conventu
996 480 1094 519 suo
1121 478 1334 518 causam
1381 462 1553 519 fecere
1597 472 1834 532 peccato,
1858 462 1977 531 jure

406 556 759 610 damnabiles.
791 555 998 623 Ambigi
1041 568 1170 623 ergo
1206 555 1317 623 jam
1362 568 1468 607 non
1496 562 1687 621 potest,
1726 552 1979 623 conjuges

408 656 614 701 wterno
662 647 919 717 supplicio
961 645 1272 715 mancipari,
1314 659 1539 714 quorum
1584 644 1763 699 labore
1803 652 1978 698 actum

409 749 489 791 est
518 749 574 792 ut
599 738 664 792 ad
695 738 1022 791 dominatum
1050 737 1402 792 exercendum
1440 738 1492 791 in
1523 737 1765 791 homines
1792 736 1976 791 diabo-

412 831 493 883 lus
525 829 842 897 perveniret.
867 828 1018 897 Quod
1034 830 1077 883 si
1098 829 1462 895 concesseris;
1495 828 1623 883 illud
1645 836 1809 883 totum
1837 827 1978 897 quod

407 931 561 977 antea
580 922 812 976 tenuisse
828 922 1092 988 videbaris
1111 921 1342 985 amittes,
1359 920 1409 974 id
1431 928 1533 987 est,
1548 920 1686 990 quod
1708 919 1979 973 hominem

386 978 503 1094 ξι)θί
544 1013 915 1082 opusdixeras.
953 1012 1265 1068 Necessario
1305 1012 1500 1081 quippe
1555 1011 1812 1080 sequitur,
1857 1010 1977 1080 quia

386 1098 501 1172 'pcr
519 1103 951 1158 commixtiouem
989 1116 1271 1171 corporum
1301 1102 1449 1171 origo
1487 1100 1777 1171 progenitis
1801 1108 1902 1165 est,
1934 1100 1978 1153 si

380 1178 500 1264 iper
526 1194 786 1264 originem
826 1194 1021 1247 malum
1066 1193 1124 1257 in,
1162 1192 1486 1255 hominibus,
1529 1206 1622 1261 per
1647 1191 1858 1257 :malum
1892 1188 1980 1259 jus

404 1286 597 1341 diaboli
637 1287 692 1340 in
730 1286 995 1350 homines,
1025 1284 1295 1339 diabolum
1333 1298 1452 1338 esse
1493 1291 1763 1337 auctorem
1806 1281 1980 1335 homi-

408 1394 557 1443 num,
584 1393 613 1431 a
640 1394 745 1447 quo
778 1387 860 1432 est
884 1378 1032 1446 origo
1062 1376 1410 1430 nascentium.
1446 1392 1465 1426 ι
1517 1375 1642 1430 Post
1666 1389 1782 1443 qua:
1812 1371 1978 1441 ipsius

404 1469 579 1523 denuo
597 1470 752 1524 verba
769 1451 1023 1537 repetivi:
1054 1486 1073 1519 ‹
1096 1467 1226 1522 Nam
1246 1467 1383 1521 sicut
1400 1475 1691 1534 peccatum,
1705 1465 1817 1518 sive
1834 1462 1976 1529 hinc,

404 1561 522 1615 sive
559 1560 680 1615 inde
709 1561 965 1624 trahatur,
987 1573 1120 1629 opus
1155 1566 1238 1613 est
1262 1557 1488 1622 diaboli;
1524 1557 1603 1611 sic
1644 1555 1824 1618 homo,
1864 1554 1975 1608 sive

405 1650 556 1715 hinc,
587 1652 698 1705 sive
734 1650 854 1705 inde
880 1660 1140 1714 nascatur,
1169 1664 1303 1719 opus
1322 1656 1406 1702 est
1433 1648 1545 1702 Dei.
1577 1666 1597 1700 ι
1639 1648 1717 1701 Ac
1738 1644 1981 1714 protinus

412 1740 672 1797 insurrexi
701 1741 801 1794 hoc
825 1743 982 1795 modo
1011 1757 1025 1793 :
1060 1758 1080 1791 ι
1107 1740 1238 1794 Cum
1267 1739 1411 1793 illam
1440 1753 1622 1793 vocem
1668 1737 1872 1791 timoris
1903 1736 1975 1789 tui

404 1830 598 1899 cogito,
625 1845 725 1899 qua
748 1829 879 1884 dicis
908 1830 1116 1898 nuptias
1151 1829 1345 1882 malum
1376 1841 1483 1882 non
1520 1841 1657 1891 esse,
1686 1826 1814 1880 istos
1847 1825 1978 1880 alios

403 1934 679 1974 sermones
721 1929 840 1975 tuos
862 1920 977 1974 sine
1008 1920 1116 1973 risu
1150 1918 1488 1973 considerare
1517 1932 1620 1970 non
1653 1930 1887 1985 possum.
1919 1914 1978 1970 Si

403 2009 544 2062 enim
572 2009 743 2063 credis
770 2025 801 2062 a
837 2010 945 2064 Deo
966 2009 1210 2063 homines
1236 2007 1372 2073 fleri,
1399 2015 1593 2062 etesse
1613 2005 1867 2075 conjuges
1894 2005 1975 2059 in-

405 2106 690 2161 nocentes;
716 2096 833 2151 vide
852 2112 1010 2166 quam
1032 2105 1174 2151 stare
1195 2110 1299 2151 non
1319 2095 1508 2165 possit,
1530 2094 1663 2148 trahi
1685 2109 1751 2148 ex
1767 2093 1851 2147 his
1870 2094 1978 2148 ori-

399 2186 575 2256 ginale
600 2196 894 2255 peccatum.
921 2185 1082 2242 Certe
1110 2201 1217 2241 non
1245 2192 1431 2259 peccat
1465 2183 1567 2241 iste
1593 2184 1683 2254 qui
1719 2184 1972 2249 nascitur,

400 2291 507 2330 non
538 2285 720 2346 peccat
754 2277 841 2332 ille
870 2277 961 2347 qui
989 2278 1192 2348 genuit,
1224 2292 1329 2331 non
1355 2282 1538 2345 peccat
1565 2274 1655 2329 ille
1677 2273 1767 2344 qui
1792 2274 1976 2330 condi—

398 2365 479 2419 dit
510 2384 523 2418 :
570 2380 664 2434 per
694 2381 826 2435 quas
866 2367 1028 2421 rimas
1063 2366 1200 2421 inter
1237 2375 1315 2421 tot
1353 2365 1598 2436 praesidia
1632 2365 1972 2433 innocentiae,

401 2463 675 2523 peccatum
703 2455 855 2524 lingis
880 2454 1219 2525 ingressum?
1249 2474 1271 2507 ι

473 2550 611 2601 Aac.
649 2546 769 2601 lam
807 2546 890 2601 bis
923 2546 1099 2625 verbis
1124 2546 1248 2612 tuis,
1286 2546 1446 2603 etiam
1485 2561 1606 2602 cum
1639 2547 1784 2617 ipsos
1812 2548 1975 2603 libros

408 2645 532 2690 tuos
562 2636 830 2706 legissem,
860 2636 1200 2705 respondisse
1223 2652 1310 2691 me
1331 2636 1526 2691 sufﬁcit
1550 2636 1773 2706 (Supra,
1799 2647 1977 2692 contra

399 2726 689 2793 lulianum,
733 2726 821 2781 lib.
854 2727 908 2791 5,
939 2743 991 2780 n.
1033 2726 1246 2798 54-57).
1274 2727 1469 2783 Verum
1494 2737 1548 2782 et
1578 2727 1665 2783 hic
1689 2728 1969 2796 admoneo,

354 2880 361 2889 ,
398 2816 711 2887 Apostolum
742 2816 917 2886 potius
944 2816 1265 2871 audiendum
1290 2832 1432 2882 esse,
1458 2832 1616 2887 quam
1648 2826 1720 2885 te,
1750 2818 1842 2888 qui
1867 2833 1972 2874 non

397 2910 658 2964 occultam
688 2910 899 2976 rimam,
931 2909 1025 2964 sed
1066 2909 1456 2979 apertissimam
1490 2909 1706 2979 januam
1748 2909 1975 2965 demon-

397 3000 602 3066 stravit,
628 3014 731 3070 qua
758 3009 1019 3068 peccatum
1054 2999 1258 3053 intravit
1285 3000 1338 3052 in
1367 3000 1629 3064 mundum,
1658 3007 1706 3053 et
1731 3015 1820 3069 per
1855 3015 1972 3071 pee-

397 3100 562 3142 catum
582 3104 745 3152 more;
784 3097 833 3142 et
853 3089 925 3142 ita
944 3089 997 3142 in
1017 3104 1188 3142 omnes
1212 3088 1437 3142 homines
1462 3088 1773 3158 pertransiit,
1794 3088 1847 3141 in
1874 3105 1973 3159 quo

397 3196 566 3234 omnes
591 3188 914 3249 peccaverunt
934 3177 1109 3251 (Rom.
1132 3196 1185 3244 v,
1209 3178 1297 3247 12)
1330 3197 1343 3232 :
1369 3194 1488 3249 quze
1513 3178 1671 3235 verba
1693 3179 1828 3248 ejus,
1850 3194 1970 3234 cum

398 3270 690 3326 secundum
720 3285 847 3336 vos,
883 3285 988 3325 non
1016 3270 1303 3325 secundum
1334 3270 1533 3340 ipsum,
1569 3284 1835 3339 exponere
1863 3286 1972 3326 cm-

397 3360 557 3427 peris,
584 3370 707 3414 tunc
727 3360 1001 3429 apparebit
1025 3361 1109 3413 cui
1134 3359 1432 3414 rectitudini
1465 3359 1706 3416 veritatis
1737 3360 1972 3431 loquaci-

397 3456 505 3502 tate
535 3448 918 3502 tortuosissima
947 3448 1241 3502 relucieris.
1686 3498 1699 3507 .

472 3536 638 3590 XXV.
680 3536 799 3591 ιω..
841 3536 991 3591 llunc
1015 3552 1142 3606 ergo
1167 3536 1234 3592 de
1262 3552 1425 3606 opere
1477 3553 1598 3593 meo
1633 3540 1809 3607 priore
1845 3555 1972 3594 con-

400 3634 600 3679 textum
625 3666 642 3690 ,
674 3626 726 3679 in
756 3625 859 3681 hoc
884 3626 1119 3679 secundo
1148 3626 1285 3680 libro
1304 3641 1403 3681 suo
1430 3627 1552 3694 sibi,
1590 3628 1715 3682 licet
1738 3644 1859 3684 cum
1891 3631 1971 3683 in-

398 3717 753 3785 terpolatione
774 3719 813 3781 ί,
847 3717 1120 3786 proposuit
1153 3716 1254 3789 (De
1289 3716 1497 3788 Nuptiis
1524 3727 1569 3771 et
1599 3717 1967 3789 Concupiscet:-

395 3810 488 3876 tia,
538 3809 625 3862 lib.
656 3808 713 3875 Ξ,
750 3826 801 3863 τι.
834 3809 1043 3880 44-49).
1074 3808 1204 3864 Nam
1231 3818 1285 3863 et
1310 3820 1781 3864 commemoratam
1812 3826 1843 3864 a
1882 3827 1967 3865 me

396 3900 765 3977 formationem
805 3903 1069 3971 corporis,
1118 3910 1172 3956 et
1214 3901 1508 3970 ingressum
1556 3902 1767 3968 animm,
1808 3919 1965 3972 quam

397 4007 585 4047 novam
640 3994 691 4047 in
743 4008 1062 4064 unoquoque
1106 4008 1137 4048 a
1178 3994 1286 4047 Deo
1325 3992 1612 4060 conditam,
1663 4004 1767 4048 tam
1808 3996 1964 4061 ratio,

392 4102 549 4155 quam
594 4087 725 4157 legis
774 4101 939 4142 sacra:
976 4085 1335 4155 Ecclesiaeque
1370 4085 1645 4140 catholica:
1693 4086 1970 4141 confirmat

393 4179 700 4244 auctoritas,
734 4187 790 4230 ut
809 4192 989 4247 spero,
1015 4185 1132 4230 arte
1153 4176 1406 4245 prreteriit
1428 4178 1474 4230 ’.

469 4270 597 4323 Anc.
637 4267 737 4334 Qui
786 4267 913 4337 legit
957 4280 1052 4321 sex
1099 4265 1263 4320 libros
1313 4278 1484 4330 meos,
1527 4266 1718 4335 quibus
1747 4266 1966 4322 refutavi

393 4370 621 4428 quatuor
643 4368 762 4413 tuos
781 4401 796 4425 ,
820 4357 891 4413 de
922 4370 1147 4426 quorum
1173 4358 1346 4425 primo
1370 4371 1489 4425 qua:
1526 4355 1709 4420 voluit,
1742 4365 1796 4411 ct
1832 4358 1969 4413 sicut

395 4450 598 4514 voluit,
658 4449 745 4502 ille
794 4446 1101 4517 decerpsit,
1150 4446 1240 4501 cui
1284 4445 1533 4515 respondi
1583 4445 1635 4499 in
1683 4445 1819 4500 libro
1866 4447 1967 4502 isto

393 4553 549 4606 quem
606 4552 745 4591 nunc
787 4536 982 4591 frustra
1024 4536 1343 4605 redarguere
1398 4534 1763 4605 loquacissima
1816 4537 1966 4590 vani-

395 4637 503 4682 tate
549 4626 787 4691 conaris;
834 4627 911 4680 sic
955 4641 1040 4680 me
1085 4626 1175 4680 tibi
1205 4627 1257 4680 in
1287 4625 1443 4680 tertio
1469 4640 1589 4680 meo
1629 4624 1967 4695 respondisse

394 4719 659 4790 reperiet,
711 4725 767 4771 ut
811 4716 1019 4781 videat,
1067 4732 1173 4770 non
1219 4732 1304 4770 me
1330 4726 1442 4772 arte
1471 4716 1788 4786 praeteriisse
1825 4718 1966 4787 quod

391 4812 559 4873 dicis;
607 4807 701 4862 sed
749 4806 896 4862 illum
955 4813 1149 4875 potius,
1198 4806 1350 4874 cujus
1387 4806 1647 4861 chartula:
1680 4806 1967 4876 responde-

392 4904 511 4957 bam
538 4945 553 4967 ,
598 4903 700 4958 hoc
744 4902 813 4958 de
850 4916 1012 4971 opere
1059 4910 1148 4954 tuo
1198 4899 1430 4954 noluisse
1484 4897 1809 4964 transferre,
1854 4899 1966 4953 sive

390 4994 565 5049 studio
608 4995 879 5050 brevitatis
898 4993 1053 5073 ,_sive
1079 4991 1201 5063 quia
1231 4990 1495 5061 pertinere
1525 5006 1630 5044 non
1662 4990 1863 5059 putavit
1898 4988 1963 5042 ad

388 5100 627 5140 causam.

461 5174 652 5228 XXVI.
693 5173 811 5230 Jun.
852 5172 967 5227 Jam
1001 5173 1230 5243 reliqua,
1264 5173 1385 5226 licet
1410 5170 1675 5240 aliquibus
1700 5171 1963 5225 sermoni-

390 5267 487 5322 bus
525 5264 722 5320 variata
743 5306 758 5328 ,
804 5264 1092 5320 contexuit.
1121 5261 1316 5317 Contra
1357 5261 1453 5317 has
1482 5277 1607 5333 ergo
1636 5261 1964 5331 objectiones

398 5373 544 5413 meas
576 5357 705 5411 nihil
737 5370 843 5425 quo
873 5364 1241 5424 repercuterer
1266 5354 1582 5424 excogitavit
1610 5372 1624 5407 :
1652 5353 1745 5407 sed
1778 5368 1961 5408 verum

450 5513 465 5545 ι
500 5512 637 5578 rem,
661 5509 841 5578 scilicet
878 5522 988 5560 eum
1018 5507 1412 5573 btterpetlatione.
1451 5513 1505 5557 At.
1542 5515 1665 5567 Mss,
1702 5504 1821 5567 sibi,
1861 5505 1967 5557 licet

387 5583 494 5637 cum
516 5572 894 5637 interpolatione.
934 5635 939 5637 Α
1150 5572 1153 5573 ⁷
1211 5631 1240 5637 __
1500 5622 1503 5625 .

388 5701 426 5739 ι(
448 5631 708 5742 {iduum
730 5647 885 5697 spero,
920 5635 1007 5685 iste
1031 5631 1276 5697 pra'teriit.
1302 5637 1429 5691 Mss,
1454 5637 1505 5679 ut
1536 5643 1692 5691 spero,
1717 5634 1818 5679 arte
1842 5642 1964 5692 pra:-

432 5707 475 5742 rt
517 5730 528 5740 .

1064 263 1303 321 OPERlS
1330 264 1734 320 IMPERFECTI
1808 264 2071 320 CONTRA
2113 263 2469 329 JULMNUM,
2510 266 2568 321 S.
2614 267 2977 324 AUGUSTINI

3516 271 3659 327 “52

2093 387 2178 426 me
2204 374 2499 444 collegisse,
2542 375 2944 444 argumentandi
2980 374 3156 446 inopia
3194 376 3489 440 confessus,
3531 378 3664 433 dicit

2086 463 2212 517 mihi
2239 464 2303 517 ad
2334 465 2443 519 haec
2469 466 2642 519 omnia
2669 466 2978 535 Apostolum
3006 466 3329 534 respondere
3356 465 3397 530 ¹,
3424 467 3511 536 qui
3538 482 3663 538 pro-

2084 555 2309 622 nuntiet,
2358 570 2455 626 per
2503 571 2663 610 unum
2701 555 2968 611 hominem
3012 563 3285 625 peccatum
3324 557 3552 611 intrasse
3603 559 3656 612 in

2084 645 2225 700 hunc
2253 647 2525 701 mundum.
2559 647 2613 701 In
2643 661 2749 717 quo
2786 648 2921 715 loco,
2963 648 3081 718 quis
3118 663 3239 703 eum
3279 647 3519 703 eruditus
3562 663 3654 703 sa-

2084 756 2210 794 num
2236 740 2482 795 habuisse
2508 752 2663 811 caput
2689 742 2937 807 aestimet,
2966 741 3057 811 qui
3088 755 3194 797 non
3217 741 3537 797 intellexerit
3560 752 3658 796 aut

2086 831 2452 899 prmtereunda
2478 831 2577 885 sibi
2605 846 2723 886 esse
2751 817 2932 886 contra
2961 846 3080 901 qua:
3111 830 3238 884 nihil
3273 840 3478 900 poterat
3504 831 3651 886 inve-

2085 919 2220 983 nire,
2259 927 2351 973 aut
2378 934 2724 989 qumcumque
2751 918 3101 989 excogitanda
3143 935 3261 989 qua:
3302 919 3526 975 referret
3563 922 3659 975 ob-

2080 1008 2255 1079 jectis,
2309 1010 2376 1065 ad
2428 1027 2651 1082 quorum
2702 1010 3155 1066 confirmationem
3206 1011 3444 1080 Apostoli
3496 1011 3659 1065 verba

2084 1103 2445 1174 conjungerct.

2154 1195 2289 1248 Ave.
2327 1194 2431 1249 Sed
2462 1194 2651 1249 melius
2678 1195 2852 1249 verbis
2874 1194 3181 1264 apostolicis
3210 1191 3469 1248 refellcris
3495 1210 3658 1264 quam

2084 1286 2216 1340 meis
2236 1304 2249 1340 :
2276 1301 2375 1341 nec
2403 1296 2577 1342 tamen
2594 1294 2647 1340 et
2671 1285 2973 1356 apostolicis
2990 1284 3137 1339 cedis
3157 1302 3171 1340 :
3202 1284 3295 1339 sed
3312 1284 3479 1339 mavis
3494 1286 3658 1340 etiam

2085 1374 2196 1445 ipsa
2226 1386 2544 1444 pervertere,
2573 1390 2729 1446 quam
2755 1384 2804 1429 te
2832 1374 3112 1443 corrigere.

2155 1464 2365 1519 XXVII.
2406 1465 2524 1521 JoL.
2564 1466 2793 1535 Quaesivi
2836 1479 2963 1535 ergo
3005 1464 3547 1535 consequentissime,
3597 1476 3657 1522 ut

2084 1557 2257 1611 omnis
2286 1572 2493 1612 mecum
2521 1558 2749 1613 eruditio
2774 1566 3119 1628 recognoscat
3143 1558 3187 1623 ’,
3211 1566 3483 1627 peccatum
3509 1557 3655 1628 quod

2083 1660 2217 1715 Opus
2242 1656 2325 1701 est
2353 1647 2505 1702 mala:
2527 1648 2831 1716 voluntatis,
2862 1656 2917 1703 et
2943 1663 3077 1718 Opus
3103 1647 3527 1713 diabolidicitur,
3557 1665 3654 1719 per

2082 1736 2208 1805 quid
2248 1736 2573 1794 inveniretur
2619 1739 2670 1791 in
2713 1738 2931 1807 parvulo
2964 1756 2976 1792 :
3014 1738 3059 1793 si
3096 1753 3189 1807 per
3218 1738 3567 1804 voluntatem;
3599 1747 3654 1793 at

2082 1830 2277 1882 nullam
2308 1830 2361 1884 in
2392 1845 2456 1885 eo
2482 1829 2662 1896 fuisse,
2693 1831 2851 1885 etiam
2877 1829 2980 1893 hic,
3001 1844 3119 1885 cum
3148 1845 3252 1900 quo
3275 1831 3497 1900 agimus,
3521 1844 3650 1885 con-

2081 1919 2258 1975 litetur
2290 1938 2304 1974 :
2331 1921 2377 1976 si
2406 1938 2501 1993 per
2525 1923 2764 1993 nuptias;
2792 1922 2885 1978 scd
2912 1922 3007 1976 has
3034 1922 3299 1992 pertinere
3319 1924 3385 1977 ad
3404 1939 3536 1993 opus
3558 1938 3651 1993 pa-

2081 2023 2312 2081 rentum,
2340 2029 2499 2072 nemo
2524 2016 2612 2085 qui
2648 2015 2869 2080 dubitet,
2903 2029 3036 2085 quos
3065 2016 3116 2069 in
3150 2018 3247 2068 hac
3272 2015 3651 2071 commixtione

2084 2116 2190 2157 non
2218 2118 2469 2173 peccasse
2506 2104 2836 2174 prmmiserat
2874 2121 2887 2156 :
2920 2113 3009 2158 aut
3037 2104 3082 2158 si
3107 2106 3465 2160 concessionis
3493 2104 3651 2173 hujus

2081 2193 2365 2262 paeniteret
2392 2193 2795 2264 disputatorem,
2828 2194 2963 2249 sicut
2994 2208 3273 2263 processus
3298 2195 3479 2263 Operis
3506 2193 3649 2248 iudi-

2080 2283 2264 2350 cabat;
2298 2283 2636 2354 profiteretur
2660 2300 2779 2340 esse
2810 2300 2931 2340 reos
2957 2294 3199 2354 parentes
3220 2329 3236 2353 ,
3268 2302 3491 2357 quorum
3518 2302 3649 2343 con-

2080 2383 2240 2429 ventu
2268 2389 2487 2446 regnum
2529 2375 2582 2429 in
2626 2375 2909 2445 imaginem
2945 2376 3039 2430 Dei
3074 2374 3286 2431 diabolo
3326 2386 3646 2446 pararetur:

2080 2475 2134 2521 et
2174 2465 2371 2532 addidi,
2421 2466 2732 2520 necessariis
2777 2465 3186 2535 disputationum
3233 2465 3504 2536 gradibus,
3549 2482 3651 2538 per

2078 2555 2334 2627 originale
2361 2565 2632 2624 peccatum
2659 2563 2927 2610 auctorem
2956 2569 3233 2625 corporum
3260 2553 3525 2609 diabolum
3553 2556 3651 2611 de'-

2079 2644 2217 2700 finiri
2248 2663 2260 2698 :
2289 2646 2410 2717 quia
2440 2646 2483 2700 si
2511 2661 2604 2715 per
2624 2647 2878 2717 originem
2902 2647 3094 2701 malum
3122 2647 3174 2701 in
3201 2646 3523 2715 hominibus,
3549 2663 3650 2718 per

2077 2735 2272 2788 malum
2305 2734 2393 2805 jus
2435 2734 2630 2791 diaboli
2660 2735 2713 2790 in
2757 2735 3033 2803 homines;
3063 2735 3303 2792 diabolus
3340 2745 3422 2792 est
3460 2747 3652 2794 auctor

2078 2829 2372 2896 hominum,
2404 2844 2432 2882 a
2461 2844 2565 2900 quo
2582 2837 2663 2884 est
2684 2829 2830 2900 origo
2859 2831 3206 2885 nascentium.
3238 2831 3367 2896 Qua:
3395 2831 3647 2901 quoniam

2077 2920 2130 2973 in
2156 2927 2309 2974 antro
2336 2919 2747 2975 Manichmorum
2774 2919 2817 2973 Τ
2821 2919 3135 2975 raducianos
3161 2935 3279 2975 esse
3307 2921 3518 2975 clusura
3548 2920 3646 2976 de-

2077 3008 2429 3080 prehenderat
2451 3009 2473 3041 ⁸
2521 3028 2536 3064 :
2583 3011 2713 3065 verti
2753 3010 2953 3064 clavem
2976 3052 2992 3076 ,
3037 3017 3093 3065 ut
3138 3010 3429 3080 praeberem
3478 3011 3647 3079 captis

2076 3099 2359 3171 effugium;
2385 3099 2765 3171 admonuique;
2796 3109 2852 3154 ut
2880 3099 2926 3154 si
2956 3116 3077 3155 vere
3102 3115 3133 3155 a
3156 3101 3263 3156 Deo
3283 3100 3524 3155 crederet
3550 3100 3649 3156 bo-

2075 3191 2246 3245 mines
2271 3191 2406 3257 fieri,
2437 3206 2671 3261 pureque
2694 3190 3040 3246 confiteretur
3066 3206 3184 3246 esse
3212 3192 3467 3261 eonjuges
3498 3192 3649 3245 inno-

2075 3288 2276 3345 centes,
2310 3280 2625 3350 intelligeret
2661 3280 2796 3333 trahi
2838 3295 2942 3336 non
2981 3295 3138 3351 posse
3179 3296 3242 3335 ex
3273 3280 3355 3334 his
3394 3282 3649 3351 originale

2076 3381 2370 3442 peccatum.
2418 3391 2439 3424 ι
2468 3373 2623 3428 Certe
2655 3388 2759 3427 non
2797 3382 3000 3443 peccat,
3032 3392 3051 3425 ι
3090 3374 3325 3443 inquam,
3368 3391 3387 3425 ι
3418 3375 3517 3428 iste
3556 3375 3646 3442 qui

2075 3466 2329 3531 nascitur,
2369 3481 2475 3521 non
2504 3476 2685 3535 peccat
2715 3466 2803 3521 ille
2831 3465 2920 3536 qui
2950 3466 3148 3536 genuit,
3190 3480 3295 3519 non
3332 3474 3515 3534 peccat
3543 3466 3643 3519 iste

2073 3555 2163 3624 qui
2188 3555 2424 3609 condidit
2457 3573 2470 3608 :
2505 3572 2598 3626 per
2620 3571 2753 3627 quas
2794 3556 2977 3622 rimas,
3024 3556 3162 3610 inter
3192 3564 3266 3611 tot
3292 3556 3536 3627 prmsidia
3567 3556 3651 3610 in-

2074 3646 2351 3710 nocentim,
2376 3657 2653 3714 peccatum
2683 3646 2837 3716 lingis
2863 3645 3196 3715 ingressum?
3232 3664 3251 3697 ι
3282 3644 3418 3712 Quid
3450 3643 3641 3713 potuit,

2074 3751 2223 3809 rogo,
2261 3738 2516 3804 sanctius,
2547 3737 2671 3807 quid
2701 3736 2895 3802 verius,
2923 3735 3047 3805 quid
3092 3734 3333 3799 lucidius,
3366 3735 3491 3804 quid
3519 3734 3645 3789 bre-

2073 3829 2208 3893 vius,
2238 3828 2544 3896 firmiusque
2564 3828 2831 3898 componi,
2855 3842 3013 3896 quam
3038 3834 3155 3896 post
3180 3826 3276 3880 tria
3299 3835 3505 3895 sumpta
3526 3841 3647 3895 quae

2073 3920 2288 3975 inimico
2320 3919 2648 3975 concedente
2692 3908 3052 3988 susceperam,
3086 3916 3338 3973 inferrem
3371 3925 3643 3986 quartum,
3670 3916 3685 3929 ‘

2074 4013 2127 4067 iu
2169 4027 2273 4082 quo
2313 4021 2425 4067 erat
2454 4026 2658 4067 summa
2698 4009 3007 4065 conclusio?
3034 4008 3166 4064 Nam
3214 4023 3334 4062 cum
3366 4023 3470 4061 uno
3510 4022 3649 4062 non-

2074 4118 2362 4173 nunquam,
2408 4110 2499 4156 aut
2542 4101 2752 4157 duobus
2788 4102 3032 4171 sumptis,
3084 4101 3296 4155 tertium
3338 4101 3646 4156 necessario

2071 4195 2368 4264 colligatur,
2397 4210 2498 4263 qua
2523 4193 2638 4264 lege
2668 4193 2797 4247 mihi
2830 4203 2949 4263 post
2971 4193 3068 4247 tria
3095 4208 3369 4259 concessa,
3398 4202 3643 4262 quartum

2071 4284 2210 4354 quod
2241 4284 2321 4338 his
2350 4284 2624 4349 adhaeret,
2673 4299 2778 4339 non
2806 4284 2988 4339 liceret
3023 4282 3256 4338 inferre?
3302 4284 3371 4338 Et
3399 4284 3498 4338 hoc
3523 4285 3646 4354 qui-

2073 4373 2195 4430 dem
2238 4374 2291 4429 in
2335 4374 2567 4429 secunda
2612 4374 2968 4445 disputatione
3011 4394 3025 4430 :
3070 4383 3320 4430 caeterum
3361 4376 3412 4429 iu
3443 4374 3643 4444 priore,

2072 4468 2302 4538 quinque
2330 4467 2456 4522 mihi
2485 4475 2576 4522 aut
2602 4467 2829 4536 amplius
2858 4465 3252 4532 conceduntur,
3294 4476 3409 4536 post
3439 4480 3557 4534 qua:
3587 4466 3648 4520 lit

2074 4559 2301 4630 legitima
2333 4560 2629 4629 invictaque
2650 4559 2939 4613 conclusio.

2143 4652 2276 4727 Anc.
2318 4649 2451 4704 Vide
2498 4664 2654 4718 quam
2707 4664 2799 4717 per
2852 4648 3011 4703 multa
3056 4648 3278 4718 vageris,
3333 4649 3527 4701 timens
3580 4663 3649 4702 ne

2071 4742 2311 4812 Apostoli
2362 4740 2523 4796 verba
2568 4741 2682 4795 siue
2742 4741 2843 4794 tuis
2884 4739 3204 4809 praejudiciis
3239 4740 3414 4794 audita
3462 4749 3513 4794 tc
3548 4739 3645 4794 da»

2071 4842 2272 4898 mncnt,
2301 4832 2437 4887 sicut
2459 4831 2567 4900 jam
2593 4832 2823 4885 Ecclesia
2850 4831 3105 4885 catholica
3119 4829 3391 4901 judicante
3420 4831 3638 4885 damna-

2073 4932 2211 4977 runt.
2254 4922 2357 4977 Sed
2401 4936 2623 4975 excurre
2651 4936 2757 4990 quo
2785 4920 3039 4987 volueris,
3077 4935 3349 4974 remorare
3391 4929 3649 4990 quantum

2072 5014 2326 5079 volueris,
2358 5011 2643 5081 multiplica
2671 5025 2828 5082 gyros
2859 5021 2973 5066 tuos
3003 4998 3427 5080 quaquaversum
3458 5011 3643 5064 volue-

2074 5105 2190 5183 ris:
2223 5104 2661 5175 quandocumque
2703 5102 2768 5156 ad
2798 5103 2984 5158 eadem
3026 5103 3186 5159 verba
3231 5103 3470 5158 veritatis
3499 5103 3645 5157 navis

2135 5260 2150 5290 ί
2179 5257 2313 5315 Fditi,
2336 5256 2623 5320 respondere
2644 5255 2835 5320 debere.
2854 5256 3015 5316 Abest,
3033 5254 3225 5320 debere,
3244 5269 3273 5307 a
3296 5257 3646 5320 manuscriptis.

2134 5321 2154 5351 ³
2177 5320 2248 5390 sic
2268 5325 2375 5369 Mss.
2400 5318 2456 5369 At
2476 5319 2745 5377 uenardus,
2770 5324 3156 5381 recognosceret;
3183 5318 3452 5381 \iguierius
3476 5353 3491 5378 ,
3514 5330 3652 5366 reco-

2069 5388 2454 5512 gitgsgt'gnardus,
2494 5439 2816 5512 traducimus
2857 5452 2959 5512 esse
2994 5439 3214 5512 clmores
3248 5437 3652 5512 deprehenderat.

2072 5504 2361 5567 \jlgnierius,
2398 5499 2719 5552 Traducianos
2738 5508 2889 5551 essent
2928 5502 3192 5567 (vel,_esset
3216 5499 3429 5567 chtsura)
3458 5499 3656 5567 cursura

2074 5560 2471 5627 deprehenderat.
2495 5572 2673 5627 ontncs
2696 5571 2822 5621 Mss,
2858 5560 3185 5627 ,Traducianos
3216 5575 3317 5613 esse
3344 5560 3537 5627 (lusura
3564 5562 3656 5627 de-

2073 5622 2405 5686 prehenderat.
2434 5633 2591 5682 Porro,
2617 5625 2829 5682 clusum,
2854 5626 2942 5673 hoc
2967 5624 3070 5673 loco
3108 5626 3234 5674 idem
3272 5624 3398 5686 quod
3422 5622 3657 5684 clausula,

2075 5702 2165 5737 seu
2190 5688 2426 5736 conclusio
2449 5686 2790 5749 disputationis.
