3962 6180
474 300 612 356 1153

470 410 796 466 fallaciarum
848 418 1056 465 tuarum
1109 408 1429 478 pervenerit,
1475 408 1591 465 sine
1621 409 1782 465 dubio
1819 411 2035 465 nanl'ra-

470 505 635 574 gabis.

542 593 777 649 XXVIII.
803 594 920 651 Jun.
959 592 1075 651 Iam
1102 594 1260 665 igitur
1287 595 1353 663 ad
1373 609 1492 650 eum
1519 604 1909 651 convertamur.
1936 594 2040 649 Dc-

472 683 626 738 dcras
671 683 821 749 mihi,
873 693 1143 753 peccatum
1183 699 1316 755 opus
1358 700 1477 741 esse
1514 685 1840 740 voluntatis:
1891 685 2036 754 potui

471 773 646 828 statim
690 772 868 829 dicere
912 785 1338 845 consequenter,
1381 775 1638 831 Voluntas
1682 785 1860 829 autem
1914 789 2032 844 quae

474 872 678 933 peccet,
708 864 758 918 in
784 864 1021 933 parvulis
1046 864 1186 920 nulla
1216 874 1327 930 est;
1356 875 1628 934 peccatum
1658 867 1815 936 igitur
1845 866 1894 918 in
1921 880 2035 934 par-

476 955 645 1007 vulis'
676 969 782 1008 non
823 963 922 1009 est.
952 954 1147 1010 Verum
1183 964 1239 1009 ut
1269 955 1506 1024 pluribus
1545 955 1863 1024 premereris
1891 956 2042 1010 testi-

476 1046 591 1108 bus,
621 1044 940 1114 interrogavi
983 1047 1203 1112 sensim,
1242 1061 1340 1116 per
1365 1045 1491 1116 quid
1522 1047 1621 1119 hoc
1649 1055 1923 1113 peceatum
1957 1046 2039 1098 in-

477 1133 743 1188 veniretur
789 1134 840 1188 in
884 1136 1144 1205 parvulo;
1194 1150 1262 1190 ne
1305 1133 1441 1189 forte
1490 1150 1581 1204 per
1624 1135 1949 1189 voluntatem
1977 1133 2043 1187 ’ἲ

481 1225 606 1278 l’ost
632 1225 797 1293 quod,
829 1234 881 1280 te
906 1226 1242 1292 connivente,
1270 1226 1476 1294 suscepi
1503 1226 1696 1278 nullam
1721 1226 1770 1278 in
1798 1240 1862 1279 eo
1885 1224 2044 1279 fuisse

475 1317 820 1370 concientiam
843 1316 1128 1371 voluntatis
1158 1333 1170 1368 :
1203 1302 1534 1385 adjunxifne
1566 1331 1659 1384 per
1690 1317 1911 1383 primam
1932 1316 2044 1369 cul-

476 1423 596 1476 pam
648 1408 1006 1464 membrorum
1047 1408 1361 1462 lineamenta
1408 1407 1673 1461 traxisset.
1716 1406 1821 1461 Sed
1872 1404 1986 1459 haec
2013 1421 2043 1460 a

479 1497 587 1551 Deo
617 1495 929 1560 informari,
980 1505 1033 1550 et
1074 1511 1167 1565 per
1210 1496 1311 1549 hoc
1357 1495 1493 1550 bona
1533 1509 1653 1550 esse
1682 1497 2040 1549 concesseras.

476 1586 643 1641 Petivi
675 1588 912 1651 tertium,
939 1594 1115 1639 utrum
1159 1599 1255 1653 per
1278 1586 1571 1654 ingressum
1599 1584 1809 1649 animm,
1841 1590 2044 1637 reatum

477 1674 755 1730 advectum
801 1683 1035 1744 putares.
1075 1671 1180 1730 Sed
1220 1674 1355 1728 hanc
1385 1688 1503 1729 esse
1532 1688 1745 1737 novam,
1792 1687 1857 1727 ne
1894 1672 2046 1742 quid-

477 1781 634 1836 quam
660 1766 950 1822 seminibus
988 1765 1186 1822 debere
1226 1768 1524 1821 constabat.
1568 1765 1723 1819 Intuli
1761 1764 2037 1834 deinceps,

479 1876 546 1915 ne
573 1859 594 1891 ³
624 1860 768 1933 (quia
797 1859 927 1915 nihil
962 1859 1053 1914 tibi
1091 1859 1159 1915 de
1201 1859 1283 1914 his
1317 1866 1644 1914 remanserat
1689 1856 2040 1927 arguentium)

478 1952 706 2022 nuptias,
756 1950 806 2005 id
857 1957 940 2006 est
979 1949 1417 2005 eommixtionem
1464 1963 1789 2018 corporum,
1838 1947 2032 2001 diaboli

477 2057 614 2113 opus
639 2042 896 2098 vocares?
937 2041 1041 2096 Sed
1087 2041 1183 2095 has
1208 2041 1477 2110 pertinere
1512 2040 1577 2094 ad
1616 2047 1892 2108 parentum
1920 2052 2047 2107 ope-

478 2146 592 2184 ram
619 2173 635 2196 ,
670 2139 722 2190 te
747 2145 956 2200 quoque
981 2139 1267 2194 annuente,
1302 2128 1606 2182 monstravi.
1640 2127 1744 2181 Illis
1770 2128 1925 2196 igitur
1942 2141 2053 2181 om-

478 2223 633 2276 nibus
665 2237 779 2290 quze
805 2236 961 2290 supra
987 2221 1214 2275 diximus
1235 2219 1514 2285 absolutis,
1550 2219 1802 2288 conjugcs
1822 2218 1908 2287 qui
1937 2217 2047 2272 iue—

479 2320 603 2365 rant
641 2326 798 2367 causa
846 2311 1070 2380 peccati,
1106 2310 1291 2365 tradux
1321 2320 1407 2364 tua
1447 2311 1655 2364 diabolo
1692 2307 2046 2378 mancipabat.

478 2401 606 2455 Post
634 2417 751 2470 qua:
788 2402 985 2464 omnia,
1027 2400 1167 2470 quod
1214 2401 1308 2454 tibi
1355 2400 1738 2470 propinquabat
1778 2400 1968 2469 impegi
2000 2398 2043 2466 ⁵,

480 2499 534 2543 ιιι
564 2490 794 2544 dicerem
822 2490 1038 2545 credere
1066 2498 1116 2544 te
1142 2489 1405 2543 diabolum
1429 2499 1697 2543 auctorem
1723 2502 2033 2557 corporum,

478 2582 561 2636 cui
590 2581 980 2636 commixtionis
1014 2596 1250 2649 operam,
1303 2580 1420 2634 sine
1459 2581 1737 2656 quaorigo
1765 2593 2048 2647 corporum

480 2686 596 2725 esse
637 2687 743 2725 non
776 2679 1000 2741 poterat,
1031 2670 1363 2740 deputasses.
1393 2670 1459 2724 Et
1493 2669 1608 2724 haec
1634 2670 1843 2738 quidem
1869 2668 2052 2738 diSpu-

484 2764 632 2827 tatio,
663 2778 769 2834 quo
799 2763 986 2817 morbo
1022 2776 1310 2832 oppressus
1332 2776 1499 2828 esses,
1529 2761 1759 2815 ostendit
1792 2780 1805 2813 :
1837 2760 1923 2813 illa
1952 2773 2049 2813 au—

483 2865 586 2909 tem
614 2852 869 2917 secunda,
896 2861 950 2908 et
980 2860 1030 2906 te
1050 2852 1406 2908 miserabilem
1436 2865 1556 2905 eum
1587 2848 1847 2921 ejusmodi
1879 2847 2051 2904 sensi-

484 2945 609 3009 bus,
636 2953 692 2999 et
732 2942 1031 2998 Catholicae
1068 2942 1227 3003 etiam
1268 2940 1472 2995 timoris
1509 2940 1581 2994 tui
1628 2938 1876 3008 suﬁ‘ragio
1918 2936 2050 2991 invi-

483 3045 598 3088 ctos
625 3033 882 3104 probavit.
905 3031 982 3087 Te
1007 3032 1146 3086 enim
1173 3030 1351 3097 dante,
1377 3046 1406 3083 a
1436 3030 1546 3084 Deo
1573 3028 1687 3084 ﬁeri
1715 3027 1977 3090 homines,
1997 3034 2055 3081 et

482 3140 601 3180 esse
638 3124 890 3194 eonjuges
935 3122 1266 3187 innocentes,
1312 3135 1373 3174 ac
1403 3117 1651 3189 parvulos
1683 3132 1778 3186 per
1816 3132 1877 3172 se
1922 3113 2054 3169 nihil

482 3215 692 3283 operari
739 3231 753 3268 :
802 3213 886 3268 his
930 3212 1098 3268 tribus
1140 3211 1385 3281 sumptis,
1418 3208 1814 3265 irret'utabiliter
1850 3208 2054 3263 illatum

482 3312 580 3367 cst,
612 3318 732 3357 cum
762 3317 867 3357 non
895 3310 1077 3371 peccat
1106 3301 1195 3356 ille
1222 3300 1308 3370 qui
1336 3299 1589 3365 nascitur,
1618 3313 1724 3353 non
1753 3306 1939 3367 peccat
1962 3296 2055 3351 ille

483 3393 568 3462 qui
609 3392 806 3462 genuit,
856 3406 961 3446 non
986 3399 1171 3462 peccat
1202 3391 1302 3445 iste
1328 3390 1417 3459 qui
1444 3388 1698 3452 condidit,
1731 3388 1931 3441 nullam
1960 3401 2052 3441 re-

485 3485 741 3538 mansisse
782 3483 992 3545 rimam,
1042 3498 1135 3552 per
1174 3496 1330 3551 quam
1378 3489 1648 3550 peccatum
1691 3478 1941 3534 doceatur
1970 3477 2053 3532 in-

482 3588 742 3642 gressum.
771 3569 892 3628 Tibi
915 3587 1042 3643 ergo
1068 3572 1114 3625 si
1151 3572 1173 3603 ⁸
1201 3570 1443 3640 diSplicet
1466 3569 1605 3639 quod
1632 3569 1911 3624 collectum
1941 3575 2051 3633 est;

483 3665 655 3720 abnue
682 3664 822 3735 quod
850 3664 1062 3730 dedisti,
1091 3672 1143 3718 et
1170 3663 1258 3717 die
1281 3671 1371 3717 aut
1399 3661 1544 3715 illum
1575 3675 1835 3735 peccasse.
1850 3660 1935 3729 qui
1963 3674 2056 3729 ge-

484 3757 621 3822 nuit,
645 3763 738 3810 aut
757 3756 903 3810 illum
932 3754 1021 3825 qui
1047 3752 1302 3818 condidit,
1332 3760 1423 3806 aut
1451 3752 1607 3804 istum
1634 3751 1723 3820 qui
1749 3760 1903 3805 natus
1931 3757 2053 3805 est:

482 3860 545 3900 cx
571 3846 760 3915 quibus
788 3861 947 3900 unum
975 3847 1217 3900 insanum
1248 3851 1348 3909 est,
1377 3841 1518 3897 aliud
1545 3842 1915 3907 Manichteum,
1949 3850 2059 3897 ter-

485 3935 613 3990 tium
661 3951 819 4005 supra
871 3936 1188 3990 Manicltmos
1226 3951 1240 3987 :
1282 3934 1545 3998 insanum,
1583 3932 1628 3985 si
1664 3931 1862 3986 dixeris
1890 3931 2059 3986 delin—

483 4044 644 4097 quere
688 4029 973 4097 parvulos;
1016 4026 1383 4091 Manichzcum,
1421 4025 1464 4079 si
1505 4023 1835 4079 accusaveris
1869 4022 2056 4092 conin—

482 4131 575 4186 ges
593 4158 608 4173 .
634 4132 791 4185 supra
817 4115 1155 4178 Manichmos,
1182 4115 1226 4169 si
1246 4114 1445 4185 peccati
1474 4114 1636 4169 Deum
1659 4112 1940 4168 :estimaris
1962 4126 2060 4167 au-

486 4215 706 4258 ctorem.
734 4204 885 4270 Quod
925 4205 970 4258 si
1013 4205 1125 4258 haec
1165 4205 1342 4258 omnia
1372 4212 1476 4257 tam
1504 4202 1673 4258 aliena
1704 4210 1827 4255 sunt
1850 4217 1879 4255 a
1910 4216 2056 4267 vero,

488 4304 542 4347 ut
565 4295 736 4348 adhuc
767 4309 827 4349 ea
854 4302 1059 4349 metuas
1084 4293 1250 4349 libere
1278 4292 1551 4357 conﬁteri;
1580 4307 1680 4362 qua
1709 4291 2055 4360 impudentia,

491 4388 649 4440 homo
678 4387 913 4439 omnium
952 4386 1333 4449 amentissime,
1379 4384 1484 4440 hoc
1514 4383 1655 4454 quod
1699 4399 1729 4437 a
1764 4383 1916 4439 nobis
1945 4384 2059 4438 illa-

489 4490 596 4532 tum
621 4486 721 4543 est,
753 4476 990 4545 persistis
1014 4475 1243 4546 negare?

556 4571 688 4624 Ave.
727 4566 859 4622 Cum
889 4565 953 4619 ad
982 4566 1139 4620 verba
1176 4565 1418 4633 Apostoli
1459 4563 1703 4631 veneris,
1730 4562 1802 4618 ibi
1841 4578 1943 4618 non
1981 4564 2058 4617 ri-

488 4674 625 4711 mam
652 4658 909 4723 invenies,
949 4655 1043 4712 sed
1070 4655 1455 4726 apertissimum
1480 4654 1717 4725 januam,
1745 4669 1847 4725 qna
1878 4669 2062 4724 pecca-

490 4756 597 4803 tum
634 4749 847 4804 intravit
888 4750 941 4804 iu
981 4749 1236 4803 mundum
1283 4765 1297 4801 :
1343 4764 1499 4818 quam
1537 4749 1813 4804 conaberis
1847 4748 2059 4818 quidem

487 4841 762 4905 claudere;
804 4840 899 4897 scd
944 4857 1011 4895 ex
1058 4855 1153 4896 ore
1202 4840 1479 4895 infantium
1527 4851 1685 4912 atque
1731 4842 2057 4905 lactentium,

489 4932 806 4986 salvatorem
868 4935 1047 5000 potius
1094 4930 1385 4996 Christum,
1417 4947 1573 5001 quam
1629 4941 1680 4986 te
1731 4931 2060 4987 laudatorem

489 5020 858 5091 qumrentium,
881 5030 1062 5076 etnon
1091 5020 1444 5077 aufractnosis
1467 5021 1935 5092 disputationibus,
1966 5020 2059 5076 sed

488 5117 648 5170 mutis
686 5115 899 5171 ﬂetibus
935 5115 1200 5170 miseriam
1228 5130 1376 5168 suam
1416 5115 1581 5169 multo
1617 5115 1814 5171 certius
1877 5121 2062 5169 eonte-

490 5206 738 5261 stantium
763 5203 941 5275 (quam
963 5203 1222 5274 profecto,
1237 5205 1281 5259 si
1308 5204 1460 5274 primi
1482 5204 1712 5259 hominis
1733 5204 1990 5258 rectitudo
2009 5210 2062 5257 et

553 5320 570 5350 ί
606 5317 740 5374 Editi,
767 5329 798 5366 α
816 5315 1044 5379 parvulis.
1072 5317 1387 5379 Emendantur
1415 5331 1443 5367 a
1463 5324 1569 5366 Mss.

551 5382 572 5411 ι
605 5379 740 5441 Editi,
760 5375 825 5441 an
846 5390 931 5441 per
953 5376 1274 5429 macritatem?
1294 5386 1350 5429 At
1368 5378 1673 5440 manuscripti
1696 5375 1819 5437 loco,
1834 5390 1897 5426 an
1915 5415 1930 5439 ,
1955 5389 2063 5426 cou-

490 5446 674 5490 stantet'
694 5440 893 5497 habent,
919 5451 996 5489 ne.

555 5503 575 5534 ³
608 5502 766 5549 νίκη..
790 5511 852 5548 an
874 5512 949 5549 ne.
1025 5506 1084 5548 tl.

555 5513 575 5534 .

552 5562 575 5632 ξ
982 5513 1158 5632 οεῗῖίπξξ
1180 5568 1283 5632 Mss-
1304 5596 1319 5620 ν
1342 5561 1534 5632 sumai-

492 5620 848 5734 mfﬁkﬂﬁ
869 5633 983 5686 ergo
1004 5620 1242 5685 displicet,
1264 5620 1442 5672 omisso
1468 5620 1516 5673 3i
1531 5662 1545 5685 ,
1592 5624 1716 5687 quod
1741 5637 1801 5674 ex
1826 5630 1907 5673 Ms.
1937 5628 2060 5672 Pori.

543 5701 564 5745 l

1794 296 1992 351 LIBER
2031 296 2402 356 SECUNDUS.

3582 307 3717 361 1154

2146 411 2412 466 beatitudo
2438 412 2736 476 mansisset.
2769 414 2915 469 nullo
2955 414 3113 470 modo
3144 416 3193 470 in
3232 415 3477 485 paradiso
3511 416 3716 475 habere

2152 501 2493 572 potuissent),
2520 517 2639 558 cum
2664 512 2748 557 tua
2774 512 2879 558 tota
2901 505 3215 574 loquacitate
3234 506 3479 561 vinceris.

2216 590 2407 646 XXIX.
2445 591 2563 647 IUL.
2604 592 2839 659 Quatuor
2866 593 2953 649 hic
2974 609 3320 664 personarum
3361 610 3520 651 causa
3549 597 3716 651 verti-

2148 690 2267 746 tur;
2304 681 2393 736 Dei
2422 681 2648 751 opiﬁcis,
2676 683 2896 739 duorum
2935 694 3208 753 parentum
3236 686 3303 742 de
3327 687 3518 757 quibus
3548 697 3719 743 mate-

2147 773 2221 825 ria
2252 782 2530 842 prrestatur
2548 777 2811 843 operanti,
2850 783 2904 830 et
2944 778 3147 845 parvuli
3173 779 3261 847 qui
3292 780 3546 833 nascitur.
3582 779 3720 834 Dicis

2149 873 2203 917 tu
2232 864 2283 917 in
2314 862 2415 918 hoc
2442 865 2606 918 choro
2646 864 2880 920 habitare
2910 875 3182 935 peceatum
3206 886 3221 922 :
3249 867 3516 939 interrogo
3544 884 3660 940 ego,
3689 884 3718 922 a

2145 968 2251 1022 quo
2292 955 2401 1019 ﬁat,
2451 963 2625 1008 utrum
2655 969 2684 1008 a
2714 957 2852 1019 Deo;
2880 970 3041 1027 negas
3066 975 3081 1011 :
3114 973 3142 1011 a
3171 966 3356 1027 patre;
3382 958 3597 1014 totidem
3628 975 3722 1015 ne-

2145 1057 2277 1112 gas:
2309 1059 2336 1096 a
2367 1052 2566 1109 matre;
2596 1045 2733 1100 idem
2756 1061 2917 1118 negas
2932 1065 2954 1100 -:
2986 1062 3014 1099 a
3040 1050 3294 1117 parvulo;
3323 1065 3483 1121 negas
3508 1068 3520 1103 :
3546 1059 3602 1106 et
3626 1052 3722 1105 ad-

2148 1133 2254 1190 huc
2302 1151 2405 1189 non
2458 1145 2612 1204 putas
2652 1136 2813 1192 fuisse
2857 1140 3187 1205 conclusum,
3233 1142 3354 1210 quia
3408 1157 3512 1196 non
3559 1144 3723 1213 possit

2148 1241 2265 1280 esse
2299 1227 2436 1282 inter
2484 1226 2583 1282 hos
2609 1237 2854 1299 quatuor,
2895 1230 3033 1300 quod
3071 1231 3139 1285 ab
3182 1232 3265 1286 his
3290 1241 3517 1303 quatuor
3551 1233 3723 1288 nullus

2147 1318 2392 1372 admittit.

2218 1410 2351 1464 Are.
2393 1408 2654 1479 Quidquid
2685 1410 2765 1464 vis
2809 1410 2996 1465 dicas:
3041 1411 3107 1466 ad
3134 1412 3293 1467 verba
3337 1413 3577 1483 Apostoli
3619 1414 3716 1467 ali-

2150 1497 2388 1567 quando’
2427 1508 2681 1553 venturus
2724 1514 2816 1564 es;
2865 1508 2918 1554 et
2967 1501 3203 1570 quisquis
3248 1516 3310 1556 ea
3359 1517 3453 1571 per
3503 1503 3722 1556 istarum

2148 1588 2661 1657 argumentationum
2716 1597 2922 1644 tuarum
2969 1591 3087 1644 loca
3138 1590 3343 1660 singula
3390 1590 3720 1655 recordatur,

2148 1691 2267 1745 qua:
2308 1691 2406 1730 nos
2441 1676 2653 1731 assidue
2694 1689 2913 1747 prepter
2939 1678 3156 1733 lectoris
3188 1678 3456 1734 fastidium
3483 1689 3725 1749 repetere

2148 1767 2417 1831 nolumus,
2440 1768 2554 1837 ipsa
2577 1781 2670 1820 sua
2693 1767 2787 1821 tibi
2812 1767 3175 1822 recordatione
3196 1768 3504 1836 respondet.

2221 1855 2389 1910 XXX.
2428 1856 2549 1911 JUL.
2588 1856 2669 1911 Ad
2700 1856 2827 1927 quid
2854 1872 2980 1927 ergo
2999 1858 3431 1929 persuadendum
3462 1866 3553 1911 aut
3576 1857 3722 1913 Scri-

2148 1954 2333 2014 pturas
2368 1945 2604 2015 releges,
2644 1954 2736 1999 aut
2771 1946 3013 2001 conscios
3053 1947 3382 2010 nominabis,
3423 1948 3512 2018 qui
3551 1949 3725 2005 adhuc

2150 2035 2291 2103 quod
2328 2035 2495 2088 sentis
2537 2049 2641 2088 non
2686 2044 2835 2103 potes
2872 2035 3135 2090 deﬁnire?
3185 2036 3323 2102 Quid
3364 2046 3415 2091 te
3449 2038 3628 2106 juvat,
3669 2050 3727 2092 ut

2154 2121 2322 2175 Adam
2361 2121 2558 2175 doceas
2594 2121 2903 2192 deliquisse,
2926 2124 3067 2193 quod
3108 2139 3207 2193 ego
3246 2125 3454 2193 penitus
3491 2141 3595 2179 non
3635 2142 3724 2180 re-

2154 2210 2316 2267 fello?
2335 2210 2653 2279 Qumrimus,
2675 2212 2841 2266 Adam
2872 2222 2995 2268 ante
3021 2222 3099 2267 tot
3118 2215 3310 2268 sazcula
3334 2224 3562 2279 mortuo,
3593 2232 3720 2285 pee-

2153 2310 2348 2365 eatum,
2372 2303 2551 2371 quoin
2571 2302 2766 2357 diaboli
2792 2303 2880 2373 jus
2906 2305 2999 2360 Dei
3022 2304 3195 2375 imago
3221 2308 3604 2370 transcribitur,
3630 2324 3728 2378 per

2152 2392 2276 2463 quid
2306 2381 2606 2449 inveniatur
2632 2394 2685 2448 in
2718 2396 2961 2465 parvulo.

2224 2484 2358 2542 Anc.
2398 2484 2509 2541 Cur
2537 2502 2635 2541 nec
2674 2496 2728 2540 tu
2767 2487 3002 2542 admittis
3042 2489 3093 2542 in
3132 2504 3353 2559 regnum
3383 2490 3499 2553 Dei,
3524 2491 3726 2545 nullum

2155 2575 2439 2631 habentem
2479 2576 2769 2632 secundum
2810 2586 2861 2633 te
2898 2579 3142 2633 meritum
3183 2579 3415 2649 peccati,
3445 2580 3730 2650 imaginem

2154 2664 2290 2719 Dei?
2329 2665 2436 2722 Cur
2480 2668 2809 2722 ministratur
2856 2660 3097 2738 sanguis,
3138 2670 3227 2739 qui
3273 2668 3339 2724 de
3385 2670 3730 2725 similitudine

2153 2756 2328 2811 carnis
2356 2760 2555 2826 peccati
2587 2758 2638 2812 in
2665 2758 3035 2814 remissionem
3062 2756 3213 2813 fusus
3247 2768 3328 2815 est
3368 2769 3727 2829 peccatorum,

2152 2861 2311 2916 quem
2351 2847 2497 2902 bibat
2534 2850 2805 2919 parvulus,
2834 2858 2893 2904 ut
2930 2850 3127 2906 habere
3165 2852 3332 2919 possit
3367 2851 3560 2913 vitam.
3591 2852 3635 2906 si
3662 2852 3730 2907 de

2155 2937 2384 2993 nullius'
2422 2940 2624 3008 peccati
2655 2941 2860 3011 origine
2888 2942 3034 2996 venit
3054 2942 3105 2995 in
3136 2941 3401 2996 mortem?
3427 2942 3482 2996 Si
3507 2946 3604 2995 hoc
3637 2942 3730 2996 tibi

2155 3026 2439 3098 displicet,
2466 3039 2646 3098 aperte
2693 3046 2824 3101 nega
2868 3031 3142 3100 parvulum
3193 3031 3517 3097 Christum',
3549 3041 3731 3101 aperte

2157 3133 2291 3188 nega
2335 3134 2431 3188 pro
2477 3120 2709 3189 parvulis
2735 3131 3032 3187 mortuum,
3074 3122 3165 3191 qui
3207 3138 3338 3175 unus
3366 3137 3458 3192 pro
3503 3121 3730 3175 omnibus

2157 3220 2382 3263 mortuus
2408 3220 2480 3264 est
2508 3226 2526 3263 :
2568 3210 2707 3265 unde
2732 3210 3030 3280 colligitur“
3068 3211 3210 3281 quod
3248 3212 3378 3267 dicit
3415 3212 3724 3281 Apostolus,

2159 3298 2296 3371 Ergo
2335 3316 2503 3353 omnes
2541 3300 2727 3353 mortui
2761 3310 2896 3365 sunt,
2927 3308 2972 3354 et
3011 3316 3103 3371 pro
3141 3300 3374 3355 omnibus
3410 3312 3634 3356 mortuus
3659 3312 3731 3356 est

2159 3389 2239 3461 (II
2264 3390 2379 3445 Cor.
2406 3406 2463 3456 v,
2498 3390 2584 3455 14,
2618 3390 2730 3462 l5).
2776 3391 2867 3445 Dic
2903 3399 3107 3461 aperte,
3148 3390 3338 3446 Morini
3379 3392 3579 3461 parvuli
3621 3407 3729 3446 non

2158 3490 2315 3549 sunt,
2358 3483 2445 3553 qui
2485 3491 2757 3552 peceatum
2812 3484 3031 3538 nullum'
3056 3483 3292 3550 habent;
3334 3492 3503 3538 morte
3542 3498 3637 3552 pro
3674 3498 3732 3537 se

2157 3571 2372 3635 Christi,
2416 3572 2467 3625 in
2506 3587 2609 3642 qua
2648 3572 3002 3643 baptizentur,
3045 3590 3149 3628 non
3188 3588 3322 3643 opus
3362 3574 3573 3628 habent.
3612 3573 3732 3628 Iam

2158 3661 2244 3716 dic
2281 3662 2574 3727 evidenter,
2614 3663 2753 3733 quod
2805 3665 3031 3719 latenter
3077 3665 3271 3730 sentis,
3312 3664 3560 3734 quoniam
3601 3665 3733 3719 satis

2161 3752 2339 3821 prodis
2379 3761 2462 3806 tua
2502 3752 2859 3822 disputatione
2896 3755 3037 3825 quod
3077 3756 3287 3811 sentis:
3331 3755 3449 3820 die,
3492 3756 3731 3824 inquam,

2161 3840 2407 3909 parvulos
2435 3840 2627 3895 frustra
2665 3842 2778 3897 ﬁeri
2799 3842 3155 3898 christianos:
3184 3843 3277 3898 sed
3303 3844 3446 3909 vide,
3478 3854 3652 3896 utrum
3682 3853 3733 3897 te

2162 3930 2333 3999 ipsum
2363 3930 2590 3985 debeas“
2621 3932 2799 3986 dicere
2826 3932 3197 3989 christianum.

2232 4019 2425 4074 XXXI.
2479 4020 2597 4075 JUL.
2652 4020 2705 4076 Si
2769 4036 2863 4091 per
2912 4022 3345 4078 comniixtionem
3410 4032 3731 4092 parentum:

2162 4110 2389 4165 damna“
2426 4112 2637 4181 nuptias
2686 4110 3045 4180 professione,
3086 4128 3216 4182 quas
3269 4116 3735 4183 argumentatione

2163 4200 2520 4266 condemnas;
2550 4208 2607 4257 et
2629 4202 2784 4258 deme
2811 4202 2964 4257 nobis
2990 4202 3245 4269 laborem,
3274 4218 3379 4274 quo
3406 4211 3457 4258 te
3490 4206 3735 4260 convici-

2163 4306 2281 4346 mus
2317 4307 2437 4347 esse
2473 4292 2839 4348 Manichieum.
2879 4294 2972 4349 Sin
3010 4302 3187 4349 autem
3228 4302 3281 4348 tu
3322 4309 3427 4349 non
3483 4294 3551 4349 id
3572 4295 3737 4352 audes

2162 4383 2362 4449 dicere,
2394 4398 2456 4438 ac
2484 4385 2720 4439 ratione"
2752 4393 3034 4439 contumax
3077 4384 3553 4439 concumbentibns
3580 4386 3736 4439 incli-

2162 4476 2363 4539 naris“,
2391 4484 2450 4528 ut
2479 4491 2571 4543 per
2607 4485 3035 4546 argumentorum
3062 4476 3323 4530 hactenus
3356 4474 3585 4530 inaudita
3612 4491 3739 4546 por-

2166 4577 2340 4631 tenta,
2383 4568 2531 4622 dicas
2570 4566 2842 4621 libidinem
2881 4566 3198 4621 diabolicam
3236 4580 3379 4634 esse,
3421 4581 3646 4637 eamque
3683 4568 3737 4622 in

2164 4656 2325 4713 sensu
2359 4658 2661 4712 coeuntium
2700 4658 2948 4727 positam,
2971 4657 3036 4711 ad
3074 4658 3396 4728 voluptatem
3436 4667 3735 4728 parentum,

2164 4747 2229 4801 ad
2257 4755 2457 4801 reatum
2484 4746 2748 4817 pertinere
2769 4749 3128 4812 nascentium;
3155 4756 3297 4802 tuam
3316 4749 3532 4818 quidem
3555 4764 3738 4803 amen—

2167 4837 2291 4889 tiam
2320 4844 2374 4890 ct
2400 4837 2777 4905 turpitudinem
2806 4838 3019 4906 prodis:
3049 4837 3140 4891 sed
3180 4853 3372 4907 precor
3399 4854 3465 4893 ne
3494 4838 3588 4892 tibi
3624 4847 3739 4893 tano

2167 4933 2277 4979 tum
2307 4940 2554 4995 arroges,
2591 4936 2649 4979 ut
2683 4935 2837 4996 putes
2867 4927 3020 4980 nobis
3057 4926 3280 4980 liberum
3319 4941 3423 4981 non
3462 4942 3583 4983 esse
3620 4942 3739 4982 cum

2231 5122 2246 5153 ι
2282 5123 2353 5184 sic
2373 5127 2478 5171 Mss.
2514 5120 2648 5184 Editi,
2678 5119 2882 5184 quando.

2229 5192 2249 5221 θ
2279 5182 2353 5231 sic
2368 5189 2472 5232 Mss.
2500 5182 2615 5230 Editi
2638 5179 2772 5239 vero,
2796 5182 2839 5231 si
2857 5181 2918 5231 de
2943 5179 3093 5231 nulla.

2230 5252 2251 5283 ³
2282 5246 2364 5294 Hic
2385 5245 2533 5293 verba
2560 5241 2657 5300 illa,
2697 5249 2860 5308 aperte
2880 5255 3003 5306 nega
3023 5243 3274 5308 parvulum
3316 5242 3573 5301 Christum,
3597 5243 3743 5291 resti-

2167 5313 2364 5360 tuuntur
2389 5318 2451 5353 ex
2474 5311 2580 5352 Mss.
2609 5304 2866 5353 Manclar.
2888 5304 3007 5354 ron.

2227 5373 2250 5404 ι
2280 5370 2353 5418 sic
2372 5375 2479 5415 Mss.
2504 5365 2625 5428 clar.
2651 5371 2702 5428 et
2723 5372 2831 5414 Mar.
2858 5373 2939 5416 tis.
2964 5371 3107 5424 Port.,
3132 5363 3334 5428 collegit.
3362 5360 3608 5425 [collsgiL]

2228 5434 2249 5464 υ
2284 5428 2569 5491 vignierius,
2594 5425 2863 5491 debeamus.

2231 5495 2251 5559 ξ
2284 5486 2420 5545 Editi,
2444 5488 2661 5559 damnas.
2687 5490 2848 5551 Aptius
2868 5496 2994 5548 tis-5.,
3028 5486 3222 5537 damna.

2229 5558 2248 5587 ⁷
2282 5560 2439 5609 Ροΐῑθ,
2464 5558 2653 5600 ταιιοιιι.
2747 5607 2773 5612 Δγ
2876 5610 2883 5612 Α
2955 5608 2982 5612 Δ-
3544 5604 3553 5612 _
3655 5603 3663 5612 ,

2227 5618 2249 5650 ⁸
2282 5599 2550 5669 iit—litui:an
2569 5607 2847 5661 cadentibus
2866 5608 3292 5669 inclinansqmss“
3339 5599 3753 5657 concumbentibns

2170 5665 2451 5735 inclinari};
2475 5674 2520 5724 id
2546 5681 2640 5734 est,
2661 5673 2744 5735 qui
2763 5675 2941 5732 nuptiis
2959 5679 3010 5720 et
3031 5665 3213 5717 libidini
3238 5679 3423 5722 vacant.
