3962 6180
337 319 473 376 “55

334 438 532 489 honore
573 430 664 485 Dei
705 426 1035 484 nascentium
1075 422 1432 478 innocentiam
1462 420 1739 486 contueri;
1781 435 1901 473 cum

331 528 422 581 tibi
465 527 621 581 liceat
662 531 717 578 et
756 520 919 575 libeat
951 559 966 584 ,
997 531 1117 571 cum
1158 514 1495 570 accusatione
1535 513 1650 580 Dei,
1690 527 1720 566 a
1760 522 1908 566 reatu

327 634 487 689 quem
527 617 659 670 dicis
687 611 940 677 libidinis,
975 607 1363 663 libidinantium
1391 607 1628 663 membra
1656 619 1904 677 purgare.

399 713 530 765 AUC.
571 703 821 772 Quolibet
860 702 1062 771 pruritu
1109 699 1400 763 libidinem,
1436 697 1488 753 id
1527 706 1629 763 est,
1653 697 1908 769 concupi-

325 798 580 854 scentiam
607 794 783 849 carnis
815 791 1020 857 laudes,
1052 790 1179 845 dicit
1217 805 1334 844 eam
1373 788 1606 843 Joannes
1635 787 1908 857 apostolus

324 906 352 942 a
380 889 537 944 Patre
563 901 669 940 non
691 898 830 949 esse,
855 881 949 937 sed
971 898 1033 935 ex
1060 880 1257 934 mundo
1281 894 1401 934 esse
1426 876 1478 949 (l
1504 877 1659 932 Joan.
1687 893 1745 943 tt,
1778 876 1867 945 16)
1891 895 1902 929 :

326 987 540 1048 propter
569 990 726 1046 quam
756 982 903 1029 recte
930 971 1125 1027 dicitur
1157 970 1401 1024 diabolus
1434 968 1681 1037 princeps
1724 967 1905 1020 mundi

324 1085 444 1124 esse
474 1064 653 1140 (Joan.
677 1081 770 1130 xu,
790 1061 903 1134 51).
927 1061 1059 1117 Nam
1089 1062 1289 1115 scimus
1318 1058 1457 1128 quod
1486 1056 1741 1111 mundum
1767 1056 1906 1111 Deus

323 1159 527 1215 fecerit.
578 1157 691 1211 lloc
730 1170 858 1226 ergo
898 1153 1040 1207 malo
1080 1147 1524 1219 concupiscentia:
1563 1147 1739 1201 carnis
1770 1146 1905 1199 bene

322 1252 491 1306 utitur
538 1247 789 1318 pudicitia
832 1243 1158 1313 conjugalis;
1190 1242 1412 1311 ejusque
1454 1239 1578 1294 mali
1623 1249 1827 1293 reatum
1875 1252 1904 1290 a

322 1341 663 1397 nascentibus
679 1346 904 1393 tractum
926 1335 1084 1389 solvit
1110 1333 1441 1403 regeneratio
1458 1329 1766 1399 spiritualis.
1789 1327 1901 1382 lloc

321 1431 573 1503 quamdiu
614 1444 721 1483 non
761 1426 926 1496 sapis,
956 1439 1062 1478 non
1098 1422 1413 1485 catholicus,
1446 1419 1541 1475 sed
1587 1418 1904 1489 Pelagianus

322 1522 533 1576 futurus
571 1534 662 1583 es;
704 1526 757 1572 et
792 1513 1081 1583 Scripturis
1119 1510 1348 1575 sanctis,
1388 1508 1775 1580 quantumlibet
1813 1521 1905 1561 eas

322 1608 615 1667 defende‘re
645 1609 738 1663 tibi
764 1606 1015 1670 videaris,
1038 1601 1463 1659 contradicturtts
1501 1617 1580 1657 es.
1617 1599 1699 1654 Me
1727 1607 1902 1652 autem

320 1704 531 1773 quoties
573 1709 792 1771 propter
821 1699 921 1752 hoc
961 1698 1045 1752 cui
1072 1695 1413 1761 contradicis,
1445 1691 1793 1748 Mauiclurum
1824 1689 1904 1743 di-

323 1795 437 1857 cis;
484 1791 723 1862 profccto
753 1798 809 1845 et
836 1790 983 1843 illum
1027 1787 1182 1854 dicis,
1215 1787 1306 1857 qui
1344 1785 1612 1840 hominem
1651 1781 1904 1837 membris

323 1883 642 1956 genitalibus
670 1880 923 1946 infusum,
943 1890 994 1935 et
1015 1877 1460 1946 concupiscentiae
1488 1875 1759 1944 voluptate
1785 1888 1905 1927 con-

322 1983 559 2041 eretum,
600 1979 724 2026 ante
761 1970 888 2026 dicit
925 1968 1173 2037 excipere
1210 1966 1528 2021 delictorum
1567 1963 1900 2033 contagium,

322 2080 481 2135 quam
507 2062 684 2117 vitalis
723 2061 942 2130 spiritus
983 2072 1174 2112 munus
1213 2054 1450 2110 haurire.
1481 2053 1798 2108 Ambrosius
1824 2061 1906 2107 est

322 2158 425 2212 iste
472 2155 663 2226 (Libro
694 2155 756 2207 de
777 2152 1106 2208 Sacramenta
1136 2147 1547 2220 regenerationis,
1573 2162 1661 2201 seu
1686 2144 1748 2199 de
1769 2142 1901 2197 Phi-

322 2245 615 2327 losophia),
655 2246 864 2302 Juliane
915 2262 930 2300 :
973 2232 1316 2298 Ambrosium
1357 2238 1706 2294 Maniclneum
1745 2236 1896 2302 dicis,

322 2356 532 2396 tusane.

394 2430 611 2487 XXXII.
649 2429 768 2485 Jun.
809 2426 941 2483 Nam
985 2442 1104 2483 cum
1150 2423 1483 2495 pronuntias,
1515 2421 1900 2491 concupiscen-

321 2524 449 2578 tiam
487 2521 663 2576 caruis
690 2535 718 2573 a
761 2519 996 2590 principe
1033 2516 1371 2571 tenebrarum
1402 2516 1455 2569 in
1496 2513 1710 2568 homine
1738 2512 1902 2567 fuisse

321 2616 629 2684 plantatam,
661 2626 885 2680 eantque
925 2624 1044 2664 esse
1083 2608 1279 2663 diaboli
1317 2607 1582 2671 fruticem,
1609 2622 1674 2662 ex
1716 2620 1775 2660 se
1803 2603 1903 2659 hu-

320 2720 534 2759 manum
588 2716 759 2773 genus
810 2701 962 2771 quasi
1018 2714 1174 2771 poma
1236 2699 1450 2769 propria
1510 2696 1897 2766 proferentent:

316 2794 557 2849 absolute
581 2792 795 2862 quidem
826 2789 1088 2860 proderis,
1122 2789 1262 2858 quod
1294 2802 1401 2842 non
1445 2783 1634 2851 Deum,
1667 2785 1761 2841 sed
1786 2785 1900 2840 dia-

317 2889 494 2942 bolum
523 2886 670 2941 dicas
697 2885 968 2939 hominum
998 2881 1325 2937 conditorem
1356 2900 1369 2934 :
1398 2895 1504 2950 quo
1532 2878 1777 2950 dogmate
1808 2879 1899 2932 im-

316 2980 571 3048 piissimo,
593 2987 647 3033 et
666 2976 1030 3046 conjugiorum
1058 2975 1351 3045 negotium,
1382 2972 1432 3051 id
1453 2980 1555 3038 est,
1587 2972 1895 3043 genitalium

312 3069 595 3134 admixtio,
629 3078 678 3123 et
719 3082 845 3121 caro
874 3076 1065 3120 cuncta
1094 3065 1395 3119 damnatur.

386 3164 518 3218 Anc.
560 3161 673 3215 Non
696 3160 980 3215 damnatur
1007 3177 1017 3211 :
1048 3158 1141 3212 sed
1174 3173 1277 3212 non
1311 3173 1339 3210 a
1373 3167 1424 3214 te
1449 3159 1599 3228 quasi
1626 3174 1752 3213 sana
1785 3158 1897 3211 lau-

312 3255 521 3322 detur‘,
564 3262 620 3308 ut
657 3254 817 3308 etiam
860 3262 911 3308 te
949 3252 1239 3307 confitente
1265 3293 1278 3316 ,
1306 3267 1335 3305 a
1376 3268 1472 3307 suo
1509 3251 1797 3307 Conditore
1834 3266 1897 3305 ac

314 3348 593 3403 Salvatore
620 3357 859 3402 sanetur.
890 3344 1027 3399 Nam
1065 3344 1168 3400 hoc
1200 3345 1250 3398 in
1284 3345 1478 3414 quibus
1508 3360 1611 3399 non
1653 3344 1739 3411 tit,
1778 3346 1895 3401 sine

315 3439 416 3494 ulla
442 3438 773 3494 dubitatione
800 3436 1155 3491 damnabitur.

378 3529 623 3587 XXXI".
662 3529 782 3584 ἔω..
822 3526 956 3583 Cum
984 3543 1115 3582 vero
1153 3527 1403 3598 posthac
1432 3528 1767 3598 sacrilegium
1792 3526 1892 3580 ad-

309 3622 504 3697 iungis,
532 3629 586 3677 et
625 3619 779 3683 dicis,
811 3617 1049 3689 profiteri
1079 3627 1131 3672 te
1171 3618 1487 3673 diabolicam
1530 3617 1742 3687 quidem
1773 3632 1894 3671 esse

308 3715 633 3789 gignentium
672 3712 956 3783 conjugum
998 3710 1343 3779 voluptatem,
1384 3710 1701 3765 diabolicam
1740 3710 1891 3780 geni-

311 3808 492 3861 talium
546 3805 995 3867 commotionem;
1038 3801 1131 3856 sed
1181 3810 1357 3856 tamen
1398 3800 1603 3871 etipsa
1653 3800 1893 3856 membra

308 3913 426 3969 quin
458 3902 759 3963 moventur,
793 3902 849 3950 et
876 3892 1128 3965 coniuges
1153 3894 1241 3964 qui
1265 3894 1537 3964 voluptate
1563 3892 1889 3960 afficiuntur,

313 4004 436 4043 reos
468 4003 571 4043 non
600 4002 721 4043 esse
746 4002 763 4052 ;
793 4000 978 4041 verum
1020 4000 1117 4055 pro
1143 3985 1226 4040 his
1254 3985 1500 4040 omnibus
1524 3999 1691 4041 novos
1720 3987 1891 4039 homi—

307 4092 426 4145 nes,
458 4077 511 4133 id
537 4086 638 4138 est,
663 4076 796 4131 rude
832 4090 967 4145 opus
1006 4076 1061 4130 in
1100 4075 1442 4130 nascentibus
1478 4076 1691 4130 deitatis
1727 4090 1888 4131 accu-

306 4184 394 4224 sas
425 4186 437 4219 :
484 4166 614 4222 nihil
643 4165 859 4236 quidem
889 4164 956 4219 de
983 4164 1396 4218 Manichazorum
1429 4163 1700 4233 impietate
1725 4163 1890 4233 depo-

308 4260 421 4330 nis;
452 4259 547 4315 sed
571 4268 675 4313 tam
699 4258 983 4312 immanem
1011 4255 1139 4309 moti
1161 4255 1350 4324 capitis
1365 4254 1603 4309 ostendis
1629 4254 1884 4318 furorem,

304 4360 363 4403 ut
390 4345 803 4418 eousequentius
832 4342 1136 4409 fovendum,
1159 4357 1318 4413 quam
1348 4343 1727 4412 amputandum
1746 4344 1890 4412 judi-

304 4446 537 4505 caretur,
565 4437 667 4492 nisi
696 4436 1019 4490 voluntatem
1045 4449 1109 4489 ac
1137 4432 1366 4489 studium
1408 4434 1461 4488 in
1494 4434 1591 4488 hac
1630 4448 1688 4488 rc
1718 4442 1884 4497 tuum,

302 4538 358 4583 et
379 4529 668 4582 multorum
713 4526 940 4589 eversio,
967 4534 1022 4580 et
1049 4534 1136 4579 tua
1166 4524 1474 4592 obstinatio,
1502 4535 1557 4579 et
1583 4524 1886 4594 Scriptura-

304 4633 422 4672 rum
451 4616 818 4688 multiplicatio
843 4615 1172 4684 IOqucretur.

376 4710 511 4763 Anc.
554 4706 660 4761 llas
689 4707 1039 4761 contumelias
1074 4722 1177 4761 non
1210 4706 1545 4779 indignanter
1576 4708 1760 4763 audire
1788 4708 1886 4763 dc-

306 4802 426 4865 beo,
475 4814 597 4855 cum
650 4797 731 4852 his
778 4797 1029 4853 Ecclesia:
1076 4798 1401 4864 doctoribus,
1449 4801 1537 4870 qui
1585 4816 1679 4870 per
1725 4814 1911 4855 unuut‘

306 4894 576 4946 hominem
604 4891 657 4944 in
699 4888 956 4944 mundum
988 4890 1236 4946 introisse
1280 4901 1574 4959 peccatum,
1606 4894 1687 4948 sic
1726 4895 1884 4948 intel-

306 4983 493 5053 ligunt,
539 4989 598 5035 ut
623 4989 800 5035 rectus
827 4981 1117 5050 Apostolus
1144 4981 1396 5050 loquitur,
1427 4999 1532 5038 non
1557 4995 1613 5038 ut
1640 4985 1885 5041 Julianus

301 5072 741 5144 perversissimus
762 5071 1029 5140 Opinatnr.
1064 5072 1118 5126 lu
1149 5072 1232 5128 his
1256 5081 1400 5139 sunt,
1415 5082 1474 5128 ut
1498 5075 1630 5129 alios
1658 5086 1881 5140 taceam,

300 5164 429 5219 Afer
462 5162 789 5234 Cyprianus,
825 5162 1006 5217 Gallus
1048 5163 1307 5230 llilarius,
1348 5163 1510 5219 Italus
1546 5166 1881 5233 Ambrosius,

300 5255 519 5310 Grmcus
558 5253 889 5323 Gregorius:
920 5269 949 5307 a
993 5255 1187 5324 quibus
1228 5256 1604 5312 eruditissimis
1648 5258 1881 5326 pruden-

305 5345 630 5413 tissitnisque
663 5342 965 5413 judicibus,
1006 5345 1193 5414 quales
1232 5354 1285 5400 te
1323 5361 1429 5400 non
1470 5347 1710 5402 invenire
1749 5363 1881 5401 vana

298 5436 716 5504 praesumptione
753 5438 1119 5506 conquereris,
1155 5436 1376 5491 bieresis
1417 5447 1588 5492 vestra
1631 5440 1775 5507 prius
1801 5448 1884 5493 est

291 5528 544 5581 damnata
575 5542 733 5598 quam
761 5538 904 5581 nata.

359 5683 372 5709 ¹
414 5687 575 5789 “iis;
610 5681 694 5730 sed
739 5694 829 5732 non
853 5715 870 5743 ,
910 5678 1036 5731 velut
1067 5694 1098 5731 a
1141 5687 1205 5741 te,
1249 5683 1386 5743 quasi
1432 5697 1550 5735 sana
1606 5685 1833 5737 (amttitur
1864 5702 1881 5738 :

362 5752 453 5788 nus
576 5756 622 5789 e.

288 5752 453 5788 smnus
476 5752 622 5789 bene.

1015 309 1259 368 OPERIS
1292 305 1705 361 IMPERFECTI
1746 305 2017 359 CONTRA
2059 305 2422 373 JUIJANUM,
2465 306 2524 362 S.
2566 308 2937 364 AUCUSTINI

3459 312 3600 369 “56

2092 418 2329 477 XXXIV.
2370 422 2487 478 JUL.
2532 423 2670 494 Lege
2700 433 2755 478 et
2778 425 2843 480 de
2874 425 2974 480 hoc
3001 435 3246 496 quartum
3278 426 3455 496 operis
3492 431 3599 485 mei

2016 512 2206 567 librum
2238 530 2252 566 :
2283 522 2338 567 et
2362 524 2615 582 quantum
2645 515 2876 580 diabolo,
2902 532 3060 586 quem
3103 526 3305 586 patrem
3333 527 3479 571 tuum
3511 520 3593 574 tli-

2014 605 2124 667 eis,
2166 617 2228 659 ac
2266 603 2468 658 libidini
2519 606 2674 660 matri
2727 608 2884 673 tum‘,
2924 605 3023 662 sub
3059 607 3374 662 criminandi
3412 610 3597 679 specie

2013 695 2308 751 blandiaris
2324 738 2339 764 ,
2371 697 2655 769 intelliges.
2800 704 2804 708 ’

2086 787 2221 843 Anc.
2266 787 2392 857 Legi
2429 788 2588 843 etiam
2618 797 2863 859 quartum
2901 798 3069 857 tuum,
3100 798 3155 847 et
3191 805 3313 845 meo
3350 800 3503 845 sexto
3529 790 3596 847 ad

2013 876 2129 945 ejus
2153 878 2245 931 tibi
2266 885 2458 932 cuncta
2488 879 2779 947 respondi;
2820 880 2941 949 quis
2978 890 3153 936 autem
3178 889 3424 935 nostrum
3458 886 3599 937 vice-

2015 967 2105 1029 rit,
2135 966 2339 1035 jutiicct
2368 968 2486 1037 pius
2513 968 2683 1023 lector
2707 970 3009 1026 amborum.

2084 1056 2303 1111 XXXV.
2336 1058 2453 1113 ιω..
2486 1058 2679 1113 Verum
2704 1060 2813 1130 jam
2841 1062 3079 1132 Apostoli
3106 1062 3266 1118 verba
3300 1063 3595 1130 videamus,

2012 1165 2169 1218 quem
2203 1151 2331 1204 mihi
2360 1152 2427 1207 ad
2456 1153 2654 1219 omnia,
2687 1169 2843 1224 quem
2874 1169 3033 1223 supra
3064 1157 3239 1225 posui,
3273 1156 3599 1226 respondere

2012 1240 2231 1296 dixisti:
2274 1241 2356 1296 Ad
2390 1244 2561 1297 omnia
2599 1245 2697 1298 ista
2737 1246 2854 1298 huic
2896 1246 3153 1314 respondit
3189 1245 3483 1317 Apostolus,
3512 1249 3598 1317 qui

2011 1347 2168 1399 neque
2208 1333 2516 1386 voluntatem
2552 1335 2721 1405 arguit
2768 1335 2987 1404 parvuli,
3015 1351 3128 1406 qua:
3164 1336 3371 1407 propria
3408 1336 3463 1390 in
3505 1335 3595 1391 illo

2013 1424 2240 1497 nondum
2277 1433 2350 1479 est
2387 1425 2455 1478 ad
2492 1426 2838 1495 peccandum;
2893 1443 3048 1496 neque
3085 1428 3304 1496 nuptias,
3345 1429 3398 1482 in
3435 1446 3593 1499 quan-

2017 1524 2123 1567 tum
2161 1517 2352 1586 nuptiae
2388 1526 2536 1582 sunt,
2574 1533 2689 1589 qua:
2735 1519 2919 1573 habent
2956 1536 2987 1572 a
3025 1518 3135 1573 Deo
3172 1537 3271 1574 non
3310 1521 3473 1575 solum
3509 1522 3593 1576 in-

2010 1606 2342 1673 stitutionem,
2369 1623 2540 1661 verum
2566 1609 2716 1662 etiam
2747 1609 3178 1678 benedictionem;
3216 1627 3373 1681 neque
3411 1628 3595 1682 paren-

2010 1704 2103 1762 tes,
2134 1696 2187 1749 in
2215 1707 2458 1766 quantum
2493 1708 2728 1767 parentes
2750 1710 2884 1765 sunt,
2911 1701 3120 1754 inricem
3150 1701 3284 1755 licite
3306 1713 3452 1772 atque
3471 1703 3595 1774 legi-

2010 1786 2128 1839 time
2145 1786 2213 1839 ad
2236 1789 2575 1858 procreandos
2599 1790 2734 1858 ﬁlios
2759 1792 3015 1863 conjugati
3029 1809 3047 1846 :
3063 1793 3169 1857 sed,
3191 1811 3208 1843 t
3241 1792 3344 1848 Per
3363 1793 3539 1861 unum,
3565 1814 3585 1848 s

2008 1878 2187 1949 inquit.
2210 1898 2230 1931 ι
2262 1880 2513 1935 hominem
2544 1891 2797 1953 peccatum
2822 1884 3022 1937 intravit
3051 1885 3105 1939 in
3133 1887 3399 1953 mundum,
3425 1896 3474 1940 et
3501 1905 3589 1957 per

2014 1987 2033 2020 ε
2080 1983 2339 2042 peccatum
2363 1990 2499 2029 mors
2516 1992 2535 2040 ;
2564 1984 2611 2028 et
2640 1975 2710 2028 ita
2751 1977 2805 2030 in
2830 1993 3001 2032 omnes
3027 1978 3252 2032 homines
3280 1982 3587 2049 pertransiit,

2014 2078 2032 2110 ι
2078 2062 2131 2114 in
2159 2079 2257 2132 quo
2277 2080 2447 2119 omnes
2479 2076 2808 2135 peccauerunt
2854 2087 2872 2121 ι
2909 2068 3085 2138 (Rom.
3114 2086 3164 2134 v,
3197 2071 3305 2140 12).
3338 2071 3484 2137 Quod
3509 2074 3589 2126 isti

2007 2152 2052 2206 si
2081 2153 2341 2208 catholicis
2374 2156 2578 2210 auribus
2607 2156 2953 2228 mentibusque
2976 2161 3304 2230 perciperent,
3329 2162 3589 2215 adversum

2010 2241 2163 2310 ﬁdem
2188 2243 2504 2313 gratiamque
2532 2245 2719 2300 Christi
2743 2248 2946 2302 rebelles
2972 2250 3168 2305 animos
3197 2268 3296 2305 non
3332 2252 3587 2318 haberent,

2007 2349 2164 2403 neque
2196 2343 2495 2388 conarentur
2522 2337 2758 2402 inaniter,
2786 2338 2856 2392 ad
2878 2356 3024 2393 suum
3059 2342 3321 2412 praprium
3350 2353 3396 2396 et
3426 2344 3589 2397 heure—

2007 2425 2159 2478 ticnm
2205 2441 2405 2479 sensum
2449 2427 2555 2480 haec
2593 2429 2874 2496 apostolica
2919 2432 3067 2485 verba
3114 2441 3217 2484 tant
3263 2434 3491 2486 dilucida
3539 2444 3587 2487 et

2008 2522 2111 2565 tam
2150 2515 2414 2585 manifesta
2442 2526 2743 2580 convertere,
2780 2528 3052 2574 asserentes
3099 2522 3193 2573 hoc
3243 2522 3353 2575 ideo
3397 2523 3585 2576 dictum

2004 2619 2133 2670 esse,
2159 2605 2295 2673 quod
2322 2602 2485 2657 Adam
2512 2609 2787 2676 peccaverit
2828 2610 3068 2678 primunt,
3095 2611 3145 2664 in
3171 2627 3270 2681 quo
3300 2611 3362 2665 de
3384 2621 3586 2678 cwtero,

2002 2694 2225 2763 quisquis
2250 2710 2457 2764 peccare
2483 2696 2657 2762 voluit,
2687 2698 2928 2767 peccandi
2954 2700 3141 2753 invenit
3168 2702 3451 2771 exemplum
3474 2718 3494 2766 ;
3534 2713 3588 2756 ut

2004 2796 2259 2853 peccatum
2287 2787 2477 2842 scilicet
2505 2804 2603 2842 non
2633 2794 2954 2860 generatione
2982 2791 3044 2845 ab
3069 2792 3159 2846 illo
3190 2810 3289 2848 uno
3318 2795 3370 2848 in
3393 2810 3584 2859 omnes,

2002 2879 2087 2932 scd
2125 2879 2262 2933 illius
2296 2882 2448 2935 unius
2484 2882 2765 2938 imitatione
2806 2886 3062 2940 transiret.
3094 2885 3220 2941 Cum
3262 2890 3505 2959 profecto,
3544 2890 3587 2942 si

2002 2969 2275 3039 Apostolus
2315 2972 2396 3026 hic
2438 2972 2763 3029 imitationem
2803 2977 3016 3050 intelligi
3056 2979 3306 3047 uoluisset,
3353 2997 3453 3034 non
3500 2999 3588 3051 per

2000 3075 2157 3113 unum
2188 3061 2464 3129 hominem,
2488 3065 2577 3118 sed
2605 3082 2699 3134 per
2719 3066 2976 3121 diabolum
3003 3068 3190 3138 potius,
3215 3070 3265 3123 in
3292 3071 3422 3124 hunc
3442 3088 3586 3125 mun-

2001 3151 2120 3204 dum
2171 3162 2431 3222 peccatum
2478 3155 2713 3221 intrasse,
2763 3169 2808 3212 et
2854 3177 2942 3229 per
2983 3178 3154 3216 omnes
3201 3163 3423 3217 homines
3468 3181 3583 3234 per-

2000 3243 2238 3296 transisse
2257 3244 2482 3298 dixisset.
2504 3245 2582 3299 De
2601 3247 2804 3303 diabolo
2823 3249 3007 3321 quippe
3024 3252 3265 3322 scriptum
3287 3262 3377 3315 est,
3403 3271 3421 3304 ι
3460 3252 3585 3306 Ιηιί-

2004 3352 2024 3384 t
2071 3344 2241 3388 tantur
2287 3352 2433 3403 eum,
2478 3338 2566 3409 qni
2612 3349 2731 3391 sunt
2781 3356 2845 3394 ea:
2881 3352 3025 3410 parte
3072 3345 3232 3414 ipsius
3280 3365 3298 3395 ι
3331 3344 3486 3416 (Sep.
3523 3363 3580 3410 tt,

1998 3423 2110 3495 25).
2145 3423 2251 3479 Sed
2298 3426 2431 3492 ideo,
2482 3446 2501 3479 ι
2556 3445 2644 3500 per
2692 3446 2847 3484 unum
2884 3432 3133 3487 hominem
3171 3455 3188 3485 ι
3229 3436 3355 3489 dixit
3383 3478 3396 3499 ,
3425 3455 3455 3489 a
3486 3454 3583 3507 quo

1996 3516 2250 3585 generatio
2288 3517 2459 3587 utique
2486 3519 2745 3574 hominum
2790 3526 2959 3595 coepit,
2991 3535 3044 3577 ut
3072 3543 3159 3595 per
3207 3538 3578 3598 generationem

1998 3607 2194 3659 doceret
2220 3607 2337 3660 iisse
2366 3626 2454 3675 per
2480 3627 2652 3667 omnes
2679 3612 2925 3684 originale
2947 3626 3208 3685 peccatum
3240 3617 3351 3687 (De
3374 3618 3585 3689 Nuptiis

1997 3709 2043 3751 et
2074 3697 2509 3772 Concupiscentia,
2534 3703 2620 3756 lib.
2646 3703 2700 3767 2,
2725 3723 2779 3759 n.
2802 3704 2915 3779 45).

2071 3792 2204 3847 Anc.
2249 3793 2437 3848 Dixisti
2467 3796 2628 3850 verba
2673 3797 2792 3851 libri
2835 3800 2959 3865 mei,
2988 3799 3072 3855 dic
3099 3800 3209 3871 jam
3239 3802 3584 3872 quemadmo—
3644 3860 3653 3867 _

1997 3881 2121 3937 dum
2152 3884 2461 3953 accipienda
2510 3886 2616 3940 sint
2645 3903 2765 3958 qua:
2805 3889 2876 3943 ibi
2920 3892 3071 3959 posui
3114 3893 3272 3948 verba
3301 3895 3580 3963 Apestoli:

1996 3982 2056 4025 ut
2081 3974 2247 4043 magis
2294 3976 2568 4045 magisque
2594 3978 2960 4036 manifesteris
3000 3981 3304 4052 haereticus,
3335 3985 3582 4042 laudato-

1995 4079 2109 4117 rem
2151 4074 2201 4117 te
2230 4066 2599 4133 supponenda,
2633 4077 2689 4121 ut
2715 4069 2928 4125 auferas
2956 4074 3187 4141 parvulis
3226 4075 3579 4132 Salvatorcm.

2066 4153 2308 4207 XXXVI.
2353 4154 2472 4210 Jun.
2516 4158 2672 4211 Abuti
2698 4168 2749 4213 te
2782 4161 3042 4231 imperitia
3071 4163 3358 4222 faventium
3392 4168 3504 4232 tibl,
3527 4179 3583 4224 et

1992 4241 2306 4300 delitescere
2327 4247 2424 4302 sub
2445 4248 2786 4319 ambiguitate
2812 4254 3117 4322 verborum,
3140 4258 3462 4329 quicumque
3487 4261 3578 4315 ille

1993 4332 2153 4389 fuerit
2196 4351 2419 4406 operum
2467 4353 2770 4396 nostrorum
2814 4346 3055 4400 eruditus
3093 4348 3278 4415 lector,
3312 4351 3576 4422 intelligit.

1994 4425 2280 4496 Reliquum
2324 4446 2452 4485 vero
2508 4432 2726 4502 vulgus,
2776 4435 2843 4491 de
2894 4453 3000 4507 quo
3048 4439 3307 4508 prOpheta
3348 4441 3580 4512 loquitur

1991 4518 2055 4573 ad
2096 4520 2282 4586 Deum,
2311 4520 2602 4578 .IEstimasti
2629 4524 2855 4580 homines
2883 4528 3010 4582 sicut
3048 4528 3207 4599 pisces
3232 4532 3387 4586 maris
3427 4531 3448 4605 (
3465 4530 3578 4585 Ila-

1991 4610 2144 4665 bacuc
2167 4628 2204 4677 ι,
2239 4613 2365 4681 id);
2398 4621 2576 4669 mutua
2609 4619 2996 4687 praegressione
3020 4620 3301 4691 decipitur,
3332 4639 3396 4679 ac
3428 4624 3579 4679 salu-

1991 4702 2159 4756 tiferae
2193 4703 2531 4759 discretionis
2578 4704 2876 4777 ignarum‘,’
2908 4718 3076 4764 totum
3122 4722 3271 4781 putat
3326 4714 3576 4786 conjungi

1990 4808 2148 4862 posse
2170 4794 2346 4857 rebus,
2372 4795 2514 4865 quod
2536 4797 2727 4853 viderit
2749 4800 2969 4855 vocibus
2994 4818 3113 4859 esse
3132 4806 3415 4865 sociatum.
3434 4808 3575 4876 Quid

1992 4899 2117 4939 vero
2147 4886 2216 4938 sit
2240 4901 2597 4956 consequens,
2623 4890 2747 4958 quid
2781 4906 3103 4964 repugnans,
3125 4896 3423 4968 quibusque
3446 4915 3579 4955 con-

1990 4976 2157 5029 cessis
2184 4975 2309 5045 quid
2340 4977 2421 5031 lex
2454 4976 2873 5053 inexpugnabilis
2902 4994 2956 5039 et
2984 4987 3284 5042 veneranda
3319 4990 3567 5049 orationis

1988 5074 2141 5136 cogat
2184 5066 2384 5131 inferri,
2420 5067 2520 5122 nisi
2568 5069 2908 5129 doctissimus
2935 5077 3424 5150 attentissimusque
3468 5099 3571 5138 non

1982 5154 2203 5225 judicat.

2062 5249 2194 5303 Anc.
2234 5248 2423 5305 Adhuc
2469 5251 2664 5307 circuis
2701 5255 2990 5322 qumrendo
3036 5257 3364 5331 dialeCIicos,
3390 5274 3442 5321 et
3492 5268 3568 5321 vi-

1988 5338 2149 5392 tando
2193 5342 2582 5399 ecclesiasticos
2618 5344 2847 5414 judiccs.
2884 5349 2973 5404 Dic
2996 5350 3104 5419 jam
3135 5358 3403 5424 quomodo
3430 5361 3577 5415 acci-

1989 5430 2237 5500 piendum
2267 5433 2352 5497 sit,
2383 5433 2486 5487 Per
2510 5452 2667 5489 unum
2702 5439 2953 5494 Immineat
2995 5456 3250 5514 percolunt
3290 5450 3491 5505 intrauit
3520 5453 3573 5504 in

2053 5570 2066 5599 ¹
2105 5570 2177 5618 Sic
2198 5575 2303 5641 Mss.
2349 5570 2469 5620 clar.
2505 5580 2610 5623 nar.
2655 5582 2779 5626 rort.
2837 5583 2889 5628 Μ,
2929 5581 3062 5641 editi,
3096 5597 3127 5634 a
3171 5583 3371 5637 libidine
3392 5595 3575 5641 trituris

1989 5635 2102 5685 tuan
2124 5632 2375 5680 mendose.

2023 5694 2070 5757 _’
2092 5692 2226 5767 l‘ldlll.
2258 5694 2582 5767 progressione
2616 5696 2871 5759 decipitur,
2910 5716 2966 5753 ac
3005 5704 3252 5767 salutifera
3289 5706 3575 5760 discretiwe

1990 5756 2239 5814 signuttun.
2268 5756 2583 5807 tina-udantur
2609 5772 2668 5808 ex
2691 5756 2796 5809 διεδ.
