4004 6190
374 309 512 367 H37

368 425 664 478 mundum:
692 421 880 476 melius
913 418 1159 476 videlicet
1189 418 1291 475 hoc
1319 418 1638 490 intelligens,
1672 435 1831 490 quam
1865 420 1956 476 ille

374 533 466 584 qui
491 515 644 576 dixit,
679 510 863 567 Omnes
880 512 934 565 in
967 511 1131 565 Adam
1153 513 1457 577 moriuntur,
1484 512 1602 581 quia
1627 530 1646 563 ι
1684 530 1773 579 per
1800 530 1957 566 unum

378 625 397 656 ι
446 605 700 659 hominem
730 610 988 673 peccatum
1014 601 1218 656 intravit
1246 601 1299 655 in
1334 602 1469 655 hunc
1498 601 1761 665 mundum,
1791 610 1838 655 et
1869 618 1957 671 per

379 716 399 749 ι
449 704 705 764 peccatum
730 708 901 757 more;
931 701 979 747 et
999 691 1071 746 ita
1106 692 1159 746 in
1183 708 1354 746 omnes
1381 692 1604 746 homines
1642 693 1952 763 pertransiit,

377 807 397 840 α
444 788 498 840 in
527 802 628 855 quo
654 800 830 839 omnes
850 792 1198 849 peccauerunt.
1240 802 1260 837 ι
1296 781 1446 838 Illius
1465 784 1622 853 igitur
1644 785 1796 853 culpa
1821 800 1955 838 mors

369 878 598 932 omnium
623 884 697 931 est
724 874 1056 947 (Ambrosius,
1077 872 1164 928 lib.
1184 875 1221 929 4
1243 875 1296 927 in
1324 872 1445 927 Luc.
1472 889 1544 937 tv,
1569 874 1682 943 38).
1718 874 1783 928 Et
1814 872 1954 928 idem

369 969 484 1038 ipse
513 966 641 1022 alibi
665 983 679 1018 :
721 964 848 1019 Fuit
875 964 1058 1028 Adam,
1085 973 1134 1019 et
1158 964 1212 1018 in
1231 963 1322 1019 illo
1350 964 1541 1034 fuimus
1569 980 1777 1029 omnes;
1806 964 1953 1034 periit

368 1059 558 1123 Adam,
591 1066 639 1113 et
679 1058 733 1111 in
775 1057 1067 1111 illoomnes
1095 1056 1349 1128 perierunt
1394 1054 1531 1129 (Lib.
1565 1056 1596 1108 7
1620 1056 1674 1110 in
1700 1054 1829 1110 Luc.
1860 1070 1950 1119 xv,

366 1150 485 1215 2i).
525 1146 844 1203 Ambrosius
887 1154 972 1202 est
1015 1146 1124 1209 ille,
1167 1162 1278 1201 non
1314 1147 1635 1217 quicumque
1670 1145 1739 1200 de
1777 1145 1952 1216 vulgo,

373 1242 528 1312 cujus
554 1240 853 1311 imperitam
882 1239 1272 1295 multitudinem
1314 1253 1420 1292 non
1454 1238 1716 1292 valentem
1745 1236 1813 1291 de
1852 1236 1955 1291 tuis

373 1333 828 1404 disputationibus
850 1332 1112 1402 judicare,
1146 1331 1303 1385 nimis
1347 1330 1452 1384 alta
1493 1329 1703 1384 cervice
1730 1337 1783 1382 et
1826 1342 1954 1397 pro-

371 1438 519 1481 terva
563 1425 736 1481 fronte
758 1424 1060 1481 contemnis
1088 1441 1104 1477 :
1137 1421 1450 1478 Ambrosius
1473 1430 1575 1485 est,
1606 1422 1842 1491 inquam,
1869 1420 1956 1476 cui

372 1521 518 1574 nulla
556 1535 623 1575 ex
665 1527 814 1588 parte
850 1518 902 1572 in
948 1517 1077 1587 ipsis
1114 1516 1304 1571 litteris
1340 1515 1704 1579 smeularibus,
1730 1513 1798 1568 de
1835 1512 1955 1583 qui-

374 1611 475 1665 bus
502 1611 725 1665 multum
757 1608 975 1673 inflaris,
1022 1607 1280 1678 mquaris;
1327 1607 1379 1659 in
1418 1604 1791 1660 ecclesiasticis
1829 1619 1956 1658 vero

368 1704 490 1773 quis
518 1703 605 1758 ille
630 1703 718 1764 sit,
744 1699 865 1755 audi
909 1699 992 1754 vel
1021 1698 1135 1768 lege
1174 1696 1443 1767 Pelagium
1480 1695 1755 1751 doctorem
1783 1703 1952 1759 tuum,

371 1802 427 1848 et
475 1793 582 1848 noli
622 1806 802 1847 amare
839 1804 1053 1845 sensum
1092 1803 1121 1841 a
1161 1801 1320 1843 sensu
1360 1787 1489 1840 tanti
1529 1785 1682 1855 hujus
1721 1783 1957 1840 doctoris

367 1885 623 1937 alienum.

434 1974 698 2029 XXXVII.
740 1974 858 2029 Jun.
905 1970 971 2028 Et
1005 1971 1109 2027 hoc
1146 1977 1228 2026 est
1264 1977 1483 2041 propter
1517 1967 1662 2037 quod
1703 1967 1954 2034 maxime,

366 2065 686 2118 miserantes
714 2062 1103 2118 Ecclesiarum‘
1144 2061 1348 2125 ruinas,
1371 2058 1435 2112 ad
1463 2057 1695 2111 virorum
1728 2055 1960 2125 pruden-

359 2157 429 2210 tia
456 2156 742 2213 illustrium
773 2167 1128 2224 provocamus
1156 2166 1404 2212 examen,
1436 2157 1494 2202 ut
1525 2163 1629 2202 non
1657 2146 1783 2216 quid
1811 2146 1958 2200 dica—

363 2255 473 2307 tur,
510 2246 605 2300 sed
634 2244 758 2314 quid
789 2249 1183 2312 cmsequenter
1202 2240 1410 2295 dicatur
1426 2246 1699 2309 appareat.
1729 2236 1782 2293 Si
1812 2242 1957 2292 enim

355 2339 456 2390 sub
485 2336 575 2389 tali
599 2333 824 2390 concilio
842 2333 1260 2401 disceptaretur;
1290 2331 1383 2385 tibi
1414 2330 1594 2399 utique
1616 2342 1721 2382 non
1749 2327 1952 2392 liceret,

357 2434 451 2480 aut
475 2424 620 2494 quod
668 2437 959 2494 negaveras
1005 2421 1224 2486 inferre,
1270 2428 1364 2473 aut
1401 2419 1545 2488 quod
1593 2415 1959 2471 attiriuaveras

358 2518 627 2586 denegare
667 2533 681 2568 :
726 2515 777 2567 in
824 2514 959 2567 libro
1004 2526 1130 2567 vero
1182 2519 1294 2572 tuo,
1341 2524 1498 2578 quem
1550 2508 1690 2562 nulla
1738 2506 1956 2575 pudoris

359 2624 586 2663 censura
628 2605 869 2675 castigat,
916 2613 970 2658 et
1009 2602 1152 2674 quod
1200 2602 1456 2658 Catholici
1482 2600 1687 2666 dicunt,
1715 2609 1769 2654 et
1812 2597 1954 2669 quod

362 2697 659 2765 llanichmi,
675 2696 1006 2751 confidenter
1025 2694 1355 2765 agglomeras
1369 2694 1413 2759 ί,
1437 2692 1537 2747 hac
1564 2691 1676 2746 sola
1702 2690 1953 2760 opinione

367 2798 672 2855 contentus,
698 2790 742 2842 si
772 2786 1111 2856 respondisse
1136 2784 1365 2849 dicaris;
1397 2783 1522 2853 quid
1545 2790 1722 2837 autem
1761 2781 1955 2837 habeat

361 2881 614 2950 penderis
636 2879 810 2934 oratio
851 2888 957 2943 tua,
990 2876 1118 2947 quid
1146 2876 1485 2940 constantia),
1525 2875 1760 2946 cogitare
1786 2874 1946 2929 etiam

367 2975 605 3041 ineptum
635 2981 806 3040 putas.
1884 2974 1889 2981 ’

432 3067 568 3120 Auc.
603 3064 771 3135 Rogo,
791 3063 875 3118 dic
890 3062 1000 3133 jam
1024 3062 1293 3132 quomodo
1314 3060 1713 3131 intelligendum
1736 3060 1825 3126 sit,
1848 3059 1952 3114 Per

359 3171 520 3208 unum
542 3155 791 3208 hominem
817 3163 1077 3223 peccatum
1095 3153 1297 3206 intrauit
1321 3152 1377 3206 in
1395 3152 1644 3206 mundum
1663 3167 1683 3207 :
1704 3150 1829 3221 quid
1856 3150 1953 3204 ad-

361 3250 465 3303 huc
491 3247 853 3311 calumniaris,
876 3246 1211 3312 conviciaris,
1235 3242 1637 3315 tergiversaris?
1655 3242 1712 3299 Si
1740 3244 1793 3296 in
1822 3256 1951 3296 con-

359 3342 505 3405 cilio,
535 3340 688 3410 cujus
712 3339 909 3393 videris
932 3337 1240 3393 desiderare
1257 3334 1537 3406 judicium,
1569 3334 1820 3391 sederent
1848 3334 1951 3406 Cy-

363 3432 613 3499 prianus,
658 3428 921 3495 Hilarius,
950 3428 1265 3482 Ambrosius
1284 3467 1299 3493 ,
1326 3425 1614 3497 Gregorius
1633 3466 1647 3491 ,
1681 3426 1906 3481 Basilius
1932 3467 1946 3488 ,

359 3508 597 3578 Joannes
620 3520 1262 3590 Constantinopolitanus,
1295 3526 1354 3572 ut
1379 3519 1513 3572 alios
1538 3526 1771 3584 taceam;
1797 3533 1950 3571 num-

358 3613 490 3683 quid
517 3612 803 3677 doctiores,
835 3610 1226 3680 prudentiores,
1251 3608 1553 3664 veraciores
1571 3607 1782 3678 judices
1806 3623 1949 3677 quae-

361 3720 482 3760 rere
508 3702 766 3758 auderes?
785 3702 885 3772 lpsi
908 3709 1090 3756 contra
1111 3699 1355 3770 dogmata
1379 3707 1556 3752 vestra
1575 3699 1824 3764 clamant,
1850 3698 1949 3766 ἰρμί

360 3797 575 3866 scriptis
602 3796 714 3851 suis
738 3802 912 3850 vestra
942 3793 1138 3863 scripta
1166 3790 1526 3848 condemnant
1557 3808 1569 3843 :
1602 3791 1728 3861 quid
1756 3793 1951 3861 qumris

359 3887 631 3956 amplius?
654 3885 765 3940 Hoc
785 3885 893 3954 jam
916 3884 967 3938 in
996 3884 1170 3954 primo
1187 3890 1243 3938 et
1261 3881 1498 3937 secundo
1520 3882 1776 3937 librorum
1805 3896 1951 3936 meo-

359 3994 479 4032 rum
508 3977 641 4031 satis
659 3975 835 4040 docui,
857 3989 990 4044 quos
1010 3981 1193 4029 contra
1222 3981 1342 4029 tuos
1361 3981 1588 4043 quatuor
1605 3986 1706 4042 ego
1725 3985 1816 4027 sex
1838 3971 1951 4026 edi-

359 4070 418 4124 di
438 4089 451 4123 :
471 4069 565 4124 sed
588 4082 715 4124 ecce
733 4065 908 4121 adhuc
929 4075 979 4121 te
997 4065 1181 4120 audire
1202 4073 1418 4135 paratus
1438 4079 1577 4129 sum;
1595 4063 1679 4119 dic
1694 4064 1803 4133 jam
1820 4075 1952 4131 qun—

359 4162 525 4217 modo
548 4158 1020 4229 sitaccipiendum,
1039 4157 1181 4227 quod
1201 4172 1290 4227 per
1312 4172 1470 4210 unum
1494 4155 1746 4214 hominem
1771 4168 1950 4226 pecca-

362 4265 469 4310 tum
493 4254 698 4310 intrauit
719 4256 774 4307 in
797 4251 1063 4306 mundum.

434 4344 723 4403 XXXVIII.
755 4344 870 4400 Jun.
903 4343 1141 4413 Denique
1184 4341 1300 4398 sine
1328 4329 1667 4398 cunctatione
1711 4339 1949 4395 tribuens

360 4456 482 4511 quae
499 4437 737 4510 poposci,
753 4436 985 4507 quidque
1004 4450 1069 4490 ex
1087 4434 1167 4488 his
1183 4434 1483 4490 confectum
1500 4444 1645 4490 esset
1661 4434 1945 4503 aspiciens,

359 4531 633 4601 proﬁteris
648 4536 702 4583 te
717 4528 782 4582 ad
801 4527 901 4582 hoc
914 4526 1053 4597 quod
1070 4526 1450 4592 exstruximus,
1467 4525 1790 4581 imbecillum
1805 4540 1946 4590 esse;

361 4621 665 4691 apostolum
684 4618 902 4673 Paulum
922 4616 1025 4671 illis
1039 4616 1285 4671 omnibus
1300 4631 1418 4686 quae
1435 4615 1692 4680 diximus,
1710 4616 1945 4681 obviare;

362 4726 524 4782 quem
547 4719 723 4766 tamen
743 4708 950 4763 inducis
966 4707 1151 4762 eadem
1172 4722 1291 4778 quae
1317 4714 1371 4761 tu
1388 4707 1633 4771 dederas,
1651 4707 1952 4763 conceden-

364 4813 493 4858 tem.
522 4802 619 4857 Ais
643 4802 785 4857 enim
807 4843 821 4867 ,
860 4818 881 4853 ε
919 4800 1207 4871 Apostolus
1232 4815 1405 4870 neque
1428 4800 1753 4855 voluntatem
1779 4800 1951 4871 arguit

365 4894 595 4964 parvuli,
616 4908 735 4964 qua:
752 4892 960 4962 propria
978 4893 1029 4947 in
1049 4891 1139 4947 illo
1156 4892 1387 4947 nondum
1407 4900 1489 4947 est
1502 4892 1569 4947 ad
1587 4892 1943 4962 peccandum»

365 4988 385 5050 (
392 4984 467 5039 De
494 4983 707 5057 Nuptiis
732 4993 778 5039 et
803 4982 1239 5054 Concupiscentia,
1270 4983 1354 5038 lib.
1379 4985 1432 5049 2,
1464 5002 1517 5038 η.
1534 4984 1633 5056 45)
1663 5000 1802 5055 :quo
1825 4986 1951 5040 dato

362 5077 473 5145 jam
510 5075 812 5131 convictum
839 5083 954 5136 est,
997 5088 1096 5129 nec
1127 5088 1283 5144 posse
1320 5075 1373 5127 in
1401 5074 1492 5129 illo
1520 5073 1805 5144 quodpiam
1832 5089 1953 5129 esse

372 5177 648 5239 peccatum
671 5209 687 5233 ,
719 5167 869 5237 cujus
898 5166 1040 5222 nulla
1080 5166 1183 5221 alia
1230 5166 1464 5221 conditio
1508 5176 1591 5223 est
1613 5208 1629 5233 ,
1658 5167 1951 5223 secundum

373 5261 735 5317 deﬁnitionem
782 5273 993 5330 quoque
1036 5267 1219 5327 tuam,
1260 5274 1418 5329 quam
1464 5258 1709 5315 voluntas
1759 5259 1954 5314 admit-

374 5351 516 5407 tendi
551 5348 695 5421 quod
730 5348 933 5421 justitia
960 5357 1142 5415 vetat,
1174 5357 1227 5404 et
1255 5348 1399 5405 unde
1424 5349 1647 5405 liberum
1676 5360 1759 5404 est
1784 5349 1954 5404 absti-

377 5454 522 5495 nere.

442 5620 454 5649 ι
490 5617 562 5666 sic
584 5624 691 5667 atas.
720 5613 862 5677 aditi,
885 5610 1127 5677 Errigsiw.

435 5673 855 5803 ;ut:t’£rzt‘ss.ttar.
878 5680 932 5727 et
957 5674 1104 5740 Clam,
1142 5680 1189 5728 et
1210 5673 1339 5741 quod
1374 5675 1628 5731 Hatticha'i
1658 5677 1959 5746 conﬁtentur,

379 5755 433 5803 aq
673 5775 686 5790 .

1718 303 1923 361 LIBER
1960 304 2332 365 SECUNDUS.

3512 321 3647 375 Ηὸδ

2139 421 2272 479 Anc.
2305 421 2430 477 Haec
2468 422 2706 480 deﬁnitio
2732 430 2930 496 peccati
2959 437 3044 487 est
3085 430 3203 502 ejus
3223 474 3237 496 ,
3264 435 3404 503 quod
3434 451 3536 490 non
3561 447 3649 491 est

2064 512 2222 565 etiam
2248 526 2403 580 pcena
2426 515 2649 582 peccati.
2679 515 2810 571 Nam
2835 519 2922 573 ubi
2950 521 3105 575 malae
3124 522 3530 580 consuetudinis
3549 541 3647 581 vo-

2063 615 2154 656 ces
2178 615 2298 658 esse
2325 603 2646 659 contenditis
2670 606 2683 637 ¹
2706 647 2720 669 ,
2752 616 2910 678 atque
2939 620 3009 664 tta
3035 625 3194 666 voces
3229 615 3393 669 vestri
3420 614 3646 686 dogma—

2063 692 2131 746 tis
2151 692 2421 780 sutl‘ocgtis
2441 696 2462 726 ³
2481 735 2497 756 ,
2529 695 2613 750 dic
2632 739 2646 761 ,
2677 698 2721 752 si
2743 700 2940 767 audes,
2970 703 3238 772 quomodo
3262 705 3521 764 voluntati
3551 709 3648 766 ho-

2064 783 2221 838 minis
2260 784 2485 840 liberum
2511 787 2583 841 sit
2607 788 2876 848 abstinere
2902 808 2931 846 a
2962 794 3136 858 malo,
3167 796 3255 851 ubi
3298 799 3484 863 audis,
3521 800 3646 854 Non

2058 874 2195 937 quod
2221 875 2355 942 volo,
2378 892 2476 946 ago
2504 894 2522 931 :
2552 888 2644 932 aut
2665 893 2792 950 nega
2816 895 2936 937 esse
2963 884 3180 952 malum,
3201 887 3494 956 ubi-audis,
3521 892 3644 946 Non

2058 963 2194 1033 quod
2218 965 2351 1030 volo,
2378 967 2511 1036 facio
2537 968 2717 1021 bonum
2738 986 2756 1031 ;
2781 971 2868 1023 sed
2890 973 3024 1043 quod
3049 975 3166 1029 nolo
3190 978 3401 1044 malum,
3428 980 3523 1035 hoc
3547 999 3645 1053 ago

2064 1052 2238 1124 (Rom.
2267 1070 2362 1118 vn,
2397 1058 2481 1121 15,
2512 1058 2625 1128 10).
2653 1060 2759 1116 Sed
2788 1062 2967 1132 utique
2996 1068 3355 1136 agnoscimus,
3386 1070 3486 1125 hoc
3514 1052 3642 1142 pec-

2059 1155 2235 1199 catum
2264 1161 2473 1213 poenam
2500 1163 2621 1203 esse
2649 1152 2845 1218 peccati
2868 1169 2882 1213 ;
2914 1162 2970 1206 et
2996 1154 3116 1210 ideo
3141 1155 3550 1216 discernendum
3577 1162 3644 1215 ab

2060 1235 2147 1290 illa
2172 1236 2480 1294 definitione
2506 1241 2739 1307 peccati,
2770 1243 2856 1297 ubi
2880 1245 3125 1301 voluntas
3151 1247 3251 1302 hoc
3277 1254 3556 1305 committit
3581 1254 3604 1282 ³
3630 1293 3641 1311 ς

2060 1324 2200 1380 unde
2229 1326 2453 1381 liberum
2481 1336 2564 1382 est
2588 1329 2873 1386 abstinere.
2896 1333 3133 1404 lntellige
3157 1338 3296 1406 quod
3324 1339 3462 1404 dico;
3484 1351 3538 1395 ct
3557 1342 3643 1396 die
3674 1353 3682 1359 '

2054 1415 2164 1483 jam
2182 1431 2385 1485 quarm,
2403 1421 2671 1488 quomodo
2694 1422 2764 1476 sit
2778 1424 3164 1493 accipiendum,
3187 1427 3289 1482 Per
3306 1446 3459 1484 unum
3482 1432 3647 1486 homi-

2059 1521 2174 1558 nem
2200 1517 2458 1575 peccatum
2477 1509 2682 1563 intravit
2702 1512 2752 1565 in
2774 1513 3038 1568 mundum.

2131 1594 2374 1650 XXXIX.
2407 1596 2524 1651 Jun.
2554 1598 2700 1669 Ergo
2738 1602 2782 1655 si
2811 1602 3098 1672 Apostolus
3124 1622 3228 1661 non
3268 1611 3441 1679 arguit
3470 1611 3522 1665 in
3555 1613 3645 1666 illo

2062 1685 2328 1753 propriam
2356 1687 2875 1761 voluntatem,quam
2906 1694 3148 1765 intelligit
3178 1713 3276 1752 nec
3297 1714 3415 1754 esse
3441 1704 3646 1772 potuis-

2060 1789 2152 1839 se;
2183 1778 2488 1845 pronuntiat
2513 1779 2713 1849 utique,
2746 1797 2844 1836 nee
2868 1784 3077 1853 signum
3108 1786 3158 1839 in
3188 1802 3254 1840 eo
3280 1789 3520 1844 criminis
3545 1808 3644 1860 ap-

2063 1879 2271 1932 parere,
2300 1881 2362 1921 ea
2395 1869 2623 1922 maxime
2641 1869 2914 1938 jndicante
2932 1872 3157 1942 justitia,
3185 1892 3302 1945 qua:
3328 1894 3433 1932 non
3464 1879 3641 1950 impu-

2064 1963 2138 2008 tat
2164 1965 2457 2024 peccatum,
2479 1959 2575 2011 nisi
2597 1973 2626 2012 a
2649 1974 2753 2028 quo
2776 1961 2996 2015 liberum
3022 1972 3103 2017 est
3127 1964 3414 2022 abstinere.
3449 1969 3642 2023 Verum

2062 2059 2168 2098 non
2214 2045 2316 2100 hoc
2355 2047 2527 2101 solum
2558 2048 2805 2104 tribuisse
2832 2061 3116 2109 contentus
3138 2096 3153 2119 ,
3182 2055 3334 2110 addis
3354 2097 3369 2121 ,
3405 2076 3423 2108 σ
3463 2058 3644 2129 Neque

2064 2134 2272 2201 nuptias
2291 2137 2464 2203 arguit
2479 2139 2782 2206 Apostolus,
2804 2139 2855 2193 in
2873 2150 3124 2209 quantum
3146 2149 3341 2213 nuptiae
3362 2156 3503 2212 sunt,
3523 2164 3644 2218 qure

2064 2223 2257 2278 habent
2286 2239 2317 2277 a
2351 2226 2459 2280 Deo
2487 2241 2592 2279 non
2620 2227 2788 2280 solum
2819 2228 3201 2286 institutionem
3224 2273 3238 2299 ,
3269 2249 3452 2289 verum
3481 2237 3643 2289 etiam

2063 2314 2486 2370 benedictionem
2524 2335 2544 2369 ι
2580 2316 2680 2390 (De
2710 2316 2917 2388 Nuptiis
2947 2330 2991 2373 et
3017 2319 3448 2391 Coucupiscentia,
3468 2325 3553 2378 lib.
3584 2326 3640 2392 2,

2062 2421 2116 2458 η.
2143 2404 2257 2475 45).
2283 2404 2435 2472 Quod
2462 2421 2559 2475 per
2580 2421 2640 2461 se
2667 2407 2840 2461 solum
2867 2423 3019 2479 atque
3047 2421 3226 2479 posset
3245 2411 3310 2465 ad
3333 2427 3643 2484 expugnan-

2061 2494 2187 2550 dum
2210 2505 2483 2565 peccatum
2511 2497 2753 2552 naturale
2777 2497 3026 2553 suiticere
3050 2517 3062 2551 :
3086 2501 3207 2571 quia
3229 2502 3271 2555 si
3297 2504 3397 2556 scit
3418 2504 3646 2574 Aposto-

2042 2588 2178 2654 ‘lus,
2208 2596 2265 2643 ut
2289 2589 2422 2654 scit,
2454 2604 2561 2644 non
2586 2603 2706 2645 esse
2735 2591 2944 2660 nuptias
2968 2593 3295 2663 arguendas,
3325 2595 3391 2649 ad
3420 2611 3645 2666 quarum

2060 2679 2488 2736 conciliationem
2515 2688 2570 2735 et
2593 2680 2946 2737 ministerium
2972 2691 3028 2738 et
3048 2685 3456 2741 instrumentum
3487 2690 3646 2756 perli-

2060 2771 2194 2827 net‘
2223 2787 2253 2829 a
2284 2773 2397 2829 Deo
2438 2775 2676 2830 instituta
2700 2784 2753 2831 et
2776 2775 3055 2833 benedicta
3079 2793 3303 2834 sexuum
3342 2795 3460 2835 cum
3491 2784 3644 2836 volu-

2058 2871 2207 2936 ptate
2243 2864 2585 2932 commixtio;
2616 2880 2720 2922 non
2756 2877 2931 2938 potest
2954 2866 3024 2924 de
3050 2867 3132 2923 his
3157 2868 3417 2925 diabolica
3447 2874 3645 2942 gerati-

2057 2971 2189 3012 nare
2213 2957 2484 3026 possessio
2501 2957 2543 3021 ⁸.
2562 2972 2661 3013 nec
2676 2959 2878 3015 fructus
2901 2973 3085 3014 earum
3108 2975 3230 3014 reus
3251 2967 3353 3021 est,
3371 2961 3508 3031 apud
3524 2977 3641 3017 eam

2056 3050 2292 3105 maxime
2325 3050 2583 3120 justitiam
2604 3091 2619 3116 ,
2649 3066 2768 3121 qua:
2809 3061 3087 3119 peccatum
3118 3067 3221 3109 non
3252 3052 3509 3124 imputat,
3542 3054 3643 3109 nisi

2056 3139 2203 3194 unde
2227 3140 2451 3195 liberum
2478 3148 2561 3194 est
2580 3141 2869 3196 abstinere.

2126 3231 2258 3286 Avo.
2291 3228 2446 3297 Noli,
2491 3230 2751 3293 obsecro,
2780 3244 2899 3285 cum
2936 3232 3024 3285 tali
3066 3232 3338 3302 voluptate
3378 3238 3643 3291 commix-

2057 3320 2256 3376 tionem
2272 3321 2554 3391 conjugum
2585 3320 2639 3374 in
2666 3319 2912 3390 paradiso
2933 3322 3191 3390 suspicari
3209 3322 3251 3386 ‘,
3273 3325 3485 3393 qualem
3504 3342 3645 3383 nunc

2057 3410 2183 3465 facit
2207 3410 2406 3477 libido,
2434 3425 2552 3480 qum
2579 3425 2686 3465 non
2728 3410 2794 3465 ad
2825 3420 3010 3465 nutum
3039 3411 3326 3469 voluntatis
3365 3417 3599 3487 exsurgit
3625 3461 3641 3478 .

2052 3519 2174 3573 qua:
2199 3512 2406 3559 mentes
2427 3504 2586 3559 etiam
2612 3513 2940 3570 sanctorum,
2961 3504 3258 3560 cohibenda
3284 3509 3522 3578 quidem,
3545 3512 3643 3567 sed

2053 3604 2232 3651 tamen
2256 3596 2554 3665 importuna
2576 3596 2845 3651 sollicitat.
2870 3597 3023 3652 Absit
3042 3603 3098 3650 ut
3119 3612 3148 3651 a
3172 3596 3419 3673 ﬁdelibus
3439 3611 3491 3656 et
3517 3619 3642 3671 pru-

2053 3685 2303 3741 dentibus
2320 3687 2439 3741 talis
2455 3686 2695 3757 voluptas
2713 3686 2964 3757 paradisi,
2985 3688 3102 3744 talis
3123 3689 3209 3743 illa
3228 3706 3329 3761 pax
3347 3702 3400 3747 et
3420 3691 3640 3749 felicitas

2054 3778 2336 3847 cogitetur.

2124 3865 2237 3920 XL.
2268 3865 2386 3922 Jun.
2417 3866 2833 3925 Consideremus
2859 3879 2915 3925 et
2940 3870 3174 3935 tertium,
3202 3888 3310 3942 quo
3337 3875 3640 3945 benignitas

2055 3965 2144 4011 tua
2167 3956 2217 4011 in
2238 3957 2607 4027 acquiescendi
2628 3957 2882 4014 facilitate
2901 3970 3170 4015 cernatur.
3201 3980 3220 4013 ‹
3245 3961 3425 4032 Neque
3444 3980 3638 4032 paren-

2055 4057 2155 4112 tes,
2178 4048 2229 4102 in
2255 4056 2506 4118 quantum
2536 4057 2782 4117 parentes
2805 4060 2932 4105 sunt
2959 4051 3186 4113 invicem
3215 4053 3357 4108 licite
3382 4064 3540 4125 atque
3561 4058 3637 4111 le-

2050 4139 2235 4209 gitime
2261 4139 2326 4194 ad
2354 4140 2711 4208 procreandos
2742 4141 2876 4196 tilias
2900 4142 3167 4214 conjugati
3189 4185 3205 4210 ,
3235 4146 3517 4215 Apostolus
3541 4163 3635 4202 ar-

2053 4231 2165 4301 guit
2188 4249 2207 4283 ι
2233 4229 2437 4303 (lbid.).
2457 4231 2712 4300 Expende
2732 4232 2856 4301 quid
2879 4232 3098 4302 dixeris,
3116 4249 3222 4290 non
3244 4235 3391 4305 argui
3411 4236 3479 4291 ab
3495 4239 3638 4308 Apo-

2053 4321 2194 4375 stolo
2222 4330 2469 4391 parentes
2487 4364 2500 4387 ,
2530 4322 2582 4376 in
2610 4333 2863 4392 quantum
2902 4333 3154 4393 parentes
3179 4334 3321 4382 sunt.
3361 4324 3486 4382 Ideo
3510 4344 3645 4401 ergo

2054 4426 2169 4477 eos,
2190 4412 2241 4466 in
2265 4422 2518 4483 quantum
2549 4423 2790 4478 patentes
2815 4424 2961 4475 sunt.
2982 4430 3087 4470 non
3116 4430 3278 4485 posse
3293 4417 3506 4473 diabolo
3530 4418 3640 4473 I'rn-

2053 4501 2309 4566 ctilicare,
2328 4516 2428 4556 nec
2449 4501 2613 4556 dehis
2632 4503 2849 4572 aliquid,
2871 4504 2921 4558 in
2944 4516 3202 4574 quantum
3223 4514 3468 4575 parentes
3485 4517 3634 4573 sunt,

2055 4590 2121 4645 ad
2147 4591 2414 4645 diabolum
2447 4595 2707 4660 pertinere
2734 4595 3041 4662 pronuntiat
3073 4613 3086 4649 :
3119 4594 3213 4651 lilii
3240 4606 3418 4651 autem
3450 4597 3501 4653 in
3522 4607 3640 4654 tan-

2056 4691 2164 4736 tum
2192 4683 2454 4751 pertinent
2476 4682 2541 4735 ad
2570 4693 2834 4752 parentes,
2860 4685 2910 4739 in
2939 4694 3191 4756 quantum
3221 4696 3465 4757 parentes
3493 4700 3637 4753 sunt;

2055 4774 2214 4843 igitur
2236 4788 2335 4828 nec
2364 4774 2464 4835 rei,
2494 4789 2594 4830 nec
2618 4774 2721 4829 sub
2762 4792 2926 4848 regno
2951 4778 3169 4842 diaboli,
3198 4795 3297 4835 nec
3321 4781 3576 4851 arguendi
3605 4798 3639 4837 a

2054 4867 2264 4922 diabolo
2285 4867 2716 4936 comprobantur.
2738 4869 2807 4925 Ut
2827 4872 2969 4927 enim
2994 4871 3096 4927 hoc
3116 4874 3255 4942 quod
3279 4873 3529 4940 diximus,
3552 4891 3640 4931 re-

2121 5072 2137 5103 ι
2172 5076 2327 5129 l-‘orte,
2350 5070 2627 5123 conceditis.

2122 5133 2143 5164 ³
2162 5132 2513 5207 imminuent.
2525 5135 2802 5207 ‘Critmpgg.
2827 5135 2935 5196 511,
2960 5135 3069 5207 ᾇΑΙΞ,
3094 5136 3217 5202 legit
3240 5155 3253 5190 :
3273 5147 3414 5205 atque
3442 5141 3512 5194 ita
3536 5146 3644 5207 fau-

2055 5206 2143 5264 ces
2157 5194 2301 5264 nostri
2322 5195 2560 5264 dogmatis
2581 5194 2840 5264 stt/foculis.
2882 5258 2892 5264 _
2922 5194 2952 5264 '_
2966 5203 3025 5247 ιι.

2124 5256 2306 5328 f_ttiss.,
2343 5254 2456 5327 [nec
2492 5254 2755 5306 conmittit.
2787 5263 2842 5308 Et
2880 5257 3028 5328 infra,
3067 5260 3276 5328 Intelligo
3316 5266 3581 5328 gum‘dico.

2121 5315 2143 5347 δ
2166 5316 2491 5380 \‘ignerius,_a
2522 5329 2729 5380 quarunt
2759 5315 3083 5372 conciliatione
3121 5329 3168 5373 et
3209 5315 3470 5376 titiniéterio
3492 5315 3543 5376 rt
3566 5326 3645 5376 iu-

2058 5383 2317 5452 stumne-uio
2334 5377 2554 5452 pertinet.
2582 5380 2752 5452 verius
2772 5386 2900 5452 uss,
2928 5384 2993 5432 ad
3016 5396 3222 5452 quarter:
3243 5386 3638 5446 concitiatiorwm,

2059 5445 2103 5489 et
2122 5444 2436 5505 ministerium
2459 5460 2469 5488 t
2480 5446 2506 5505 _t
2524 5444 2888 5505 instrumentum
2919 5444 3139 5505 pertinet.
3625 5444 3649 5453 "

2125 5503 2146 5534 ⁸
2171 5503 2244 5550 sic
2432 5501 2569 5560 Editi,
2593 5499 2654 5552 de
2681 5500 2755 5553 his
2778 5499 3062 5557 diubolicnm
3097 5507 3365 5572 germinare
3398 5511 3652 5571 posscssio-

2062 5573 2185 5611 nam.

2126 5624 2257 5693 {sic
2271 5636 2445 5693 omnes
2472 5632 2573 5674 \Iss.
2614 5625 2732 5693 fditi
2765 5633 2929 5693 autem
2952 5628 3129 5693 ferunt,
3165 5641 3274 5677 cum
3295 5630 3380 5679 toti
3413 5631 3651 5693 voluptate

2063 5683 2339 5792 ξφξηέβηὶκηι
2384 5683 2434 5735 iu
2477 5685 2707 5749 perndie
2745 5687 3010 5753 suspicari:
3041 5697 3095 5738 et
3116 5683 3125 5687 ⁷
3149 5703 3487 5753 praetereunt,
3519 5683 3653 5743 coita-

2063 5757 2356 5795 tmxtwncm.
