4004 6190
416 319 549 375 1159

418 422 667 509 petitione
692 432 981 486 clarescat:
1015 425 1071 477 ln
1099 431 1297 476 tantum
1324 432 1544 473 sexuum
1570 412 1885 509 conjunctio.
1896 426 1983 465 so-

419 502 524 581 boli
563 525 874 595 participat,
903 518 956 571 in
983 522 1233 584 quantum
1258 509 1349 580 qui
1390 508 1644 576 conjuges
1668 513 1826 569 sunt,
1855 502 1989 556 ﬁunt

418 626 703 690 parentes;
750 614 796 668 si
823 617 996 665 autem
1027 603 1222 674 aliquid
1271 602 1412 656 inter
1457 614 1517 654 se
1553 595 1819 651 voluerint
1862 608 1988 690 age-

419 684 480 766 re
523 706 877 777 petulantius,
924 697 1015 753 vel
1042 709 1140 766 per
1167 692 1379 747 illicitos
1421 684 1990 777 adulteriorpm‘ober-

418 775 542 855 rare
582 792 895 850 concubitus
918 829 933 850 ,
963 786 1069 842 hoc
1110 783 1176 838 ad
1206 781 1346 837 ﬁlios
1372 794 1479 835 non
1504 785 1682 848 potest
1725 775 1952 829 attinere
1974 811 1990 838 ,

419 889 512 961 qui
540 886 607 941 de
626 886 681 939 vi
708 879 972 938 seminum
1002 919 1018 944 ,
1043 890 1151 931 non
1178 873 1246 928 de
1272 870 1522 926 vitiorum
1551 864 1883 923 obscenitate
1902 876 1996 917 na-

423 986 609 1037 scuntu
615 993 661 1030 I‘.
828 1016 847 1029 ι
1499 1026 1507 1033 ,

493 1073 626 1126 Anc.
645 1067 834 1122 Jamne
852 1060 1122 1119 conﬁteris
1141 1057 1300 1113 etiam
1322 1053 1459 1107 inter
1472 1049 1724 1119 conjuges
1745 1059 1865 1100 esse
1887 1057 2001 1114 pos-

426 1179 484 1217 se
511 1158 850 1231 petulantiam
877 1145 1301 1208 commixtionis?
1324 1145 1459 1198 Ecce
1482 1140 1629 1231 quod
1651 1138 1777 1231 facit
1798 1145 1884 1189 tua
1913 1135 2000 1189 illa

426 1227 645 1321 pulchra
672 1253 917 1314 suscepta
940 1244 957 1275 ¹
984 1259 997 1294 :
1023 1241 1124 1294 hoc
1147 1238 1287 1293 enim
1313 1234 1415 1289 nisi
1440 1247 1562 1287 cum
1586 1230 1636 1284 ei
1664 1227 1871 1283 ceditur
1896 1240 1999 1278 non

419 1345 487 1394 "tit
506 1383 521 1407 ,
547 1337 764 1409 quando
790 1334 856 1388 ad
884 1330 1227 1402 petulantiam
1248 1366 1263 1390 ,
1290 1338 1447 1394 quam
1477 1330 1530 1374 tu
1573 1331 1786 1409 quoque
1814 1328 2000 1383 repre-

430 1406 638 1493 hendis,
659 1428 818 1482 etiam
839 1421 1092 1491 coniuges
1106 1417 1396 1472 liberorum
1418 1406 1865 1480 procreandorum
1883 1417 2006 1458 cau-

431 1536 490 1575 sa
531 1517 808 1587 copulatos
826 1553 843 1580 ,
873 1512 1012 1565 nulla
1041 1505 1359 1562 necessitate
1378 1504 1400 1534 ¹
1430 1498 1669 1555 serenda:
1695 1495 1861 1565 prolis
1904 1494 2006 1547 im-

435 1610 631 1682 pellit:
663 1608 815 1673 cujus
845 1609 1020 1658 tantus
1046 1596 1288 1652 laudator
1324 1607 1444 1648 esse
1467 1586 1721 1682 voluisti,
1751 1593 1809 1638 ut
1850 1595 2010 1682 nemo

436 1675 622 1757 credat
656 1696 796 1768 quod
827 1695 985 1749 etiam
1026 1694 1357 1759 oppugnatur
1397 1696 1517 1737 esse
1553 1678 1786 1741 audeas;
1816 1675 2011 1768 quippe

435 1806 595 1862 quam
641 1764 719 1843 sic
764 1784 979 1839 laudare
1018 1796 1123 1834 non
1172 1774 1426 1831 erubuisti
1452 1814 1468 1836 ,
1496 1781 1565 1862 ut
1609 1783 1725 1862 eam
1763 1775 1828 1862 te
1874 1764 2010 1862 libe-

436 1854 521 1934 ret
545 1921 560 1944 ,
592 1892 692 1932 nec
718 1873 979 1945 puderet,
1011 1870 1168 1924 etiam
1199 1866 1251 1920 in
1283 1861 1510 1935 paradisi
1548 1856 1871 1914 beatitudine
1898 1854 2012 1909 col-

440 1971 635 2024 locare.

511 2056 649 2112 XLI.
680 2054 798 2109 Jac.
831 2052 994 2121 Igitur
1038 2048 1103 2102 ad
1149 2051 1427 2100 nascentes
1470 2038 1836 2111 generantium
1862 2077 1876 2100 ,
1909 2049 2012 2089 non

441 2149 671 2219 ﬂagitia,
723 2145 818 2200 sed
863 2140 1065 2197 semina
1106 2136 1472 2208 pervehuntur
1504 2150 1516 2186 :
1548 2132 1655 2187 vim
1703 2138 1879 2184 autem
1920 2141 2015 2219 se-

440 2217 642 2295 minum
673 2238 812 2291 Deus
839 2231 1064 2287 instituit
1087 2270 1102 2293 ,
1133 2236 1188 2284 ct
1214 2228 1351 2282 sicut
1375 2223 1614 2280 conﬁteri
1640 2220 1850 2291 cogeris
1871 2260 1887 2287 ,
1918 2217 2014 2273 be-

441 2329 661 2386 nedixit.

512 2426 644 2479 Auc.
674 2421 887 2477 Semina
914 2419 1054 2473 Deus
1081 2414 1341 2471 instituit:
1365 2411 1457 2468 sed
1484 2410 1571 2480 qui
1601 2415 1819 2478 possunt
1842 2404 1896 2458 in
1924 2419 2018 2459 na—

445 2523 560 2567 tura
590 2511 774 2565 vitiata
816 2509 1011 2563 bonum
1037 2506 1155 2574 ejus
1181 2520 1212 2558 a
1242 2502 1383 2557 malo
1424 2499 1539 2570 ejus
1570 2499 1639 2552 ita
1669 2497 1975 2552 discernere
1997 2533 2015 2559 ,

444 2612 504 2659 ut
528 2616 699 2672 neque
718 2601 740 2633 ³
769 2607 953 2669 putent
976 2605 1217 2651 naturam
1245 2591 1440 2646 malum
1468 2603 1607 2654 esse,
1637 2600 1810 2656 neque
1833 2583 2016 2639 vitium

445 2706 687 2748 naturam
708 2704 848 2755 esse,
869 2687 970 2758 ipsi
989 2692 1213 2755 possunt
1229 2682 1530 2737 discernere
1544 2676 1668 2748 quid
1693 2677 1881 2730 horum
1896 2673 2022 2729 duo-
2044 2688 2049 2692 ·

444 2800 561 2839 rum
587 2781 655 2836 ad
680 2781 848 2836 Deum
873 2792 1056 2833 creare
1080 2760 1374 2845 pertineat,
1399 2769 1526 2840 quid
1552 2782 1761 2822 sanare.
1786 2764 1892 2822 Sed
1918 2764 2019 2820 hoc

443 2890 543 2929 vos
569 2887 674 2927 non
714 2869 938 2940 potestis
956 2909 971 2932 ,
1000 2863 1251 2935 quamdiu
1280 2858 1582 2930 Pelagiani,
1612 2872 1718 2911 non
1756 2851 2021 2911 Catholici

446 2964 595 3019 estis.
620 2962 715 3017 Dic
729 2961 838 3031 jam
858 2998 875 3025 ,
901 2970 1032 3025 rogo
1049 2995 1067 3023 ,
1095 2953 1182 3009 dic
1206 2952 1352 3023 jam,
1380 2948 1646 3022 quomodo
1669 2947 1740 3003 sit
1758 2945 2021 3015 accipien-

446 3053 607 3118 dum,
638 3049 780 3122 quod
823 3064 911 3120 per
938 3061 1097 3099 unum
1135 3042 1386 3097 hominem
1423 3048 1682 3111 peccatum
1724 3035 1927 3091 intravit
1965 3034 2024 3090 in

448 3144 711 3197 mundum.

518 3234 674 3288 XLII.
704 3232 821 3288 IUL.
851 3230 970 3286 Filii
997 3229 1153 3298 igitur
1176 3239 1275 3280 nec
1300 3232 1426 3279 tunc
1453 3223 1531 3278 rei
1551 3230 1696 3285 sunt,
1725 3217 1936 3290 quando
1966 3219 2020 3273 in

446 3339 630 3379 eorum
653 3322 993 3395 generatione
1013 3324 1234 3388 peccant
1253 3321 1502 3385 parentes
1533 3329 1547 3365 :
1580 3312 1700 3382 quia
1726 3311 1778 3363 in
1821 3318 2021 3363 tantum

446 3414 514 3469 ad
542 3414 737 3468 liberos
755 3424 882 3465 suos
909 3409 1197 3479 pertinent,
1230 3405 1282 3458 in
1310 3410 1563 3474 quantum
1593 3408 1839 3470 parentes
1857 3409 2021 3453 sunt:

448 3505 609 3575 igitur
636 3511 688 3557 et
714 3511 916 3556 tantum
937 3498 959 3529 ‘
990 3496 1084 3551 ﬁlii
1109 3495 1176 3550 ad
1198 3503 1445 3565 parentes
1471 3490 1753 3561 pertinent,
1782 3490 1835 3543 in
1856 3503 2026 3558 quan-

423 3609 563 3650 ;tnm
604 3594 700 3648 ﬁlii
738 3601 881 3646 sunt.
910 3589 1122 3645 Naturae
1141 3588 1163 3619 ⁸
1191 3587 1387 3656 quippe
1422 3584 1785 3655 generantium
1815 3590 2028 3637 constat

450 3686 689 3756 germina
715 3682 1110 3737 communicare
1132 3721 1148 3745 ,
1177 3693 1281 3733 non
1303 3678 1492 3746 culpae.
1516 3675 1664 3743 Quod
1694 3675 1737 3729 si
1761 3717 1775 3739 ,
1809 3684 1866 3729 nt
1892 3675 2027 3728 ratio

453 3776 803 3839 demonstrat,
834 3776 901 3828 ita
932 3773 1089 3828 etiam
1118 3769 1433 3841 Apostolum
1459 3768 1775 3824 conﬁrmare
1798 3782 2028 3837 pronun-

454 3870 586 3933 tias;
616 3867 807 3922 merito
828 3880 945 3930 nos,
973 3880 1038 3919 eo
1063 3863 1309 3928 docente,
1339 3860 1671 3916 defendimus
1691 3867 1904 3930 peccata
1937 3874 2029 3928 pa-

452 3969 664 4016 rentum
694 3957 759 4012 ad
787 3957 921 4011 ﬁlios
944 3956 1209 4025 pertinere
1238 3968 1342 4007 non
1368 3966 1526 4022 posse
1558 3967 1572 4005 :
1602 3950 2026 4020 quandoquidem

450 4061 505 4107 et
534 4051 817 4121 Apostolus
845 4047 1043 4117 Spiritu
1086 4055 1271 4102 sancto
1314 4045 1523 4110 clarus,
1554 4052 1607 4098 et
1648 4058 1746 4096 nos
1789 4042 2028 4097 instructi

453 4146 573 4199 luce
603 4142 854 4207 rationis,
886 4149 940 4196 et
966 4147 1021 4194 tu
1042 4138 1277 4208 pondere
1303 4138 1622 4207 impugnata:
1649 4150 1679 4188 a
1712 4144 1762 4190 te
1790 4134 2031 4189 veritatis

451 4248 770 4305 oppressus,
798 4230 1155 4285 communiter
1196 4242 1426 4296 vereque
1455 4226 1714 4280 fateamur
1734 4265 1749 4291 ,
1781 4234 2031 4294 parentes

454 4328 779 4396 inquantum
808 4329 1059 4391 parentes
1083 4317 1264 4380 sunt“,
1294 4330 1416 4371 reos
1445 4331 1547 4369 non
1570 4330 1722 4378 esse;
1754 4318 1803 4367 in
1828 4323 2028 4369 tantum

454 4425 631 4471 autem
650 4413 715 4469 ad
747 4412 884 4467 ﬁlios
911 4409 1198 4481 pertinere,
1229 4407 1280 4459 in
1310 4412 1563 4476 quantum
1598 4413 1845 4472 parentes
1865 4414 2028 4469 sunt;

457 4508 613 4576 igitur
655 4504 792 4558 ﬁlios
831 4502 883 4557 in
913 4508 1164 4571 qttantum
1198 4496 1289 4551 ﬁlii
1317 4503 1471 4558 sunt,
1508 4494 1559 4548 id
1602 4502 1717 4558 est,
1749 4504 2030 4563 antequam

459 4594 652 4663 aliquid
682 4608 773 4661 per
792 4592 1116 4645 voluntatem
1147 4587 1414 4658 propriam
1441 4592 1749 4653 Operentur,
1774 4598 1895 4638 reos
1913 4598 2034 4639 esse

463 4700 561 4739 non
594 4697 770 4752 posse.

529 4779 660 4832 Ave.
698 4774 953 4829 Parentes
976 4770 1192 4841 quidem
1231 4767 1493 4839 gignendo
1523 4777 1771 4837 parentes
1797 4775 1950 4832 sunt,
1981 4776 2034 4821 et

519 4954 536 4985 ι
571 4949 858 5013 vignierius,
883 4954 1004 4997 Ecce
1040 4942 1167 5010 quod
1191 4941 1308 5013 facit
1329 4939 1415 4992 tibi
1431 4938 1501 5013 ad
1521 4938 1610 4990 illa
1630 4938 1836 5013 putchra
1872 4952 2034 4989 susce-

456 5021 539 5076 Ρια
560 5003 908 5076 νεδῖξοπείρο..λέ
939 5003 1065 5064 Μεεοξ
1220 5003 1325 5076 iu“!
1348 5005 1543 5075 οωίεὲον
1580 5003 1662 5076 9f"
1688 5009 1787 5076 Ῠοξ
1819 5013 2034 5076 (ιιξρςιιιερ

456 5063 712 5137 responsio,
737 5073 798 5120 ab
818 5071 991 5121 iisdem
1011 5068 1260 5137 codicibus
1277 5063 1329 5116 et
1358 5077 1388 5114 a
1410 5066 1561 5137 prima
1582 5063 1790 5137 uenandi
1821 5063 2036 5137 editione

456 5124 614 5184 abest.
637 5124 859 5194 Suscepto
895 5130 1203 5194 tua,_Juliano
1238 5124 1636 5194 frequentissime
1656 5124 1772 5194 dicit
1806 5125 2035 5194 augusti-

457 5208 565 5252 nus.
588 5196 653 5244 de
668 5185 1055 5255 concupiscentia
1078 5192 1300 5254 loquens,
1323 5185 1464 5250 cujus
1481 5185 1566 5235 ille
1588 5185 1904 5248 patrocinium
1926 5197 2035 5232 sus-

454 5267 868 5385 cegniiguierius,
896 5313 1168 5385 necessitas.
1295 5372 1329 5385 ,ν

520 5382 541 5444 3_
573 5367 708 5437 miti,
744 5367 965 5444 ut
986 5375 1069 5438 qui
1079 5388 1100 5444 ί
1125 5382 1177 5444 et
1197 5372 1340 5436 paulo
1370 5377 1494 5444 post,
1525 5367 1619 5432 ipsi
1650 5367 1844 5431 possint.
1869 5367 2033 5428 Abest,

457 5441 557 5510 qui,
583 5455 610 5490 a
630 5434 739 5489 Mss.
756 5434 1038 5510 .et‘haben't,
1070 5434 1164 5500 ipsi
1192 5434 1401 5498 possunt.

517 5506 538 5533 ’δ
570 5510 724 5562 Forte,
749 5506 799 5551 in
818 5506 1016 5549 tantum.
1258 5556 1268 5562 ,
1311 5554 1329 5562 ,
1640 5551 1651 5562 .
1965 5553 1974 5562 .

517 5567 538 5597 ⁸
575 5551 840 5617 Mer—tardus,
872 5567 1135 5617 Naturam;
1167 5562 1219 5605 et
1258 5554 1396 5617 infra,
1435 5566 1528 5602 non
1573 5551 1780 5615 culpant.
1841 5553 2038 5614 \‘ignie-

456 5628 573 5683 rius,
614 5616 833 5677 Natura:
863 5631 915 5672 et
950 5621 1089 5678 infra,
1118 5616 1217 5667 non
1255 5616 1413 5680 culpa.
1454 5622 1510 5664 At
1552 5621 1642 5664 Mss
1666 5647 1679 5673 ,
1706 5618 1899 5663 Natura:

460 5699 553 5777 “0:;
680 5697 747 5794 ﬁt.
763 5753 864 5793 Mss.
891 5743 1153 5805 adjicimus.
1179 5738 1229 5789 in
1253 5743 1477 5789 ovantum
1502 5744 1721 5799 parentes
1743 5744 1865 5786 sum.

1079 307 1314 364 OPERIS
1354 298 1759 357 lMPZ‘ZRFECTl
1797 296 2069 352 CONTRA
2110 293 2466 359 JULUNUM,
2498 292 2556 348 S.
2599 291 2961 347 AUGUSTINI

2096 409 2187 463 ﬁlii
2216 410 2480 464 nascendo
2503 407 2592 463 ﬁlii
2620 416 2776 462 sunt:
2804 421 2900 460 nec
2927 405 3141 474 gignere
3166 415 3367 471 autem,
3397 422 3497 461 nec
3526 424 3673 462 nasci

2095 504 2291 557 malum
2322 513 2440 566 ρει,
2485 501 2625 570 quod
2662 501 2884 569 pertinet
2929 497 2995 552 ad
3030 497 3414 552 institutionem
3452 500 3540 553 Dei
3564 542 3577 561 .
3620 511 3682 555 et

2096 604 2375 663 utrumque
2395 594 2510 647 sine
2533 590 2775 661 pudenda
2801 589 3018 645 libidine
3040 600 3220 660 posset
3238 589 3290 643 in
3316 589 3563 659 paradiso
3584 592 3682 646 ﬁc—

2097 686 2178 751 ri,
2205 685 2249 738 si
2285 697 2441 738 nemo
2483 691 2774 752 peccasset.
2804 679 3052 736 Pudenda
3080 680 3220 737 enim
3264 680 3431 735 libido
3459 682 3558 736 nisi
3587 694 3682 736 aut

2097 783 2317 846 peccato
2339 785 2544 837 exorta,
2561 781 2653 826 aut
2676 781 2894 842 peccato
2913 772 3092 826 vitiata
3113 779 3278 834 esset,
3299 772 3544 841 pudenda
3572 790 3680 828 non

2100 876 2275 932 esset;
2308 876 2362 921 et
2384 876 2477 921 aut
2506 866 2647 920 nulla
2674 874 2817 919 esset
2843 869 3060 919 omnino
3079 905 3096 923 .
3126 874 3181 920 et
3199 865 3316 921 sine
3347 864 3438 919 illa
3463 866 3534 920 ita
3559 881 3682 921 ser-

2100 958 2272 1012 virent
2295 957 2539 1028 genitalia
2579 956 2813 1011 membra
2844 955 3212 1027 gignentibus,
3247 963 3305 1010 ut
3346 971 3534 1011 manus
3559 972 3683 1012 ser-

3518 297 3662 354 1160

2102 1052 2251 1105 viunt
2264 1050 2624 1121 Operantibus;
2642 1058 2733 1103 aut
2748 1049 2817 1102 ita
2832 1057 2976 1104 esset
2990 1047 3319 1119 subsequens
3334 1048 3682 1112 voluntatem,

2106 1151 2160 1194 ut
2181 1155 2448 1210 nunquam
2471 1149 2651 1209 posset
2679 1139 2968 1194 sollicitare
2987 1138 3278 1201 nolentem;
3301 1138 3513 1207 qualem
3541 1156 3686 1195 nunc

2106 1246 2224 1287 eam
2251 1245 2355 1285 non
2373 1244 2512 1294 esse,
2532 1230 2747 1283 castitas
2766 1229 2943 1295 docet,
2962 1243 3079 1298 qum
3104 1228 3238 1283 tales
3266 1238 3441 1284 motus
3461 1230 3577 1298 ejus
3593 1246 3691 1285 cx-

2108 1331 2323 1393 pngnat,
2343 1331 2397 1376 et
2420 1322 2472 1375 in
2499 1320 2794 1390 conjugatis
2817 1361 2831 1383 ,
2852 1335 2918 1374 ne
2936 1321 3020 1375 vel
3040 1320 3179 1375 inter
3194 1336 3253 1375 se
3275 1320 3581 1377 indecenter
3610 1323 3690 1378 la-

2111 1414 2354 1478 sciviant,
2379 1414 2462 1468 vel
2486 1413 2538 1467 in
2568 1412 2823 1466 adulteria
2846 1412 3210 1481 prolabantur,
3232 1421 3286 1467 et
3314 1414 3365 1467 in
3391 1415 3692 1485 quibusque

2110 1503 2524 1565 continentibus,
2543 1516 2611 1556 ne
2635 1499 2757 1555 huic
2777 1502 3180 1569 consentiendo,
3197 1502 3530 1571 dejiciantu‘r.
3550 1504 3690 1560 Ecce

2111 1592 2179 1648 de
2206 1608 2308 1662 qua
2349 1590 2572 1646 trahitur
2598 1590 2856 1661 originale
2885 1590 3158 1660 peccatum
3192 1610 3206 1646 :
3236 1606 3365 1648 ecce
3408 1608 3502 1662 per
3528 1609 3688 1663 quam

2115 1684 2256 1738 nasci
2284 1682 2472 1745 noluit,
2499 1682 2588 1751 qui
2617 1681 2779 1748 venit,
2809 1695 2914 1736 non
2938 1696 3094 1736 suum
3124 1683 3282 1749 ferre,
3312 1681 3408 1738 sed
3447 1692 3689 1739 nostrum

2115 1774 2322 1828 auferre
2351 1781 2645 1842 peccatum.

2188 1862 2369 1917 XLlll.
2395 1862 2512 1918 Jun.
2548 1863 2683 1917 Eant
2708 1877 2847 1918 nunc
2866 1904 2881 1928 ,
2911 1873 2965 1918 et
2992 1864 3170 1918 omnia
3191 1864 3443 1935 quidquid
3470 1875 3695 1937 possunt

2114 1953 2417 2008 Manichma:
2441 1954 2663 2009 rationis
2688 1955 2989 2015 moliantur,
3004 1955 3209 2025 ingenia
3232 1956 3250 1987 ί
3270 1996 3286 2020 ,
3317 1972 3477 2026 quam
3509 1958 3698 2012 volunt

2119 2045 2303 2114 longas
2323 2045 2589 2115 patiantur
2607 2045 2983 2114 cogitationum
3004 2061 3270 2100 :erumnas
3290 2063 3303 2099 :
3328 2062 3433 2101 non
3453 2063 3700 2118 arrogan-

2121 2145 2220 2199 ter,
2244 2135 2339 2190 sed
2364 2136 2608 2206 religiose
2628 2136 2911 2205 polliceor,
2940 2153 3210 2208 nunquam
3251 2140 3388 2195 banc
3414 2120 3699 2196 instructu—

2117 2242 2233 2282 ram
2253 2227 2276 2258 ⁸
2307 2241 2463 2297 posse
2490 2227 2752 2298 quassari.

2188 2320 2324 2374 Atta.
2346 2317 2514 2385 Quam
2536 2318 2909 2373 iustrncturam
2925 2332 3106 2386 vocas,
3125 2318 3221 2374 tibi
3236 2319 3258 2352 ⁸
3278 2321 3430 2375 ruina
3460 2330 3561 2389 est,
3578 2339 3702 2394 qua:

2122 2423 2176 2468 te
2191 2413 2262 2468 ita
2291 2410 2505 2483 pressit,
2521 2419 2580 2465 ut
2598 2409 2815 2465 laudare
2840 2419 3055 2480 cogeret
3079 2410 3219 2481 quod
3235 2424 3505 2483 espugnas
3524 2433 3537 2468 :
3556 2416 3600 2470 si
3623 2425 3696 2469 ta-

2119 2518 2245 2559 men
2273 2512 2353 2558 est
2379 2501 2431 2556 in
2464 2511 2514 2556 te
2535 2500 2933 2571 qualiscumque
2955 2502 3191 2567 castitas,
3213 2517 3328 2572 qua:
3354 2511 3405 2558 te
3435 2504 3589 2559 faciat
3607 2521 3708 2560 ex-

2127 2607 2363 2661 pugnare
2389 2590 2545 2662 quod,
2562 2590 2763 2646 laudas.

2194 2680 2378 2738 XLIV.
2399 2680 2517 2737 JUL.
2539 2680 2652 2748 Qua
2680 2682 2838 2752 igitur
2863 2681 3038 2739 fronte
3058 2682 3367 2753 subjnugis:
3396 2703 3416 2736 ι
3445 2683 3575 2748 Sed,
3600 2684 3706 2740 Per

2123 2788 2280 2827 unum
2304 2771 2553 2826 hominem
2575 2783 2833 2843 peccatum
2849 2774 2902 2826 in
2919 2774 3162 2827 mundum
3181 2774 3402 2841 intrauit,
3421 2785 3467 2828 et
3486 2791 3573 2844 per
3595 2792 3705 2845 pec-

2119 2876 2294 2917 catum
2312 2878 2485 2929 uicta;
2510 2872 2557 2917 et
2585 2864 2657 2917 ita
2679 2865 2732 2918 in
2751 2880 2923 2917 omnes
2946 2862 3172 2919 homines
3193 2865 3497 2933 pertransiit,
3522 2867 3575 2919 in
3602 2883 3704 2937 quo

2123 2969 2295 3008 omnes
2318 2963 2643 3023 peccaverunt
2672 2973 2691 3007 ι
2718 2953 2819 3025 (De
2845 2952 3053 3025 Nuptiis
3077 2963 3123 3008 et
3150 2953 3585 3024 Concupisceutia,
3612 2957 3701 3011 lib.

2125 3046 2178 3110 1,
2211 3062 2266 3099 n.
2294 3045 2427 3117 45)?
2454 3045 2595 3115 quod
2626 3046 2993 3116 interpretaris
3017 3046 3118 3102 hoc
3144 3047 3324 3113 modo,
3353 3057 3410 3101 ut
3433 3058 3704 3118 peccatum

2122 3134 2193 3190 ab
2226 3135 2317 3190 illo
2339 3137 2481 3192 dicat
2508 3137 2795 3206 Apostolus
2816 3138 3158 3207 generatione
3184 3140 3236 3192 in
3267 3148 3510 3209 posteros
3543 3139 3707 3195 fuisse

2127 3229 2517 3283 transmissum.
2559 3226 2729 3296 Supra
2752 3242 3097 3284 concesseras
3121 3229 3425 3298 Magistrum
3457 3229 3704 3286 Gentium

2126 3315 2357 3386 nuptias,
2379 3318 2571 3387 quibus
2595 3316 2739 3374 Deus
2757 3318 3120 3386 benedixerat,
3150 3321 3278 3375 nihil
3310 3337 3588 3387 accusare;
3615 3337 3704 3377 vo—

2126 3410 2379 3464 luntatem
2407 3408 2475 3463 ad
2495 3408 2818 3479 peccandum
2850 3408 2904 3465 in
2931 3420 3186 3468 nascente
3207 3428 3311 3467 non
3338 3428 3490 3478 esse;
3514 3429 3705 3483 paren-

2128 3509 2210 3556 tes
2234 3508 2408 3555 autem
2427 3542 2442 3566 ,
2471 3500 2524 3553 in
2549 3509 2801 3570 quantum
2841 3510 3092 3571 parentes
3120 3513 3240 3557 sunt
3261 3545 3276 3567 ,
3311 3503 3453 3558 licite
3494 3504 3594 3558 sibi
3623 3505 3705 3559 lc-

2128 3590 2416 3658 gitimeque
2445 3588 2511 3643 ad
2557 3589 2917 3659 procreandos
2944 3591 3082 3645 ﬁlios
3124 3592 3397 3662 conjugari
3430 3610 3443 3646 :
3474 3601 3530 3647 et
3557 3594 3710 3648 addis

2131 3680 2271 3735 illico
2301 3722 2314 3746 ,
2346 3682 2495 3750 quasi
2523 3680 2797 3737 dormiens
2820 3682 2995 3752 priora
3023 3682 3269 3747 dixisses,
3292 3686 3493 3740 crimen
3522 3686 3588 3741 ad
3612 3703 3707 3755 po-

2131 3784 2306 3828 steros
2323 3774 2666 3843 generatione
2692 3773 2996 3829 transmitti.
3028 3774 3083 3830 Si
3122 3776 3261 3829 enim
3291 3775 3341 3829 iu
3374 3786 3572 3831 tantum
3614 3793 3710 3848 ge-

2133 3871 2341 3931 nerant,
2374 3863 2426 3917 in
2447 3873 2702 3933 quantum
2728 3872 2976 3932 parentes
3004 3874 3156 3928 sunt;
3182 3866 3233 3918 in
3255 3875 3508 3935 quantum
3533 3877 3711 3923 autem

2132 3962 2379 4023 parentes
2403 3963 2544 4018 sunt,
2565 3953 2708 4008 licite
2734 3953 2832 4008 sibi
2849 3962 2905 4009 et
2930 3954 3165 4024 legitime
3182 3954 3502 4025 junguntur;
3525 3965 3577 4012 et
3598 3957 3713 4013 lucc

2133 4044 2435 4115 conjnnctio
2451 4045 2518 4099 ab
2535 4045 2790 4113 Apostolo
2806 4059 2910 4097 non
2930 4045 3274 4113 improbatur,
3296 4047 3419 4116 quia
3435 4062 3463 4099 a
3482 4047 3592 4102 Deo
3608 4063 3711 4102 non

2133 4135 2305 4191 solum
2336 4135 2593 4200 instituta,
2619 4151 2802 4189 verum
2834 4134 2993 4190 etiam
3023 4136 3299 4191 benedicta
3327 4147 3439 4202 est;
3461 4152 3568 4207 quo
3595 4153 3711 4201 ore,

2134 4242 2237 4297 qua
2274 4228 2409 4297 lege,
2437 4242 2537 4297 qua
2570 4226 2763 4291 fronte,
2794 4226 2931 4280 hanc
2953 4226 3351 4296 generationem
3380 4236 3560 4282 reatus
3584 4243 3713 4283 cau-

2135 4333 2248 4372 sam
2272 4358 2289 4386 ,
2318 4317 2549 4372 radicem
2578 4316 2858 4373 criminum
2883 4358 2901 4385 ,
2931 4331 3139 4371 servam
3170 4316 3363 4370 diaboli
3387 4357 3403 4381 ,
3435 4330 3554 4372 csse
3580 4332 3714 4372 con-

2138 4408 2317 4463 ﬁrmas
2336 4407 2361 4462 ?

2207 4501 2339 4556 Aue.
2370 4499 2489 4555 Jam
2510 4499 2692 4554 nescio
2711 4501 2918 4569 quoties
2947 4498 3062 4555 lucc
3084 4497 3227 4554 dicta
3253 4507 3399 4564 sunt,
3429 4498 3613 4568 eisque
3631 4513 3717 4554 rc-

2137 4605 2391 4661 sponsum
2418 4599 2518 4646 est.
2549 4589 2876 4660 Multiloquio
2906 4589 2997 4643 tibi
3026 4590 3231 4644 excitas
3258 4590 3569 4660 caliginem,
3599 4604 3720 4659 qua:

2138 4691 2192 4737 te
2216 4698 2321 4736 non
2346 4682 2602 4752 permittit
2626 4681 2880 4736 malitiam
2912 4681 3158 4735 vitiorum
3190 4696 3221 4735 a
3249 4691 3452 4736 natura:
3481 4680 3720 4736 bonitate

2137 4774 2481 4829 discernere:
2510 4782 2566 4828 et
2608 4787 2774 4843 usque
2817 4772 2883 4827 ad
2928 4771 3171 4828 odiosum
3215 4772 3485 4828 fastidium
3530 4773 3718 4827 eadem

2139 4881 2235 4935 per
2262 4864 2447 4919 eadem
2473 4873 2740 4935 repetens,
2770 4863 3005 4920 nondum
3032 4863 3166 4918 dicis
3189 4865 3454 4935 quomodo
3483 4864 3552 4918 sit
3575 4866 3721 4918 acci-

2142 4954 2423 5025 piendum,
2452 4953 2595 5024 quod
2626 4970 2714 5025 per
2743 4971 2900 5008 unum
2943 4954 3192 5008 hominem
3221 4962 3479 5024 peccatum
3516 4955 3721 5008 intravit

2140 5045 2193 5098 in
2218 5044 2481 5097 mundum.

2213 5133 2370 5188 XLV.
2394 5133 2511 5188 Jun.
2531 5131 2646 5187 Non
2669 5146 2797 5203 ergo
2812 5134 2957 5205 argui
2972 5140 3208 5189 meretur
3228 5132 3297 5188 ab
3315 5133 3591 5203 Apostolo,
3616 5141 3670 5188 et
3694 5149 3725 5187 a

2143 5225 2354 5279 diabolo
2377 5224 2705 5295 possidetur;
2726 5240 2753 5278 a
2779 5225 2887 5280 Deo
2910 5225 3218 5290 instituitur,
3236 5226 3582 5280 eteriminum
3605 5225 3722 5281 fons

2207 5366 2224 5397 ¹
2262 5363 2406 5433 Morel
2426 5363 2688 5433 legendum
2711 5369 2901 5433 censet,
2927 5369 3198 5433 summac,
3224 5359 3455 5433 eleuatis
3485 5359 3740 5433 quidquid,

2143 5432 2334 5501 posstmt
2347 5422 2622 5501 Manio:ng
2642 5422 3110 5501 natiortis_moliantur
3126 5423 3334 5488 ingenia.
3355 5423 3469 5472 Vide
3487 5422 3726 5471 ﬂuitent.

2142 5486 2317 5543 Critia,
2349 5500 2455 5550 pag.
2483 5486 2588 5535 158.
2837 5491 2894 5533 Μ.
3177 5486 3194 5488 ⁷

2207 5553 2227 5581 ²
2260 5551 2394 5607 mliti,
2429 5552 2752 5605 structuram;
2785 5553 2835 5595 et
2867 5546 3001 5603 inira,
3026 5549 3073 5595 in
3104 5548 3422 5610 responsione
3457 5546 3732 5610 augustini.

2145 5621 2294 5672 quam
2316 5605 2606 5659 structuram
2638 5619 2792 5657 vocas.
2830 5616 2884 5658 At
2921 5617 3024 5657 Mss.
3062 5605 3271 5672 utroque
3307 5607 3431 5665 loco,
3468 5605 3733 5656 instructu-

2146 5684 2513 5781 r("inittcnardus
2536 5738 2586 5780 et
2610 5738 2732 5791 uss,
