4004 6190
287 403 412 461 ii6l

265 543 390 596 est;
412 546 444 585 a
474 530 584 586 Deo
611 537 901 600 postremo.
941 534 996 580 ut
1014 523 1286 581 conﬁteris
1304 564 1320 590 ,
1351 519 1707 586 benedicitur,
1736 530 1790 574 et
1819 531 1851 572 a

270 634 328 680 te
355 625 527 680 frutex
553 622 850 680 diabolicus
879 628 1180 674 accusatur.

345 719 479 772 Anc.
509 711 729 782 Nuptias
757 710 1027 766 benedixit
1056 709 1215 771 Deus,
1243 720 1348 760 non
1380 703 1717 760 resistentem
1744 700 1854 771 spi—

271 805 397 860 ritui
425 800 908 873 concupiscentiam
949 799 1146 862 carnis,
1178 812 1296 866 qum
1325 811 1430 850 non
1463 795 1561 849 iuit
1586 801 1710 848 ante
1733 805 1856 862 pec-

270 906 450 952 catum
477 913 492 952 :
521 903 796 966 peccatum
825 901 1038 955 autem,
1080 890 1216 943 sicut
1261 902 1362 941 nec
1404 886 1547 940 illam
1597 882 1856 952 concupi-

270 986 534 1040 Scentiam
559 999 678 1054 quae
718 983 919 1038 resistit
961 979 1198 1050 spiritui,
1227 993 1331 1032 non
1377 974 1650 1032 benedixit
1692 973 1852 1029 Deus.

271 1076 482 1146 Nuptiae
504 1090 686 1146 porro,
710 1088 844 1144 quas
863 1071 1154 1136 benedixit,
1177 1070 1222 1124 si
1247 1075 1520 1139 peccatum
1542 1080 1648 1121 non
1674 1063 1860 1119 fuisset

271 1169 604 1236 admissum,
637 1181 744 1238 quo
773 1173 961 1220 natura
991 1163 1172 1218 vitiata
1210 1169 1326 1225 est,
1358 1168 1450 1214 aut
1473 1159 1552 1214 sic
1581 1163 1862 1212 uterentur

269 1260 594 1332 genitalibus
639 1257 931 1324 membris,
979 1253 1428 1326 quemadmodum
1473 1251 1592 1306 aliis
1637 1249 1861 1316 utimur,

271 1353 394 1404 sine
423 1351 526 1404 ulla
553 1348 774 1404 libidine
793 1345 1166 1402 obedientibus
1187 1341 1444 1398 voluntati
1465 1357 1480 1408 ;
1505 1350 1598 1396 aut
1617 1338 1863 1410 pudenda

272 1440 350 1494 ibi
379 1441 397 1470 ⁸
433 1439 598 1493 libido
624 1453 732 1493 non
761 1444 940 1502 esset,
979 1435 1230 1505 quoniam
1271 1447 1540 1503 nunquam
1586 1429 1866 1485 resisteret

277 1531 576 1594 voluntati,
605 1530 776 1600 qualis
803 1543 943 1582 nunc
973 1528 1150 1597 utique
1179 1541 1284 1580 non
1314 1535 1433 1580 est:
1463 1523 1606 1594 quod
1631 1525 1866 1594 proiecto

273 1620 442 1674 etiam
475 1630 527 1673 tu
553 1621 722 1674 smilis
741 1659 757 1684 ,
797 1617 1014 1688 quando
1051 1617 1120 1670 ab
1148 1632 1210 1670 ea
1237 1615 1556 1671 sollicitante
1577 1622 1736 1684 atque
1762 1613 1866 1668 illi-

276 1708 458 1763 ciente
481 1708 752 1764 dissentis.
775 1707 987 1776 Nuptiae
1005 1715 1208 1771 tamen,
1230 1705 1390 1760 etiam
1413 1718 1554 1759 nunc
1574 1702 1867 1758 laudabiles

273 1811 441 1857 sunt:
465 1803 587 1873 quia
615 1817 788 1872 neque
811 1800 1095 1855 instituunt
1119 1797 1224 1852 hoc
1246 1798 1440 1852 malum
1463 1799 1514 1852 in
1539 1795 1864 1863 hominibus,

272 1892 378 1948 sed
415 1893 721 1958 inveniunt;
765 1901 914 1946 eteo
959 1889 1102 1943 malo
1146 1889 1280 1943 bene
1323 1897 1543 1942 utuntur
1572 1887 1869 1943 intentione

272 1983 606 2052 generandi,
659 1982 902 2054 quamvis
948 1980 1161 2034 trahant
1207 1979 1330 2034 inde
1378 1979 1467 2049 qui
1509 1987 1865 2048 generantur,

273 2075 542 2145 originale
608 2084 922 2145 peccatum,
981 2081 1200 2142 propter
1255 2071 1399 2142 quod
1458 2081 1584 2126 sunt
1641 2085 1867 2142 regene-

276 2165 460 2220 randi.

351 2252 538 2310 XLVI.
573 2254 692 2310 Jun.
734 2253 905 2322 Quam
935 2267 1144 2308 mecum
1173 2251 1306 2306 nihil
1335 2251 1540 2321 egeris,
1571 2251 1870 2306 litterarum

277 2345 526 2400 omnium
556 2355 786 2400 testatur
805 2343 1034 2398 eruditio
1059 2359 1074 2396 :
1100 2357 1258 2412 quam
1283 2356 1412 2395 vero
1434 2351 1619 2396 contra
1639 2343 1896 2411 Aposto—~

278 2436 388 2490 ium
421 2435 650 2500 nitaris,
681 2445 734 2490 et
761 2445 946 2490 contra
979 2433 1147 2487 Deum
1189 2432 1421 2486 insanias
1440 2472 1456 2498 ,
1485 2431 1869 2486 sententiarum

279 2535 492 2580 tuarqu
526 2540 696 2595 pugna
727 2523 1064 2578 demonsuat
1087 2525 1130 2574 ³.
1173 2521 1276 2576 Sed
1306 2529 1526 2574 ostenso
1549 2521 1658 2590 jam
1685 2521 1730 2588 ³,
1763 2535 1870 2576 non

280 2629 445 2685 posse
470 2615 586 2670 haec
609 2613 880 2684 conjungi,
913 2627 1032 2682 qua:
1058 2625 1238 2666 rerum
1264 2620 1448 2665 natura
1474 2610 1760 2676 dissociat;
1790 2612 1874 2667 in-

281 2716 620 2777 terrogemus
663 2715 719 2761 et
747 2705 1094 2774 Apostolum,
1145 2717 1214 2758 ne
1257 2702 1404 2757 illius
1440 2711 1656 2773 putetur
1695 2704 1874 2759 inesse

277 2798 560 2862 sensibus,
611 2811 731 2866 quae
775 2796 828 2850 in
883 2793 988 2849 tuis
1023 2802 1109 2848 est
1145 2792 1423 2848 sententiis
1469 2793 1691 2863 probata
1746 2793 1871 2848 bar-

283 2891 486 2946 baries.
1387 2930 1391 2932 .

356 2985 496 3038 Atto.
525 2982 620 3037 Dic
643 2981 754 3052 jam
781 2993 924 3036 nunc
949 2979 1161 3044 saltem,
1195 2976 1338 3049 quod
1365 2977 1528 3034 tantis
1547 2975 1878 3032 anfractibus

281 3074 594 3130 dili'erebas.
1033 3111 1036 3116 ι

359 3165 566 3220 XLVII.
594 3164 714 3220 Jun.
747 3163 922 3220 Audio
958 3164 1136 3235 itaque
1166 3162 1388 3218 Paulum
1411 3159 1874 3231 pronuntiantem,

282 3258 409 3326 quia
427 3297 442 3323 ,
483 3254 588 3310 Per
625 3272 784 3310 unum
813 3254 1070 3309 hominem
1109 3263 1370 3324 peccatum
1408 3250 1609 3306 intravit
1644 3249 1701 3303 in
1731 3263 1879 3305 autn-

285 3348 410 3400 dans
430 3389 446 3412 ,
487 3355 536 3401 et
576 3363 667 3416 per
704 3356 965 3417 peccatum
991 3361 1162 3409 mors;
1187 3354 1234 3399 et
1259 3345 1332 3398 ita
1356 3344 1411 3396 in
1450 3356 1624 3396 omnes
1650 3338 1878 3394 homines

287 3439 612 3509 pertransiit,
647 3439 702 3493 in
743 3454 844 3507 quo
879 3454 1052 3492 omnes
1089 3444 1418 3508 peccaverant
1460 3433 1636 3506 (Rom.
1668 3448 1722 3499 ν,
1761 3431 1876 3502 ιε).

286 3530 440 3596 Quod
467 3537 545 3594 tu,
575 3544 682 3586 non
708 3539 925 3599 propter
951 3527 1250 3597 exemplum
1284 3527 1509 3595 peccati,
1537 3522 1635 3580 sed
1663 3531 1880 3594 propter

287 3620 690 3691 generationem
730 3621 932 3674 dictum
959 3634 1081 3674 esse
1105 3618 1392 3674 confirmas
1423 3634 1436 3670 :
1469 3630 1676 3685 nosque
1705 3614 1880 3670 luere.

290 3712 423 3766 ticos
453 3725 634 3777 vocas,
665 3711 755 3780 qui
785 3709 836 3765 id
870 3709 936 3764 ad
968 3710 1210 3778 exempla
1242 3708 1572 3771 referamus;
1604 3706 1801 3774 illoque
1827 3715 1879 3761 te

283 3799 464 3871 juvari
491 3797 731 3854 mstimas
774 3809 1094 3870 argumento
1124 3816 1138 3854 :
1183 3817 1202 3850 ι
1231 3797 1476 3853 Proiecto
1513 3797 1559 3850 si
1594 3795 1880 3866 Apostolus

289 3890 644 3948 imitationem
668 3930 682 3954 ,
715 3907 736 3942 ι
780 3889 984 3958 inquis,
1022 3906 1042 3940 ι
1071 3887 1296 3959 intelligi
1333 3886 1628 3948 voluisset,
1658 3900 1764 3940 non
1791 3901 1881 3956 per

289 3998 449 4036 unum
479 3981 756 4048 hominem,
787 3980 880 4036 sed
905 3995 999 4050 per
1021 3979 1293 4037 diabolum
1322 3987 1600 4049 peccatum
1625 3977 1873 4045 intrasse,

287 4083 344 4130 ct
369 4090 470 4147 per
497 4089 686 4130 omnes
715 4074 964 4128 homines
1000 4073 1356 4143 pertransisse
1390 4071 1634 4126 dixisset.
1665 4071 1744 4126 De
1768 4070 1885 4126 dia-

291 4165 418 4221 bolo
455 4167 658 4236 quippe
683 4165 938 4234 scriptum
966 4173 1082 4230 est,
1115 4162 1392 4218 Imitantur
1431 4171 1596 4217 autem
1623 4177 1770 4227 eum,
1795 4159 1884 4233 qui

291 4267 411 4312 sunt
437 4273 502 4312 at:
535 4266 678 4328 parte
704 4256 868 4326 ipsius
903 4254 1058 4327 (Sap.
1088 4271 1160 4323 tt,
1186 4254 1303 4325 9-5).
1331 4253 1438 4310 Sed
1467 4253 1590 4310 ideo
1614 4269 1704 4324 per
1727 4268 1885 4308 unum

292 4348 550 4405 sontium
575 4347 740 4410 dixit,
772 4361 804 4401 a
827 4361 934 4417 quo
963 4346 1237 4416 generatio
1259 4347 1444 4415 utique
1469 4345 1742 4400 hominum
1775 4358 1884 4401 cm-

291 4439 480 4516 pit,_ut
507 4452 606 4507 per
626 4438 1025 4507 generationem
1052 4436 1270 4492 doceret
1299 4437 1425 4492 iisse
1449 4450 1544 4506 per
1564 4451 1752 4491 omnes
1779 4435 1888 4490 ori-

290 4529 468 4600 ginale
492 4540 766 4600 peccatum
791 4549 810 4582 ι
835 4527 936 4600 (De
951 4527 1164 4598 Nuptiis
1179 4540 1224 4582 et
1240 4529 1491 4598 Concup.,
1508 4529 1594 4584 tib.
1616 4528 1672 4591 2,
1695 4546 1750 4582 η.
1769 4529 1884 4597 45).

292 4621 363 4676 At
390 4635 494 4690 ego
521 4619 676 4675 video
706 4621 1020 4690 Apostolutu
1061 4619 1193 4674 nihil
1218 4619 1359 4689 quod
1388 4621 1455 4674 ad
1485 4617 1884 4675 infamationem

292 4711 656 4780 generationis
685 4719 956 4782 spectaret
999 4711 1278 4775 humanm,
1325 4709 1456 4764 nihil
1497 4711 1638 4780 quod
1664 4709 1730 4764 ad
1761 4725 1891 4766 con-

294 4800 698 4860 demnationem
747 4801 1068 4858 innocentia:
1115 4801 1402 4868 naturalis,
1453 4801 1586 4857 nihil
1634 4801 1775 4872 quod
1820 4802 1888 4857 ad

293 4895 499 4952 crimen
526 4892 695 4949 divini
722 4895 923 4964 operis,
953 4894 1262 4964 protulisse.

365 4988 506 5043 Atto.
541 4987 640 5041 Diu
665 4986 800 5042 dicis
825 4987 1004 5052 Nihil,
1043 4998 1094 5042 et
1121 5003 1242 5042 cum
1271 4986 1374 5042 hoc
1397 4985 1618 5042 verbum
1646 4999 1890 5058 repetere

293 5079 572 5137 destiteris
591 5122 610 5145 ,
637 5081 880 5136 dicturus
906 5096 968 5136 es
994 5081 1144 5135 nihil.
1175 5079 1304 5146 Quis
1329 5079 1472 5135 enim
1500 5095 1607 5134 non
1641 5091 1693 5136 te
1719 5079 1890 5136 rideat

298 5170 634 5241 persuadere
654 5179 960 5235 conantem,
991 5185 1093 5224 non
1123 5171 1388 5240 pertinere
1409 5169 1473 5223 ad
1494 5171 1889 5240 generationem

294 5263 440 5334 quod
472 5265 549 5318 ait
576 5263 888 5334 Apostolus,
921 5261 1024 5318 Per
1047 5279 1204 5316 unum
1229 5261 1484 5316 hominem
1513 5271 1776 5332 peccatum
1805 5262 1890 5318 in-

296 5355 450 5408 trauit
474 5356 526 5408 in
552 5355 830 5420 mundum;
856 5369 976 5414 cum
999 5355 1114 5424 ipse
1139 5353 1298 5407 homo
1319 5366 1426 5408 non
1452 5351 1522 5408 sit
1549 5352 1759 5422 genitus
1777 5350 1798 5382 "
1822 5352 1891 5407 ab

293 5447 510 5516 aliquo,
555 5445 626 5502 de
677 5461 786 5517 quo
833 5444 1015 5500 caeteri
1073 5444 1444 5516 gignerentur;
1490 5442 1584 5498 sed
1624 5443 1891 5514 pertinere

358 5621 378 5650 ³
415 5617 716 5678 Pertiatlam,
738 5616 826 5676 ibi.
849 5617 1116 5671 addidimus
1143 5631 1206 5666 ex
1233 5625 1338 5670 Mss.

356 5682 381 5712 ⁸
415 5681 668 5732 uenat-dus
691 5675 743 5730 et
770 5680 928 5731 uidex
960 5687 1104 5739 Port.,
1129 5679 1337 5738 delurat.
1363 5675 1507 5737 Clar.,
1533 5675 1738 5740 deferat.
1756 5684 1889 5738 ιη..

341 5749 552 5862 viiii,
575 5803 661 5853 sed
684 5800 929 5852 ostendam
950 5813 1043 5852 non
1065 5814 1217 5863 posse.
1242 5808 1369 5858 uss,
1407 5801 1496 5863 sed
1516 5807 1700 5853 ostenso
1724 5811 1851 5863 Jan.

354 5869 379 5898 δ
413 5866 485 5915 sic
503 5861 594 5914 an
636 5865 774 5923 aliti,
797 5877 908 5912 cum
923 5863 1024 5926 ipse
1039 5861 1099 5914 sit
1115 5863 1254 5914 homo
1274 5874 1365 5915 mn
1387 5861 1590 5928 genitus.

546 5952 826 6014 PATBOL.
867 5949 1059 6014 XLV.

1534 456 1536 458 ,
1587 391 1791 453 LIBER
1830 387 2215 449 SECUNDUS.

1966 517 2142 574 dicitis
2169 517 2237 573 ad
2265 517 2565 587 exemplum
2585 557 2602 582 ,
2641 531 2762 573 cum
2789 517 3092 588 exemplum
3123 517 3325 588 peccati
3347 557 3361 580 ,
3405 517 3547 587 quod

1967 611 2287 680 posteriores
2335 610 2688 676 imitarentur,
2738 623 2848 662 non
2894 608 3104 662 intrarit
3149 607 3204 661 in
3253 606 3546 668 mundum.

1967 703 2066 756 nisi
2113 717 2210 772 per
2252 716 2372 756 eum
2417 701 2508 771 qui
2553 700 2756 754 nullum
2803 699 3061 754 imitando
3110 695 3570 768 peccavit‘t'Prt-‘

1967 810 2087 848 mus
2137 810 2362 864 namque
2426 793 2680 863 peccavit.
2733 792 2885 848 Hune
2935 800 3114 846 autem
3172 808 3277 845 nntt
3337 790 3547 854 Adam,

1967 886 2061 941 sed
2089 885 2354 940 diabolum
2400 899 2548 947 esse,
2590 884 2710 954 quis
2753 883 3076 937 christianos
3120 883 3360 953 ignorat?
3403 882 3568 948 Quitl‘

1968 985 2050 1031 est
2084 991 2212 1043 ergo
2250 975 2391 1048 quod
2432 983 2482 1031 te
2514 975 2675 1042 libet,
2719 974 2819 1028 nisi
2847 983 2902 1029 et
2943 991 3047 1028 non
3082 983 3293 1042 tacere,
3337 984 3391 1029 et
3421 974 3552 1030 nihil

1968 1066 2187 1122 dicere?

2040 1157 2271 1212 XLVIII.
2298 1159 2416 1213 Jun.
2451 1158 2688 1228 Denique
2712 1158 2764 1212 id
2793 1157 2932 1228 quod
2959 1157 3072 1227 ipsa
3093 1157 3254 1214 verba
3281 1174 3385 1212 non
3413 1157 3550 1212 indi-

1970 1260 2253 1316 caverant,
2284 1259 2336 1304 tu
2365 1251 2617 1320 colligere
2647 1249 3106 1320 argumentatione
3132 1260 3354 1304 conatus
3377 1290 3390 1315 ,
3424 1250 3553 1304 sub-

1970 1340 2074 1406 die,
2103 1341 2225 1412 quia
2249 1341 2294 1395 si
2335 1340 2403 1396 de
2429 1341 2721 1395 imitatione
2750 1340 3076 1410 loqueretur,
3108 1340 3376 1394 diabolum
3403 1355 3556 1394 com.

1972 1447 2271 1488 memorare
2291 1432 2576 1497 debuerat;
2599 1432 2691 1486 sed
2713 1432 2834 1501 quia
2857 1431 2922 1486 de
2939 1433 3283 1501 generatione
3300 1432 3556 1486 voluisset

1973 1522 2215 1592 intelligi,
2249 1522 2518 1578 hominem
2540 1522 2721 1578 dicere
2747 1523 3021 1586 maluisse,
3045 1538 3201 1592 quam
3233 1523 3554 1577 daemonem.

1973 1611 2249 1684 Interrogo
2273 1627 2422 1685 ergo,
2455 1631 2576 1684 quae
2606 1613 2762 1669 fuerit
2792 1613 2884 1668 tibi
2913 1613 3069 1683 hujus
3107 1613 3376 1685 opinionis
3399 1628 3559 1669 occa-

1973 1705 2055 1759 sio
2080 1723 2094 1759 :
2122 1705 2245 1775 quid
2273 1707 2456 1761 enim?
2484 1719 2646 1777 negas
2684 1715 2738 1760 tu
2763 1705 3038 1761 hominum
3067 1707 3362 1762 imitatione
3387 1706 3562 1762 delin—

1973 1795 2106 1865 qui?
2134 1795 2202 1849 Et
2229 1795 2350 1851 licet
2387 1811 2475 1851 res
2517 1796 2755 1851 absoluta
2801 1796 3194 1866 Scripturarum
3223 1797 3565 1851 attestatione

1973 1900 2082 1940 non
2107 1896 2281 1955 egeat,
2305 1895 2481 1940 tamen
2507 1886 2629 1940 audi
2656 1886 2822 1940 David
2847 1903 2861 1939 :
2895 1885 3022 1940 Noti
3044 1886 3275 1941 cumulari
3296 1883 3576 1940 iuta-ma:

1975 1979 2261 2048 liguautes,
2301 1995 2460 2046 neque
2506 1980 2701 2033 selatus
2741 1979 2902 2048 fueris
2946 1979 3186 2050 facientes
3213 1979 3564 2050 iniquitatem:

1976 2084 2040 2122 ne
2083 2069 2352 2124 aemulatus
2395 2071 2556 2140 fueris
2603 2086 2717 2123 eum
2763 2071 2850 2140 qui
2889 2079 3216 2140 prosperatur
3254 2071 3307 2124 in
3349 2071 3430 2123 uia
3468 2086 3565 2124 sua

1977 2157 2147 2230 (Psat.
2179 2169 2365 2226 xxxw,
2394 2161 2444 2226 I,
2481 2161 2555 2230 7).
2601 2160 2804 2216 Deinde
2830 2176 3019 2216 omnes
3044 2162 3322 2231 scripturae
3353 2161 3563 2216 Veteris

1976 2250 2300 2307 Testamentt
2328 2261 2669 2308 commonent
2696 2251 2946 2308 Israelem
2967 2295 2982 2319 ,
3030 2268 3095 2306 tte
3131 2254 3295 2306 ritum
3323 2251 3564 2322 profanae

1973 2341 2151 2413 gentis
2179 2343 2432 2396 imitetur.
2462 2342 2594 2410 Qua:
2619 2342 2778 2412 igitur
2809 2342 3100 2398 necessitas
3125 2341 3178 2396 id
3207 2343 3432 2413 cogebat
3451 2384 3466 2408 ,
3502 2350 3561 2397 ut

1976 2430 2292 2500 Apostolus,
2324 2431 2370 2485 si
2414 2431 2764 2486 imitationem
2791 2431 2952 2486 vellet
2990 2431 3244 2502 intelligi,
3291 2431 3563 2486 diabolum

1976 2524 2149 2594 magis
2171 2539 2328 2594 quam
2357 2525 2630 2580 hominem
2660 2526 2962 2580 nominaret
2984 2566 2998 2588 ,
3044 2537 3165 2579 cum
3207 2533 3262 2580 et
3287 2525 3563 2580 hominum

1975 2625 2032 2672 et
2071 2617 2267 2674 diaboli
2316 2627 2500 2674 nosset
2541 2617 2839 2673 imitatione
2883 2618 3162 2689 delinqui?
3198 2619 3308 2673 Aut
3347 2634 3476 2690 ergo
3507 2631 3565 2673 tu

1977 2707 2143 2778 proba
2165 2748 2182 2775 ,
2227 2723 2330 2763 non
2373 2723 2530 2779 posse
2559 2709 2836 2764 hominum
2865 2708 3162 2764 imitatione
3191 2710 3434 2779 peccari,
3463 2724 3565 2765 nec

1977 2797 2080 2852 hoc
2106 2798 2159 2852 in
2190 2798 2306 2869 lege
2335 2799 2537 2870 uspiam
2586 2799 2847 2854 contineri
2868 2841 2884 2867 ,
2921 2809 2978 2856 et
3015 2799 3093 2854 sic
3130 2813 3314 2856 assere
3343 2801 3360 2832 ⁸
3391 2800 3566 2869 suspi-

1977 2890 2117 2944 cioni
2167 2899 2273 2946 tua:
2315 2891 2490 2946 locum
2521 2901 2797 2960 paratum;
2830 2900 2919 2945 aut
2948 2899 3096 2946 certe
3130 2891 3175 2946 si
3219 2891 3564 2947 manifestum

1977 2987 2089 3046 est,
2120 2981 2260 3034 nulla
2291 2980 2460 3052 magis
2506 2995 2565 3036 re
2603 2997 2763 3052 quam
2804 2969 3101 3036 imitatione
3125 2981 3373 3036 vitiorum
3418 2982 3586 3036 inva-'

1979 3071 2141 3126 luisse
2169 3081 2407 3142 peccata,
2437 3073 2625 3142 grandi
2667 3073 2929 3143 imperitia
2962 3073 3223 3144 collegisti
3249 3075 3562 3143 Apostolum

1979 3160 2049 3216 de
2076 3161 2287 3216 diabolo
2328 3161 2568 3231 profecto
2593 3162 2856 3218 dicturum
2889 3163 3079 3233 fuisse,
3123 3165 3170 3220 si
3212 3165 3565 3220 imitationem

1979 3255 2238 3310 voluisset
2267 3254 2510 3324 intelligi.

2055 3347 2191 3402 Atto.
2223 3344 2411 3401 Nonne
2431 3354 2554 3400 ante
2578 3344 2688 3401 dixi
2717 3344 2846 3400 nihil
2874 3355 2924 3402 te
2943 3360 3064 3401 esse
3089 3345 3374 3413 dicturum,
3406 3346 3569 3403 homo

1982 3437 2118 3492 nihil
2163 3436 2428 3508 loquendo
2471 3435 2885 3508 loquacissimei
2931 3437 3067 3494 Sunt
3107 3437 3319 3510 quidem
3352 3451 3569 3509 peccata

1984 3529 2296 3585 imitationis
2329 3529 2386 3584 in
2421 3527 2653 3596 mundo,
2695 3544 2817 3584 cum
2861 3528 3106 3586 homines
3137 3540 3448 3600 peccantum
3475 3531 3572 3586 ho-

1984 3621 2188 3676 minum
2217 3621 2460 3692 exempla
2502 3629 2776 3676 sectantur
2797 3622 2819 3654 ⁸
2839 3663 2855 3688 ,
2885 3637 2990 3677 non
3022 3631 3199 3678 tamen
3231 3638 3327 3693 per
3350 3638 3446 3679 eos
3471 3625 3572 3680 ito-

1983 3711 2178 3779 mines,
2199 3724 2336 3782 quos
2369 3711 2593 3780 quilibet
2629 3712 2926 3780 imitantur,
2957 3721 3232 3782 peccatum
3271 3713 3414 3784 quod
3450 3729 3574 3783 pec-

1985 3813 2171 3858 cantes
2195 3803 2550 3870 imitarentur,
2579 3804 2796 3858 intravit
2819 3803 2872 3858 in
2893 3804 3185 3870 mundum;
3214 3805 3308 3859 sed
3332 3821 3426 3876 per
3448 3822 3574 3862 eum

1985 3895 2078 3965 qui
2107 3895 2312 3964 primus
2353 3893 2554 3948 nullum
2593 3892 2885 3960 imitando,
2919 3895 3194 3962 peccavit:
3227 3893 3316 3949 hic
3350 3905 3435 3949 est
3463 3895 3577 3949 dia-

1987 3983 2161 4050 bolus,
2187 3999 2345 4053 quem
2370 3983 2644 4037 imitantur
2659 3997 2847 4036 omnes
2868 3983 2957 4052 qui
2978 3991 3101 4036 sunt
3122 3998 3185 4036 ex
3210 3994 3364 4052 parte
3383 3984 3570 4053 ipsius.

1987 4073 2078 4131 Sic
2102 4084 2154 4130 et
2172 4083 2472 4145 peccatum,
2495 4072 2638 4144 quod
2667 4087 2771 4126 non
2799 4070 3057 4127 imitando
3081 4073 3447 4140 committitur,
3477 4073 3574 4130 sed

1989 4166 2264 4223 nascendo
2295 4165 2546 4233 trahitur,
2570 4179 2668 4235 per
2689 4163 2831 4218 hunc
2853 4163 3070 4218 intravit
3097 4165 3150 4218 in
3178 4163 3450 4228 mundum,
3483 4165 3574 4234 qtti

1989 4260 2196 4331 primus
2217 4259 2486 4314 hominem
2515 4257 2716 4328 genuit.
2744 4255 2883 4312 Nihil
2910 4271 3038 4327 ergo
3061 4256 3265 4322 dixisti,
3291 4265 3344 4310 et
3361 4255 3574 4312 nonnisi

1989 4349 2057 4404 ad
2082 4347 2342 4420 quosdam
2379 4346 2723 4417 decipiendos
2741 4388 2758 4416 ,
2799 4345 3058 4420 quosdam
3087 4345 3382 4418 fatigandus
3411 4345 3578 4403 lecto-

1990 4453 2101 4507 res,
2131 4449 2308 4494 tacere
2328 4439 2566 4494 noluisti.

2061 4531 2250 4588 XLIX.
2278 4531 2389 4588 Jun.
2421 4531 2555 4599 Quia
2577 4546 2704 4602 ergo
2723 4531 2910 4595 claret,
2938 4529 3284 4586 imitationem
3311 4529 3574 4585 malorum

1993 4625 2272 4679 hominum
2301 4641 2406 4679 non
2432 4625 2606 4678 solum
2634 4634 3044 4693 consequenter,
3077 4622 3168 4677 sed
3195 4630 3249 4677 ct
3273 4624 3578 4678 necessario

1991 4717 2136 4782 dici;
2169 4715 2274 4771 hoc
2315 4717 2524 4770 interim
2553 4723 2924 4786 argumentum
2962 4724 3109 4769 tuum
3147 4715 3326 4780 jacere
3373 4715 3580 4784 perspi-

1993 4823 2151 4864 cuum
2168 4816 2268 4862 est.
2297 4805 2449 4874 Quod
2474 4821 2601 4861 vero
2621 4805 2795 4871 addis,
2823 4805 2890 4861 de
2910 4805 3123 4860 diabolo
3149 4819 3269 4860 esse
3293 4806 3577 4874 scriptum,

1994 4899 2273 4954 Imitantur
2295 4915 2442 4964 eum,
2489 4899 2574 4969 qui
2611 4908 2726 4953 sunt
2767 4915 2829 4952 ea:
2863 4907 3007 4968 parte
3048 4898 3249 4967 ipsius:
3275 4905 3330 4950 et
3365 4911 3465 4968 ego
3492 4912 3580 4952 as-

1994 4992 2198 5048 sentior
2240 4991 2440 5046 dictum
2485 5005 2606 5046 esse
2657 4988 2944 5061 prudenter
2993 4991 3061 5043 ah
3108 5003 3207 5054 eo,
3257 4988 3582 5058 quicumque

1995 5084 2117 5139 libri
2186 5083 2354 5153 ipsius
2410 5091 2596 5136 auctor
2658 5088 2774 5146 est;
2838 5077 2932 5132 scd
2988 5077 3079 5132 tibi
3145 5093 3253 5132 non
3319 5077 3576 5146 prodest,

1995 5176 2137 5246 quod
2199 5176 2504 5230 scribuntur
2564 5172 2778 5244 quidam
2845 5170 3042 5226 diaboli
3102 5169 3397 5226 imitatione
3459 5182 3580 5238 pec-

1995 5285 2152 5336 care,
2193 5270 2294 5324 nisi
2335 5267 2582 5324 docueris
2624 5280 2730 5320 non
2776 5278 2933 5335 posse
2963 5264 3237 5319 hominum
3281 5261 3581 5317 imitatione

1994 5359 2228 5429 delinqui
2239 5401 2251 5414 .

2067 5453 2202 5506 Anc.
2234 5447 2350 5504 Non
2378 5447 2465 5502 hic
2491 5447 2746 5518 quaeritur
2769 5455 2949 5501 utrum
2975 5443 3252 5500 hominum
3282 5441 3584 5498 imitatione

1996 5551 2247 5616 peccetur
2271 5561 2283 5596 :
2311 5542 2430 5612 quis
2467 5540 2610 5596 enim
2635 5539 2842 5595 nesciat
2868 5580 2883 5605 ,
2914 5539 3075 5594 etiam
3105 5534 3378 5591 hominum
3405 5532 3584 5589 itaita.

2059 5680 2075 5708 ¹
2109 5676 2268 5724 Codex
2296 5681 2429 5732 titan,
2454 5679 2499 5723 et
2521 5685 2723 5722 asseres.

2060 5740 2081 5772 ³
2115 5737 2249 5794 mliti,
2275 5741 2384 5787 sunt
2414 5726 2862 5797 peccata
2883 5726 3162 5797 Mutationis
3175 5726 3587 5797 amicum

1994 5798 2206 5848 homines
2239 5790 2493 5862 peccatum
2518 5790 2771 5862 ΔΙιοινιίἱιιιιιι
2805 5801 2852 5847 et
2875 5790 3098 5854 exempla
3142 5795 3401 5841 sectam.
3438 5795 3588 5862 Guts-

1999 5869 2170 5926 gautur
2195 5859 2255 5913 ex
2295 5859 2644 5925 manuscriptis.

2795 5937 3276 6019 (Tremo-seth
