4004 6190
275 427 433 486 ἠδτ

298 543 416 598 ideo
458 553 563 592 non
607 532 739 588 duos
760 571 772 593 ,
814 527 907 583 scd
936 539 1095 579 unum
1125 523 1391 574 hominem
1419 514 1616 569 dixisse
1645 512 1874 580 Aposto-

300 634 408 688 luut
432 674 445 698 ,
478 644 570 701 per
598 637 751 695 quem
782 627 1055 690 peccatum
1088 612 1299 667 intravit
1335 611 1388 663 in
1427 609 1679 662 mundum
1700 643 1716 670 ,
1745 601 1876 701 quia

295 693 552 796 scriptum
581 693 696 783 est,
728 714 888 769 Erunt
916 710 1016 762 duo
1053 708 1102 760 in
1141 720 1292 758 carne
1333 718 1435 754 una
1475 697 1626 770 (Gen.
1657 711 1712 759 ιι,
1739 693 1835 796 ξι)
1861 709 1875 745 :

304 785 442 872 unde
473 811 722 870 Dominus
750 805 856 870 ait,
886 801 1052 872 Igitur
1081 799 1193 868 jam
1231 811 1332 848 non
1360 800 1475 846 sunt
1501 789 1600 843 duo
1620 828 1634 853 ,
1663 785 1751 841 sed
1777 799 1880 838 una

302 924 417 966 cura
463 902 673 974 (Matth.
706 912 801 952 XIX
823 934 837 961 ,
870 894 927 963 6)
959 909 971 945 :
1002 889 1231 944 maxime
1273 882 1480 954 quando
1526 880 1606 934 vir
1644 876 1880 932 adltmret

305 973 479 1061 uxori,
504 1003 557 1050 et
587 991 745 1045 initur
773 982 1106 1041 concubitus.
1137 980 1211 1032 De
1239 973 1522 1030 concubitu
1551 978 1727 1024 autem
1758 980 1881 1036 pro-

303 1093 380 1146 lcs
420 1086 678 1158 gignitur,
712 1078 927 1134 trahens
964 1069 1220 1142 originale
1259 1075 1562 1138 peccatum,
1595 1060 1722 1114 vitio
1761 1074 1882 1127 pro-

303 1189 526 1250 pagante
547 1176 750 1238 vitium,
777 1170 885 1224 Deo
910 1173 1125 1220 creante
1147 1171 1386 1216 naturam
1416 1174 1428 1210 :
1455 1169 1610 1226 quam
1638 1161 1878 1207 naturam

301 1249 584 1341 conjuges,
611 1266 770 1320 etiam
802 1262 935 1315 bene
965 1264 1172 1311 utentes
1199 1251 1325 1305 vitio
1345 1291 1360 1314 ,
1401 1261 1506 1300 non
1547 1249 1767 1341 possunt

303 1331 424 1417 men
455 1331 525 1414 iia
563 1369 847 1428 generare,
876 1357 934 1403 ut
959 1346 1126 1418 possit
1151 1357 1269 1398 esse
1293 1339 1408 1395 sine
1433 1335 1560 1390 vitio
1589 1352 1601 1388 :
1629 1331 1768 1403 quod
1793 1331 1882 1428 ille

305 1454 391 1521 qui
434 1451 550 1504 sine
566 1421 706 1516 'ipst)
749 1453 903 1497 natus
946 1446 1029 1492 est
1072 1434 1232 1498 vitio,
1277 1436 1498 1486 evacuat
1536 1425 1589 1478 in
1628 1421 1880 1493 parvulis,

307 1544 462 1598 etiam
497 1539 706 1594 uolente
741 1533 969 1588 Juliano.

380 1632 555 1690 LVIII.
587 1630 703 1686 IUL.
751 1627 857 1681 Ant
903 1625 945 1678 si
998 1621 1133 1677 forte
1180 1614 1447 1686 (quoniam
1495 1609 1648 1663 aliter
1693 1605 1883 1674 dogma

308 1737 453 1780 tuum
485 1733 626 1778 stare
656 1735 759 1775 non
789 1712 982 1786 potest)
1011 1711 1179 1766 Adam
1207 1724 1272 1763 ex
1299 1720 1358 1760 se
1382 1701 1693 1772 concepisse
1717 1707 1769 1754 et
1796 1712 1887 1766 po-

310 1817 513 1886 perisse
539 1807 876 1882 responderis
901 1823 914 1860 :
943 1801 1254 1874 Apostolum
1279 1795 1492 1867 quidem
1512 1807 1618 1847 non
1639 1790 1741 1844 hoc
1765 1803 1887 1886 sen-

308 1879 444 1962 sisse
486 1879 912 1961 nulli'dubium;
959 1904 1013 1951 tu
1045 1907 1168 1950 vero
1202 1888 1326 1961 quid
1356 1885 1507 1943 sexui
1537 1897 1628 1938 tuo
1656 1879 1885 1936 volueris

309 1994 522 2051 evenire
560 1989 899 2048 monstrabis.

380 2087 514 2141 Anc.
552 2082 668 2138 Non
712 2078 1024 2150 expavescis
1065 2072 1208 2146 quod
1247 2070 1501 2141 scriptum
1539 2075 1659 2133 est,
1711 2065 1890 2132 Neque

291 2175 542 2232 maledici
568 2187 778 2244 regnum
806 2170 901 2223 Dei
925 2167 1250 2234 possidebunt
1276 2162 1323 2233 (ι
1353 2161 1471 2217 Cor.
1501 2176 1552 2213 Vl
1572 2200 1588 2224 ,
1618 2155 1744 2230 10)?
1784 2155 1888 2210 Ne-

280 2309 282 2311 .
307 2281 412 2336 que
443 2265 586 2322 enim
615 2272 723 2318 tam
762 2259 902 2317 [teda
925 2257 1164 2314 convicia
1190 2253 1323 2310 nihil
1351 2261 1404 2308 te
1423 2248 1749 2320 adiuvantia,
1780 2245 1882 2300 nisi

283 2388 288 2392 ~
310 2354 661 2414 maledicendi
682 2352 923 2417 libidine,
955 2347 1269 2418 loquereris.

360 2446 515 2504 LIX.
545 2446 666 2502 ιω..
693 2443 892 2500 Verum
923 2442 1037 2495 haec
1076 2439 1274 2494 omissa
1312 2435 1563 2491 faciamus
1591 2435 1606 2466 ¹
1630 2474 1646 2498 ,
1678 2440 1732 2487 et
1757 2431 1888 2486 illud

269 2571 276 2586 ι
313 2538 454 2608 quod
483 2552 514 2592 a
543 2534 693 2592 vobis
718 2539 939 2602 apparet
967 2544 1124 2602 posse
1166 2529 1220 2582 in
1248 2527 1352 2582 hoc
1394 2525 1512 2580 loco
1552 2522 1773 2580 referri.
1803 2537 1890 2577 ra-

313 2633 475 2686 tionis
505 2628 708 2684 viribus
735 2627 1058 2681 deteramns.
1113 2622 1171 2677 Si
1213 2635 1342 2689 ergo
1365 2619 1564 2673 dixeris
1589 2658 1604 2684 ,
1632 2615 1886 2684 scriptum

265 2757 282 2766 τι
314 2738 434 2778 esse
471 2721 538 2778 de
574 2720 675 2775 hac
711 2715 1087 2773 commixtione
1109 2756 1125 2779 ,
1169 2712 1309 2782 quod
1353 2711 1479 2764 ﬁant
1504 2710 1611 2765 duo
1649 2707 1702 2763 in
1729 2721 1890 2763 carne

314 2829 438 2875 una.
468 2822 521 2867 et
543 2808 834 2865 secundum
863 2806 1002 2860 hunc
1023 2803 1258 2867 modum,
1288 2800 1598 2872 Apostolum
1618 2814 1704 2868 per
1731 2813 1891 2850 unum

314 2905 565 2957 hominem
611 2899 845 2960 dixisse,
901 2905 958 2951 ut
1007 2891 1327 2948 adhmrentia
1379 2890 1479 2945 sibi
1525 2887 1888 2958 generautium

317 2993 554 3049 membra
608 2991 842 3060 signaret
873 3005 886 3041 :
914 2983 1254 3055 respondebo
1298 2981 1400 3036 hoc
1445 2993 1655 3050 quoque
1703 2987 1889 3032 contra

317 3093 552 3137 instram
598 3079 920 3148 impietatem
963 3075 1162 3129 valere.
1213 3071 1328 3127 Non
1369 3070 1510 3125 enim
1545 3069 1742 3123 dictum
1785 3074 1888 3132 est,

317 3176 486 3230 Εγιιιιι
515 3173 620 3228 duo
650 3171 892 3226 homines
921 3170 1101 3223 inuno
1132 3164 1380 3228 homine;
1423 3161 1516 3216 sed
1539 3203 1554 3228 ,
1598 3159 1766 3214 Erunt
1791 3160 1891 3212 duo

315 3268 385 3319 in.
409 3281 562 3320 carne
606 3279 706 3317 una
733 3277 752 3316 :
778 3275 886 3332 quo
923 3257 1174 3314 unitionis
1199 3258 1220 3289 ²
1245 3255 1464 3310 nomine
1507 3252 1752 3321 voluptas
1797 3249 1884 3306 illa

316 3357 620 3412 coeuntium
642 3395 657 3419 ,
707 3364 760 3408 et
798 3351 962 3408 libido
987 3364 1105 3419 qua:
1127 3362 1346 3404 sensum
1379 3345 1616 3399 alliciens
1655 3341 1892 3396 membra

319 3456 780 3510 ctuisternat,ac,
813 3443 950 3497 sicut
984 3441 1086 3494 .ille
1133 3436 1367 3508 prudens
1412 3433 1700 3497 intellexit,
1733 3447 1891 3486 unam

316 3552 533 3592 eau'nem
557 3535 721 3605 gestit
746 3531 998 3596 efficere,
1028 3545 1059 3584 a
1090 3529 1199 3582 Deo
1229 3527 1466 3580 instituta
1490 3534 1547 3577 et
1577 3521 1894 3592 corporibus

317 3639 441 3684 ante
471 3632 742 3696 peccatum
770 3622 1050 3677 doceretur
1075 3619 1096 3651 ⁸
1124 3619 1342 3672 inserta.

390 3721 528 3774 Atto.
577 3715 634 3771 Si
673 3722 731 3768 ut
769 3720 950 3768 essent
976 3711 1082 3766 duo
1124 3710 1176 3762 in
1212 3722 1373 3762 carne
1408 3721 1534 3772 una,
1589 3708 1761 3763 facere
1796 3706 1896 3761 nisi

323 3813 486 3867 libido
513 3824 617 3864 non
641 3815 819 3876 posset
845 3802 1036 3877 (quam
1065 3808 1364 3869 susceptam
1392 3807 1534 3853 tuam
1566 3799 1720 3854 talem
1748 3813 1899 3868 pror-

321 3920 433 3968 sus,
464 3900 635 3972 qualis
656 3912 795 3953 nunc
821 3911 849 3948 a
873 3904 924 3950 te
943 3903 996 3949 et
1021 3891 1265 3947 laudatur
1286 3898 1340 3944 et
1359 3901 1711 3960 expugnatur,
1737 3906 1896 3960 quam

324 3992 624 4064 pudendam
648 3985 1000 4044 contiteriset
1026 3980 1366 4052 sinepudore
1388 3981 1464 4035 sic
1487 3981 1663 4051 diligis
1687 4021 1703 4047 ,
1735 3979 1899 4035 audes

325 4089 482 4141 etiam
505 4081 734 4154 paradisi
760 4079 1095 4150 possessione
1115 4076 1301 4130 dotare
1321 4075 1369 4143 ).;
1403 4074 1544 4128 nullo
1562 4072 1718 4126 modo
1739 4072 1898 4127 etiam

329 4178 614 4233 iutCht‘isto
642 4182 697 4228 et
742 4172 796 4226 in
821 4169 1060 4225 Ecclesia
1092 4175 1272 4236 posset
1314 4163 1536 4232 intelligi
1562 4205 1575 4227 ,
1603 4162 1772 4217 Erunt
1794 4162 1901 4218 duo

327 4269 553 4323 murae
573 4280 702 4318 una.
735 4260 917 4330 Neque
937 4257 1076 4312 enim
1093 4263 1217 4310 tam
1243 4254 1400 4323 longe
1421 4253 1690 4308 exorbitas
1716 4267 1746 4305 a
1771 4252 1904 4306 veri-

326 4357 555 4415 tatisvia
580 4396 596 4422 ,
637 4362 698 4409 ut
721 4352 880 4406 etiam
923 4344 1282 4416 coniunctioni
1313 4341 1511 4398 Christi
1549 4352 1602 4397 et
1622 4342 1900 4406 Ecclesiae,

327 4453 466 4506 hanc
489 4447 686 4503 audeas
711 4444 998 4514 importare
1029 4437 1052 4470 ⁸
1077 4436 1370 4492 libidinem.
1399 4433 1588 4500 Porro,
1616 4433 1658 4488 si
1680 4446 1903 4504 possunt

328 4543 444 4595 sine
483 4539 730 4604 ista-esse
747 4533 855 4589 duo
887 4531 940 4588 in
965 4543 1127 4585 carne
1146 4543 1253 4584 una
1277 4525 1523 4582 Christus
1541 4534 1596 4580 et
1621 4524 1900 4591 Ecclesia;

329 4634 621 4700 potuerunt
647 4625 808 4678 etiam
838 4621 923 4676 vir
947 4628 1005 4676 et
1033 4634 1186 4682 uxor,
1226 4617 1270 4672 si
1291 4627 1764 4687 nemopeecasset,
1793 4633 1900 4672 non

337 4716 580 4789 pudenda
608 4712 827 4770 libidine
848 4751 865 4778 ,
899 4709 972 4766 de
995 4725 1098 4780 qua
1125 4709 1394 4764 erubescit
1424 4719 1480 4763 et
1506 4708 1595 4776 qui
1624 4724 1742 4764 eant
1788 4709 1902 4763 lau-

330 4811 464 4867 dare
505 4823 610 4864 non
649 4802 954 4871 erubescit,
999 4799 1095 4858 sed
1123 4800 1315 4856 merito
1353 4799 1616 4858 laudanda
1644 4801 1904 4858 charitate

334 4900 584 4973 conjungi
609 4899 656 4967 ⁸,
677 4907 731 4954 et
755 4896 986 4952 liliorum
1009 4892 1462 4966 procreandon
1479 4907 1640 4949 eausa
1657 4908 1776 4950 esse
1799 4893 1907 4948 duo

333 4995 385 5048 in
402 5007 571 5050 came
601 5004 726 5045 una.
777 4985 930 5044 Unde
955 4983 1352 5040 Dominuscum
1390 4982 1548 5051 dicit,
1590 4982 1761 5056 Igitur
1791 4985 1906 5055 jam

333 5100 433 5140 non
453 5090 578 5138 eum
598 5081 744 5146 duo,
795 5077 884 5132 sed
925 5092 1028 5131 una
1064 5091 1218 5140 caro;
1257 5089 1362 5129 non
1395 5075 1574 5144 utique
1602 5075 1760 5143 dicit,
1790 5075 1906 5132 Non

330 5183 455 5228 sunt
491 5172 611 5227 dure
636 5211 650 5235 ,
696 5168 790 5224 sed
833 5183 938 5222 una
966 5182 1110 5223 caro.
1152 5165 1290 5234 Quid
1317 5181 1446 5235 ergo
1479 5181 1584 5220 non
1625 5175 1748 5221 sunt
1781 5167 1905 5233 duo,

331 5267 434 5322 nisi
463 5266 483 5296 ⁸
511 5263 754 5318 homines
778 5260 801 5314 ’ἰ
845 5261 982 5316 sicut
1007 5259 1252 5314 Christus
1278 5269 1334 5314 ct
1358 5258 1594 5314 Ecclesia
1619 5260 1775 5314 simul
1802 5276 1907 5316 non

331 5359 440 5411 duo
485 5355 680 5412 Christi
703 5397 716 5422 ,
763 5352 856 5408 sed
898 5366 1034 5407 unus
1065 5360 1152 5408 est
1179 5349 1422 5406 Christus
1453 5367 1465 5404 :
1497 5350 1637 5406 unde
1673 5359 1728 5407 et
1757 5353 1910 5409 nobis

396 5508 413 5539 ί
450 5510 586 5570 vign.
615 5513 665 5570 et
686 5503 916 5570 Menard.,
949 5511 1122 5570 rerum
1139 5498 1246 5550 lure
1269 5499 1415 5552 missa
1431 5499 1684 5566 faciamus.
1749 5510 1803 5552 ιι.

393 5571 414 5602 ⁸
449 5565 675 5626 tite—nant"
701 5565 900 5615 rationis.
967 5569 1022 5612 Ι.

397 5631 418 5662 ³
449 5631 521 5677 sic
542 5635 646 5676 Mss.
672 5628 807 5682 Editi,
832 5627 1048 5676 docetur.

395 5688 418 5722 δ
449 5691 520 5736 sic
541 5695 644 5736 Mss.
671 5688 790 5736 Editi
813 5695 990 5739 autem.
1016 5685 1271 5742 imputare.

396 5750 421 5784 ⁸
449 5755 501 5800 ιιι
525 5756 602 5795 Ms.
632 5755 777 5804 νυνι,
801 5745 1027 5806 roujugii.

387 5808 421 5847 ιθ
452 5809 588 5868 Editi,
610 5819 702 5857 non
724 5805 836 5859 nisi.
857 5805 1018 5867 Abest,
1052 5817 1164 5866 non,
1186 5819 1212 5856 a
1239 5813 1342 5854 Mss.

968 407 1210 466 OPERIS
1251 397 1657 460 IMPERFECTI
1697 391 1891 451 CONTI

2009 387 2370 454 JULIANUM,
2410 387 2467 442 S.
2512 381 2876 442 AUCUSTN

3423 382 3560 438 ιιίιε

1988 503 2184 557 dictum
2219 509 2338 565 est,
2389 498 2527 570 Ergo
2560 498 2778 551 Abrahu:
2804 510 2969 548 semen
3011 494 3126 546 ralis
3147 510 3165 558 ;
3216 507 3336 546 cum
3364 493 3430 548 de
3475 494 3564 548 lllo

1985 601 2182 655 dictum
2213 599 2281 654 sit
2309 598 2575 652 Abraham
2596 637 2608 660 ,
2642 593 2709 647 Et
2728 593 2905 648 senarii
2932 601 3017 644 tuo
3036 631 3050 656 ,
3081 589 3214 658 quod
3239 599 3311 643 cst
3335 587 3565 644 Christus

1988 689 2182 760 (Colat.
2214 705 2299 754 ιιι,
2330 687 2431 752 29,
2463 685 2576 756 l6).

2057 782 2170 838 LX.
2219 782 2338 837 Jun.
2386 784 2463 837 Ac
2512 795 2607 850 per
2645 786 2748 840 hoc
2773 776 2910 835 nihil
2949 775 3051 832 sibi
3085 775 3170 830 vel
3207 773 3276 831 de
3307 775 3564 845 jucundi-

1989 881 2095 930 tate
2138 875 2294 943 ejus,
2342 872 2423 927 vel
2475 871 2544 926 de
2585 867 2904 925 verecundia
2948 875 3120 937 potest
3161 866 3403 922 diabolus
3443 868 3567 920 vin-

1985 967 2182 1021 dicare.

2057 1057 2193 1111 Anc.
2225 1053 2360 1121 Quid
2391 1061 2474 1108 est
2500 1051 2642 1123 quod
2667 1050 2802 1106 dicis
2824 1089 2840 1116 ,
2879 1067 2898 1102 ι
2933 1049 3001 1104 de
3032 1048 3392 1104 verecundia?
3426 1069 3443 1102 ι
3483 1051 3562 1104 An

1987 1146 2353 1201 confusionem
2377 1143 2651 1198 nominare
2674 1139 3057 1196 contenderis?
3087 1140 3153 1194 Et
3176 1148 3349 1194 tamen
3375 1141 3568 1209 puden-

1987 1239 2110 1292 dam
2141 1237 2412 1293 libidinem
2435 1279 2448 1301 ,
2485 1248 2540 1292 et
2568 1244 2692 1290 ante
2729 1244 3002 1305 peccatum
3043 1232 3210 1289 fuisse
3237 1233 3374 1288 dicis
3405 1235 3455 1288 in
3486 1235 3568 1289 eis

1988 1330 2056 1385 de
2081 1330 2272 1400 quibus
2290 1329 2417 1384 dicit
2441 1328 2709 1397 Scriptura
2727 1367 2743 1394 ,
2779 1325 2926 1380 Nudi
2951 1336 3125 1392 erant,
3148 1336 3194 1379 et
3217 1343 3316 1380 non
3345 1331 3567 1398 confun-

1989 1422 2235 1476 debantur
2259 1420 2408 1493 (Cen.
2444 1437 2496 1486 ιι,
2526 1419 2642 1490 25).

2060 1514 2192 1570 LXI.
2221 1513 2340 1569 ιω..
2379 1513 2754 1567 Verumtamen
2783 1510 2870 1566 hic
2906 1509 3192 1580 Apostolus
3219 1511 3264 1564 si
3307 1510 3432 1580 quid
3465 1511 3570 1568 tale

1990 1607 2267 1672 sensisset,
2297 1620 2390 1674 per
2414 1619 2571 1658 unam
2593 1618 2830 1667 carnem,
2865 1617 2968 1656 non
2995 1618 3087 1672 per
3108 1619 3270 1657 unum
3295 1602 3566 1658 hominem

1993 1707 2262 1764 peccatum
2298 1696 2525 1749 intrasse
2567 1693 2811 1748 dixisset.
2861 1693 2965 1748 Per
3005 1693 3402 1763 generationem
3445 1710 3570 1748 vero

1990 1788 2284 1842 substantia
2330 1787 2512 1842 carnis
2557 1785 2728 1840 soboli
2777 1785 2889 1840 sola
2938 1785 3212 1855 participat
3245 1803 3258 1837 :
3290 1786 3412 1855 quia
3464 1803 3568 1840 non

1990 1880 2165 1956 anima
2188 1879 2255 1935 de
2279 1880 2456 1934 anima
2479 1920 2495 1946 ,
2525 1879 2618 1933 sed
2652 1892 2778 1933 caro
2801 1876 2870 1932 de
2889 1892 3051 1932 carne
3085 1876 3312 1931 trahitur
3344 1894 3357 1930 :
3389 1877 3440 1932 in
3472 1894 3569 1931 no-

1991 1973 2134 2026 mine
2162 1978 2339 2024 autem
2363 1969 2593 2028 hominis
2616 2009 2631 2033 ,
2662 1978 2716 2022 et
2741 1968 2953 2022 animus
2981 1966 3198 2036 proprie
3227 1965 3488 2022 indicatur
3513 1977 3572 2022 et

1991 2075 2186 2130 corpus
2215 2076 2230 2115 :
2260 2075 2323 2114 ac
2343 2074 2439 2129 per
2467 2058 2568 2114 hoc
2592 2057 2877 2128 Apostolus
2901 2072 3064 2111 unum
3095 2055 3367 2112 hominem
3397 2059 3570 2110 nomi.

1993 2149 2204 2213 nando,
2237 2165 2336 2204 nec
2379 2148 2648 2219 negotium
2679 2147 3017 2202 fecunditatis
3059 2146 3330 2214 ostendit,
3375 2147 3426 2201 in
3466 2164 3572 2218 quo

1994 2241 2124 2296 nihil
2166 2250 2360 2311 prater
2405 2239 2756 2294 substantiam
2798 2237 2977 2292 carnis
3017 2236 3277 2306 impertiri
3317 2246 3568 2300 noverat;

1994 2345 2095 2386 nec
2131 2331 2268 2386 duos
2309 2330 2533 2401 intelligi
2581 2329 2780 2394 voluit,
2823 2328 2911 2399 qui
2955 2343 3118 2383 unum
3158 2328 3475 2392 inculcavit,
3518 2339 3575 2383 ut

1993 2423 2210 2479 doceret
2257 2423 2552 2478 imitatione
2597 2422 2886 2487 transisse,
2938 2435 3046 2476 non
3071 2420 3414 2492 generatione
3443 2435 3573 2490 pec-

1993 2523 2188 2569 catum.

2063 2607 2198 2660 Anc.
2224 2603 2358 2671 Quid
2376 2612 2458 2658 est
2481 2617 2628 2674 ergo,
2651 2603 2772 2656 1am
2788 2619 2886 2657 non
2905 2612 3020 2657 sunt
3044 2603 3162 2666 duo,
3191 2603 3278 2656 sed
3299 2619 3399 2656 una
3419 2618 3570 2667 raro;

1995 2699 2135 2764 nisi,
2166 2696 2280 2751 Non
2311 2704 2434 2751 sunt
2453 2695 2557 2750 duo
2580 2695 2852 2759 homines,
2893 2702 3111 2766 propter
3138 2709 3295 2748 unam
3323 2695 3573 2748 carnem?

1993 2789 2126 2843 Cum
2165 2797 2219 2842 et
2259 2789 2368 2858 ipsa
2404 2802 2529 2842 caro
2556 2796 2732 2857 posset
2761 2786 2863 2840 dici
2893 2786 3084 2850 homo,
3123 2801 3153 2840 a
3186 2795 3332 2856 parte
3367 2795 3574 2840 totum:

1995 2880 2166 2946 sicut,
2228 2877 2445 2931 Verbum
2488 2893 2607 2931 caro
2649 2877 2840 2947 factum
2884 2886 2955 2930 est
2996 2875 3172 2947 (lauit.
3205 2892 3256 2942 ι,
3289 2877 3408 2948 ll);
3454 2878 3577 2947 quia

1995 2969 2156 3023 homo
2178 2967 2347 3024 factus
2371 2977 2451 3024 est
2473 3009 2488 3033 ,
2515 2967 2582 3022 de
2607 2982 2712 3038 quo
2741 2967 2935 3022 dictum
2962 2978 3064 3022 est.
3104 2968 3389 3037 Apostolus
3415 2969 3576 3022 etiam

1995 3061 2136 3132 quod
2156 3061 2262 3127 ait,
2293 3059 2530 3116 Exterior
2554 3060 2702 3114 homo
2727 3060 3061 3130 corrumpitur
3088 3058 3152 3132 (ll
3183 3058 3300 3114 Cor.
3334 3076 3384 3115 tv
3402 3102 3417 3124 ,
3452 3060 3576 3130 16);

1997 3162 2126 3223 puto
2153 3152 2293 3224 quod
2318 3166 2531 3208 carnem
2563 3150 2778 3220 intelligi
2808 3150 2991 3205 voluit.
3025 3150 3247 3220 Propter
3270 3151 3410 3220 quod
3437 3161 3582 3206 recte

1997 3242 2284 3314 loquimur,
2315 3257 2434 3295 cum
2466 3240 2722 3308 dicimus,
2757 3239 2998 3294 llominis
3025 3241 3362 3310 sepulcrum;
3392 3255 3578 3309 quam-

1997 3335 2078 3388 vis
2105 3348 2232 3388 caro
2273 3333 2343 3388 ibi
2386 3333 2499 3387 sola
2548 3332 2751 3401 sepulta
2797 3332 2885 3386 sit.
2929 3331 3039 3386 Nec
3062 3333 3259 3387 erravit
3284 3349 3402 3403 qum
3428 3332 3578 3401 dixit,

2002 3421 2244 3476 Tulerunt
2294 3420 2568 3476 Dominum
2611 3439 2777 3477 meum
2815 3422 2878 3477 de
2925 3433 3244 3477 monumento
3280 3423 3454 3492 (Joon.
3487 3441 3578 3489 xx,

2000 3515 2155 3585 15));
2199 3515 2441 3584 quamvis
2478 3513 2592 3567 sola
2633 3528 2756 3568 caro
2803 3513 2872 3568 ibi
2916 3514 3083 3583 posita
3113 3513 3289 3570 fuerit.
3341 3515 3582 3570 Mancnte

1999 3619 2128 3676 ergo
2155 3604 2223 3658 de
2259 3602 2438 3660 animo
2470 3602 2845 3658 obscurissima
2886 3605 3214 3679 qumstione,
3245 3605 3413 3675 potuit
3456 3605 3580 3671 dici,

2004 3695 2107 3749 Per
2144 3711 2300 3749 unum
2347 3695 2597 3748 hominem
2649 3705 2909 3766 peccatum
2955 3694 3158 3748 intrarit
3205 3696 3257 3748 in
3306 3698 3581 3762 mundum;

2001 3785 2209 3840 etiamsi
2235 3784 2299 3840 ad
2332 3785 2672 3854 propaginem
2703 3785 2814 3838 sola
2843 3799 2968 3839 caro
3000 3786 3281 3855 pertineat.
3332 3787 3453 3841 Ihrc
3489 3789 3584 3841 ita-

2002 3891 2108 3947 que
2128 3875 2359 3940 atteude,
2387 3883 2438 3930 et
2463 3891 2619 3944 quam
2646 3874 2778 3930 nihil
2807 3875 3003 3930 dixeris
3024 3876 3162 3930 vide.

2075 3971 2232 4028 LXII.
2259 3971 2377 4026 ιυι.
2407 3970 2504 4026 Hic
2528 3971 2660 4040 jam,
2691 3970 2815 4026 licet
2835 3971 3003 4041 egerit
3027 3981 3203 4041 partes
3219 3987 3341 4025 suas
3367 3973 3581 4038 veritas,

2004 4073 2179 4118 tamen
2208 4074 2265 4118 ut
2289 4064 2356 4118 sit
2379 4063 2610 4117 intentus
2635 4062 2831 4128 lector,
2856 4061 3134 4117 admoneo.
3168 4063 3456 4118 Plurimum
3485 4064 3583 4134 igi-

2007 4165 2092 4210 tur
2121 4155 2171 4209 in
2196 4154 2298 4209 hoc
2325 4152 2573 4208 conﬂictu
2595 4152 2661 4208 de
2681 4169 2801 4208 meo
2825 4153 2946 4222 jure
2973 4153 3195 4224 deposui
3220 4196 3236 4221 ,
3267 4165 3586 4226 secutusque

2005 4261 2112 4318 quo
2151 4245 2442 4302 adversarii
2490 4245 2760 4300 temeritas
2805 4255 3217 4316 provocaverat,
3267 4247 3404 4302 adeo
3442 4263 3587 4304 sana:

2007 4341 2128 4398 ﬁdei
2157 4340 2286 4396 scita
2314 4337 2548 4404 defendi,
2571 4347 2628 4393 ut
2651 4338 2857 4392 etiamsi
2888 4338 3121 4410 Magistri
3149 4339 3397 4396 Gentium
3427 4342 3587 4396 verba

2005 4441 2206 4497 essent,
2227 4430 2418 4502 quibus
2439 4430 2585 4485 illum
2608 4445 2760 4485 usum
2780 4429 3143 4486 Traducianus
3165 4433 3363 4502 putavit
3385 4449 3400 4498 ;
3424 4432 3590 4503 lique-

2006 4534 2092 4581 ret
2117 4532 2294 4580 tamen
2332 4537 2455 4578 eum
2499 4520 2633 4576 nihil
2669 4519 2738 4576 de
2787 4520 3014 4575 naturali
3063 4521 3299 4578 sensisse
3349 4531 3585 4591 peccato,

2008 4615 2098 4686 qui
2129 4611 2456 4671 nominando
2492 4610 2796 4675 hominem,
2824 4609 2917 4665 sed
2947 4625 3134 4676 unum,
3163 4625 3267 4665 non
3294 4611 3472 4682 utique
3494 4627 3590 4682 ge-

2007 4694 2336 4762 nerationem
2364 4700 2602 4758 criminis
2621 4741 2637 4768 ,
2663 4699 2758 4756 sed
2787 4701 3035 4772 exempla
3064 4701 3353 4771 culpasset.
3509 4758 3512 4761 _

2081 4797 2213 4853 Anc.
2245 4796 2560 4866 Exemplum
2589 4794 2818 4864 dedisti,
2864 4795 2957 4850 scd
2993 4796 3243 4853 vanitatis
3272 4796 3323 4850 in
3347 4804 3398 4851 te
3429 4796 3545 4866 ipso
3573 4813 3588 4850 :

2010 4889 2132 4960 quia
2161 4888 2208 4942 si
2238 4887 2539 4958 exemplum
2568 4887 2770 4958 peccati
2802 4903 2832 4941 a
2860 4887 3032 4957 primo
3061 4897 3341 4958 peccatore
3376 4888 3594 4954 homine

2013 4980 2297 5051 Apostolus
2339 4990 2598 5050 poneret,
2644 4977 2698 5035 id
2733 4988 2852 5046 est,
2899 4978 3101 5046 Adam;
3144 4978 3384 5050 me'ecto
3407 4995 3594 5036 exem-

2015 5073 2157 5142 plum
2193 5071 2411 5142 justitia:
2435 5085 2465 5125 a
2489 5071 2662 5142 primo
2689 5069 2904 5126 homine
2939 5070 3084 5140 justo
3118 5079 3378 5141 poneret,
3411 5069 3463 5125 id
3489 5081 3594 5137 est,

2014 5163 2168 5218 AheL

2088 5252 2268 5308 LXIII.
2297 5251 2417 5308 Jun.
2441 5250 2659 5308 Constat
2682 5263 2864 5306 autem
2896 5267 3002 5307 non
3031 5266 3152 5308 esse
3179 5253 3595 5322 apostolicorum

2018 5346 2303 5401 verborum
2328 5359 2448 5400 eum
2475 5345 2717 5400 ordinem
2743 5385 2758 5409 ,
2784 5359 2944 5414 quem
2977 5345 3223 5402 inimicus
3244 5355 3426 5407 noster
3444 5357 3600 5416 puta-

2019 5441 2113 5493 vit.
2155 5436 2565 5508 Argumentatur
2587 5437 2780 5508 quippe
2809 5435 2909 5491 hoc
2935 5437 3094 5492 modo
3125 5455 3139 5492 :
3175 5455 3193 5488 ι
3231 5437 3287 5492 Si
3315 5436 3602 5507 Apostohts

2022 5531 2412 5596 imitationem,
2442 5549 2461 5583 ι
2498 5529 2696 5600 inquit,
2734 5548 2751 5580 ι
2791 5529 3044 5585 voluisset
3077 5529 3332 5601 intelligi,
3373 5543 3482 5583 non
3513 5545 3604 5596 per

2021 5639 2180 5676 unum
2209 5623 2492 5685 hominem,
2525 5621 2616 5676 sed
2645 5637 2738 5691 per
2757 5621 3025 5675 diabolum
3054 5627 3328 5690 peccatum
3351 5617 3602 5686 intrasse,

2025 5723 2080 5769 et
2110 5727 2210 5784 per
2233 5726 2421 5767 omnes
2449 5711 2690 5767 homines
2717 5711 3068 5782 pertransisse
3091 5710 3331 5765 dixisset.
3376 5710 3452 5764 De
3486 5709 3607 5763 dia-

2029 5801 2150 5858 bolo
2169 5801 2360 5874 quippe
2389 5802 2642 5870 scriptum
2672 5811 2786 5870 est,
2819 5801 3095 5856 Imitantur
3121 5815 3233 5856 eum
3253 5841 3269 5871 ,
3291 5801 3378 5873 qui
3404 5808 3520 5856 sunt
3547 5815 3608 5855 ea:
