4004 6190
389 424 523 486 parte
539 413 651 486 ejus
669 431 690 467 ι
720 409 874 486 (Sap.
892 426 951 480 ιι,
968 408 1086 483 25).
1115 429 1134 466 ι
1153 409 1261 468 Sed
1281 407 1402 466 ideo
1423 424 1510 483 per
1530 419 1685 464 unum
1705 408 1956 464 hominem

386 503 541 568 dixit,
572 518 603 558 a
631 517 741 574 quo
764 501 1038 574 generatio
1077 501 1257 572 utique
1284 499 1560 557 hominum
1591 499 1754 570 coepit
1784 507 1840 554 ut
1866 514 1962 568 per

385 594 776 666 generationem
818 594 1040 650 doceret
1067 594 1194 650 lisse
1220 608 1315 664 per
1342 607 1528 649 omnes
1549 592 1806 663 originale
1832 607 1964 662 pec-

385 699 556 744 catum
589 705 608 740 ι
640 685 742 758 (De
771 685 982 758 Nuptiis
1001 695 1053 744 et
1078 686 1490 757 Concupiscentia
1508 726 1524 751 ,
1560 685 1649 741 lib.
1672 684 1710 740 2
1728 726 1744 750 .
1765 702 1818 740 n.
1847 685 1963 751 45).

388 779 441 834 In
471 778 570 834 hoc
593 793 721 850 ergo
747 778 1036 846 mentitur,
1070 777 1211 850 quod
1239 777 1472 832 afﬁrmat
1499 777 1714 833 beatum
1742 775 1963 830 Paulum

387 867 779 937 pronuntiasse,
803 867 926 940 quia
954 883 1050 940 per
1077 883 1240 924 unum
1269 867 1538 924 hominem
1565 879 1842 938 peccatum
1869 865 1952 922 in-

388 957 683 1013 traverit-in
725 956 1018 1024 mundum,
1061 966 1221 1029 atque
1267 958 1339 1015 ita
1388 957 1440 1012 in
1486 969 1677 1013 omnes
1717 954 1965 1010 homines

377 1045 752 1119 ‘pertransierit
779 1065 796 1106 :
823 1047 948 1116 hoc,
971 1047 1206 1121 inquam,
1235 1049 1288 1104 in
1309 1048 1542 1117 Magistri
1582 1047 1830 1106 Gentium
1851 1060 1967 1102 ser-

384 1141 630 1197 monibus
669 1155 776 1196 non
819 1149 1063 1209 tenetur;
1103 1143 1191 1198 ille
1232 1143 1428 1214 quippe
1467 1158 1574 1197 non
1613 1140 1749 1196 dixit
1777 1154 1966 1212 pecca-

385 1239 493 1286 tum
526 1230 797 1298 transisse,
825 1230 920 1288 sed
944 1241 1189 1288 mortem.
1220 1232 1319 1287 Est
1346 1247 1475 1304 ergo
1497 1231 1631 1287 ordo
1646 1231 1962 1286 verborum:

385 1324 530 1378 Sicut
558 1339 647 1394 per
670 1339 828 1378 unum
866 1323 1114 1378 hominem
1147 1333 1406 1394 peccatum
1433 1324 1487 1378 in
1520 1323 1764 1376 mundum
1799 1322 1966 1376 intra-

382 1415 448 1468 vit
473 1455 488 1479 ,
533 1423 580 1468 et
625 1426 714 1484 per
756 1422 1014 1485 peccatum
1044 1431 1217 1480 mors;
1260 1422 1306 1468 et
1341 1413 1413 1467 ita
1454 1415 1507 1468 in
1533 1428 1703 1468 omnes
1740 1412 1968 1466 honrines

383 1502 701 1575 pertransiit,
728 1503 782 1558 in
807 1521 905 1576 quo
931 1521 1102 1559 omnes
1131 1514 1477 1575 peccaverunt.
1521 1503 1776 1559 Sublimis
1802 1502 1967 1558 infor-

382 1605 556 1651 mator
584 1595 840 1652 Ecclesia:
862 1637 889 1670 ,ν
921 1596 1050 1667 quid
1078 1597 1174 1651 sibi
1200 1595 1484 1652 dicendum
1506 1605 1649 1651 esset
1671 1594 1925 1666 expendit
1951 1612 1966 1650 :

383 1684 486 1742 Per
511 1705 667 1742 unum
688 1731 701 1755 ,
728 1689 917 1760 inquit,
949 1689 1202 1743 hominem
1231 1697 1490 1761 peccatum
1516 1687 1716 1742 intrauit
1736 1689 1790 1742 in
1814 1703 1966 1741 mun-

380 1783 502 1833 dum
523 1822 537 1844 ,
570 1789 614 1834 et
641 1796 728 1848 per
759 1790 1016 1850 peccatum
1057 1797 1224 1845 mors;
1261 1789 1307 1834 et
1342 1781 1414 1834 ita
1451 1780 1503 1834 in
1537 1796 1709 1834 omnes
1742 1779 1969 1836 homines

381 1870 691 1936 pertransiit.
744 1867 860 1924 iam
901 1869 1266 1924 nominaverat
1291 1877 1514 1924 mortem
1540 1910 1555 1934 ,
1583 1877 1745 1940 atque
1778 1883 1968 1940 pecca-

379 1969 524 2025 tum;
568 1960 692 2032 quid
739 1960 836 2016 fuit
886 1974 1107 2018 necesse
1151 1969 1209 2016 ut
1247 1961 1298 2016 in
1338 1975 1404 2016 eo
1444 1959 1586 2032 quod
1613 1961 1969 2032 pertransisse

377 2053 593 2108 diccbat
616 2096 630 2118 ,
667 2064 900 2114 mortem
929 2069 959 2108 a
1008 2055 1208 2124 peccati
1248 2055 1623 2109 communione
1661 2061 1966 2124 separaret,

376 2153 434 2197 ut
467 2145 482 2175 ¹
519 2143 790 2214 signanter
816 2143 1163 2210 ostenderet,
1208 2144 1262 2198 in
1305 2143 1447 2198 hunc
1470 2144 1685 2215 quidem
1713 2143 1968 2198 mundum

375 2250 475 2304 per
499 2249 661 2287 unum
693 2234 960 2289 hominem
987 2234 1214 2288 intrasse
1245 2243 1553 2304 peccatum,
1584 2243 1637 2288 et
1659 2249 1754 2304 per
1781 2248 1967 2305 pecca-

375 2336 492 2380 tum
523 2334 782 2389 mortem;
811 2326 863 2379 in
895 2341 1084 2381 omnes
1113 2340 1242 2381 vero
1279 2325 1522 2380 homines
1550 2340 1655 2380 non
1687 2333 1966 2394 peceatum

373 2415 660 2478 transisse,
692 2415 784 2470 sed
813 2425 1035 2470 mortem
1055 2457 1070 2481 ,
1113 2415 1294 2484 utique
1315 2414 1497 2484 judicii
1526 2415 1726 2469 illatam
1757 2414 1969 2469 severi-

375 2515 488 2560 tate
517 2507 570 2572 ',
622 2505 1071 2576 praevaricationis
1097 2503 1338 2560 ultricem
1364 2547 1379 2572 ,
1421 2519 1529 2559 non
1571 2519 1858 2574 corporum
1884 2518 1970 2558 se-

377 2597 525 2650 mina
552 2637 567 2662 ,
622 2594 714 2650 sed
763 2610 973 2649 morum
1018 2595 1142 2648 vitia
1193 2604 1648 2667 persequentem;
1705 2595 1806 2650 nisi
1846 2595 1968 2665 quia

373 2684 757 2742 commendare
776 2694 830 2740 et
851 2685 1170 2756 praemunire
1194 2687 1418 2755 curavit,
1452 2702 1518 2741 ne
1533 2694 1714 2741 vestro
1736 2685 1970 2757 dogmati

375 2777 667 2848 opitulalus
695 2777 893 2847 aliquid
918 2775 939 2808 ³
983 2777 1292 2848 putaretur?

445 2871 590 2924 Auc.
618 2867 674 2922 In
705 2883 770 2924 eo
791 2867 1007 2938 quidem
1037 2868 1153 2922 loco
1171 2909 1187 2934 ,
1211 2868 1300 2923 ubi
1330 2868 1527 2924 dictum
1551 2878 1651 2934 est,
1680 2868 1785 2924 Per
1813 2885 1971 2924 unum

377 2960 634 3013 hominem
659 2967 918 3030 peccatum
960 2957 1164 3011 intravit
1197 2959 1249 3012 in
1276 2961 1522 3013 mundum
1545 3000 1560 3025 ,
1599 2969 1645 3013 et
1676 2977 1764 3030 per
1788 2976 1968 3032 pecca-

374 3060 479 3105 tum
505 3067 680 3118 mors;
717 3061 763 3104 et
791 3052 863 3105 ita
900 3051 953 3104 in
984 3067 1155 3104 omnes
1184 3051 1408 3105 honﬁnes
1437 3051 1763 3121 pertransiit;
1789 3060 1968 3106 utrum

374 3155 658 3214 peccatum
682 3185 699 3211 ,
727 3159 793 3198 an
825 3159 970 3200 mors
990 3184 1005 3208 ,
1042 3159 1110 3198 an
1147 3153 1429 3214 utrumque
1459 3157 1555 3214 per
1582 3157 1768 3199 omnes
1796 3142 1969 3199 homi-

376 3255 467 3294 nes
499 3239 858 3308 pertransisse
878 3237 1076 3292 dictum
1105 3236 1212 3303 sit,
1258 3236 1470 3291 videtur
1496 3235 1802 3306 ambiguum
1829 3253 1843 3289 :
1871 3235 1967 3292 sed

375 3332 502 3400 quid
549 3331 735 3386 horum
772 3330 880 3397 sit,
920 3345 1010 3385 res
1051 3330 1161 3399 ipsa
1207 3339 1313 3384 tam
1351 3338 1535 3400 aperta
1566 3328 1588 3359 ’⁵
1614 3327 1964 3384 demonstrat.

376 3419 505 3476 Nam
538 3422 582 3476 si
612 3431 887 3493 peccatum
914 3436 1018 3476 non
1047 3423 1443 3492 pertransisset,
1468 3436 1574 3477 non
1601 3421 1776 3498 omnis
1807 3419 1967 3476 homo

374 3528 494 3568 cum
527 3513 642 3583 lege
671 3513 908 3584 peccati,
946 3529 1062 3584 qua:
1106 3513 1158 3568 in
1188 3512 1440 3568 membris
1466 3521 1577 3579 est,
1615 3521 1963 3569 nasceretur:

374 3604 418 3656 si
470 3617 624 3658 mors
680 3618 786 3658 non
834 3597 1251 3674 pertransisset,
1301 3618 1406 3658 non
1456 3619 1642 3660 omnes
1689 3605 1963 3671 homines,

375 3704 635 3764 quantum
663 3695 729 3750 ad
770 3694 926 3751 istam
973 3695 1336 3750 conditionem
1379 3697 1684 3751 mortalium
1713 3697 1964 3767 pertinet,

376 3795 738 3841 morerentur.
763 3783 914 3850 Quod
933 3794 1109 3839 autem
1132 3784 1578 3854 dicitApostolus,
1602 3786 1654 3839 in
1673 3802 1770 3856 quo
1795 3802 1967 3842 omnes

377 3885 704 3942 peccaverunt
731 3891 748 3929 :
771 3876 825 3929 in
879 3892 978 3946 quo
1003 3916 1019 3941 ,
1059 3891 1165 3930 non
1204 3873 1515 3946 intelligitur
1551 3874 1652 3929 nisi
1693 3875 1744 3930 in
1769 3876 1963 3944 Adam,

375 3968 426 4022 in
453 3983 566 4040 quo
594 3984 688 4023 eos
716 3969 844 4023 dicit
868 3977 923 4024 et
951 3968 1121 4035 mori;
1158 3969 1282 4041 quia
1309 3984 1415 4024 non
1445 3977 1563 4025 erat
1583 3969 1784 4040 justum
1805 4011 1820 4036 ,
1848 3971 1966 4026 sine

375 4059 600 4114 crimine
643 4060 867 4114 transire
908 4060 1248 4130 supplicium.
1289 4060 1633 4130 Quacumque
1670 4071 1722 4116 te
1764 4071 1962 4130 vertas,

376 4149 525 4202 nullo
573 4149 732 4202 modo
766 4150 1041 4204 catholica:
1087 4148 1209 4205 ﬁdei
1257 4150 1598 4207 fundamenta
1638 4151 1962 4208 subvertes:

377 4241 671 4306 pra-scrtim
705 4242 822 4310 quia
855 4251 909 4295 et
949 4251 1002 4294 tu
1044 4241 1158 4310 ipse
1200 4241 1292 4296 tibi
1339 4243 1671 4308 adversaris,
1712 4245 1799 4313 qui
1827 4258 1968 4300 nunc

374 4329 510 4383 dicis
542 4346 647 4383 non
681 4341 954 4399 peccaturo
986 4331 1240 4387 transisse
1261 4374 1275 4398 ,
1311 4333 1406 4388 sed
1435 4343 1660 4388 mortem
1686 4351 1700 4398 ;
1725 4350 1845 4390 cum
1872 4352 1965 4391 su-

378 4423 557 4487 perius
601 4421 801 4477 dixeris
824 4465 837 4486 ,
885 4424 1198 4492 Apostolum
1241 4424 1364 4480 ideo
1393 4439 1498 4479 non
1534 4424 1670 4481 duos
1697 4426 1964 4493 homines,

377 4509 468 4563 sed
499 4527 666 4564 unum
696 4511 1010 4579 inculcasse,
1042 4523 1100 4568 ut
1124 4513 1339 4569 doceret
1367 4514 1658 4570 imitatione
1687 4517 1963 4584 transisse,

382 4614 485 4652 mm
536 4601 882 4670 generatione
923 4612 1199 4673 peccatum
1239 4603 1438 4676 (Supra
1457 4646 1470 4670 ,
1499 4621 1650 4676 capp.
1682 4607 1751 4661 56
1780 4617 1824 4660 et
1851 4607 1960 4679 61).

380 4687 612 4744 Transiit
639 4707 767 4762 ergo
791 4707 911 4747 cum
947 4701 1120 4748 morte
1155 4703 1428 4763 peccatum
1457 4695 1478 4726 ⁸
1507 4713 1520 4748 :
1554 4695 1678 4764 quid
1715 4704 1798 4752 est
1825 4698 1964 4767 quod

381 4795 518 4834 nunc
546 4780 710 4846 dicis,
741 4797 844 4836 non
873 4775 1148 4854 peccatum
1177 4786 1430 4841 transisse
1449 4828 1463 4853 ,
1495 4787 1590 4842 sed
1618 4797 1842 4842 mortem
1869 4789 1893 4839 ἲ

452 4871 635 4926 LXIV.
660 4871 778 4928 Jun.
816 4875 1086 4942 Quantum
1128 4876 1286 4946 igitur
1313 4877 1451 4931 inter
1479 4886 1529 4932 te
1553 4887 1606 4932 et
1631 4877 1853 4933 Paulum
1883 4878 1964 4934 di-

378 4968 508 5028 s'tet,
537 4961 772 5019 intende.
803 4963 896 5020 Ille
923 4965 1086 5030 dicit,
1118 4983 1207 5036 per
1234 4982 1388 5020 unum
1417 4967 1666 5022 hominem
1698 4985 1716 5022 .'
1740 4977 1792 5024 tu
1813 5011 1828 5036 ,
1861 4970 1964 5026 Per

377 5049 544 5120 duos,
577 5053 629 5108 id
657 5062 767 5119 est,
812 5071 905 5124 per
931 5056 1356 5125 generationem.
1401 5057 1494 5112 Ille
1530 5060 1868 5126 pronuntiat,
1909 5061 1966 5130 in,

442 5229 458 5258 |
495 5229 610 5264 Μιιί
655 5235 702 5264 pl
746 5237 832 5264 νεα

442 5229 458 5258 ³
495 5228 631 5288 Idm,
655 5235 717 5280 et.
746 5237 872 5287 Mss,
897 5239 964 5282 ut.

438 5290 627 5360 'Llitlill,
651 5293 738 5341 sed
761 5301 980 5360 mortem,
1012 5298 1212 5360 mortem
1243 5294 1420 5360 utique,
1452 5294 1634 5357 λιιάὶἅὶ
1670 5296 1852 5348 illatam
1884 5314 1958 5350 se-

375 5355 635 5418 teqt‘tatem.
661 5355 1054 5418 corriguntur-ad
1077 5355 1437 5418 manuscripws.

377 5412 1092 5524 a‘tgliiguieriusfopitulator
1135 5412 1329 5479 aliquis:
1369 5426 1471 5467 Mss.
1511 5433 1659 5478 vero,
1706 5420 1962 5484 Opitulatus

427 5484 753 5610 ῗιῗὲίιίολαηι
773 5545 952 5601 “tmte.
982 5546 1190 5610 Αιηιεεεη
1213 5547 1310 5590 tam
1331 5547 1498 5604 aperta
1522 5553 1538 5590 .-
1565 5555 1656 5593 nec
1677 5541 1816 5594 aliter
1840 5547 1960 5595 Beda

377 5600 425 5642 et
441 5593 616 5661 flor-us
640 5593 687 5647 in
711 5593 837 5648 hunc
860 5601 1066 5661 Apostoli
1090 5593 1260 5650 locum.

441 5657 462 5686 ⁵
499 5658 577 5706 Hic
599 5668 818 5730 veterum
844 5657 1068 5713 librorum
1091 5672 1372 5716 auctoritate
1407 5667 1720 5725 resxiluhnus,
1765 5668 1959 5730 n'mtsit't

374 5727 495 5779 ergo
518 5733 621 5768 cum
644 5728 790 5771 morte
813 5731 1076 5785 peccatum.

1689 287 1890 346 LIBER
1929 282 2309 348 SECUNDUS.

3517 299 3672 357 “70’

2074 409 2246 478 primo
2300 407 2516 466 homine
2553 417 2619 464 et.
2647 416 2926 479 peccatum
2967 417 3024 469 et
3060 419 3287 468 mortem
3337 411 3534 481 fuisse,
3564 413 3644 469 .ad

2073 510 2315 570 posteros
2358 515 2485 558 vero
2525 501 2693 558 solam
2742 503 3002 560 transisse
3044 512 3272 562 mortem
3305 521 3319 560 :
3351 510 3412 560 tu
3457 515 3645 562 contra

2071 593 2300 660 asseris,
2350 602 2405 648 et
2452 601 2727 664 peccatum
2772 594 2840 650 ad
2890 611 3078 653 omnes
3126 605 3182 653 et
3226 595 3501 656 interitum
3549 613 3650 654 cu-

2068 683 2300 737 currisse
2334 684 2375 737 ί.

2139 777 2275 832 huc.
2303 776 2418 832 Jam
2443 792 2760 848 responsum
2790 788 2872 834 est
2903 796 2918 835 :
2947 781 3189 851 relegant
3208 779 3296 852 qui
3316 781 3508 836 volunt
3531 796 3652 852 qum

2070 880 2228 935 supra
2260 865 2513 936 diximus,
2541 881 2611 923 ne
2630 867 2899 938 superﬂuo
2923 868 3110 926 eadem
3136 870 3327 928 iterum
3354 870 3652 944 iterumque

2073 963 2397 1024 repetamus.

2143 1046 2301 1101 LXV.
2329 1046 2818 1120 Jur..-lmpudenter
2859 1049 3017 1121 igitur
3049 1052 3149 1108 sub
3177 1051 3365 1112 umbra
3401 1053 3520 1124 ejus
3551 1068 3644 1108 no-

2072 1139 2229 1193 minis
2276 1137 2582 1204 delitescis,
2633 1155 2754 1196 cum
2795 1141 2955 1198 nimis
3005 1141 3216 1198 diversa
3268 1145 3642 1216 contrariaque

2071 1229 2278 1286 dicatis.
2313 1230 2405 1286 Ille
2434 1234 2577 1286 enim
2598 1231 2773 1302 arguit
2791 1246 2926 1303 opus
2952 1232 3250 1302 hominum,
3277 1244 3334 1290 tu
3357 1250 3502 1306 opus.
3521 1236 3642 1292 Dei:

2071 1319 2160 1377 ille
2198 1321 2372 1376 studia
2403 1324 2424 1354 ¹
2455 1321 2878 1393 delinquentium
2900 1365 2916 1388 ,
2967 1333 3024 1380 tu
3072 1325 3431 1383 innocentiam
3458 1327 3652 1384 vitanh

2070 1426 2175 1481 que
2221 1412 2554 1469 nascentium
2587 1430 2602 1467 :
2633 1412 2725 1470 ille
2762 1415 3090 1472 voluntatem
3125 1415 3536 1486 hominumrtu
3560 1434 3661 1475 na-

2073 1512 2271 1559 turam.
3188 1569 3191 1572 .
3480 1512 3489 1520 ’
3597 1567 3600 1578 .

2143 1595 2277 1650 Auc.
2304 1594 2560 1666 Superius
2585 1597 2652 1653 ad
2676 1599 2853 1654 omnia
2885 1598 2984 1655 ista
3011 1614 3326 1670 responsum
3356 1610 3440 1656 est
3470 1619 3484 1654 :
3517 1602 3658 1658 unde

2065 1683 2176 1752 jam
2219 1693 2271 1739 te
2309 1685 2492 1741 irridet
2522 1686 2612 1758 qui
2645 1688 2926 1755 meminit;
2969 1689 3059 1760 qui
3095 1703 3222 1746 vero
3257 1706 3364 1746 non
3389 1691 3654 1755 meminit,

2071 1774 2116 1828 si
2149 1773 2236 1828 illa
2281 1775 2567 1844 relegerit,
2617 1778 2858 1848 proiecto
2897 1780 2996 1835 ista
3037 1787 3127 1836 tua
3164 1795 3298 1836 vana
3325 1795 3447 1838 cum
3476 1778 3659 1838 irriso-

2070 1865 2170 1929 rit,
2198 1875 2250 1920 te
2275 1865 2494 1923 dolebit.
2982 1935 2984 1937 ν

2143 1955 2327 2011 LXVI.
2355 1957 2474 2013 ιυι..
2507 1957 2729 2014 Intravit
2769 1959 2960 2032 igitur,
2999 1962 3292 2018 secundum
3316 1964 3651 2036 Apostolum,

2073 2064 2168 2117 per
2197 2065 2356 2102 unum
2388 2048 2656 2105 hominem
2703 2061 2983 2122 peccatum
3029 2054 3080 2108 in
3111 2054 3254 2110 hunc
3294 2055 3574 2122 mundum,
3605 2066 3660 2111 et

2075 2153 2169 2208 per
2208 2149 2484 2208 peccatum
2527 2155 2701 2206 mors;
2744 2143 2995 2212 quoniam
3026 2143 3172 2199 illum
3197 2154 3255 2200 et
3281 2156 3540 2211 remmet
3564 2147 3660 2204 da-

2073 2230 2331 2284 mnationi
2361 2229 2381 2260 ³
2409 2231 2594 2285 mortis
2618 2242 2889 2302 perpetua:
2900 2232 3242 2303 destinatum,
3265 2237 3496 2292 mundus
3514 2253 3660 2309 aspe-

2072 2319 2172 2372 xit.
2214 2317 2270 2372 in
2298 2333 2488 2374 omnes
2513 2329 2689 2375 autem
2721 2320 2968 2378 homines
2990 2339 3142 2393 mors
3168 2328 3505 2396 pertransiit;
3536 2331 3657 2398 quia

2074 2423 2176 2463 una
2208 2408 2377 2464 forma
2419 2410 2602 2480 judicii
2646 2413 3082 2482 praevaricatores
3109 2430 3351 2486 quosque
3385 2418 3546 2474 etiam
3574 2435 3660 2476 re-

2073 2498 2230 2570 liquze
2269 2501 2675 2574 comprehendit
2711 2503 2889 2558 anatis
2928 2521 2941 2557 :
2975 2519 3094 2574 quae
3133 2513 3308 2562 tamen
3349 2523 3531 2574 mors,
3562 2523 3660 2564 nec

2074 2589 2124 2643 in
2151 2599 2366 2646 sanctos
2386 2631 2401 2658 ,
2446 2606 2548 2648 nec
2587 2591 2638 2646 in
2672 2593 2989 2649 innocentes
3019 2595 3156 2650 ullos
3181 2597 3373 2653 saavire
3397 2599 3658 2667 permitti-

2075 2689 2192 2749 tur;
2240 2681 2334 2737 sed
2363 2683 2413 2736 in
2443 2697 2536 2739 eos
2566 2684 2808 2754 pervadit
2830 2725 2852 2751 ,
2890 2701 3026 2757 quos
3053 2689 3554 2756 praevaricationem
3578 2691 3659 2746 vi-

2072 2771 2212 2838 derit
2248 2774 2544 2828 aamnlatos.

2144 2865 2280 2921 Auo.
2310 2865 2422 2922 Hoc
2448 2867 2704 2939 loqueris,
2731 2869 2874 2942 quod
2893 2869 3160 2942 obiectum
3185 2881 3267 2928 est
3288 2871 3659 2930 haeresiarchas

2070 2964 2254 3012 vestro
2293 2957 2506 3030 Pelagio
2536 2960 2586 3014 in
2619 2963 2905 3033 episcopali
2940 2965 3142 3034 judicio
3167 2966 3487 3034 Palaestino,
3516 2969 3658 3038 quod

2071 3044 2144 3100 ita
2173 3045 2342 3101 factus
2368 3045 2528 3103 fuerit
2552 3049 2746 3117 Adam,
2769 3062 2826 3106 ut
2850 3053 2962 3108 sive
2977 3065 3254 3124 peccaret,
3283 3057 3394 3111 sive
3410 3072 3513 3111 non
3535 3072 3660 3130 pee-

2071 3145 2250 3200 caret,
2283 3139 2585 3194 moriturus
2604 3150 2748 3196 esset
2769 3141 2868 3213 (a).
2922 3143 3072 3200 IIanc
3113 3146 3256 3200 enim
3293 3157 3520 3202 mortem
3555 3164 3657 3216 qua

2070 3242 2258 3283 omnes
2300 3229 2587 3297 morimur,
2620 3231 2687 3286 de
2722 3248 2828 3303 qua
2869 3233 3067 3291 dictum
3099 3244 3212 3302 est,
3254 3237 3295 3289 Α
3319 3237 3528 3291 muliere
3555 3238 3658 3292 ini-

2072 3319 2201 3373 tium
2236 3323 2427 3391 factum
2463 3330 2536 3375 est
2571 3323 2763 3392 peccati
2781 3365 2806 3390 ,.
2829 3334 2876 3379 et
2903 3334 3108 3397 propter
3135 3327 3284 3380 illam
3309 3344 3480 3384 omnes
3502 3331 3655 3384 mori-

2072 3426 2187 3465 mur
2212 3409 2399 3483 (Eccli.
2432 3427 2577 3481 xxv,
2600 3414 2694 3486 35)
2715 3456 2737 3482 ,
2776 3430 2884 3472 non
2923 3415 3001 3472 vis
3025 3431 3090 3473 ex
3126 3426 3344 3488 peccato
3378 3419 3430 3473 in
3469 3435 3659 3476 omnes

2070 3501 2260 3558 fecisse
2287 3504 2614 3574 originaliter
2640 3510 2956 3576 transitum;
2990 3524 3057 3565 ne
3081 3510 3290 3581 cogaris
3320 3509 3474 3568 fateri
3494 3513 3652 3569 simul

2069 3591 2229 3647 etiam
2255 3593 2585 3663 originaliter
2613 3598 2868 3653 transisse
2898 3607 3196 3669 pec-catum.
3223 3599 3404 3656 Sentis
3428 3601 3648 3674 quippe,

2069 3699 2227 3752 quam
2257 3685 2496 3755 iniquum
2528 3686 2628 3753 sit,
2658 3689 2775 3745 sine
2817 3691 3008 3746 merito
3033 3693 3289 3749 transisse
3314 3696 3652 3766 supplicium.

2070 3771 2452 3829 Verumtamen
2481 3785 2586 3830 tam
2615 3778 2936 3834 catholicum
2957 3781 3202 3852 estquod
3225 3799 3534 3852 expugnare
3561 3801 3652 3840 co-

2071 3865 2243 3930 naris,
2289 3874 2347 3918 ut
2380 3865 2480 3920 hoc
2513 3867 2602 3922 ille
2626 3869 2711 3923 cui
2737 3909 2753 3935 ,
2783 3871 2923 3925 sicut
2941 3871 3083 3934 dixi,
3113 3872 3381 3944 obiectum
3410 3884 3524 3942 est,
3553 3878 3654 3932 nisi

2069 3953 2414 4024 damnasset,
2461 3958 2700 4026 profecto
2725 3975 2791 4014 ex
2822 3961 2913 4015 illo
2944 3961 3151 4031 judicio
3183 3964 3471 4021 damnatus
3496 3969 3656 4024 exiis-

2070 4055 2170 4100 set.
2217 4045 2360 4100 Mors
2397 4063 2526 4118 ergo
2555 4055 2610 4103 et
2637 4048 2734 4104 ista
2761 4089 2776 4116 ,
2821 4066 2922 4121 qua
2949 4052 3168 4122 spiritus
3195 4071 3226 4110 a
3255 4070 3483 4126 corpore
3502 4073 3656 4130 sepa-

2071 4146 2215 4192 ratur
2233 4179 2246 4200 ,
2279 4147 2334 4192 et
2362 4138 2446 4194 illa
2473 4155 2592 4211 qua:
2629 4140 2824 4197 dicitur
2856 4143 3090 4198 secunda
3112 4185 3126 4211 ,
3151 4161 3254 4216 qua
3279 4148 3500 4218 spiritus
3525 4165 3651 4206 cum

2070 4241 2293 4297 corpore
2336 4231 2702 4296 cruciahitur,
2752 4243 3008 4304 quantum
3055 4238 3243 4292 attinet
3286 4239 3352 4293 ad
3406 4241 3652 4298 meritum

2071 4319 2282 4389 generis
2319 4319 2570 4388 humani,
2610 4322 2666 4377 in
2689 4338 2876 4380 omnes
2907 4323 3150 4382 homines
3176 4329 3484 4398 pertransiit
3517 4349 3529 4386 :
3559 4333 3652 4388 sed

2069 4410 2235 4479 gratia
2269 4411 2395 4476 Dei,
2428 4429 2524 4481 per
2547 4428 2671 4468 eum
2699 4415 2789 4483 qui
2823 4415 2999 4481 venit,
3039 4427 3097 4471 ut
3123 4418 3398 4474 moriendo
3432 4436 3652 4490 regnum

2073 4501 2262 4555 mortis
2287 4503 2554 4564 auferret,
2593 4519 2655 4558 ea
2690 4506 3084 4562 resurrectione
3121 4508 3275 4578 cujus
3321 4510 3372 4564 in
3402 4510 3492 4564 illo
3521 4526 3656 4580 prte-

2070 4593 2229 4646 cessil
2275 4594 2611 4661 exetnplum,
2660 4603 2888 4651 mortem
2933 4612 3157 4668 regnare
3199 4617 3306 4655 non
3345 4601 3490 4656 sivit.
3543 4601 3654 4658 Hoc

2071 4689 2216 4736 tenet
2237 4681 2497 4736 catholica
2528 4681 2680 4746 ﬁdes,
2709 4683 2811 4739 hoc
2833 4694 3017 4742 tenent
3027 4689 3238 4756 jndices
3257 4707 3391 4761 quos
3411 4692 3656 4765 Pelagius

2069 4769 2410 4839 formidavit;
2463 4772 2564 4830 hoc
2611 4790 2717 4830 non
2756 4784 2939 4833 tenent
2980 4777 3215 4836 haeretici
3247 4798 3382 4853 quos
3406 4784 3653 4855 Pelagius

2069 4863 2376 4917 seminavit.

2140 4951 2342 5006 LXVII.
2383 4953 2502 5009 Jun.
2533 4956 2661 5022 Quae
2689 4959 3092 5027 prmvaricatio,
3117 4962 3244 5018 licet
3270 4979 3373 5018 non
3406 4966 3475 5020 sit
3513 4965 3684 5021 facta--

2069 5045 2320 5099 naturalis
2355 5062 2368 5109 ;
2398 5045 2495 5101 fuit
2523 5057 2698 5102 tamen
2736 5050 2899 5106 forma
2931 5055 3129 5121 peccati
3165 5072 3178 5108 :
3215 5065 3373 5126 atque
3408 5058 3477 5113 ob
3508 5059 3654 5124 hoc,

2069 5135 2193 5190 licet
2239 5153 2341 5190 non
2390 5149 2644 5208 aggravet
2698 5153 3014 5209 nascentes,
3072 5154 3248 5202 tamen
3291 5160 3501 5204 accusat
3533 5151 3650 5204 imi-.

2070 5238 2259 5284 L’lltlcs.

2139 5325 2271 5379 Anc.
2309 5325 2368 5378 lit
2388 5325 2430 5379 si
2456 5334 2508 5378 tu
2531 5325 2724 5379 oblitus
2753 5339 2810 5382 es
2845 5343 3006 5398 grave
3030 5332 3213 5402 jugum
3242 5333 3379 5402 quod
3402 5343 3646 5402 aggrsvat

2069 5425 2385 5480 nascentes;
2418 5432 2514 5470 nos
2547 5428 2596 5471 te
2627 5433 2732 5471 non
2773 5417 3077 5477 desistimus
3111 5438 3468 5478 connuonere.

2132 5549 2144 5577 ¹
2183 5549 2254 5597 Sic
2277 5555 2381 5596 Mss.
2407 5547 2543 5608 Editi,
2567 5548 2881 5599 concurrisse.

2132 5611 2148 5638 ²
2187 5611 2320 5666 ιιιὶιὶ,
2352 5610 2580 5660 studium.
2612 5619 2663 5661 Αι
2689 5620 2812 5667 Mss,
2837 5613 3012 5662 studia.

2135 5671 2152 5700 ³
2186 5673 2255 5716 sic.
2283 5681 2299 5712 \
2318 5683 2382 5719 ss.
2409 5680 2516 5720 Mar.
2541 5673 2659 5721 (ZI'JI'.
2689 5681 2740 5720 et
2761 5680 2881 5720 Fort.
2912 5681 2961 5721 At
2988 5674 3132 5730 editl,
3149 5673 3461 5727 dominationi

2132 5733 2209 5792 (τη
2231 5735 2321 5779 tih.
2350 5733 2411 5780 de
2432 5737 2586 5783 uestis
2616 5735 2809 5795 Pelagii,
2837 5748 2915 5783 nu.
2944 5735 3021 5791 ‘23.
3045 5737 3119 5784 57.
