1981 3090
166 132 232 161 1171

194 175 317 216 LXVIII.
337 186 394 214 Jun.
415 184 486 212 Mors
507 189 593 211 autem
611 182 745 217 judicialis
760 180 864 208 transiit
884 179 910 207 in
923 187 956 206 eo

166 243 219 270 quo
232 236 241 251 ί
256 235 432 269 peccaverunt
446 237 553 261 omnes,
570 228 616 255 sed
632 227 713 254 libera
730 226 865 253 voluntate
880 234 887 252 :
902 232 956 260 quo

166 278 266 310 verbo,
280 279 305 306 id
316 282 369 310 est,
382 283 467 303 omnes
478 295 486 306 ,
498 275 694 308 Scriptum-um
708 278 784 299 more
796 270 936 298 multitudo
946 290 953 303 ,

166 333 219 352 non
235 324 392 352 universitas
408 321 547 349 indicatur.

201 371 269 398 Auc.
284 370 390 396 Frustra
405 371 476 394 recta
489 366 567 393 verba
581 370 703 400 torquere
715 385 723 398 ,
738 369 764 392 et
777 364 846 401 clara
857 363 953 390 obseu-

165 423 226 443 rare
238 414 352 442 conaris.
366 412 393 440 lu
408 420 440 439 eo
460 416 637 446 peccaverunt
649 417 757 443 omnes,
776 409 802 435 in
822 415 874 443 quo
895 415 954 434 mo-

166 463 270 488 riuntur
291 466 382 486 omnes
403 468 409 485 :
427 458 482 492 ipse
504 462 544 484 est
560 456 661 488 Adam,
686 456 711 482 in
734 462 787 489 quo
809 454 830 480 si
853 453 954 488 parvuli

165 515 218 534 non
235 506 401 536 moriuntur,
420 503 537 538 profecto
557 510 605 529 nec
621 503 645 527 in
665 501 770 528 Christo
784 497 954 536 vivificabun—

166 559 208 580 tur
224 563 230 581 :
244 552 290 579 sed
302 552 425 586 quoniam
443 551 505 576 sicut
518 550 542 575 in
556 549 635 575 Adam
647 556 730 573 omnes
743 547 898 577 moriuntur,
920 547 954 572 ita

164 604 187 625 et
205 600 232 625 in
254 597 353 626 Christo
373 605 457 624 anines
477 596 666 629 viviﬁcabuntur
682 593 690 630 (
704 593 711 619 l
727 592 784 620 Cor.
805 601 838 619 xv
850 613 857 624 ,
874 592 904 619 2|
918 592 928 627 )
945 601 952 625 ;

164 644 224 671 ideo
245 643 289 678 qui
308 643 398 669 Volunt
411 642 467 668 lucc
483 641 562 668 verba
581 645 729 677 pervertere
741 660 748 672 ,
769 638 818 673 ipsi
837 638 876 665 eis
895 646 953 672 ma-

164 689 286 717 nentibus
302 692 466 716 evertuntur.

199 734 291 762 LXIX.
313 734 371 761 JUL.
392 732 444 760 Sed
459 732 513 767 jam
529 738 668 766 pergamus
683 729 715 756 ad
734 729 834 764 reliqua
847 750 854 762 ,
868 733 897 756 ut
912 729 954 767 cui

164 779 281 814 dogmati
308 779 448 812 Apostolus
471 778 613 809 coneinat,
634 776 701 802 sicut
721 783 752 802 ex
776 775 856 801 multa
879 779 954 810 parte

164 825 270 858 claruit,
284 824 473 861 processibus’
486 821 697 850 sacri‘Sermonis
712 820 842 855 ostendat.
857 828 867 845 σ
885 819 953 853 Quid

162 862 250 897 autem
266 869 337 896 aliud
358 869 471 896 indicant
493 868 573 895 etiam
596 866 733 900 sequentia
752 865 831 892 verba
847 869 954 900 aposto-

162 915 211 942 lica
224 914 235 942 ?
246 915 311 942 Cum
326 914 395 941 enim
409 908 461 941 hoc
473 913 599 944 dixisset,
616 911 735 945 adjunxit
747 930 754 943 ,
771 909 855 946 Usque
870 910 904 936 ad
917 909 954 937 le-

161 969 217 996 gem
230 966 359 995 peccatum
369 961 394 987 in
405 960 497 986 mundo
512 959 559 994 fuit
574 967 582 984 ι
600 958 609 993 (
622 958 694 984 Rom.
706 965 732 994 γ,
748 956 800 991 15)
815 965 821 983 :
841 966 850 992 φ
863 956 889 991 id
900 960 950 990 est,

160 1007 221 1042 quia
237 1014 286 1034 nec
299 1006 342 1033 lex
355 1006 440 1041 potuit
453 1002 557 1032 auferre
572 1008 721 1038 peccatum.
745 998 882 1041 Peccatum
903 1010 952 1029 au-

161 1057 210 1078 tent
223 1060 273 1079 non
290 1042 457 1087 deputabatur
470 1071 477 1083 ,
500 1047 607 1077 cumlerc
628 1057 676 1076 non
696 1054 768 1075 esset.
789 1048 852 1075 Erat
871 1055 950 1083 ergo,

159 1097 207 1124 sed
229 1103 282 1124 non
302 1096 496 1131 deputabatur,
516 1095 575 1131 quia
598 1103 650 1121 non
670 1093 863 1122 ostendebatur
880 1093 950 1128 quod

161 1142 334 1178 deputaretur
348 1151 355 1169 :
372 1142 439 1170 sicut
454 1142 524 1169 enim
537 1141 599 1178 alibi
612 1140 692 1173 dicit,
708 1139 759 1166 Per
773 1140 851 1174 legem
865 1140 952 1177 cogni-

159 1188 194 1215 tio
205 1189 298 1224 peccati
312 1197 322 1213 ›
338 1187 396 1221 (Id.
410 1195 449 1219 ιιι,
463 1185 526 1221 20).
540 1194 550 1211 ί
565 1185 617 1213 Sed
628 1185 749 1220 regnat-it,
768 1184 866 1218 inquit,
884 1192 951 1212 mors

158 1233 191 1260 ab
205 1233 286 1260 Adam
298 1240 376 1268 usque
385 1232 418 1258 ad
430 1232 534 1267 Moysen
546 1239 556 1263 ;
578 1231 627 1257 hoc
639 1234 680 1257 cst
693 1229 763 1264 quod
782 1237 860 1263 supra
874 1229 951 1257 dixe-

158 1283 219 1312 rat,
233 1286 311 1312 usque
322 1278 356 1304 ad
370 1278 450 1316 legem
461 1284 471 1303 :
483 1284 537 1303 non
551 1283 634 1310 usque
650 1274 684 1302 ad
696 1274 802 1311 Moysen
814 1295 821 1307 ,
837 1278 865 1301 ut
876 1271 952 1301 dein-

158 1332 221 1360 ceps
234 1332 286 1352 non
302 1329 372 1351 esset
385 1328 521 1358 peceatum
537 1331 543 1355 ;
558 1321 603 1349 sed
618 1321 678 1356 quia
698 1327 748 1348 nec
760 1321 802 1355 lex
815 1328 863 1356 per
874 1320 949 1356 Moy-

159 1378 208 1398 sen
222 1370 283 1397 data
298 1377 407 1404 regnum
423 1368 507 1403 potuit
520 1367 613 1394 mortis
624 1367 728 1393 auferre
739 1386 747 1399 ,
767 1373 827 1402 qua:
841 1373 893 1393 non
908 1373 951 1392 re-

158 1420 222 1452 gnat
243 1416 334 1450 utique
352 1415 403 1442 nisi
423 1422 472 1449 per
486 1417 636 1453 peccatum.
652 1413 773 1451 Regnum
794 1419 873 1449 porro
892 1412 950 1446 ejus

158 1467 214 1495 est,
229 1467 259 1490 ut
272 1462 405 1489 hominem
420 1461 557 1488 mortalem
573 1460 600 1487 in
614 1458 756 1486 secundam
777 1458 855 1485 etiam
865 1479 872 1489 ,
891 1466 950 1492 quae

159 1508 319 1543 sempiterna
339 1511 400 1539 est,
416 1506 562 1542 praecipitet
577 1509 699 1532 mortem.
717 1503 836 1539 Regnavit
856 1497 948 1537 autem.

159 1556 186 1582 In
201 1555 320 1590 quibus?
334 1554 418 1581 Etiam
432 1553 458 1580 in
471 1552 519 1585 his,
536 1552 630 1586 inquit,
650 1551 693 1586 qui
708 1559 756 1577 non
771 1552 948 1585 peccaverunt,

157 1603 184 1628 in
206 1600 394 1628 similitudinem
415 1597 627 1634 prtcuaricationis
646 1596 723 1626 Αιίω,
750 1595 793 1631 qui
814 1601 850 1622 est
868 1595 951 1628 [arma

158 1647 237 1681 futuri
249 1655 259 1672 ι
272 1645 327 1681 (Id.
339 1653 366 1677 v,
379 1643 435 1681 14).
450 1653 460 1670 ι
471 1643 551 1678 Cujus
561 1642 651 1674 futuri,
662 1641 712 1668 nisi
722 1640 837 1668 Christi?
850 1644 875 1666 et
886 1647 950 1675 qua—

159 1693 189 1720 lis
204 1693 286 1720 forma
299 1712 307 1726 ,
321 1681 405 1719 nisia
420 1690 553 1718 contrario
565 1689 577 1716 't
596 1688 670 1722 Quod
695 1687 756 1714 alibi
772 1687 851 1714 etiam
864 1686 928 1714 dicit
942 1694 948 1712 :

159 1739 232 1766 Sicut
245 1740 270 1765 in
285 1738 367 1765 Adam
384 1744 468 1764 onmes
481 1735 622 1762 moriuntur
633 1755 640 1767 ,
655 1734 691 1760 ita
704 1733 730 1759 in
748 1732 847 1760 Clu-isto
864 1739 950 1764 omnes

159 1784 350 1819 viviﬁcabuntur
361 1792 370 1809 ι
385 1781 412 1817 (1
422 1782 480 1808 Cor.
491 1789 536 1812 xv,
548 1779 605 1815 2‘2).
622 1788 631 1805 ι
643 1779 715 1807 Sicut
733 1779 758 1805 in
771 1778 815 1805 illo
828 1776 902 1809 illud,
915 1777 950 1803 ita

160 1832 185 1857 in
209 1829 261 1856 isto
283 1828 352 1856 istud
370 1837 377 1854 :
398 1827 453 1863 ipsa
475 1830 516 1854 est
537 1825 631 1853 forma.
654 1824 707 1852 Sed
721 1824 777 1851 hrec
791 1823 874 1850 forma
896 1831 949 1849 non

158 1875 230 1903 omni
243 1883 275 1902 ex
296 1878 370 1909 parte
383 1872 527 1900 conformis
539 1876 580 1899 est
594 1879 600 1896 :
616 1870 686 1897 unde
696 1870 739 1896 hic
752 1868 893 1904 Apostolus
906 1875 951 1896 se-

157 1920 237 1949 cutus
247 1919 367 1954 adjunxit
376 1939 382 1950 ,
397 1918 450 1946 Sed
462 1926 512 1945 non
531 1918 595 1944 sicut
608 1916 725 1943 delictum
738 1936 745 1950 ,
757 1915 791 1942 ita
802 1920 824 1942 et
836 1915 949 1942 donatio.

158 1967 189 1995 Si
201 1966 267 1993 enim
280 1965 309 1992 ob
320 1965 394 1991 unius
404 1963 521 1990 delictum
532 1962 605 1989 multi
616 1961 707 1988 mortui
716 1965 776 1988 aunt
788 1982 794 1992 ,
806 1961 885 1988 multo
897 1969 952 1996 mq—

157 2014 196 2049 gis
214 2013 295 2048 gratia
312 2012 359 2040 Dei
378 2016 400 2039 et
422 2011 516 2038 donum
535 2010 561 2037 in
574 2010 657 2045 gratia
671 2009 747 2049 unius
763 2008 870 2042 hominis
889 2007 951 2049 Iesu

158 2058 251 2086 Clu-isti
267 2058 294 2085 in
307 2058 398 2084 mullos
417 2056 552 2095 abundavit
574 2055 669 2093 (Rom.
683 2062 709 2086 v,
727 2052 787 2089 15).
808 2053 875 2086 Quid
889 2057 949 2085 cst,

157 2104 237 2131 multo
248 2103 329 2139 magis
342 2102 479 2129 abundauit
493 2101 506 2127 .9
517 2100 583 2134 Quia
594 2106 686 2126 omnes
699 2098 742 2131 qui
758 2105 804 2133 per
816 2097 948 2125 Christum

157 2149 321 2180 liberantur,
346 2145 529 2180 temporaliter
549 2148 657 2178 propter
677 2143 760 2170 Adam
781 2142 948 2175 moriuntur,

157 2198 267 2228 propter
280 2193 365 2228 ipsum
379 2194 467 2218 autem
476 2189 612 2217 Christum
623 2188 680 2215 sine
690 2187 742 2214 line
754 2187 848 2214 victuri
862 2191 924 2214 sunt
938 2195 947 2212 I

158 2240 168 2275 (
181 2239 219 2266 De
239 2238 345 2274 Nuptiis
358 2242 380 2265 et
394 2236 603 2272 Concupisceutia
615 2256 622 2268 ,
642 2234 685 2261 lib.
710 2234 738 2267 2,
751 2242 777 2260 η.
788 2233 823 2261 46
835 2233 854 2268 ).
880 2232 949 2260 Nihil

158 2285 231 2312 aliud
255 2284 479 2319 consequentibus
500 2281 619 2317 Apostoli
645 2280 813 2308 sermonibus
839 2279 950 2306 indicari

158 2321 294 2366 professus
306 2337 334 2357 es
349 2337 427 2364 quam
438 2328 564 2363 originale
575 2330 711 2362 peccatum
726 2335 732 2353 :
747 2325 817 2361 quod
835 2332 883 2352 nos
902 2333 950 2360 ap-

158 2365 329 2412 probavimus
355 2375 413 2409 ipso
437 2374 477 2401 sui
500 2372 610 2400 exordio
633 2380 686 2399 non
706 2372 739 2399 ab
757 2378 790 2398 eo
814 2375 950 2401 ostensum

158 2423 249 2454 fuisse,
260 2422 320 2457 quia
334 2429 382 2456 per
396 2428 488 2453 unum,
504 2427 557 2446 non
569 2426 616 2453 per
628 2418 705 2451 duos,
719 2421 856 2452 peccatum
868 2419 950 2443 trans-

159 2469 214 2496 isse
228 2467 385 2502 signaverat.

195 2509 263 2541 Auc’.
283 2513 340 2540 .Iam
354 2504 510 2548 responsum
522 2513 579 2543 est,
595 2513 622 2537 et
636 2509 722 2536 adhuc
734 2513 762 2536 tu
775 2515 841 2535 vana
859 2508 951 2543 loque-

156 2560 195 2587 ris
208 2568 214 2586 :
227 2550 313 2593 neque
328 2552 419 2585 enim"
433 2557 482 2584 hoc
502 2557 598 2584 mirum
620 2560 680 2588 est;
694 2554 780 2581 adhuc
799 2554 870 2581 enim
888 2554 950 2589 quid

157 2602 340 2638 responderim
361 2603 447 2630 nescis
466 2612 472 2629 :
496 2607 557 2629 tunc
573 2601 626 2629 eris
642 2600 821 2636 impudentior
840 2599 948 2634 quando

158 2649 251 2677 scieris
262 2670 270 2682 ,
287 2648 308 2676 si
328 2648 404 2675 vanis
416 2648 516 2675 relictis
529 2655 590 2675 vera
610 2651 701 2674 tenere
715 2646 842 2673 nolueris.

141 2710 147 2727 ι
195 2694 277 2722 LXX.
297 2694 358 2721 JL'L.
381 2693 565 2720 Verumtamen
579 2697 667 2718 utrum
686 2691 711 2718 id
729 2691 799 2726 quod
814 2691 949 2725 praeterie-

189 2759 462 2793 ‘Editi,itteo,inquo.
492 2788 497 2793 ι
582 2791 586 2793 _
628 2788 633 2793 ι
667 2788 673 2793 _
794 2787 799 2792 .

188 2793 198 2808 ³
214 2793 250 2817 sic
261 2788 314 2817 Mss.
325 2788 392 2818 Editi.
405 2788 436 2815 ea:
447 2788 522 2821 multa
532 2791 600 2821 parte
611 2788 684 2813 claris
694 2788 851 2821 processibus.

189 2823 199 2838 '
216 2823 283 2852 ratu,
294 2828 369 2853 neque
381 2821 424 2846 hoc
435 2820 524 2846 mirum
533 2819 577 2849 est,
593 2819 774 2850 omisso,'enim.
783 2819 827 2843 sed
838 2819 862 2842 in
873 2819 949 2843 omni-

156 2854 203 2879 bus
212 2853 378 2885 mamiptis
389 2855 476 2878 exstat.

501 126 622 156 OPERIS
641 123 844 153 IMPERFECTI
862 122 998 150 CONTRA
1019 121 1200 158 IULIANUM.
1219 124 1248 152 S.
1270 124 1451 154 AUGUSTINI

1709 154 1711 156 .
1727 132 1796 159 11ῖῖ

1008 184 1067 226 rat,
1084 180 1126 208 vel
1147 189 1217 209 nunc
1238 182 1357 218 intimet,
1373 184 1574 220 expettdendum
1588 190 1637 225 est.
1660 186 1744 223 Usque
1762 190 1797 226 μά

1008 225 1085 260 legem
1097 246 1105 259 ,
1129 226 1221 261 inquit,
1237 233 1363 262 peccatum
1383 230 1408 259 in
1422 230 1524 265 mundo.
1540 229 1580 266 _'l'u
1592 224 1659 265 dicis
1673 234 1732 267 quia
1748 224 1795 272 hoc

1007 276 1143 305 peccatum
1159 273 1301 307 Apostolus
1313 275 1432 302 naturale
1444 275 1556 311 voluerit
1574 276 1683 311 intelligi
1700 286 1706 303 ε
1722 287 1796 313 qttgt-

1006 323 1038 343 ro
1055 324 1135 351 ergo,
1153 318 1175 344 si
1197 326 1280 353 usque
1302 319 1333 346 ad
1348 320 1433 355 legem
1456 321 1521 352 fuit,
1538 329 1585 353 cur
1605 322 1714 356 desierit
1737 332 1797 352 esse

1006 367 1066 396 post
1082 362 1178 397 legem.
1196 363 1288 398 Neque
1307 362 1376 396 enim
1392 366 1532 400 acquiesco
1543 387 1550 398 ,
1572 371 1598 394 ut
1613 359 1694 402 usque
1709 369 1740 395 ad
1758 370 1795 399 le-

1005 414 1081 441 gem,
1098 415 1181 442 usque
1202 408 1235 435 ad
1257 409 1335 447 tlnem
1356 409 1430 444 ejus,
1454 412 1541 445 potius
1561 419 1639 446 quam
1659 420 1742 451 usque
1763 415 1796 443 ad

1006 457 1126 480 exortum
1149 453 1302 488 intelligam.
1319 455 1420 487 Mecum
1441 453 1502 483 facit
1523 458 1598 488 ,verbi
1622 459 1793 498 proprietas:

1005 498 1076 533 quod
1089 498 1152 526 dicit
1166 507 1249 535 usque
1262 501 1294 528 ad
1309 502 1392 537 legem
1414 502 1496 532 fuisse
1509 524 1517 537 ,
1533 505 1647 541 osteudit
1661 514 1712 532 non
1736 514 1795 534 esse

1002 548 1065 589 [post
1086 544 1169 579 legem
1186 553 1193 578 ;
1215 550 1242 573 et
1260 547 1443 582 quodcumque
1459 553 1576 587 tempore
1597 549 1712 589 ablatum
1734 556 1794 586 est,

1006 590 1125 617 naturale
1144 598 1195 617 non
1216 589 1272 618 fuit.
1290 592 1365 626 Quod
1379 600 1441 630 ergo
1460 593 1566 629 infregit
1587 587 1698 622 censura
1713 596 1794 632 legis,

1005 640 1032 661 et
1054 634 1219 671 infringendo
1238 645 1270 664 ex
1286 639 1367 665 multa
1384 632 1455 673 parte
1470 642 1591 668 restituit
1609 642 1628 675 ',
1649 642 1796 671 imitatione

1005 686 1124 718 apparet,
1138 690 1189 709 non
1203 684 1374 717 generatione
1388 690 1551 721 susceptum.

1041 728 1107 755 Anc.
1128 727 1150 755 Ο
1170 728 1333 757 intellectum
1344 750 1351 762 ,
1367 730 1430 766 quid
1445 725 1516 758 aliud
1530 732 1615 759 dicam
1628 753 1636 765 ,
1651 741 1728 768 quam
1745 733 1796 768 hae-

1004 773 1114 800 reticum
1130 773 1179 815 !_Si
1194 782 1256 810 ergo
1270 776 1310 803 lex
1325 776 1433 804 abstulit
1448 783 1583 811 peccatum
1597 800 1604 812 ,
1618 780 1680 814 quia
1697 780 1735 807 sic
1754 781 1795 816 vis

1005 819 1114 854 intelligi
1130 829 1207 855 usque
1223 822 1257 848 ad
1272 822 1350 858 legem
1364 831 1374 855 ;
1388 823 1434 850 fuit
1445 818 1509 860 ergo
1523 833 1572 861 per
1586 825 1670 861 legem
1681 826 1794 862 justitia.

1005 864 1036 891 Si
1047 872 1093 899 per
1111 866 1190 900 legem
1197 867 1298 901 justitia
1311 875 1321 899 ;
1333 876 1391 906 ergo
1406 868 1518 896 Christus
1531 870 1609 905 gratis
1629 877 1740 899 mortuus
1760 878 1796 900 est

1006 909 1111 944 (Galat.
1123 911 1228 948 ιι,21).
1242 912 1269 939 Si
1283 919 1370 941 autem
1394 920 1529 949 peccatum
1550 916 1592 944 lex
1613 925 1666 945 non
1688 907 1795 947 abstulit

1003 960 1031 983 ut
1044 963 1096 983 non
1112 961 1192 989 esset,
1206 958 1275 993 quod
1287 960 1358 993 prius
1369 967 1428 987 eam
1443 960 1537 988 fecisse
1550 961 1654 994 dixeras
1666 983 1673 995 ,
1688 967 1715 990 et
1734 972 1795 992 mox

1003 1004 1029 1028 te
1051 1002 1195 1036 paenituit;
1220 1003 1267 1031 sed
1283 1009 1370 1032 tamen
1393 1011 1530 1044 peccatum
1553 1006 1596 1034 lex
1620 1007 1745 1043 infregit,
1766 1014 1795 1044 ut

989 1050 1092 1079 postea
1113 1047 1252 1076 corrcxisti
1263 1070 1269 1082 ,
1291 1053 1316 1076 et
1329 1057 1360 1077 ex
1375 1052 1455 1078 multa
1471 1056 1546 1088 parte
1560 1053 1682 1081 restinxit
1698 1063 1704 1081 :
1720 1063 1794 1083 men-

1002 1092 1065 1119 titus
1079 1097 1119 1120 est
1131 1094 1175 1128 qui
1189 1094 1235 1127 ait,
1251 1094 1305 1122 Lex
1316 1096 1462 1124 tmbinlravit
1474 1102 1504 1125 ιιι
1522 1099 1661 1128 abundaret
1676 1100 1792 1135 delictum

1002 1136 1091 1171 (Rom.
1101 1145 1127 1171 v,
1142 1139 1177 1167 20
1185 1138 1204 1175 ).
1219 1140 1269 1167 Sed
1285 1141 1345 1175 quia
1361 1142 1404 1169 ille
1421 1150 1512 1180 verum
1524 1144 1605 1177 dixit,
1631 1149 1656 1175 tu
1672 1146 1735 1173 nihil
1754 1147 1794 1175 di-

1002 1181 1040 1208 cis
1061 1191 1068 1215 ;
1097 1187 1124 1210 et
1141 1188 1231 1220 tamen
1257 1185 1320 1212 nihil
1343 1186 1473 1222 dicendo,
1500 1187 1624 1221 haeretica
1649 1191 1793 1226 pertinacia

1001 1228 1170 1256 contradicis.

1036 1271 1129 1309 LXXI.
1141 1273 1199 1301 ιω..
1213 1274 1310 1302 Verum
1324 1283 1359 1303 ne
1369 1277 1460 1305 videar
1472 1277 1514 1305 hic
1525 1279 1604 1306 nimis
1615 1284 1701 1307 tecum
1712 1288 1793 1316 agere

1000 1319 1139 1357 tenaciter,
1154 1321 1363 1357 acquiescamus,
1379 1323 1449 1358 quod
1465 1332 1541 1358 usque
1561 1325 1595 1356 od
1608 1325 1695 1360 legem,
1711 1334 1793 1363 usque

1000 1363 1034 1390 ad
1049 1363 1183 1392 Christum
1197 1367 1279 1400 possit
1292 1367 1401 1406 intelligi
1417 1376 1424 1395 :
1438 1369 1562 1397 concedis
1576 1377 1639 1405 ergo
1654 1375 1790 1407 peceatqu

1001 1409 1053 1437 hoe
1072 1411 1142 1446 quod
1156 1411 1223 1439 dicis
1238 1412 1364 1447 originale
1374 1411 1383 1445 ,’
1398 1421 1450 1440 non
1472 1421 1531 1441 esse
1550 1418 1610 1451 post
1633 1415 1769 1445 Christum
1782 1416 1794 1442 ?

1002 1457 1034 1483 Et
1047 1457 1194 1491 quomodo,
1217 1458 1282 1485 etin
1297 1458 1484 1494 Apostolorum
1498 1460 1625 1494 membris
1635 1480 1642 1492 ,
1657 1465 1683 1487 et
1698 1462 1722 1487 in
1737 1470 1794 1492 om-

1000 1502 1078 1529 nibus
1092 1502 1228 1537 baptizatis
1238 1524 1246 1536 ,
1261 1507 1288 1530 et
1302 1499 1387 1538 usque
1401 1503 1480 1531 hodie
1499 1509 1559 1542 post
1580 1509 1618 1531 tot
1635 1506 1732 1541 saecula
1743 1506 1794 1543 ad-

1001 1547 1096 1586 ventus
1119 1547 1237 1582 Christi,
1259 1556 1326 1583 opus
1351 1548 1465 1582 diaboli,
1490 1549 1612 1577 fruticem
1634 1551 1793 1587 adversaria:

1000 1595 1139 1629 potestatis
1149 1616 1156 1628 ,
1172 1595 1309 1630 legemque
1323 1595 1425 1630 peccati
1440 1603 1564 1632 manere,
1582 1597 1670 1635 vigere
1681 1617 1688 1630 ,
1704 1597 1793 1636 vivere

1000 1639 1067 1666 dicis
1077 1639 1088 1665 ?
1324 1637 1326 1639 ⁷

1036 1685 1103 1712 Anc.
1119 1684 1176 1711 Non
1192 1684 1242 1712 hoc
1257 1684 1316 1712 dico
1331 1694 1337 1712 :
1353 1686 1418 1714 nihil
1440 1686 1516 1714 dicis.
1539 1687 1616 1715 Aliud
1639 1692 1678 1715 est
1696 1696 1792 1724 pecco-

1001 1734 1073 1763 tum,
1095 1730 1165 1757 aliud
1184 1731 1398 1765 concupiscentia
1413 1732 1512 1766 peccati
1523 1753 1530 1766 ,
1546 1733 1586 1760 cui
1602 1740 1654 1760 non
1677 1742 1792 1761 consen~

997 1775 1033 1801 tit
1045 1774 1088 1809 qui
1108 1782 1156 1810 per
1169 1776 1279 1810 gratiam
1293 1775 1337 1802 Dei
1352 1783 1403 1803 non
1420 1781 1513 1811 peccat
1535 1786 1542 1805 :
1562 1779 1682 1814 quamvis
1695 1783 1722 1805 et
1737 1779 1793 1817 ipsa

998 1819 1330 1855 eoneupiscentirpeccati
1347 1827 1457 1849 vocetur
1471 1828 1608 1857 peccatum
1620 1844 1627 1856 ,
1652 1824 1711 1859 quia
1733 1823 1794 1858 pec-

1000 1869 1061 1893 cato
1076 1865 1143 1893 facta
1156 1870 1205 1893 est.
1222 1865 1296 1894 Sicut
1317 1867 1446 1901 scriptura
1469 1868 1593 1902 qutelibet
1605 1888 1611 1900 ,
1627 1876 1720 1896 manus
1735 1869 1794 1904 ejus

1000 1912 1097 1940 dicitur
1112 1913 1187 1948 cujus
1209 1921 1289 1940 manu
1310 1912 1375 1940 facta
1391 1917 1442 1941 est.
1459 1913 1496 1941 De
1511 1922 1563 1949 quo
1585 1919 1673 1951 autem
1693 1915 1793 1943 dictum

1000 1962 1059 1997 est,
1079 1958 1144 1985 Ecce
1162 1958 1248 1993 Agnus
1273 1958 1331 1992 Dei,
1359 1966 1414 1985 erce
1431 1960 1476 1994 qui
1499 1959 1564 1997 tollit
1585 1965 1686 1994 peccata
1706 1960 1794 1987 mundi

1002 2002 1097 2038 (Joon.
1112 2011 1130 2035 ι,
1145 2002 1223 2035 29);
1243 2003 1300 2037 ipse
1321 2008 1424 2030 reatum
1446 2004 1566 2038 peccati,
1588 2004 1658 2038 quod
1683 2012 1794 2041 genera-

1002 2048 1073 2075 tione
1093 2047 1215 2081 trabitur,
1229 2048 1430 2082 regeneratione
1444 2048 1565 2076 dissolvit
1579 2057 1586 2081 ;
1602 2050 1658 2084 ipse
1671 2050 1792 2086 spiritum

1001 2093 1103 2121 donans
1117 2092 1179 2120 facit
1194 2100 1246 2120 non
1260 2101 1372 2128 regnare
1388 2098 1524 2129 peccatum
1541 2095 1567 2122 in
1581 2101 1671 2122 nostro
1688 2096 1793 2123 mortali

1001 2147 1114 2175 corpore
1126 2139 1158 2167 ad
1178 2139 1356 2167 obediendum
1378 2141 1600 2176 concupiscentiis
1613 2141 1671 2176 ejus
1691 2142 1699 2177 (
1717 2140 1792 2169 Rom.

1001 2193 1039 2218 vt,
1055 2184 1107 2220 l2)
1124 2194 1132 2218 ;
1149 2185 1204 2220 ipse
1219 2186 1370 2221 quotidiana
1387 2186 1547 2224 indulgentia
1559 2207 1567 2220 ,
1587 2192 1697 2222 propter
1714 2196 1793 2222 quam

1001 2231 1118 2266 quotidie
1131 2231 1243 2258 dicimus
1255 2252 1262 2265 ,
1285 2231 1389 2258 Dimitte
1403 2232 1473 2259 nobis
1485 2232 1567 2259 debita
1577 2238 1663 2260 nostra
1679 2233 1789 2270 (Matth.

1001 2285 1044 2311 γι,
1067 2276 1119 2313 12)
1132 2298 1139 2310 ,
1160 2277 1182 2304 si
1204 2277 1267 2312 quid
1286 2277 1500 2312 concupiscentia
1521 2278 1623 2312 peccati
1646 2278 1726 2306 etiam
1747 2278 1793 2306 be-

1001 2330 1036 2350 ne
1057 2322 1207 2350 rcsistendo
1228 2322 1390 2350 certantibus
1409 2324 1478 2350 male
1499 2323 1678 2364 persuaserit,
1705 2324 1788 2351 mise<

1002 2369 1086 2396 ricors
1099 2368 1170 2395 delet
1185 2376 1192 2399 ;
1215 2368 1271 2403 ipse
1290 2368 1364 2403 gravi
1383 2369 1459 2396 ruina
1480 2369 1561 2396 elisos
1573 2368 1649 2405 erigit
1664 2369 1794 2403 pteniten-

1002 2418 1063 2446 tes;
1085 2413 1142 2448 ipse
1164 2413 1208 2440 ubi
1227 2421 1279 2440 non
1298 2414 1382 2447 possit
1396 2414 1504 2440 omnino
1523 2414 1646 2449 peccari,
1666 2413 1794 2448 perducet

1001 2459 1196 2493 constituetque
1219 2459 1397 2493 regnantes’,
1421 2458 1526 2495 quando
1540 2458 1651 2492 dicitur,
1670 2456 1719 2486 Ubi
1737 2463 1793 2492 est,

1002 2512 1079 2537 mors,
1091 2503 1215 2531 contentio
1227 2508 1270 2531 tuo
1279 2504 1292 2531 7
1303 2504 1346 2531 ubi
1356 2508 1393 2531 est
1402 2524 1410 2536 ,
1423 2512 1490 2531 mors
1504 2524 1511 2537 ,
1524 2495 1625 2531 oculeus
1636 2509 1693 2535 tutis
1704 2503 1716 2530 1’
1727 2496 1790 2530 Αιιιέ

1001 2551 1055 2577 tetu
1068 2555 1151 2577 autem
1164 2549 1251 2576 mortis
1271 2553 1307 2575 est
1327 2554 1456 2584 peccatum
1472 2547 1482 2585 (
1490 2548 1502 2576 I
1513 2548 1571 2576 Cor.
1585 2557 1632 2579 xv,
1649 2549 1684 2577 55
1695 2553 1718 2576 et
1730 2547 1790 2583 56).

1002 2595 1071 2622 Ecce
1083 2594 1217 2629 quomodo
1231 2598 1367 2628 peccatum
1382 2594 1472 2621 mundi
1487 2594 1578 2630 Agnus
1597 2594 1643 2626 ille
1656 2594 1702 2622 Dei
1717 2594 1727 2610 ³
1743 2594 1792 2621 tol-

1002 2641 1041 2675 lit,
1056 2640 1125 2682 quod
1137 2641 1179 2676 lex
1192 2640 1298 2678 auferre
1311 2647 1363 2673 non
1378 2640 1472 2675 potuit.

1038 2686 1142 2713 LXXII.
1163 2685 1221 2713 JUL.
1243 2684 1340 2712 Verum
1361 2684 1498 2714 videamus
1517 2688 1544 2712 et
1562 2685 1673 2720 reliqua.
1695 2684 1792 2713 Pecca-

1035 2788 1042 2802 '
1060 2787 1096 2811 sic
1106 2789 1159 2811 Mss.
1175 2789 1201 2810 At.
1212 2786 1278 2813 editi.
1291 2785 1423 2810 restrinxit.

1033 2819 1042 2833 '
1059 2821 1123 2845 Mss..
1135 2816 1245 2847 pcrdurit
1261 2815 1423 2848 constituitque
1435 2819 1568 2848 regnantes.

1034 2849 1044 2864 ³
1060 2844 1212 2872 ωιιιίηωω.
1227 2846 1335 2872 Attamen
1346 2844 1397 2871 uss.
1412 2844 1473 2872 Pori.
1551 2845 1622 2879 dan,
1633 2844 1686 2872 Dei.
