4004 6190
360 299 500 364 Ητδ

361 427 470 472 tum
509 422 681 468 autem
719 429 818 467 non
856 409 1206 482 deputabatur,
1253 407 1329 462 ait
1361 405 1678 476 Apostolus,
1717 413 1832 460 eum
1865 399 1948 459 ira:

367 523 471 560 non
501 511 628 559 esset
657 501 850 573 (Rom.
881 514 936 566 v,
959 497 1062 571 I3)
1094 505 1253 568 :‘po‘St
1277 495 1416 567 quod
1444 505 1499 550 tu
1520 494 1731 560 subdis,
1765 510 1784 545 t
1821 495 1948 548 Erat

360 612 524 668 ergo,
569 594 663 650 sed
709 609 817 649 non
859 592 1214 663 deputabatur
1239 633 1254 658 ,
1303 591 1439 666 sicut
1477 588 1602 643 alibi
1640 575 1799 656 dicit,
1844 584 1948 642 Per

359 689 517 758 legent
547 686 767 761 cognitio
793 685 1035 763 peccatio
1065 683 1192 755 (Id.
1233 697 1312 748 m,
1347 681 1476 751 20).
1505 679 1562 737 Si
1594 681 1721 750 ergo
1750 691 1843 750 per
1866 679 1947 734 le-

356 793 478 850 gem
508 777 709 848 peccati
743 776 984 830 estfacta
1015 775 1276 846 cognitio,
1309 785 1364 828 et
1395 781 1675 844 peccatum
1716 769 1946 834 traducis

354 880 482 926 ante
522 871 692 940 legem
724 883 829 923 non
858 867 1257 937 imperabatur;
1305 865 1528 922 ostende
1568 866 1668 920 hoc
1713 867 1944 936 itnpu‘ta-o

357 971 470 1017 tum
497 961 657 1015 fuisse.
693 957 794 1014 sub
815 958 953 1028 iege.
979 957 1111 1013 Nam
1149 959 1192 1012 si
1222 974 1315 1028 per
1345 958 1512 1028 legem
1541 957 1742 1027 peccati
1768 957 1948 1026 cegni-

356 1053 464 1116 lio,
491 1061 614 1106 ante
637 1050 808 1121 legem
826 1049 1088 1120 ignoratio
1112 1050 1352 1120 peccati;
1398 1049 1592 1118 ambigi
1623 1059 1726 1101 non
1771 1055 1947 1117 potest

355 1138 497 1196 bane
542 1140 704 1196 fuisse
739 1155 953 1195 causam
999 1141 1288 1214 maximam
1336 1138 1736 1210 promulganda:
1775 1137 1942 1207 legis,

355 1240 414 1287 ut
443 1231 759 1302 proderetur
781 1240 840 1286 ει-
859 1239 1138 1286 caveretur
1167 1274 1181 1298 ,
1212 1230 1351 1302 quod
1395 1232 1541 1302 prius
1581 1230 1800 1284 latebat.

428 1325 563 1378 Λυο.
611 1322 676 1378 Ut
716 1321 1032 1392 proderetur
1057 1364 1070 1389 ,
1108 1332 1292 1376 verum
1323 1321 1456 1376 dicis
1487 1337 1500 1386 ;
1531 1321 1633 1375 hoc
1663 1326 1714 1375 ei
1744 1336 1839 1374 nos
1865 1315 1946 1374 di-

354 1415 528 1468 cimus
569 1430 587 1468 :
619 1419 675 1467 ut
702 1424 877 1468 autem
920 1421 1237 1477 caveretur,
1281 1428 1388 1468 non
1428 1411 1513 1467 lex
1540 1455 1554 1479 ,
1603 1409 1696 1467 Sed
1736 1412 1942 1483 gratia;

355 1520 464 1560 non
497 1505 670 1560 littera
696 1546 712 1572 ,
745 1505 838 1560 sed
866 1505 1083 1575 Spiritus
1116 1504 1257 1560 fecit.
1288 1503 1394 1559 Lex
1423 1501 1563 1559 enim
1592 1505 1942 1571 subintravit,

356 1611 464 1651 non
515 1605 572 1650 ut
609 1602 925 1663 caveretur,
969 1595 1064 1650 sed
1108 1603 1166 1650 ut
1205 1595 1498 1649 abundaret
1542 1599 1848 1665 peccatum,
1893 1602 1947 1649 et

358 1687 817 1758 superabundanet
864 1687 1054 1758 gratia,
1103 1695 1209 1757 qua
1261 1697 1533 1756 peccatum
1571 1698 1624 1742 et
1672 1684 1948 1742 deleretur

353 1781 556 1836 tactum
579 1823 592 1846 ,
623 1790 678 1835 et
703 1795 770 1835 ne
793 1779 949 1835 ﬁeret
977 1785 1272 1835 caveretur.
1889 1783 1894 1788 '

431 1869 666 1926 LXXIII.
706 1870 824 1926 ιυι..
865 1870 964 1925 Hic
985 1870 1056 1926 sit
1082 1881 1208 1940 ergo
1236 1873 1442 1925 summa
1470 1870 1779 1925 certaminis
1808 1885 1822 1924 :
1856 1880 1948 1924 aut

355 1963 582 2018 ostende
609 1964 920 2032 imputatum
953 1962 1050 2017 sub
1067 1960 1187 2032 lege
1209 1961 1381 2017 fuisse
1407 1963 1654 2033 cuiquam
1683 1959 1940 2032 originale

354 2063 633 2125 peccatum
658 2095 674 2122 ,
717 2054 940 2110 ostende
981 2054 1141 2110 fuisse
1179 2063 1532 2110 monstratum
1563 2071 1577 2121 ;
1624 2063 1680 2110 et
1715 2065 1944 2110 censen-

351 2145 485 2200 titrm
514 2145 583 2201 de
604 2144 706 2199 hoc
735 2155 957 2214 peccato
983 2145 1296 2215 Apostohtm
1317 2145 1552 2200 locutum
1583 2141 1767 2200 fuisse.

424 2237 568 2292 Anc.
604 2235 842 2290 Ostende
876 2235 1096 2305 quidem
1118 2275 1134 2301 ,
1176 2235 1320 2305 quod
1355 2245 1618 2305 provocas
1667 2244 1724 2289 ut
1764 2241 1946 2291 o‘sten-

349 2323 481 2378 dam
524 2341 539 2377 :
582 2323 680 2379 sed
719 2324 762 2378 si
790 2324 972 2379 oculos
1002 2325 1254 2393 operiatis
1282 2324 1347 2379 ad
1376 2339 1437 2379 ea
1466 2339 1584 2394 quae
1623 2325 1807 2381 videre
1843 2342 1948 2381 non

353 2414 516 2468 vultis
545 2414 564 2445 ¹
583 2455 597 2478 ,
630 2422 685 2470 et
718 2429 788 2469 ne
810 2413 877 2468 αἱ)
903 2415 1022 2469 aliis
1049 2413 1348 2481 videamur,
1391 2415 1615 2470 nebulas
1654 2417 1950 2472 contentio-

353 2505 440 2558 nis
477 2497 774 2558 oii'unditis.
820 2503 1167 2558 Circumcisio
1205 2503 1382 2560 carnis
1412 2503 1432 2536 ²
1459 2546 1474 2572 ,
1522 2505 1641 2575 iege
1687 2511 1946 2576 prmcepia
2019 2523 2022 2528 ·

354 2604 439 2648 est
479 2595 497 2662 (
517 2591 646 2647 Gen.
675 2607 814 2660 ινιτ,
845 2593 954 2663 12)
987 2611 1002 2659 ;
1035 2607 1136 2664 qua
1174 2606 1278 2649 non
1311 2602 1490 2664 posset
1526 2594 1716 2650 melius
1750 2592 1948 2664 signiﬁ-

354 2683 463 2738 cari
486 2724 499 2747 ,
534 2699 627 2752 per
651 2682 923 2738 Christum
950 2685 1367 2753 regenerationis
1395 2692 1664 2739 auctorem
1696 2685 1803 2740 tolli
1835 2683 1946 2740 ori-

357 2774 536 2844 ﬁnale
564 2781 862 2842 peccatum.
893 2767 1024 2828 Cum
1056 2775 1319 2844 praeputio
1357 2775 1551 2845 quippe
1581 2775 1758 2830 omnis
1779 2775 1947 2831 ’h'omo

339 2867 600 2921 nascitur
629 2909 643 2932 ,
685 2867 1132 2936 quemadmodum
1171 2881 1292 2922 eum
1331 2867 1571 2937 originali
1607 2872 1824 2937 peccato
1850 2873 1870 2924 ε’
1895 2877 1949 2924 ει

358 2968 551 3012 octavo
575 2956 662 3012 die
690 2957 772 3012 lex
797 2957 1102 3013 circumcidi
1125 2971 1338 3012 carnem
1365 2958 1636 3028 put-cepit,
1662 2959 1782 3028 quia
1804 2957 1947 3013 Citri-

355 3055 476 3102 ειυς
505 3047 591 3101 die
615 3048 881 3102 dutninico
907 3049 1218 3110 resurrexit,
1248 3049 1337 3118 Qui
1366 3056 1485 3118 post
1508 3048 1792 3118 septimum
1822 3051 1947 3103 sai)-

357 3141 470 3195 hati
498 3148 716 3196 octavus
745 3141 825 3197 est
853 3159 867 3197 :
896 3151 950 3196 et
973 3140 1320 3196 circumcisus
1360 3141 1728 3211 prasputiat'um
1760 3142 1946 3212 gignit,

356 3230 635 3301 trajicieus
672 3232 725 3286 in
751 3233 902 3287 illum
929 3239 1034 3303 quo
1062 3233 1174 3304 ipse
1197 3232 1307 3302 jam
1343 3233 1511 3286 caruit
1545 3249 1558 3299 ;
1606 3232 1743 3287 sicut
1781 3229 1951 3302 bapti-

355 3335 513 3378 zatus
551 3325 606 3378 in
649 3322 812 3378 lilium
843 3333 1000 3396 quem
1036 3333 1251 3394 generat
1277 3335 1471 3388 carne,
1504 3316 1712 3378 reatum
1762 3333 1945 3379 tamen

359 3417 558 3485 trajieit
580 3415 802 3486 originis
827 3459 842 3483 ,
872 3431 977 3485 quo
1002 3415 1275 3470 absolutus
1301 3425 1382 3469 est
1410 3415 1544 3483 ipse.
1585 3404 1862 3470 Postremo
1896 3415 1948 3470 in

357 3508 478 3576 lege
517 3506 747 3576 scriptus
775 3517 859 3563 est
887 3503 1130 3562 Psalmus
1162 3525 1175 3561 :
1220 3506 1329 3578 Ego
1367 3506 1419 3560 in
1456 3493 1797 3576 iniquitatibus
1831 3513 1952 3562 con-

355 3609 535 3665 ceptus
560 3612 675 3652 sum
696 3640 708 3662 ,
749 3607 794 3652 et
821 3599 872 3651 t'n
901 3599 1115 3666 peccatis
1152 3607 1309 3651 muter
1335 3607 1444 3650 mea
1470 3599 1520 3651 in
1551 3605 1691 3652 utero
1722 3610 1799 3652 me
1826 3599 1952 3653 aluit

357 3693 380 3760 (
406 3689 552 3746 Psal.
581 3699 633 3759 ti,
658 3691 696 3746 Ἰ
718 3693 758 3763 ).
785 3691 938 3760 Quod
984 3692 1232 3748 videretis
1275 3689 1514 3761 profecto
1534 3734 1548 3757 ,
1599 3707 1698 3745 nec
1722 3691 1949 3746 audere-

356 3787 438 3840 tls-
474 3781 671 3856 aliquid
712 3787 1077 3854 contradicere
1097 3828 1111 3850 ,
1140 3785 1184 3840 si
1213 3783 1479 3856 Cypriano
1498 3827 1513 3852 ,
1543 3791 1598 3839 et
1639 3781 1942 3850 Ambrosio,

358 3877 677 3946 exterisque
707 3876 906 3930 talibus
947 3874 1201 3931 Ecclesiae
1239 3874 1581 3940 doctoribus,
1619 3871 1742 3930 ﬁdei
1768 3871 1951 3930 oculos

356 3960 564 4019 similes
606 3965 889 4021 haberetis.

433 4049 671 4111 LXXIV.
710 4052 829 4112 ιω..
862 4057 969 4110 Aut
994 4062 1140 4112 certe
1167 4057 1290 4126 quia
1332 4053 1438 4110 hoc
1478 4053 1530 4109 in
1568 4053 1684 4126 lege
1723 4063 1825 4109 nun
1867 4057 1956 4124 po-

359 4155 468 4204 test
490 4145 715 4204 inveniri
737 4190 752 4215 ,
781 4149 1080 4217 acquiesco,
1111 4146 1574 4218 impudentissime
1594 4188 1608 4213 ,
1639 4145 1706 4201 de
1730 4157 1794 4201 eo
1823 4147 1951 4216 pec-

359 4249 483 4295 Cato
511 4241 653 4309 loqui
681 4240 992 4310 Apostolum
1013 4281 1028 4307 ,
1059 4239 1198 4308 quod
1236 4237 1534 4293 imitatione
1566 4231 1815 4300 trahitur,
1855 4239 1952 4292 vo-

363 4332 570 4388 Iunlnle
610 4331 993 4398 committitur,
1041 4329 1249 4386 ratione
1292 4330 1530 4401 arguitur
1556 4372 1572 4396 ,
1623 4327 1742 4399 iege
1773 4329 1954 4383 osten-

360 4422 530 4488 ditur,
561 4421 811 4491 a-quitatc
841 4422 1077 4491 punitur.

438 4516 574 4567 AUC.
620 4514 695 4566 De
717 4511 860 4566 omni
887 4524 1107 4583 peccato
1135 4512 1273 4584 quod
1304 4528 1399 4582 per
1421 4511 1690 4568 Christum
1718 4512 1952 4580 tollitur,

361 4605 564 4658 dictum
587 4614 666 4659 est
687 4647 702 4671 ,
737 4605 906 4674 Usque
937 4604 1006 4658 ad
1024 4607 1182 4675 tegam
1222 4611 1479 4674 peccatum
1517 4604 1570 4657 in
1609 4602 1798 4657 munda
1819 4603 1957 4674 fuit:

361 4699 617 4764 quoniam
640 4698 754 4768 lege
781 4711 886 4752 non
935 4697 1160 4763 tollitur,
1205 4697 1318 4751 sive
1345 4696 1631 4765 originale,
1662 4696 1774 4751 sive
1801 4693 1954 4750 addi-

365 4799 501 4852 tum,
533 4789 647 4843 sive
673 4789 812 4859 quod
855 4797 971 4844 erat
1002 4789 1057 4843 et
1095 4797 1218 4842 ante
1258 4788 1460 4856 legent,
1487 4787 1601 4843 sive
1628 4786 1767 4857 quod
1794 4786 1955 4841 etiam

365 4881 486 4950 fvge
525 4879 861 4935 subintrame
907 4877 1215 4935 abundavit.
1263 4877 1396 4932 Cum
1440 4889 1620 4932 autem
1648 4877 1754 4940 ais,
1789 4877 1855 4932 de
1892 4887 1958 4932 eo

367 4979 592 5040 peccato
641 4972 782 5041 loqui
835 4969 1147 5041 Apostolttm
1175 5012 1189 5034 ,
1235 4962 1376 5040 quod
1429 4969 1677 5039 mqttitate
1705 4969 1955 5039 punitur;

370 5063 776 5134 expergiscere,
812 5071 866 5118 et
892 5064 1011 5118 vide
1041 5063 1110 5118 ibi
1142 5073 1260 5118 esse
1291 5071 1341 5116 et
1372 5061 1628 5133 originale
1660 5070 1956 5131 peceatum.

369 5153 488 5210 ﬂou
512 5155 657 5209 enim
699 5155 854 5209 aliter
879 5154 1101 5224 mqultas
1128 5154 1220 5208 Dei
1248 5165 1407 5223 grave
1432 5153 1615 5222 jugtim
1661 5153 1960 5221 imponeret

373 5246 508 5317 ipsis
529 5260 744 5316 quoque
771 5245 1004 5300 exordiis
1044 5243 1379 5314 parvulorum
1407 5261 1420 5296 :
1452 5243 1593 5312 quod
1619 5243 1803 5314 iugum
1833 5253 1960 5299 cura

374 5345 556 5391 nostra
595 5349 738 5406 serpe
761 5345 1176 5398 commemorat,
1205 5344 1263 5390 ut
1284 5337 1546 5390 conv-irem
1576 5341 1716 5390 tuam
1736 5378 1749 5398 ,
1783 5337 1824 5390 si
1853 5351 1958 5391 non

378 5429 645 5485 inllexerit
672 5469 688 5494 ,
719 5429 946 5499 frangat.
995 5425 1128 5484 Nam
1173 5425 1276 5485 hoc
1323 5438 1596 5499 peceatum
1639 5428 1797 5485 etiam
1843 5427 1961 5500 lege

439 5613 455 5672 ξ
484 5616 540 5672 in
573 5613 645 5666 8.,
676 5607 762 5672 ,ςιᾴ
805 5608 846 5658 st
877 5605 1037 5658 oculos
1081 5606 1310 5669 apertum
1337 5606 1403 5659 ad
1438 5613 1502 5658 ea
1537 5619 1648 5672 qtae
1676 5607 1838 5660 videre
1868 5619 1960 5660 non

376 5668 531 5720 mltis.
560 5670 770 5733 Memmi.
798 5678 848 5719 et
873 5672 1009 5733 \ign.
1034 5668 1190 5733 sec-tit
1213 5684 1396 5720 sumus.
1461 5677 1518 5719 Μ.

443 5734 462 5764 ⁸
494 5739 601 5780 διεδ.
625 5730 747 5781 utar.
775 5739 826 5782 et
843 5728 971 5792 Mari,
996 5728 1222 5781 carnalis.

1667 287 1872 350 LIBER
1907 287 2286 350 SECUNDUS.

3497 299 3647 356 me

2055 404 2375 471 monstrari,
2409 413 2672 476 prte‘cepto
2693 407 3112 463 circumcisionis
3138 407 3370 464 ostendi.
3408 407 3559 480 Quod
3589 415 3643 467 si.

2054 511 2218 566 negas
2245 507 2296 552 tu
2324 540 2337 561 ,
2369 498 2502 553 doce
2527 515 2633 569 quo
2672 511 2889 570 peccato
2919 501 3135 570 proprio
3154 543 3168 568 ,
3201 503 3244 556 si
3273 517 3378 556 non
3408 505 3634 559 circum-

2052 588 2340 651 cideretur,
2366 588 2613 644 interibat
2639 591 2816 644 anima
2848 592 3046 662 parvuli
3065 587 3131 646 de
3149 593 3342 662 portula
3359 607 3458 646 suo
3479 591 3629 664 (Gen.

2051 691 2185 743 xm,
2222 676 2332 751 14).
2361 678 2505 746 Seio,
2553 689 2659 734 n'on
2689 680 2849 736 doces
2880 699 2894 737 :
2919 681 3013 736 Sed
3036 683 3217 738 volens
3238 686 3336 737 no's
3377 683 3598 754 fatigare
3617 721 3631 745 ,

2052 787 2152 826 nec
2183 781 2348 827 taces.

2122 853 2334 917 LXXV.
2358 862 2474 918 J'tJL.
2503 862 2768 918 Carte‘rum
2800 863 2939 934 quod
2971 863 3186 936 ﬁngitis,
3219 865 3478 938 originale
3508 883 3628 939 pec-

2050 963 2249 1020 ‘catttm,
2282 971 2381 1009 nec
2402 972 2500 1026 per
2523 959 2687 1011 unum
2719 958 3000 1012 transmitti
3030 961 3236 1028 potest,
3269 961 3516 1030 quoniam
3542 969 3634 1031 ge—

2051 1046 2258 1100 neratio
2286 1055 2378 1115 per
2406 1047 2538 1102 duos
2559 1048 2748 1117 agitur.

2120 1139 2256 1194 Auc.
2278 1135 2393 1192 Jam
2422 1147 2736 1209 reSpov-sum
2769 1149 2886 1195 est:
2915 1140 3032 1212 lege
3049 1158 3168 1213 quae
3182 1141 3308 1199 hinc
3327 1158 3356 1197 a
3383 1159 3468 1200 me
3493 1143 3632 1200 dicta

2043 1237 2195 1296 sunt,
2227 1238 2282 1283 et
2314 1231 2552 1284 invenies
2585 1238 2633 1285 te
2661 1247 2793 1286 vana
2823 1232 3039 1286 dixisse.

2129 1311 2366 1374 LXXVI.
2390 1320 2507 1376 JUL.
2537 1319 2647 1376 Nec
2676 1323 2844 1391 potuit
2885 1323 3171 1393 aliquando
3197 1331 3345 1394 eSSe,
3392 1327 3438 1382 si
3465 1335 3637 1398 potest

2049 1410 2334 1480 aliquando
2364 1427 2468 1467 non
2495 1427 2613 1467 esse
2634 1432 2646 1466 :
2670 1414 2790 1483 quia
2815 1415 3076 1468 naturalia
3102 1415 3173 1470 ab
3199 1407 3348 1472 initio
3386 1407 3633 1474 substana-

2050 1501 2137 1556 tlte
2171 1515 2337 1573 usque
2364 1503 2430 1557 ad
2458 1505 2738 1559 terminum
2764 1503 2902 1559 illius
2931 1514 3296 1576 perseverant.

2121 1594 2258 1650 Avo.
2293 1593 2408 1648 lloc
2435 1603 2488 1649 et
2539 1594 2604 1650 de
2646 1605 2817 1651 morte
2847 1611 3030 1664 posses
3062 1597 3274 1663 dicere;
3323 1613 3450 1654 nam
3477 1598 3637 1652 etiam

2050 1694 2170 1740 eum
2195 1685 2306 1754 ipsa
2335 1685 2603 1740 nascimur
2627 1705 2639 1740 :
2665 1681 2857 1758 Corpus
2885 1688 3025 1741 enim
3057 1699 3309 1742 mortuum
3331 1701 3402 1743 est
3430 1700 3637 1762 propter

2051 1774 2310 1846 peceatum
2336 1773 2513 1848 (Romi
2534 1793 2642 1842 vtu,
2676 1779 2764 1848 IO)
2786 1797 2797 1832 :
2821 1779 2914 1834 sed
2939 1780 3052 1834 etsi
3077 1797 3179 1836 non
3209 1791 3428 1850 propter
3449 1798 3639 1852 pecca-

2048 1875 2182 1932 tum,
2215 1869 2351 1923 sicut
2381 1869 2648 1938 desipitis;
2673 1871 2936 1925 nascimur
2959 1881 3133 1927 tamen
3158 1873 3271 1927 sine
3299 1873 3630 1928 dubitatione

2048 1960 2302 2014 mortales
2331 1978 2343 2013 :
2373 1967 2430 2015 et
2467 1970 2639 2015 tamen
2686 1977 2830 2016 mors
2867 1970 3025 2032 atque
3061 1963 3358 2016 mortalitas
3400 1973 3502 2018 non
3532 1963 3633 2017 erit

2050 2050 2426 2105 immortaliter
2451 2051 2748 2105 viventibus
2777 2051 2948 2106 nobis.
2968 2051 3119 2108 Sicut
3147 2069 3276 2123 ergo
3298 2069 3444 2108 mors
3471 2055 3636 2125 origi-

2048 2140 2184 2195 nalis
2208 2149 2310 2205 est,
2335 2148 2388 2194 et
2414 2148 2586 2194 tamen
2619 2140 2789 2210 potuit
2812 2157 2934 2195 esse
2960 2184 2975 2208 ,
3007 2152 3180 2211 potest
3209 2159 3313 2197 non
3340 2159 3461 2198 esse
3483 2187 3496 2212 ,
3520 2161 3636 2200 me-

2051 2229 2153 2284 lius
2177 2237 2358 2284 nostra
2403 2237 2653 2284 manente
2693 2237 2878 2284 natura
2913 2249 2925 2284 :
2955 2232 3033 2286 sic
3058 2240 3111 2287 et
3144 2232 3400 2302 originale
3449 2250 3637 2304 pecca-

2050 2325 2184 2386 tum,
2215 2328 2267 2374 et
2293 2320 2464 2390 potuit
2489 2337 2638 2386 esse,
2691 2324 3034 2391 generatione
3086 2333 3344 2392 tractum;
3390 2337 3441 2382 et
3467 2336 3639 2398 potest

2050 2423 2154 2463 non
2182 2423 2322 2476 esse,
2353 2411 2756 2479 regeneratione
2781 2411 3079 2467 detractum
3107 2413 3147 2466 ⁸.

2120 2485 2380 2580 LXXVII.
2409 2495 2525 2554 IUL.
2559 2492 2669 2555 Nec
2691 2515 2716 2552 a
2738 2500 2856 2570 lege
2885 2509 3160 2557 ostensum
3191 2504 3294 2572 est,
3316 2504 3399 2559 vel
3429 2503 3638 2562 ostendi

2051 2588 2254 2659 potuit;
2281 2590 2402 2659 quia
2435 2600 2702 2661 nunquam
2739 2592 3014 2663 l'egislaIOr
3039 2596 3205 2680 uanae
3231 2593 3295 2650 ad
3327 2593 3464 2651 banc
3490 2601 3639 2653 veni-

2049 2687 2132 2734 ret
2153 2681 2464 2748 amentiam,
2494 2688 2551 2735 tit
2573 2684 2886 2753 praeciperet.
2906 2685 3175 2755 cuiquam,
3195 2685 3309 2742 Noli
3341 2689 3431 2757 ita,
3462 2691 3542 2744 vel
3569 2695 3638 2746 ita

2015 2778 2018 2780 '
2049 2771 2198 2826 nasci
2221 2789 2233 2825 :
2259 2777 2311 2827 et
2339 2773 2480 2843 quod
2498 2775 2772 2830 admoneri
2797 2793 2902 2830 non
2925 2777 3102 2832 decttit
3119 2781 3637 2854 utcorrigatur,jus~

2052 2871 2161 2916 tum
2187 2874 2311 2918 esse
2338 2879 2444 2918 non
2477 2875 2653 2935 potest
2680 2875 2734 2921 ut
2763 2869 3069 2936 pttuialur'.

2122 2953 2259 3029 Atto.
2293 2954 2407 3010 Non
2439 2958 2745 3029 praecipitur
2767 2958 2968 3015 ho'mi'ni
3019 2961 3128 3034 quo
3156 2963 3317 3020 modo
3348 2975 3595 3022 nascatur
3624 2985 3638 3020 :

2050 3043 2152 3099 sed
2179 3051 2502 3116 prtrceptum
2522 3057 2603 3103 est
2619 3057 2723 3118 q'ti‘o
2749 3051 2907 3106 niodo
2935 3051 3026 3107 ille
3047 3053 3268 3121 viveret,
3285 3066 3642 3128 praeceptum—

2052 3151 2156 3205 que
2180 3138 2432 3205 violavit;
2456 3151 2485 3193 a
2515 3145 2622 3209 quo
2652 3150 2870 3210 parente
2893 3154 3170 3213 peccatum
3196 3145 3453 3217 originale
3470 3147 3641 3204 dedu-

2057 3228 2215 3282 citur.
2273 3221 2586 3299 l’r'mciplt‘ur
2636 3232 2794 3287 etiam
2851 3235 2908 3286 ut
2962 3233 3136 3290 infans
3191 3234 3642 3304 circumcidatur,

2051 3318 2385 3375 damnandus
2415 3321 2518 3376 nisi
2543 3321 2956 3378 circumcidatur
2989 3342 3001 3377 :
3033 3327 3116 3380 cui
3142 3321 3318 3382 tamen
3343 3345 3445 3383 non
3469 3330 3649 3384 solum

2052 3408 2253 3480 aliquid
2274 3408 2440 3477 aliud,
2472 3409 2564 3465 sed
2597 3415 2696 3466 nec
2727 3413 2916 3468 Saltem
2943 3415 3283 3472 circumcisio
3320 3417 3430 3488 ipsa
3457 3421 3643 3489 princi-

2054 3499 2213 3572 pltu'r.
2237 3501 2313 3556 Ae
2340 3513 2435 3573 per
2465 3502 2595 3570 hoc,
2621 3513 2728 3557 non
2758 3505 2968 3574 quidem
2994 3503 3299 3578 prmcipitur
3321 3503 3643 3580 hominique

2055 3591 2491 3648 modo'nasca‘t‘ur
2521 3610 2534 3646 :
2569 3593 2797 3649 t‘nundus
2829 3603 3003 3650 tamen
3035 3599 3149 3651 uon'
3170 3608 3251 3653 est
3276 3613 3304 3652 a
3334 3595 3492 3655 sorde
3515 3614 3647 3669 pec-

2055 3683 2196 3747 cati,
2223 3693 2312 3738 itcc
2337 3687 2507 3755 infans
2537 3687 2682 3757 cujus
2708 3691 2781 3738 est
2814 3687 2963 3740 unius
2987 3687 3087 3741 dici
3127 3689 3229 3742 vita
3268 3706 3421 3760 super
3459 3701 3645 3745 terram

2060 3771 2178 3844 (Job
2206 3781 2314 3840 itt'v,
2339 3775 2392 3840 4,
2423 3792 2520 3829 sec.
2549 3773 2735 3849 LXX).
2765 3775 2905 3848 Lege
2932 3779 3089 3833 verba
3113 3782 3280 3835 sancti
3309 3781 3441 3848 Job,
3479 3791 3526 3838 et
3557 3782 3636 3836 iu-

2063 3865 2245 3919 venies
2269 3872 2319 3919 te
2345 3873 2465 3920 esse
2514 3867 2828 3922 t’nendaccm
2850 3910 2867 3937 ,
2897 3869 3148 3940 loquente
3175 3870 3266 3926 illo
3302 3889 3460 3942 quem
3501 3875 3648 3930 Deus

2057 3951 2189 4011 dixit
2211 3969 2330 4011 esse
2354 3967 2619 4013 'veracem.

2129 4043 2410 4103 LXXVIII.
2443 4047 2563 4103 Jue.
2593 4049 2659 4104 Et
2681 4048 2820 4120 quod
2847 4065 3014 4121 usque
3040 4051 3106 4106 ad
3128 4051 3298 4123 legem
3323 4063 3426 4121 est,
3454 4063 3641 4128 osten-

2058 4138 2203 4193 ditur
2224 4155 2326 4194 non
2372 4154 2493 4196 esse
2518 4150 2640 4212 post
2678 4142 2869 4214 legem,
2897 4143 3197 4200 ostenditur
3234 4155 3506 4216 postremo
3537 4164 3648 4201 non

2061 4238 2179 4285 €550
2209 4237 2329 4299 pust
2357 4229 2649 4285 Christum.
2795 4295 2802 4302 ο

2133 4322 2264 4378 AUC.
2311 4321 2382 4376 Ita
2407 4329 2588 4378 reatus
2615 4319 2776 4394 hujus
2799 4325 3001 4396 peccati
3030 4326 3330 4382 ostenditur
3374 4343 3482 4383 non
3523 4343 3650 4384 esse

2060 4421 2180 4482 post
2207 4413 2548 4482 peccatorum
2583 4413 2951 4484 abolitionem,
2983 4417 3120 4473 sient
3145 4428 3290 4474 mors
3318 4430 3437 4491 post
3469 4421 3655 4476 carnis

2061 4505 2533 4560 resurrectionem.

2049 4592 2052 4593 ⁷
2131 4590 2368 4650 LXXIX.
2394 4594 2514 4652 Jun.
2545 4595 2622 4651 Ac
2661 4613 2756 4667 per
2785 4595 2918 4666 hoc,
2965 4601 3257 4658 secundum
3308 4614 3642 4674 argumenta-

2062 4687 2259 4742 tionem
2283 4695 2491 4759 quoque
2517 4699 2679 4756 tuam,
2711 4691 2835 4746 olim
2869 4709 2973 4746 non
2995 4703 3078 4750 est
3103 4713 3117 4748 :
3151 4693 3649 4754 secundum‘tcsli-

2064 4779 2296 4835 monium
2319 4783 2576 4848 veritatis,
2611 4800 2883 4855 nunquam
2915 4785 3032 4841 fuit.

2134 4871 2267 4928 Anc.
2293 4869 2337 4926 Ο
2364 4872 2406 4924 si
2431 4889 2524 4928 vos
2553 4889 2658 4928 non
2701 4879 2912 4940 essetis,
2943 4879 3030 4948 qui
3063 4888 3246 4933 contra
3283 4879 3651 4937 testimonium

2066 4955 2300 5016 veritatis
2351 4959 2541 5018 falsum
2595 4966 2956 5021 testimonium
3006 4980 3240 5024 vestrum
3271 4979 3324 5025 et
3353 4970 3572 5039 dicitis,
3599 4985 3652 5029 et

2064 5051 2283 5120 insuper
2312 5052 2544 5107 scribitis
2571 5054 2584 5108 !

2142 5131 2355 5198 LXXX.
2387 5144 2505 5200 IUL.
2537 5137 2603 5200 Et
2633 5155 2690 5200 ut
2718 5141 2856 5217 quod
2887 5149 3420 5217 egimus,inculcetur
3450 5168 3652 5209 memo-

2066 5235 2159 5289 riae
2211 5233 2467 5298 lectoris;
2516 5233 2746 5291 deﬁnisti
2807 5239 3075 5308 quondam
3111 5260 3140 5314 _t
3177 5254 3488 5312 peccatum,
3526 5262 3544 5296 ι
3597 5253 3651 5297 ει

2066 5329 2298 5400 optime,
2331 5347 2350 5380 ι
2381 5322 2511 5383 nihil
2538 5343 2657 5386 esse
2683 5330 2824 5386 aliud
2874 5349 3031 5405 quam
3084 5336 3408 5392 voluntatem
3447 5335 3641 5390 admit»-

2065 5487 2166 5597 a;
2173 5487 2336 5599 ﬁtﬁt,
2371 5485 2674 5550 generatione
2694 5488 2979 5542 detractum.
3002 5493 3305 5555 castigatam
3326 5491 3392 5542 sui
3410 5499 3514 5542 uua
3540 5498 3658 5544 nar.

2130 5611 2256 5684 {sic
2278 5617 2382 5680 uss.
2411 5616 2465 5684 at
2491 5607 2632 5684 editi,
2676 5618 2723 5684 et
2752 5613 2881 5684 quod
2917 5613 3166 5684 αόεηρηενὶ
3203 5627 3295 5664 mn
3327 5621 3477 5679 potest
3500 5623 3558 5666 ut
3571 5628 3656 5667 ca-

2065 5677 2251 5736 reqtur,
2273 5677 2502 5736 ttuputart
2523 5681 2615 5722 non
2634 5681 2784 5736 potest
2813 5682 2864 5724 ut
2881 5677 3126 5736 putrium.

2136 5732 2157 5764 ³
2189 5733 2287 5794 Hic,
2315 5732 2594 5799 secundum,
2621 5732 2921 5787 restituimur.
2947 5750 3008 5785 ex
3034 5739 3388 5804 manuscriptis.
