3962 6180
341 297 348 314 ε
391 231 529 290 1175

391 349 534 406 tondi
561 348 703 421 quod
717 349 918 421 justltia
947 358 1121 417 vetat,
1162 359 1217 405 et
1255 347 1398 404 unde
1438 345 1666 402 liberum
1697 353 1780 399 est
1801 343 1965 402 absti-

389 459 538 498 nere.
552 461 573 494 ι

464 535 596 590 Auc.
641 531 757 588 Iam
803 545 1119 602 responsum
1166 538 1252 586 est
1301 528 1448 601 quod
1493 526 1695 598 peccati
1749 525 1818 580 sit
1869 524 1968 578 ista

385 624 627 683 deﬁnitio
651 667 666 692 ,
707 641 810 681 non
833 626 949 695 ejus
974 625 1116 695 quod
1144 625 1212 680 sit
1239 633 1293 680 et
1315 637 1468 696 poena
1493 621 1696 693 peccati
1723 617 1968 691 (Supra,

389 718 480 773 lib.
509 719 561 784 I,
594 734 710 786 cap.
741 717 854 788 47).

457 807 696 864 LXXXI.
724 808 844 864 Jun.
874 808 1002 874 Quae.
1031 807 1270 864 deﬁnitio
1293 806 1362 862 ad
1415 805 1810 877 intelligendam
1834 817 1967 875 quo-

386 915 491 968 que
515 899 774 970 justitiam
803 899 894 956 Dei
920 900 1129 969 aperuit
1153 900 1315 966 viam,
1343 909 1400 953 ut
1428 910 1774 954 censeremus
1803 894 1970 966 tequi-

390 998 552 1044 tatem
574 988 738 1043 divini
760 989 1066 1060 neutiquam
1087 999 1230 1044 stare
1263 987 1448 1058 judicii
1468 1029 1482 1051 ,
1511 987 1613 1042 nisi
1639 985 1771 1042 illud
1789 986 1970 1056 impu-

388 1087 556 1136 tasset
599 1079 653 1135 in
682 1089 982 1150 peccatum,
1009 1095 1038 1134 a
1069 1096 1177 1151 quo
1219 1080 1439 1135 nosset‘
1471 1079 1698 1135 liberum
1729 1077 1891 1134 tuisse
1919 1077 1970 1133 ei

387 1167 478 1238 qui
510 1179 728 1241 propter
753 1169 854 1226 hoc
880 1170 1152 1242 afﬂigitur,
1183 1170 1473 1225 abstinere.

458 1262 593 1318 Auc.
623 1262 846 1333 Propter
868 1262 995 1332 quid
1016 1277 1144 1333 ergo
1171 1261 1477 1332 affliguntur
1503 1259 1740 1332 parvuli,
1767 1259 1813 1314 si
1838 1257 1965 1314 nul-

389 1347 498 1406 lum
521 1351 722 1408 habent
745 1351 962 1407 omnino
1005 1360 1276 1421 peccatum
1294 1351 1318 1404 ἲ
1339 1353 1422 1404 An
1451 1349 1789 1420 omnipotens
1814 1358 1868 1404 et
1884 1349 1971 1418 ju-

387 1448 506 1496 stus
535 1441 627 1497 Dei
659 1441 884 1512 injustas
910 1455 1095 1512 poenas
1121 1457 1150 1496 a
1179 1450 1256 1497 tot
1281 1440 1654 1497 innocentibus
1684 1438 1970 1512 prohibere

389 1545 496 1586 non
527 1531 694 1600 potuit
717 1534 741 1584 ?

460 1619 722 1677 LXXXII.
765 1622 886 1678 Jun.
932 1623 1241 1695 Magistrum
1270 1639 1396 1679 vero
1421 1623 1666 1680 Gentium
1701 1623 1969 1680 rationem

389 1711 667 1784 privilegio
686 1714 1019 1771 auctoritatis
1047 1724 1345 1770 armantem
1365 1755 1380 1780 ,
1411 1714 1786 1786 pronuntiasse
1803 1756 1820 1782 ,
1847 1714 1970 1785 quia

387 1817 486 1874 per
510 1819 674 1858 unum
699 1804 968 1860 hominem
995 1806 1048 1861 in
1074 1806 1217 1862 hunc
1253 1806 1508 1862 mundum
1557 1806 1713 1876 culpa
1740 1805 1970 1862 transie-

386 1895 492 1962 rit;
519 1911 625 1967 quo
641 1897 856 1953 nomine
883 1899 1147 1968 separavit
1175 1915 1339 1970 opera
1367 1899 1692 1969 nuptiarum,
1719 1914 1841 1969 qua:
1853 1899 1968 1953 sine

388 1984 616 2041 duorum
639 1988 852 2057 negotio
876 2003 995 2044 csse
1021 2005 1127 2044 non
1162 1999 1414 2060 possunt;
1439 1990 1966 2046 commendavimus:

385 2086 546 2148 atque
575 2079 645 2135 ob
672 2079 807 2134 hoe'
835 2081 1024 2134 abillo
1067 2098 1231 2136 unum
1284 2081 1447 2138 fuisse
1491 2069 1850 2148 nominatum,
1900 2097 1971 2138 ne

386 2169 507 2239 quis
534 2168 670 2226 duos
699 2169 991 2240 intelligere
1011 2170 1256 2226 auderet.

432 2259 591 2333 .Auc.
621 2260 740 2316 Iam
771 2275 1086 2330 responsum
1111 2270 1230 2318 est:
1261 2261 1474 2318 assidue
1497 2269 1548 2318 te
1577 2260 1809 2318 delectat
1834 2276 1969 2317 vana

383 2353 610 2420 garrire.

455 2444 739 2500 LXXXIII.
757 2446 959 2503 lue.Et
979 2463 1036 2504 re
1057 2462 1181 2504 vera
1207 2448 1378 2503 multo
1403 2462 1504 2518 ego
1529 2448 1969 2518 consequentius,

388 2551 553 2592 unum
583 2553 740 2607 quem
768 2538 1057 2610 Apostolus
1083 2540 1230 2603 dicit,
1245 2555 1409 2594 unum
1430 2555 1635 2606 assero,
1663 2549 1722 2594 ut
1747 2538 1970 2596 doceam

387 2626 573 2681 vitium
593 2627 925 2697 imitationis,
949 2645 1053 2685 non
1078 2629 1436 2702 generationis
1459 2627 1647 2694 fuisse,
1670 2643 1830 2699 quam
1846 2628 1972 2684 Tra-

392 2719 654 2776 ducianus
669 2722 826 2777 unius
855 2722 1088 2790 nomine,
1116 2722 1205 2793 qui
1225 2721 1423 2778 dicitur
1451 2720 1652 2791 peccati
1671 2719 1839 2776 fuisse
1881 2734 1974 2777 ve-

387 2813 640 2869 stibulum
661 2855 676 2880 ,
704 2815 998 2871 seminibus
1021 2831 1136 2872 rem
1157 2813 1440 2870 admovet'
1466 2814 1752 2870 voluntatis
1778 2854 1793 2879 ,
1827 2812 1970 2884 quod

386 2918 565 2958 rerum
593 2914 780 2960 natura
810 2921 916 2961 non
945 2907 1155 2977 recipit.

458 2993 594 3049 Auc.
625 2993 818 3051 Desine
843 2994 982 3067 quod
997 2995 1109 3066 jam
1130 2995 1424 3052 refellimus
1445 2996 1640 3052 iterare
1672 3013 1685 3050 :
1718 2993 1848 3067 quid
1873 3009 1974 3052 nos

381 3083 532 3154 cogis
560 3083 734 3142 adhuc
752 3085 936 3142 eadem
963 3094 1122 3158 atque
1143 3086 1330 3144 eadem
1357 3086 1537 3144 dicere
1561 3095 1746 3142 contra
1768 3095 1972 3143 tantam

388 3177 702 3247 sapientiam
726 3185 892 3246 tuam,
910 3193 1013 3249 qua
1034 3187 1187 3248 putas
1217 3177 1338 3234 ideo
1363 3193 1470 3233 non
1491 3176 1779 3249 signiﬁcari
1806 3191 1968 3249 gene-

393 3266 675 3332 rationem,
704 3267 795 3322 uhi
817 3266 1015 3324 dictum
1044 3277 1148 3338 est,
1180 3266 1286 3323 Per
1326 3285 1484 3324 unum
1512 3268 1763 3324 hominem
1791 3285 1972 3340 pecca-

386 3367 491 3412 tum
511 3358 714 3413 intravit
744 3360 797 3414 in
821 3360 1106 3427 mundum;
1134 3360 1258 3431 quia
1285 3375 1387 3432 per
1411 3359 1547 3415 duos
1574 3359 1632 3415 lit
1659 3361 1968 3431 generatio,

387 3463 494 3504 non
526 3465 620 3520 per
640 3465 808 3504 unum
845 3468 860 3506 :
891 3451 1041 3521 quasi
1071 3459 1350 3520 peccatum
1372 3449 1524 3518 illud,
1556 3449 1697 3520 quod
1725 3464 1830 3505 non
1851 3449 1971 3504 vul-

390 3539 459 3594 tis
489 3539 855 3606 geuerationc,
881 3539 977 3595 sed
1005 3540 1300 3596 imitatione
1327 3540 1601 3602 transisse,
1633 3555 1770 3594 unus
1798 3537 1970 3594 admi-

385 3630 519 3685 serit
537 3629 562 3682 Τ
580 3629 712 3684 Cum
743 3645 870 3700 ergo
897 3640 950 3686 et
979 3632 1151 3701 ipsum
1177 3629 1336 3686 fuerit
1368 3646 1398 3684 a
1423 3629 1630 3686 duobus
1653 3628 1968 3695 admissum,

387 3735 485 3775 cur
510 3737 600 3792 per
626 3737 782 3775 unum
804 3721 1053 3775 hominem
1081 3721 1280 3776 dictum
1309 3730 1394 3777 est
1417 3731 1676 3790 peccatum
1701 3720 1903 3776 intrauit
1919 3721 1972 3775 in

389 3810 674 3876 mundum;
704 3809 804 3866 nisi
833 3811 955 3880 quia
1009 3826 1112 3865 non
1144 3826 1174 3864 a
1203 3809 1400 3867 femina
1445 3809 1779 3880 concipiente
1814 3817 1973 3880 atque

393 3902 657 3971 pariente,
685 3901 781 3958 sed
807 3920 838 3958 a
871 3903 983 3957 viro
1012 3903 1311 3959 seminanle
1339 3913 1421 3958 est
1435 3903 1794 3974 generationis
1812 3916 1972 3957 exor-

390 3989 537 4045 dium
559 4007 573 4055 ;
597 4003 687 4046 aut
711 3992 832 4064 quia
855 3991 966 4064 jam
991 4009 1096 4049 non
1127 4002 1253 4049 sunt
1274 3993 1402 4062 duo,
1423 3992 1636 4065 quando
1657 4007 1754 4062 per
1773 3993 1972 4048 coitum

393 4097 496 4136 una
532 4082 589 4136 lit
616 4082 786 4137 caro?
1107 4121 1111 4124 ι

458 4170 747 4228 LXXXIV.
775 4173 895 4228 IUL.
916 4172 1106 4228 Postea
1125 4187 1336 4244 quoque
1351 4171 1419 4227 ad
1445 4172 1614 4244 legem
1632 4179 1850 4227 ventum
1866 4179 1970 4239 est,

389 4264 455 4320 ad
485 4265 637 4335 cujus
684 4279 854 4335 usque
899 4273 1108 4334 tempus
1153 4263 1480 4334 praescripsit
1526 4261 1813 4333 Apostolus
1863 4275 1972 4317 non

386 4365 664 4413 ostensum
692 4355 923 4428 viguisse
945 4363 1244 4426 peccatum.
1277 4353 1433 4422 Quod
1474 4362 1530 4408 tu
1571 4361 1780 4423 tempus
1805 4365 1973 4423 usque

385 4447 453 4504 ad
477 4449 635 4503 linem
661 4446 794 4517 legis
822 4445 1089 4516 protelare
1113 4451 1339 4501 conatus
1382 4458 1441 4499 es
1466 4483 1483 4511 ,
1525 4458 1631 4499 non
1671 4442 1972 4513 intelligens

387 4538 746 4609 nequidquam
769 4547 820 4594 te
847 4545 1310 4608 argumentatum;
1356 4532 1790 4605 quandoquidem
1830 4548 1964 4588 con-

386 4627 726 4697 stringendus
743 4643 774 4682 a
797 4628 950 4682 nobis
978 4642 1148 4694 esses,
1177 4634 1236 4681 ut
1259 4625 1515 4697 probares
1543 4623 1647 4679 hoc
1669 4631 1968 4694 peccatum,

387 4717 455 4772 de
480 4730 586 4787 quo
625 4716 868 4771 mentiris
894 4717 1116 4771 Paulum
1169 4715 1440 4781 locutum,
1492 4721 1547 4770 et
1591 4713 1733 4784 quod
1776 4714 1972 4770 asseris

386 4821 556 4878 usque
581 4805 648 4861 ad
676 4806 1020 4862 abolitionem
1073 4820 1326 4874 regnasse
1362 4803 1571 4860 Veteris
1611 4803 1968 4871 Testamenti,

385 4899 470 4954 vel
492 4899 805 4968 imputatum
832 4898 1016 4965 fuisse,
1039 4898 1126 4953 vel
1146 4895 1394 4967 imputari
1425 4896 1664 4967 potuisse
1697 4897 1798 4952 sub
1822 4897 1968 4968 lege;

383 4989 468 5044 vel
490 4997 636 5045 certe
662 4989 1054 5060 acquiesceres,
1079 5001 1188 5042 non
1214 5001 1438 5058 regnare
1460 4996 1580 5056 post
1601 4987 1890 5052 Christum,
1914 4994 1973 5040 ut

383 5081 630 5138 sensibus
655 5081 758 5137 tuis
801 5082 988 5137 saltem
1041 5080 1234 5136 inﬂexa
1273 5078 1537 5136 violenter
1564 5081 1806 5151 Apostoli
1833 5095 1963 5136 sen-

385 5175 550 5229 tentia
577 5183 914 5229 consonaret.
949 5173 1149 5229 Horum
1176 5183 1352 5229 autem
1383 5173 1516 5228 nihil
1544 5173 1694 5229 reddi
1740 5180 1845 5228 ate
1874 5187 1966 5245 po-

385 5273 512 5322 test.
540 5265 688 5320 Fidci
713 5279 841 5335 ergo
865 5273 1062 5319 nostrre
1089 5265 1140 5319 in
1155 5264 1326 5320 solido
1353 5272 1436 5320 est
1457 5268 1658 5334 puritas
1684 5263 1964 5327 collocata,

384 5355 470 5412 cui
497 5363 554 5412 et
579 5355 802 5412 rationis
831 5354 1091 5420 instituta,
1114 5363 1172 5411 et
1190 5355 1412 5426 justitia:
1432 5355 1662 5426 dignitas
1681 5396 1695 5420 ,
1738 5363 1793 5409 et
1822 5355 1968 5426 Apo-

450 5494 465 5524 ⁸
502 5499 597 5542 Hoc
618 5493 736 5542 item
758 5491 866 5540 loco
883 5489 1035 5539 verba
1057 5491 1151 5541 ista
1187 5489 1237 5537 in
1261 5487 1407 5538 editis
1429 5487 1736 5546 exciderant,
1777 5485 1828 5536 in
1863 5499 1972 5549 pec-

384 5558 564 5617 catum,
596 5566 626 5602 a
652 5565 744 5617 quo
760 5557 931 5617 nosset.
962 5557 1014 5599 tn
1031 5557 1138 5599 Mss.
1168 5556 1365 5617 exstant
1395 5557 1504 5600 Mar.
1542 5557 1664 5617 l_‘0t_'t.
1704 5549 1821 5598 clar.

448 5614 471 5675 ξ
501 5609 574 5664 Sic
592 5609 704 5667 llas.
733 5620 790 5664 At
805 5612 943 5672 editi,
967 5609 1488 5675 caumendmimusque
1519 5611 1578 5675 ob_
1600 5611 1699 5660 hor.-

451 5671 474 5706 ⁸
504 5675 638 5739 κω,
659 5679 856 5727 amaret.
887 5671 1058 5726 "crius
1076 5677 1206 5736 Mss,
1231 5671 1476 5735 admovet;
1500 5671 1602 5734 vel,
1626 5683 1870 5724 animat-et.

1063 230 1308 293 OPEBIS
1344 228 1754 290 IMPERFECTI
1791 227 2061 288 CONTRA
2094 227 2455 298 JULlANUiI,
2495 231 2551 288 S.
2592 233 2956 293 AUGUSTINI

3527 242 3666 299 H78

2078 343 2204 402 stoli
2236 359 2331 414 per
2351 344 2527 400 omnia
2556 345 2688 412 scita
2711 349 3054 406 conveniunt.

2148 435 2284 491 Ave.
2311 435 2450 492 Nihil
2491 448 2542 493 te
2587 439 2803 506 dicere,
2833 450 2888 497 et
2925 441 3068 514 quod
3105 441 3474 512 respondimus
3502 459 3659 502 mou-

2077 535 2228 593 strat,
2257 536 2312 582 et
2341 538 2396 585 tu
2423 529 2557 600 ipse.
2589 533 2874 602 Apostolus
2907 533 3052 604 quod
3080 533 3177 601 ait,
3211 532 3380 604 Usque
3404 536 3473 589 ad
3494 538 3658 609 legens

2077 631 2338 691 peccatum
2362 623 2415 676 in
2441 623 2628 679 mundo
2664 625 2785 694 fuit:
2815 642 2921 681 non
2977 627 3234 696 originale
3280 638 3487 683 tantum
3511 671 3526 692 .
3558 630 3654 686 sed

2075 724 2236 766 omne
2261 721 2534 781 peccatum
2562 714 2784 786 intelligi
2808 716 2974 770 voluit
3000 733 3014 769 :
3037 725 3093 772 et
3113 712 3234 773 ideo
3258 734 3425 789 usque
3447 720 3515 773 ad
3565 720 3648 775 le-

2074 816 2195 872 gem
2223 801 2342 868 Iuit,
2370 803 2490 873 quia
2509 819 2607 860 nec
2629 805 2711 860 lex
2736 806 2904 875 potuit
2923 806 3132 862 auferre
3151 817 3449 881 peccatum.
3481 808 3654 877 Usque

2074 891 2142 944 ad
2161 891 2319 962 legem
2342 893 2538 963 quippe
2572 893 2770 949 dictum
2818 905 2938 961 est,
2971 905 3028 952 ut
3056 897 3217 953 etiam
3267 898 3435 968 ipsam
3480 899 3654 971 legem

2074 983 2338 1037 sententia
2377 984 2478 1041 ista
2503 986 2889 1043 concluderet:
2921 987 3188 1058 quomodo
3231 987 3433 1045 dictum
3480 1003 3563 1045 est
3603 992 3656 1046 in

2075 1071 2386 1143 Evangelio,
2418 1073 2604 1130 Omnes
2625 1092 2742 1148 ergo
2760 1075 2822 1131 ab
2844 1076 3100 1132 Abraham
3115 1092 3271 1148 usque
3297 1079 3366 1133 ad
3385 1077 3553 1134 David
3570 1097 3662 1152 ge~

2073 1164 2356 1219 nerationes
2400 1167 2778 1236 quatuordecim
2823 1166 3053 1243 (Matth.
3090 1184 3144 1237 t,
3187 1171 3278 1241 17)
3309 1188 3323 1224 :
3357 1185 3462 1226 non
3509 1173 3655 1227 enim

2074 1263 2300 1324 excepto
2326 1255 2509 1323 David,
2542 1257 2636 1313 sed
2687 1258 2804 1328 ipso
2849 1261 3009 1315 etiam
3048 1273 3358 1332 computato
3402 1279 3655 1319 numerus

2075 1349 2174 1402 iste
2193 1347 2511 1418 completur.
2525 1348 2676 1404 Sicut
2695 1366 2823 1422 ergo
2843 1366 2965 1406 eum
2988 1352 3236 1408 audimus
3255 1354 3654 1424 quatuordecim

2073 1443 2448 1511 generationes
2469 1458 2638 1514 usque
2655 1444 2723 1500 ad
2757 1445 2918 1501 David
2944 1487 2960 1513 ,
2989 1461 3096 1502 non
3119 1447 3416 1516 excipimus
3459 1447 3620 1502 David
3638 1489 3654 1508 .

2074 1531 2171 1585 sed
2218 1532 2392 1600 ipsum
2439 1533 2603 1588 etiam
2641 1544 3050 1606 computamus:
3091 1537 3164 1591 ita
3203 1551 3323 1592 cum
3373 1546 3653 1600 audimus.

2078 1621 2248 1692 Usque
2274 1625 2342 1678 ad
2361 1625 2518 1696 legem
2547 1637 2805 1697 peccatum
2832 1628 2884 1682 in
2907 1628 3098 1683 mundo
3123 1629 3243 1699 fuit,
3273 1643 3381 1685 non
3407 1630 3657 1700 excipere

2075 1712 2269 1783 legem,
2291 1713 2385 1769 sed
2406 1716 2565 1770 etiam
2587 1716 2756 1787 ipsam
2776 1726 3084 1790 computare
3103 1719 3377 1777 debemus.
3397 1719 3530 1788 Quia
3551 1721 3659 1776 sie-

2075 1815 2132 1860 ut
2171 1806 2333 1862 David
2371 1822 2478 1864 non
2527 1818 2610 1865 est
2645 1820 2800 1866 extra
2853 1827 3133 1868 numerum
3161 1851 3176 1878 ,
3226 1813 3316 1884 qui
3353 1812 3527 1869 dictus
3575 1824 3658 1868 est

2075 1911 2244 1967 usque
2267 1897 2336 1952 ad
2358 1898 2562 1969 ipsum;
2595 1899 2673 1956 sic
2696 1900 2782 1956 lex
2810 1916 2916 1957 non
2938 1911 3021 1958 est
3043 1912 3192 1959 extra
3227 1905 3654 1973 permansionem

2075 1988 2303 2058 peccati,
2327 1988 2470 2060 quod
2491 1990 2654 2046 fuisse
2674 1991 2874 2048 dictum
2896 2001 2980 2048 est
3017 2009 3183 2063 usque
3237 1994 3304 2049 ad
3347 1995 3536 2064 ipsam.
3577 1998 3657 2051 Ac

2076 2091 2172 2147 per
2197 2076 2316 2144 hoc,
2349 2094 2507 2135 nemo
2529 2081 2665 2135 tollit
2693 2091 2992 2151 peccatum,
3023 2082 3164 2153 quod
3195 2098 3294 2139 nec
3319 2084 3406 2140 lex
3425 2125 3442 2150 ,
3471 2101 3659 2156 quam-

2073 2167 2154 2222 vis
2177 2179 2361 2224 sancta
2381 2177 2436 2224 et
2456 2169 2597 2240 justa
2616 2180 2672 2227 et
2689 2171 2849 2236 bona,
2875 2172 3049 2244 potuit
3076 2173 3307 2241 auferre,
3337 2175 3443 2230 nisi
3468 2175 3558 2231 ille
3583 2175 3653 2231 de

2073 2273 2182 2329 quo
2209 2259 2410 2316 dictum
2437 2271 2539 2327 est,
2566 2260 2698 2316 Ecce
2716 2263 2891 2334 Agnus
2919 2261 3038 2332 Dei,
3059 2280 3172 2319 ecce
3197 2265 3283 2336 qui
3301 2266 3432 2320 tollit
3453 2278 3658 2336 peccata

2075 2351 2253 2405 mundi
2283 2350 2462 2422 (Joan.
2489 2367 2506 2407 ι
2531 2394 2546 2418 ,
2568 2350 2689 2426 29).
2712 2353 2873 2408 Tollit
2899 2363 3076 2411 autem
3099 2363 3155 2411 et
3183 2355 3501 2412 dimittendo
3537 2372 3661 2427 quae

2075 2439 2210 2496 facta
2233 2449 2377 2510 sunt,
2409 2441 2498 2498 ubi
2519 2450 2573 2498 et
2591 2443 2848 2513 originale
2869 2443 3369 2514 comprehenditur;
3397 2454 3454 2500 et
3495 2447 3652 2517 adju-

2075 2533 2249 2589 vando
2276 2548 2346 2590 ne
2390 2534 2553 2603 ﬁant,
2605 2543 2661 2591 et
2703 2534 3040 2604 perducendo
3083 2534 3151 2591 ad
3186 2535 3348 2590 vitam
3395 2537 3483 2593 ubi
3534 2537 3658 2593 ﬁeri

2075 2623 2296 2680 omnino
2312 2639 2418 2680 non
2441 2626 2664 2695 possint.

2146 2715 2411 2771 LXXXV.
2437 2715 2554 2772 Jun.
2587 2717 2693 2774 Sed
2719 2716 2992 2787 videamus
3031 2726 3086 2772 et
3109 2718 3336 2788 reliqua.
3365 2717 3658 2786 Postquam

2075 2819 2207 2877 ergo
2227 2806 2428 2876 dixisti,
2461 2825 2480 2858 σ
2501 2807 2626 2863 Hzee
2650 2807 2816 2862 forma
2849 2825 2954 2863 non
2983 2808 3130 2862 omni
3161 2822 3227 2863 ex
3254 2817 3405 2877 parte
3442 2809 3660 2862 confor-

2075 2899 2178 2953 mis
2199 2907 2316 2966 est;
2347 2915 2369 2952 ι
2400 2896 2642 2969 adjungis
2657 2938 2673 2964 ,
2694 2917 2712 2951 ι
2734 2897 2884 2954 Unde
2905 2899 2990 2953 hic
3012 2897 3303 2968 Apostolus
3320 2907 3538 2953 secutus
3560 2897 3656 2952 ad-

2070 2993 2276 3064 junxit,
2303 2990 2410 3048 Sed
2428 3007 2530 3046 non
2554 2992 2681 3046 sicut
2710 2990 2970 3058 delictum,
2998 2991 3070 3044 ita
3098 2999 3146 3044 et
3173 2989 3382 3045 donatio
3409 3004 3430 3045 :
3456 2989 3500 3045 si
3523 2990 3654 3044 enim

2075 3085 2137 3139 ob
2156 3083 2305 3138 unius
2325 3082 2564 3138 delictum
2582 3081 2731 3136 multi
2750 3082 2937 3137 mortui
2956 3091 3092 3149 sunt,
3115 3081 3275 3136 multo
3304 3082 3466 3152 magis
3491 3082 3656 3152 gratia

2075 3173 2173 3229 Dei
2197 3182 2246 3230 et
2267 3173 2459 3228 donum
2483 3172 2536 3226 in
2573 3173 2740 3243 gratia
2760 3173 2911 3226 unius
2961 3171 3180 3227 hominis
3227 3170 3355 3227 λεια
3377 3171 3562 3227 Christi
3605 3172 3656 3226 in

2077 3267 2248 3336 plures
2273 3263 2547 3320 abundavit
2579 3263 2787 3335 i(Rom.
2808 3279 2862 3331 v,
2885 3263 2972 3327 I2,
3001 3264 3090 3329 l3,
3111 3263 3224 3335 15).
3248 3262 3416 3330 Quam
3445 3271 3657 3319 senten-

2076 3355 2204 3409 tiam
2249 3353 2352 3410 hoc
2393 3353 2555 3410 modo
2593 3354 2821 3424 exponis
2846 3372 2859 3408 :
2888 3371 2907 3404 ι
2940 3353 3078 3421 Quid
3131 3364 3254 3420 est,
3300 3352 3460 3408 multo
3497 3355 3658 3424 magis

2075 3445 2371 3510 abundavit;
2399 3445 2499 3500 nisi
2520 3445 2644 3516 quia
2667 3459 2855 3500 omnes
2881 3445 2970 3515 qui
2997 3459 3096 3514 per
3131 3443 3402 3500 Christum
3423 3444 3658 3499 liberan-

2029 3569 2033 3574 ς
2077 3546 2182 3605 tur,
2215 3537 2576 3608 temporaliter
2606 3543 2824 3606 propter
2857 3535 3028 3591 Adam
3076 3535 3400 3602 moriuntur,
3443 3543 3659 3604 propter

2076 3626 2248 3698 ipsum
2269 3635 2444 3682 autem
2461 3623 2729 3682 Christum
2758 3627 2875 3682 sine
2902 3625 3008 3681 line
3019 3625 3206 3682 victuri
3225 3635 3348 3680 sunt
3378 3623 3511 3695 »ωε
3537 3625 3656 3679 Nu-

2076 3719 2195 3789 ptiis
2219 3727 2266 3772 et
2293 3717 2729 3788 Concupiscentia,
2763 3717 2849 3771 lib.
2897 3717 2953 3783 2,
3006 3734 3060 3771 η.
3104 3717 3237 3788 46)ἳ
3295 3717 3662 3773 Pronuntiavit

2075 3821 2221 3868 certe
2240 3811 2546 3882 Apostolus,
2575 3809 2645 3867 de
2667 3801 2828 3881 cujus
2867 3809 3020 3865 nobis
3057 3817 3143 3866 est
3189 3809 3443 3879 opinione
3483 3820 3659 3864 certa-

2077 3921 2200 3961 men
2219 3947 2234 3974 ,
2257 3904 2528 3961 efﬁcacius
2565 3904 2776 3974 operari
2795 3903 2862 3958 ad
2891 3904 3229 3958 collationem
3257 3902 3447 3957 salutis
3473 3911 3528 3958 et
3564 3917 3660 3960 co-

2077 3995 2280 4066 piosius
2298 3996 2520 4065 gratiam
2548 3994 2863 4061 Salvatoris,
2897 4009 3057 4064 quam
3099 4002 3374 4064 peccatum
3407 3992 3572 4060 Adae;
3601 4001 3661 4049 ut

2076 4084 2383 4142 ostenderet
2405 4085 2574 4140 multo
2599 4084 2969 4140 vehementius
2992 4084 3257 4155 profuisse
3281 4084 3578 4151 Christum,
3601 4091 3658 4140 et

2076 4175 2317 4247 pluribus
2336 4175 2619 4246 profuisse,
2667 4175 2823 4246 cujus
2849 4175 3016 4246 gratia
3038 4176 3120 4244 (ut
3163 4175 3278 4247 ipso
3327 4175 3446 4245 ejus
3492 4175 3661 4230 verbo

2077 4268 2222 4339 utar)
2245 4267 2514 4322 abundavit
2540 4267 2594 4322 in
2609 4268 2802 4338 plures,
2818 4283 2976 4338 quam
2995 4267 3487 4338 praevaricationem
3500 4265 3658 4337 primi

2078 4357 2310 4413 hominis
2335 4358 2608 4424 nocuisse,
2639 4373 2797 4428 quem
2820 4359 2834 4390 ⁸
2869 4366 2924 4413 tu
2949 4356 3400 4413 dicis-seminibus
3427 4356 3662 4428 illigasse

2077 4459 2373 4522 peccatum.

2147 4545 2285 4603 Auc.
2310 4544 2477 4600 Multo
2495 4545 2656 4617 magis
2676 4543 2974 4611 abundavit,
2998 4542 3171 4598 dixit:
3205 4557 3308 4596 non
3335 4583 3350 4610 ,
3404 4541 3462 4597 In
3489 4541 3654 4612 magis

2078 4637 2308 4703 multus;
2335 4636 2387 4691 id
2411 4643 2514 4702 est,
2543 4651 2671 4700 non,
2696 4635 2751 4690 lu
2779 4635 2977 4705 plures.
3003 4633 3133 4702 Quis
3157 4634 3302 4688 enim
3335 4647 3443 4688 non
3483 4631 3655 4687 videat

2078 4727 2256 4798 plures
2279 4741 2399 4782 esse
2428 4726 2481 4780 in
2510 4739 2704 4796 genere
2731 4724 2997 4790 humano,
3038 4722 3091 4777 iu
3117 4738 3252 4794 quos
3282 4737 3386 4777 non
3417 4720 3651 4776 abunda-

2076 4821 2185 4884 vit;
2210 4825 2268 4872 ut
2293 4831 2357 4872 ex
2379 4816 2619 4886 pluribus
2640 4814 3014 4871 ostenderetur
3039 4813 3165 4885 quid
3196 4814 3460 4869 universa:
3505 4826 3648 4867 mas-

2076 4925 2150 4965 sae
2169 4909 2313 4978 justo
2333 4905 2534 4977 judicio
2581 4905 2884 4972 deberetur,
2917 4905 3019 4960 nisi
3066 4903 3156 4960 ubi
3204 4903 3368 4959 vellet
3419 4902 3650 4972 Spiritus

2076 5002 2338 5071 spiraret,
2359 5007 2415 5055 et
2434 4999 2576 5054 Deus
2601 5012 2735 5069 quos
2761 4997 3067 5068 dignaretur
3087 5003 3302 5050 vocaret
3328 5035 3344 5061 ,
3392 5003 3445 5048 et
3489 5008 3650 5062 quem

2077 5093 2235 5148 vellet
2294 5090 2599 5161 religiosum
2657 5087 2855 5145 Iaceret
2929 5086 3266 5158 (Ambrosius
3290 5125 3304 5150 ,
3353 5084 3443 5138 lib.
3494 5084 3526 5138 7
3601 5083 3654 5136 in

2079 5183 2206 5240 Luc.
2247 5182 2375 5250 rx)?

2100 5261 2102 5264 r
2149 5274 2433 5332 LXXXVI.
2465 5274 2584 5331 Jua.
2623 5272 2793 5329 Proba
2824 5271 3004 5342 igitur,
3053 5270 3154 5325 hoc
3209 5267 3354 5339 quod
3399 5263 3662 5322 intellexit

2080 5369 2368 5442 Apostolus
2396 5368 2587 5423 vestris
2613 5364 2884 5420 cohaerere
2909 5362 3269 5433 dogmatibus.

2150 5462 2281 5515 Auc.
2305 5457 2572 5528 Legantur
2597 5455 2756 5510 verba
2787 5455 2904 5524 ejus
2931 5453 3046 5508 sine
3073 5451 3427 5521 perversitate
3478 5448 3664 5519 legen-

2083 5555 2210 5610 tium
2233 5595 2248 5618 ,
2275 5552 2444 5622 qualis
2467 5550 2624 5605 estin
2664 5548 2850 5614 vobis;
2877 5554 2929 5602 ct
2961 5546 3102 5602 nulla
3142 5544 3243 5599 alia
3294 5541 3536 5614 probatio
3575 5555 3662 5593 re-

2150 5669 2164 5699 ι
2201 5664 2338 5726 editi,
2361 5675 2519 5727 quam.
2549 5669 2674 5722 Mss,
2698 5672 2854 5725 quem.
