4004 6190
1719 238 1926 298 LIBER
1962 241 2340 303 SECUNDUS.
3553 257 3576 310 I
3593 255 3692 311 I18

2113 357 2244 424 bus,
2275 374 2394 430 qua:
2424 358 2554 416 nihil
2583 360 2724 433 quod
2753 361 2836 418 his
2857 370 2936 417 tot
2957 361 3248 420 trabalibus
3275 366 3428 420 malis
3448 367 3693 424 medere-

2111 459 2196 506 tur
2219 452 2420 508 invenit
2440 464 2560 509 :aut
2581 455 2624 510 si
2652 455 2871 523 invenit,
2894 456 3123 511 afﬁrma.
3145 455 3363 528 Singula
3385 459 3528 516 enim
3551 475 3691 515 nunc

2108 542 2332 613 singulis
2345 544 2702 600 conferamus.
2719 545 2775 602 Si
2793 547 2963 602 Adam
2992 557 3187 616 praeter
3199 548 3487 605 voluntatis
3503 564 3688 619 opera,

2107 631 2275 700 ipsius
2310 641 2512 689 natum
2539 635 2777 692 instituta
2802 638 3090 704 subvertit;
3127 639 3258 694 nihil
3301 639 3484 696 debuit
3524 641 3694 711 magis

2107 720 2353 776 Christus
2390 723 2407 754 ¹
2425 764 2442 789 ,
2468 739 2628 793 quam
2653 741 2713 778 ea
2741 741 2858 796 qua:
2887 727 2955 782 ab
2983 727 3076 782 illo
3103 727 3316 784 fuerant
3339 729 3469 784 elisa
3489 771 3504 794 ,
3539 744 3694 801 repa-

421 248 564 323 im

419 362 682 434 quiretur.

491 446 802 506 LXXXVII.
830 445 948 502 ιω..
977 444 1032 502 Si
1053 443 1195 502 enim
1223 443 1393 500 Adam
1413 485 1430 513 ,
1461 453 1520 500 ut
1546 443 1723 500 dicitis
1741 485 1757 511 ,
1786 453 2005 515 peccato

416 539 648 596 naturali
688 538 962 610 generavit
997 551 1186 591 omnes
1225 535 1278 590 in
1319 535 1818 591 condemnationem
1839 575 1855 601 ,
1888 544 2006 589 tan-

420 641 642 702 tumque
667 629 736 686 de
771 629 882 684 suis
921 627 1216 684 visceribus
1246 627 1300 683 in
1337 627 1576 683 sobolem
1600 627 1747 682 virus
1781 627 2000 694 eﬂ‘udit,

414 733 476 778 ut
515 724 568 778 in
598 731 784 776 natura
816 718 1046 773 hominis
1081 727 1274 774 cuncta
1309 717 1411 774 Dei
1447 717 1682 772 instituta
1724 716 1999 783 turbaret;

487 816 622 870 Anc.
649 810 874 881 Quando
914 810 1189 880 parvulum
1216 809 1434 880 spiritus
1460 818 1615 864 vexat
1654 807 1956 863 immundus
1980 846 2000 876 ,

413 909 753 976 animamque
781 903 897 974 ejus
917 914 970 958 ct
991 917 1187 973 corpus
1215 901 1430 972 afﬂigit,
1465 914 1655 956 sensus
1685 900 1999 955 sanitatem-

409 1016 518 1071 que
545 997 831 1070 pervertit;
855 1010 1032 1050 nonne
1061 994 1307 1048 universa
1335 993 1470 1062 ejus,
1493 1007 1651 1063 quam
1682 991 1821 1048 Deus
1849 991 2002 1048 insti-

410 1091 515 1145 tuit
533 1131 550 1157 ,
580 1099 764 1142 natura
795 1085 1060 1141 turbatur?
1090 1099 1192 1140 nec
1220 1083 1470 1140 invenitis
1495 1082 1714 1138 omnino
1735 1081 1869 1137 tanti
1899 1081 2001 1137 hu-

411 1183 497 1256 jus
522 1183 646 1238 mali
676 1182 922 1237 meritum
941 1220 958 1244 ,
989 1187 1250 1250 negantes
1275 1176 1536 1248 originale
1563 1182 1861 1254 peccatum.
1891 1174 1999 1230 Cur

406 1274 552 1330 enim
579 1289 685 1328 non
713 1270 800 1325 hic
825 1269 1054 1325 attendis
1077 1310 1094 1336 ,
1122 1269 1176 1322 in
1207 1275 1394 1322 natura
1419 1265 1652 1321 hominis
1680 1280 1776 1335 per
1799 1263 1996 1320 diaboli

406 1365 557 1420 virus
581 1372 768 1420 cuncta
798 1361 893 1416 Dei
925 1361 1163 1415 instituta
1206 1355 1447 1414 turbari?
1488 1356 1584 1411 Dic
1609 1371 1826 1412 causam
1869 1370 1996 1426 par-

406 1455 537 1518 vuli,
567 1453 654 1508 dic
673 1459 876 1507 reatum
897 1449 1012 1520 ejus
1027 1447 1113 1504 cui
1138 1461 1327 1504 recens
1349 1455 1473 1502 nato
1495 1445 1513 1478 ί
1535 1445 1635 1500 ista
1660 1445 1993 1516 contingunt,

404 1544 501 1615 qui
527 1558 632 1598 non
653 1541 733 1597 vis
757 1539 916 1596 verba
937 1539 1227 1611 apostolica
1247 1539 1325 1593 sic
1350 1537 1592 1607 accipere
1607 1578 1623 1603 ,
1651 1536 1997 1607 quemadmo-

405 1635 534 1691 dum
555 1633 748 1705 accipit
762 1647 830 1687 ex
855 1645 960 1702 quo
980 1638 1063 1685 est
1085 1629 1326 1684 instituta
1352 1627 1615 1683 catholica
1650 1626 1911 1691 Ecclesia,
1939 1634 1995 1682 et

405 1723 855 1799 quemadmodum
897 1721 1008 1778 suis
1051 1731 1158 1776 tam
1197 1719 1493 1790 perspicuis
1521 1718 1676 1773 malis
1708 1719 1996 1773 confitetur

405 1820 520 1889 ipsa
540 1827 744 1872 natura.
770 1815 838 1870 Et
860 1824 1037 1869 tamen
1060 1812 1102 1868 si
1125 1812 1262 1867 bene
1281 1810 1706 1876 consideremus,
1723 1808 1816 1864 Dei
1844 1809 1992 1864 nullo

405 1909 568 1965 modo
594 1908 828 1963 instituta
877 1905 1156 1960 turbantur
1179 1921 1193 1959 :
1216 1902 1471 1979 quoniam.
1508 1902 1763 1972 prmscius
1788 1900 1993 1957 futuro-

401 2016 524 2055 rum
555 2007 743 2055 cuncta
769 1996 1045 2052 constituit
1073 2013 1087 2050 :
1117 2010 1217 2050 nec
1243 2003 1410 2048 totum
1439 1992 1578 2064 quod
1607 2003 1842 2048 meretur
1866 2008 1996 2063 apo-

399 2090 594 2145 statica
627 2098 906 2153 creatura,
937 2086 1160 2157 singulis
1185 2084 1392 2150 reddit;
1421 2084 1515 2139 sed
1545 2085 1598 2138 in
1642 2099 1911 2145 mensura,
1939 2092 1994 2138 et

399 2199 663 2250 numero,
703 2191 758 2238 et
785 2181 1019 2250 pondere
1043 2179 1335 2248 disponens
1355 2177 1531 2231 omnia
1559 2175 1716 2246 (Sap.
1748 2191 1802 2230 xi
1822 2217 1838 2244 ,
1859 2175 1952 2247 2i)
1973 2214 1989 2242 ,

394 2276 675 2331 neminem
706 2273 831 2328 sinit
855 2271 977 2326 mali
1002 2268 1198 2339 aliquid
1224 2267 1466 2339 perpeti,
1505 2265 1649 2337 quod
1683 2281 1786 2320 non
1814 2281 1994 2320 mere-

396 2376 525 2427 tur;
552 2363 794 2435 quamvis
835 2376 941 2417 non
980 2368 1220 2426 tantum,
1247 2367 1505 2428 quantum
1543 2371 1733 2412 massae
1770 2355 1994 2412 debetur

398 2457 665 2513 universe
683 2495 699 2521 ,
731 2451 968 2523 singulus
991 2450 1215 2521 quisque
1245 2449 1493 2518 patiatur.

474 2543 805 2602 LXXXVIII.
844 2541 964 2598 IUL.
996 2539 1067 2596 Ut
1103 2541 1218 2596 sine
1245 2539 1388 2594 dono
1416 2536 1648 2606 diaboli,
1683 2537 1751 2593 ad
1795 2535 1938 2608 quod
1967 2539 1988 2570 ²

400 2636 537 2692 dicis
561 2634 834 2691 libidinem
860 2646 1083 2687 sexuum
1125 2631 1395 2702 pertinere
1418 2669 1434 2697 ,
1461 2628 1661 2700 nuptiae
1685 2643 1818 2700 quas
1846 2628 1989 2686 Deus

399 2735 706 2793 creaverat,
736 2740 856 2781 esse
884 2739 990 2779 non
1019 2730 1258 2794 possent;
1299 2721 1407 2778 imo
1434 2720 1538 2776 illis
1564 2735 1697 2792 quas
1717 2720 1992 2777 ordinave-

400 2827 505 2885 rat,
528 2814 874 2872 institutionis
893 2828 1005 2868 sua:
1029 2811 1237 2866 honore
1257 2809 1614 2877 avolantibus,
1642 2810 1737 2866 has
1763 2825 1988 2881 quarum

400 2908 534 2964 ordo
561 2905 887 2978 permansit,
917 2918 1040 2958 cum
1079 2901 1314 2956 motione
1340 2899 1649 2971 genitalium
1672 2940 1687 2964 ,
1732 2914 1852 2956 cum
1891 2915 1992 2970 pu-

399 3001 532 3056 dore
556 2998 860 3055 coeuntium
880 3037 896 3062 ,
922 3010 1042 3050 cum
1069 2992 1246 3048 calore
1271 3001 1325 3048 et
1349 2992 1781 3047 consternatione
1819 3007 1992 3046 mem-

401 3089 619 3145 brorum
641 3130 658 3155 ,
710 3102 831 3143 cum
865 3083 1196 3156 iucunditate
1221 3097 1473 3138 sensuum
1500 3122 1516 3149 ,
1561 3096 1682 3136 cum
1713 3081 1988 3152 iniquitate

399 3182 752 3248 nascentium,
775 3178 994 3245 diaboli,
1015 3192 1122 3232 non
1149 3175 1268 3241 Dei,
1291 3189 1427 3246 opus
1447 3189 1568 3230 esse
1591 3182 1805 3245 cogeret
1827 3181 1989 3244 atque

395 3274 736 3330 convinceret
765 3289 778 3326 :

468 3364 603 3419 Anc.
635 3362 692 3417 Si
723 3360 919 3416 malum
944 3358 1194 3413 vitiorum
1219 3397 1236 3424 ,
1265 3355 1408 3428 quod
1429 3355 1530 3413 nisi
1557 3355 1610 3410 in
1639 3355 1818 3425 aliquo
1844 3353 1988 3410 bono

335 3449 342 3454 ’
397 3469 520 3511 esse
543 3469 650 3509 non
682 3460 879 3523 potest,
909 3466 938 3506 a
965 3459 1276 3506 naturarum
1303 3448 1544 3504 bonitate
1562 3447 1866 3515 discernas;
1890 3463 1990 3504 nec

396 3544 683 3602 excusabis
707 3543 998 3608 diabolum,
1026 3555 1126 3597 nec
1152 3539 1428 3595 accusabis
1453 3539 1618 3594 Deum
1655 3555 1669 3593 :
1699 3554 1798 3594 nec
1826 3553 1990 3593 excu-

396 3634 541 3690 sahis
586 3633 819 3690 libidinis
848 3631 1043 3687 malum
1066 3674 1081 3698 ,
1121 3645 1221 3685 nec
1249 3629 1524 3684 accusabis
1554 3629 1861 3699 nuptiarum
1892 3629 1989 3684 bo—

461 3817 756 3874 LXXXIX.
785 3816 904 3873 Jun.
933 3815 1105 3887 Ipsam
1150 3821 1423 3885 postremo
1448 3809 1656 3866 arbitrii
1685 3809 1986 3866 libertatem

395 3912 554 3966 unius
579 3910 780 3982 peccati
810 3906 1129 3978 impulsione
1157 3905 1438 3959 subrueret
1466 3901 1517 3962 ’ς
1549 3909 1606 3955 ut
1638 3915 1798 3955 nemo
1831 3899 1986 3955 dein-

394 4017 523 4072 ceps
553 4003 604 4057 in
635 4007 898 4071 potestate
930 3997 1152 4052 haberet
1177 4005 1358 4049 vetera
1377 3991 1601 4047 crimina
1629 3990 1842 4044 virtutis
1871 3990 1983 4045 ele-

397 4095 578 4150 ctione
619 4106 903 4162 respuere,
935 4088 1028 4144 sed
1055 4104 1161 4142 uno
1189 4101 1375 4143 omnes
1414 4085 1467 4139 in
1493 4082 1989 4139 condemnationem

395 4199 598 4241 eversa
636 4181 982 4237 humanitatis
1012 4187 1249 4236 torrente
1278 4181 1611 4246 raperentur.

466 4276 604 4332 Anc.
627 4272 737 4329 Cur
763 4288 868 4328 non
897 4271 1072 4342 potius
1097 4267 1307 4324 miraris
1331 4307 1348 4334 ,
1379 4266 1614 4321 universi
1643 4265 1858 4336 generis
1885 4263 1988 4320 hu-

396 4369 538 4424 mani
559 4369 628 4424 ab
649 4366 868 4424 exordio
889 4364 1179 4420 nativitatis
1199 4371 1398 4417 tantam
1425 4359 1720 4426 miseriam,
1745 4369 1803 4414 ut
1830 4375 1990 4414 nemo

396 4461 585 4518 beatus
613 4460 714 4516 nisi
743 4475 808 4515 ex
837 4458 1033 4514 misero
1063 4455 1176 4522 fiat,
1207 4469 1380 4525 neque
1399 4451 1502 4507 nisi
1524 4459 1644 4522 post
1670 4451 1808 4506 banc
1825 4452 1989 4516 vitam

397 4556 553 4610 malis
572 4553 824 4609 omnibus
850 4559 1068 4617 careat,
1098 4549 1182 4605 cui
1212 4563 1306 4619 per
1332 4547 1423 4602 Dei
1447 4545 1674 4617 gratiam
1705 4555 1991 4616 praestatur

399 4659 457 4703 ut
489 4646 710 4703 careat?
739 4647 850 4701 Hoc
875 4643 1118 4699 mirando
1139 4685 1154 4709 ,
1192 4650 1248 4697 te
1266 4641 1540 4711 corriges;
1584 4649 1638 4695 et
1661 4639 1863 4710 justum
1895 4639 1989 4697 Dei

395 4737 649 4808 judicium
675 4735 946 4807 (quoniam
979 4748 1075 4802 per
1099 4745 1264 4786 unum
1295 4729 1565 4784 hominem
1599 4738 1875 4799 peccatum
1901 4730 1986 4784 in-

399 4828 554 4882 travit
603 4828 655 4882 in
687 4823 968 4897 mundum)
1008 4824 1060 4878 in
1090 4821 1302 4894 generis
1333 4820 1550 4876 humani
1595 4835 1701 4876 non
1745 4820 1942 4893 injusta
1968 4820 1991 4852 ⁸

397 4918 686 4975 afflictione
711 4933 1022 4989 cognosces.

469 5012 583 5068 XC.
611 5012 729 5068 ιυι..
753 5011 808 5066 Si
838 5009 982 5073 tunc,
1012 5010 1257 5079 inquam,
1286 5014 1472 5061 cuncta
1496 5005 1547 5060 in
1581 5004 1675 5059 Dei
1706 5005 1988 5075 imaginem

399 5105 554 5174 primi
585 5103 817 5159 hominis
847 5101 1046 5157 invexit
1075 5098 1353 5168 iniquitas;
1395 5095 1735 5151 manifestum
1773 5105 1858 5152 est
1897 5097 1985 5151 ni-

400 5195 502 5250 mis
530 5209 652 5250 esse
681 5193 1002 5250 imbecillam
1031 5190 1230 5247 Christi
1256 5189 1479 5260 gratiam
1521 5187 1572 5242 in
1605 5186 1718 5242 suis
1754 5186 1993 5242 muneri-

463 5350 482 5382 ί
516 5349 589 5399 sic
610 5356 717 5400 Mss.
741 5347 858 5401 Editi
881 5361 1018 5408 vero,
1044 5345 1124 5397 die
1150 5351 1356 5404 reatum,
1375 5348 1421 5395 et
1441 5356 1527 5394 cur
1553 5355 1719 5394 recens
1739 5349 1865 5393 nato.

463 5413 487 5472 ξ
517 5411 656 5470 miti,
679 5423 836 5472 quem.
866 5418 994 5468 uss,
1017 5409 1162 5472 quod.

467 5469 490 5505 ⁸
516 5466 653 5532 Mli,
676 5466 944 5524 subrueres.
980 5466 1042 5520 'At'
1056 5477 1184 5532 διες»,
1211 5468 1478 5520 subrueret.
1506 5466 1571 5516 Ad
1589 5467 1813 5517 Adamum
1833 5467 1990 5518 refer-

403 5539 501 5702 ῗπὲ
519 5602 592 5646 suc
746 5600 800 5646 At
826 5593 1079 5644 Menardus
1102 5599 1152 5644 et
1175 5593 1326 5655 prima
1350 5592 1579 5655 \‘ignierii
1604 5590 1772 5654 editio,
1798 5603 1889 5643 non
1902 5591 1990 5656 ju-

404 5665 426 5702 s
444 5667 475 5704 α
495 5669 515 5705 :
538 5669 614 5705 im
633 5669 682 5705 ο.

404 5665 475 5704 ιω
495 5669 515 5708 .'
538 5665 682 5707 11³10.

2106 824 2226 865 rare
2244 851 2260 876 ,
2294 811 2376 866 his
2405 811 2651 868 videlicet
2679 816 2914 885 vestigiis
2939 818 3128 888 quibus
3150 819 3239 874 ille
3257 820 3558 874 subruerat.

2173 898 2310 956 Anc.
2335 899 2448 956 lIoe
2472 900 2618 969 facit,
2645 904 2740 959 sed
2761 919 2868 959 non
2897 907 3163 976 quomodo
3186 916 3241 962 tu
3263 908 3362 963 vis.
3385 908 3518 975 Quis
3543 909 3686 964 enim

2102 989 2352 1059 cognovit
2379 1001 2612 1047 mentem
2641 994 2887 1049 Domini?
2913 1003 3009 1052 aut
3036 997 3154 1068 quis
3195 998 3532 1054 consiliarius
3571 997 3690 1068 ejus

2103 1076 2204 1134 fuit
2233 1077 2383 1150 (laci.
2413 1098 2514 1147 ιι..
2545 1083 2645 1149 15ς
2673 1083 2820 1138 Rom.
2854 1101 2909 1141 XI
2929 1128 2944 1152 ,
2966 1086 3098 1156 34)?

2175 1168 2308 1224 XCI.
2335 1171 2455 1228 Jun.
2484 1172 2541 1227 ld
2570 1181 2686 1240 est,
2716 1184 2773 1229 ut
2803 1175 2854 1229 in
2877 1177 3076 1245 nuptiis
3103 1176 3490 1246 baptizatorum
3517 1181 3693 1235 neuti-

2099 1273 2259 1329 quam
2285 1263 2570 1316 sentiretur
2593 1264 2789 1330 lihido;
2817 1281 2916 1321 nec
2943 1267 3131 1322 eodem
3169 1268 3358 1336 modo,
3389 1285 3494 1340 quo
3523 1269 3686 1326 etiam

2101 1361 2413 1407 camerarum
2439 1355 2672 1424 gentium
2693 1398 2709 1422 ,
2741 1357 2988 1426 genitalia
3019 1369 3378 1415 moverentur.

2170 1442 2304 1498 Anc.
2330 1442 2446 1498 Non
2467 1459 2594 1514 ergo
2613 1446 2911 1504 debuerunt
2934 1449 3212 1520 baptizatus
3227 1467 3347 1507 cum
3368 1453 3568 1523 gemitu
3588 1469 3685 1524 pa-

2098 1542 2240 1598 rere;
2268 1533 2520 1601 quoniam
2543 1533 2644 1590 hoc
2669 1536 2833 1606 (quod
2855 1553 3051 1609 negare
3081 1555 3186 1596 non
3217 1540 3392 1614 potes)
3418 1557 3573 1612 paena
3602 1551 3688 1600 est

2097 1620 2312 1678 feminae
2338 1626 2668 1693 peccatricis.

2169 1711 2327 1769 XCII.
2350 1714 2468 1788 Jun.
2497 1715 2792 1774 Recederet
2820 1729 3092 1790 postremo
3121 1730 3238 1794 post
3275 1722 3471 1784 donum
3500 1725 3686 1795 gratiae

2096 1806 2398 1860 coeuntium
2426 1807 2624 1877 pudor,
2653 1824 2752 1863 nec
2783 1809 2880 1864 iret
2912 1825 3006 1880 per
3032 1813 3269 1867 membra
3289 1814 3485 1882 quietis
3510 1814 3685 1868 imita-

2098 1897 2202 1964 tio,
2231 1914 2330 1953 nec
2357 1909 2664 1968 paterentur
2681 1916 2872 1956 sensus
2897 1919 3058 1958 onera
3090 1903 3388 1960 dulcedinis
3415 1924 3430 1960 :
3458 1907 3682 1961 liberum

2097 1997 2367 2058 postremo
2396 1991 2675 2060 baptizatis
2700 1995 3012 2049 redderetur
3029 1990 3329 2062 arbitrium,
3353 2005 3414 2050 ut
3443 2013 3537 2065 per
3556 2009 3683 2052 cors

2095 2081 2385 2136 rectionem
2406 2093 2629 2147 naturze,
2656 2085 2875 2154 expulsa
2894 2087 3010 2157 lege
3037 2087 3262 2154 peccati,
3292 2095 3400 2142 tam
3427 2089 3684 2156 possibile

2094 2170 2428 2227 confitereris
2456 2188 2575 2228 esse
2603 2176 2914 2230 mortalibus
2935 2216 2951 2242 ,
2993 2177 3164 2232 nitere
3203 2178 3488 2246 splendore
3514 2181 3682 2234 virtu-

2097 2270 2208 2316 tum
2233 2304 2249 2330 ,
2279 2279 2440 2333 quam
2484 2263 2729 2319 sordibus
2759 2265 2980 2320 horrere
3005 2267 3258 2321 vitiorum
3284 2285 3297 2319 :
3322 2267 3430 2322 imo
3470 2269 3682 2338 penitus

2096 2367 2198 2407 nec
2223 2353 2496 2420 mortales,
2519 2354 2607 2424 qui
2632 2355 2990 2411 Sacramentis
3016 2356 3345 2424 imbuuntur,
3369 2373 3489 2413 esse
3515 2359 3682 2415 debe-

2092 2450 2232 2497 rent.

2115 2594 2117 2596 ,
2162 2531 2299 2588 Atio.
2324 2532 2394 2588 Et
2421 2541 2598 2590 tamen
2618 2575 2634 2602 ,
2661 2533 2870 2592 Juliane
2890 2575 2906 2600 ,
2934 2535 3066 2591 tales
3108 2537 3321 2607 nuptias
3350 2537 3402 2592 in
3434 2537 3682 2609 paradiso

2091 2623 2415 2680 constituere
2443 2640 2550 2680 non
2595 2635 2648 2682 te
2691 2625 2892 2695 pudet,
2941 2625 3030 2681 ubi
3059 2629 3364 2683 coeuntium
3405 2629 3681 2686 confiteris

2091 2712 2370 2783 pudorem.
2403 2713 2617 2786 Ergone
2656 2715 2854 2786 aliquid
2883 2715 3186 2785 pudendum
3227 2727 3376 2784 erat,
3414 2718 3506 2774 ubi
3549 2720 3680 2776 nihil

2092 2805 2194 2860 nisi
2219 2806 2564 2874 laudandum,
2591 2808 2680 2877 qui
2704 2823 2862 2878 supra
2883 2818 3073 2865 cuncta
3096 2809 3390 2868 laudandus
3410 2821 3512 2879 est,
3534 2813 3679 2868 Con-

2089 2893 2232 2951 ditor
2258 2896 2593 2952 instituerat?
2635 2897 2740 2954 Sed
2782 2898 2902 2970 quis
2941 2908 3116 2970 potest
3158 2901 3260 2957 hoc
3284 2916 3477 2972 sapere
3498 2913 3553 2958 et
3591 2903 3679 2959 di-

2090 3002 2215 3044 cere
2235 3030 2250 3055 ,
2280 2989 2380 3044 nisi
2407 3005 2566 3059 quem
2594 3006 2700 3045 non
2728 2991 2891 3062 pudet
2916 2991 2970 3047 id
2998 2991 3217 3049 laudare
3241 2993 3381 3064 quod
3411 2994 3609 3065 pudet?

2163 3077 2343 3133 XCIII.
2374 3078 2492 3135 Jun.
2515 3079 2571 3136 Si
2593 3080 2735 3135 enim
2765 3090 2960 3151 pugnat
2981 3083 3242 3138 medicina
3271 3099 3394 3140 cum
3421 3085 3641 3142 vulnere
3661 3128 3676 3151 .

2089 3177 2145 3224 et
2169 3183 2314 3222 mors
2341 3180 2556 3239 peccato
2585 3169 2778 3225 dicitur
2810 3170 3104 3238 accidisse,
3135 3172 3460 3230 ahlationem
3488 3177 3678 3231 mortis

2089 3261 2288 3316 amotio
2315 3262 2517 3331 peccati
2549 3260 2708 3318 debet
2731 3262 2965 3332 operari.

2161 3351 2298 3407 Anc.
2329 3351 2518 3408 Adhuc
2564 3352 2778 3424 quidem
2828 3351 3038 3419 dicitis,
3079 3352 3248 3409 Adam
3274 3354 3352 3409 sic
3398 3354 3559 3412 fuisse
3595 3357 3678 3413 fa-

2089 3451 2233 3497 ctum
2258 3484 2273 3509 ,
2301 3452 2360 3497 ut
2385 3443 2496 3497 sive
2524 3453 2788 3513 peccaret,
2812 3443 2926 3500 sive
2950 3459 3056 3498 non
3087 3451 3366 3514 peccaret,
3391 3445 3680 3522 moriturus

2090 3545 2234 3592 esset
2267 3552 2280 3590 :
2325 3535 2418 3592 sed
2451 3536 2550 3590 ista
2576 3536 2816 3592 dicentes
2851 3537 2961 3607 jam
2993 3550 3088 3592 vos
3127 3537 3382 3608 magister
3407 3547 3587 3596 vester
3625 3540 3680 3594 in

2089 3628 2379 3698 episcopali
2418 3627 2617 3698 judicio
2658 3629 2940 3685 Palaestino
2958 3671 2973 3698 ,
3017 3644 3117 3685 nec
3144 3629 3263 3686 sine
3288 3645 3348 3688 se
3377 3630 3495 3702 ipso
3513 3672 3530 3700 ,
3559 3633 3682 3703 quia

2090 3732 2198 3773 non
2225 3732 2284 3774 se
2321 3719 2588 3786 correxit,
2634 3719 2880 3792 Pelagius
2919 3722 3034 3791 ipse
3073 3721 3348 3778 damnavit
3382 3717 3458 3795 (a)
3492 3741 3506 3778 :
3539 3723 3682 3780 Deus

2091 3821 2269 3868 autem
2313 3826 2419 3865 non
2465 3811 2517 3865 in
2563 3812 2668 3866 isto
2701 3813 2899 3868 saec-ldo
2944 3814 3177 3884 maligno
3223 3815 3492 3870 beatificat
3517 3829 3679 3880 suos,

2090 3901 2284 3973 quibus
2305 3901 2394 3957 hic
2418 3911 2636 3972 peccata
2665 3903 2916 3968 dimittit,
2957 3914 3012 3958 et
3036 3905 3256 3973 Spiritus
3281 3906 3467 3972 gratim
3491 3906 3683 3977 pignus

2093 3993 2351 4062 impertit.
2397 3993 2521 4048 Ideo
2561 3993 2638 4047 cis
2681 3994 2772 4064 qui
2817 3994 2976 4048 etiam
3016 3996 3171 4050 malis
3199 3997 3381 4052 saeculi
3407 3997 3567 4066 hujus
3595 4001 3680 4054 vel

2092 4084 2528 4151 delectabilibus,
2561 4085 2644 4140 vel
2669 4086 2826 4141 smvis
2854 4095 3013 4157 atque
3051 4088 3293 4157 asperis,
3337 4091 3531 4159 partim
3571 4108 3680 4147 non

2092 4184 2340 4243 utuntur,
2385 4179 2575 4248 partim
2601 4177 2738 4234 bene
2771 4186 3028 4245 utuntur,
3055 4179 3287 4234 futurum
3315 4181 3556 4250 promisit
3579 4197 3678 4238 ste-

2091 4269 2269 4324 culum
2290 4309 2306 4336 ,
2337 4268 2388 4322 in
2417 4283 2524 4338 quo
2550 4269 2686 4323 mala
2714 4269 2854 4323 nulla
2888 4269 3184 4339 patiantur;
3216 4270 3306 4324 ubi
3337 4271 3470 4326 tales
3499 4281 3683 4327 essent

2092 4370 2147 4418 et
2175 4360 2394 4431 nuptim,
2426 4360 2612 4431 quales
2638 4360 2692 4416 in
2715 4360 2809 4415 illo
2829 4360 3093 4430 paradiso,
3125 4361 3170 4415 si
3197 4377 3356 4416 nemo
3383 4372 3677 4431 peccasset,

2091 4467 2211 4510 esse
2236 4453 2554 4522 potuissent,
2585 4452 2636 4506 in
2661 4453 2852 4522 quibus
2881 4453 3015 4506 nihil
3047 4452 3350 4523 pudendum
3373 4465 3514 4510 esset
3541 4473 3554 4508 :
3583 4457 3678 4512 sed

2094 4559 2193 4600 nec
2221 4544 2358 4600 tales
2381 4553 2564 4609 erunt,
2597 4542 2844 4613 quoniam
2871 4541 3148 4598 beatorum
3175 4560 3398 4600 numero
3426 4545 3643 4616 impleto
3660 4588 3676 4609 .

2095 4637 2181 4692 cui
2213 4639 2321 4692 sint
2355 4637 2551 4705 nuptiae
2580 4636 2894 4692 necessaria:
2915 4677 2930 4700 ,
2971 4638 3244 4706 generatio
3283 4638 3395 4708 ipsa
3425 4654 3529 4694 non
3556 4641 3678 4696 erit.

2166 4726 2349 4783 XCIV.
2376 4726 2497 4782 Jun.
2529 4726 2723 4783 Verum
2749 4742 2869 4782 cum
2894 4727 3024 4782 nihil
3052 4727 3240 4783 horum
3261 4744 3380 4799 qua:
3409 4729 3642 4785 diximus
3659 4773 3675 4798 ,

2093 4820 2478 4891 baptizatorum
2521 4827 2730 4876 constet
2773 4821 2987 4876 evenire
3035 4821 3379 4893 corporibus;
3431 4839 3536 4879 non
3582 4841 3682 4893 po-

2095 4911 2258 4966 tuisse
2284 4919 2462 4967 autem
2488 4912 2674 4976 aliter,
2706 4911 2756 4968 id
2794 4920 2908 4977 est,
2955 4927 3062 4966 non
3096 4909 3382 4978 debuisse,
3406 4931 3565 4986 quam
3595 4917 3682 4973 his

2094 4999 2372 5056 medicina:
2400 5001 2573 5056 modis
2595 5008 2759 5056 totum
2787 5001 2925 5065 ﬁeri,
2954 5001 3154 5057 veritas
3177 5002 3371 5058 clarior
3388 5006 3502 5061 sole
3524 5023 3680 5062 mon-

2095 5090 2342 5146 straverit
2372 5109 2386 5146 :
2415 5092 2774 5148 confitendum
2825 5093 2917 5147 tibi
2960 5101 3081 5161 est,
3134 5103 3226 5149 aut
3262 5095 3348 5150 illa
3391 5113 3509 5167 qua:
3537 5099 3682 5167 prius

2097 5183 2528 5240 enumeravimus
2551 5225 2568 5247 ,
2609 5199 2714 5238 non
2760 5183 3018 5240 accidisse
3046 5196 3265 5255 peccato
3288 5228 3304 5251 ,
3350 5196 3404 5242 et
3433 5187 3550 5241 ideo
3581 5203 3680 5244 nec

2095 5274 2316 5328 vulnera
2343 5272 2506 5328 fuisse
2532 5282 2768 5338 naturze;
2803 5285 2859 5328 ut
2891 5284 3099 5331 constet
3143 5277 3280 5332 ratio
3320 5278 3535 5347 gratiae,
3586 5293 3678 5346 per

2095 5379 2252 5436 quam
2293 5363 2628 5419 manifestum
2672 5374 2780 5430 est,
2826 5366 2913 5420 illa
2961 5366 3028 5420 de
3066 5368 3177 5422 suis
3218 5367 3493 5422 ordinibus
3534 5376 3676 5424 mota

2097 5473 2203 5514 non
2229 5472 2349 5514 esse
2386 5476 2400 5512 ε
2428 5466 2518 5513 aut
2544 5467 2689 5515 certe
2729 5459 3028 5530 negandum
3051 5499 3069 5527 ,
3100 5462 3152 5514 in
3186 5461 3450 5530 mysteriis
3475 5460 3676 5518 Christi

2164 5597 2179 5626 ι
2204 5591 2363 5642 Culex
2388 5599 2649 5651 Portarum,
2675 5592 2795 5644 nihil
2817 5593 2979 5644 decuit
3002 5591 3151 5652 magis
3171 5591 3436 5643 Christum.

2163 5657 2241 5717 (a)
2258 5656 2356 5704 Lib.
2381 5653 2444 5704 de
2468 5657 2623 5706 Gestis
2640 5645 2840 5718 'I‘elagii,
2869 5670 2949 5703 un.
2976 5655 3055 5714 25,
3075 5645 3153 5704 37.
