  <div class='ocr_page' id='page_1' title='image "/cluster/home/n/w/nwhite01/storage/ocr_20150623/45/hvd.32044096580667/103.png"; bbox 0 0 3962 6180; ppageno 0'>
   <div class='ocr_carea' id='block_1_1' title="bbox 270 235 429 296">
    <p class='ocr_par' dir='ltr' id='par_1_1' title="bbox 270 235 429 296">
     <span class='ocr_line' id='line_1_1' title="bbox 270 235 429 296; baseline 0 0"><span class='ocrx_word' id='word_1_1' title='bbox 270 235 429 296; x_wconf 71' lang='grc'><strong>’1179</strong></span> 
     </span>
    </p>
   </div>
   <div class='ocr_carea' id='block_1_2' title="bbox 289 340 1874 422">
    <p class='ocr_par' dir='ltr' id='par_1_2' title="bbox 289 340 1874 422">
     <span class='ocr_line' id='line_1_2' title="bbox 289 340 1874 422; baseline -0.008 -15"><span class='ocrx_word' id='word_1_2' title='bbox 289 349 576 422; x_wconf 81' lang='lat' dir='ltr'><strong>quidquam</strong></span> <span class='ocrx_word' id='word_1_3' title='bbox 605 363 726 406; x_wconf 80' lang='lat' dir='ltr'><strong>esse</strong></span> <span class='ocrx_word' id='word_1_4' title='bbox 761 347 1072 411; x_wconf 83' lang='lat' dir='ltr'><strong>medicinae,</strong></span> <span class='ocrx_word' id='word_1_5' title='bbox 1113 360 1232 415; x_wconf 72' lang='lat' dir='ltr'><strong>qua:</strong></span> <span class='ocrx_word' id='word_1_6' title='bbox 1271 343 1340 398; x_wconf 90' lang='lat' dir='ltr'><strong>de</strong></span> <span class='ocrx_word' id='word_1_7' title='bbox 1369 351 1449 398; x_wconf 91' lang='lat' dir='ltr'><strong>tot</strong></span> <span class='ocrx_word' id='word_1_8' title='bbox 1483 340 1778 397; x_wconf 83' lang='lat' dir='ltr'><strong>secundum</strong></span> <span class='ocrx_word' id='word_1_9' title='bbox 1823 347 1874 395; x_wconf 90' lang='lat' dir='ltr'><strong>te</strong></span> 
     </span>
    </p>
   </div>
   <div class='ocr_carea' id='block_1_3' title="bbox 290 432 1591 508">
    <p class='ocr_par' dir='ltr' id='par_1_3' title="bbox 290 432 1591 508">
     <span class='ocr_line' id='line_1_3' title="bbox 290 432 1591 508; baseline -0.01 -9"><span class='ocrx_word' id='word_1_10' title='bbox 290 443 493 498; x_wconf 88' lang='lat' dir='ltr'><strong>morbis</strong></span> <span class='ocrx_word' id='word_1_11' title='bbox 523 443 541 475; x_wconf 78' lang='grc'>⁸</span> <span class='ocrx_word' id='word_1_12' title='bbox 569 456 636 496; x_wconf 89' lang='lat' dir='ltr'><strong>ne</strong></span> <span class='ocrx_word' id='word_1_13' title='bbox 665 453 827 496; x_wconf 88' lang='lat' dir='ltr'><strong>unum</strong></span> <span class='ocrx_word' id='word_1_14' title='bbox 851 437 1062 508; x_wconf 83' lang='lat' dir='ltr'><strong>quidem</strong></span> <span class='ocrx_word' id='word_1_15' title='bbox 1085 449 1281 490; x_wconf 59' lang='lat' dir='ltr'><strong>auare</strong></span> <span class='ocrx_word' id='word_1_16' title='bbox 1301 432 1591 505; x_wconf 78' lang='lat' dir='ltr'><strong>potuerint.</strong></span> 
     </span>
    </p>
   </div>
   <div class='ocr_carea' id='block_1_4' title="bbox 361 525 1876 596">
    <p class='ocr_par' dir='ltr' id='par_1_4' title="bbox 361 525 1876 596">
     <span class='ocr_line' id='line_1_4' title="bbox 361 525 1876 596; baseline -0.007 -7"><span class='ocrx_word' id='word_1_17' title='bbox 361 535 498 589; x_wconf 73' lang='lat' dir='ltr'><strong>Aac.</strong></span> <span class='ocrx_word' id='word_1_18' title='bbox 525 531 638 586; x_wconf 86' lang='lat' dir='ltr'><strong>lmo</strong></span> <span class='ocrx_word' id='word_1_19' title='bbox 661 536 789 585; x_wconf 86' lang='lat' dir='ltr'><strong>vero</strong></span> <span class='ocrx_word' id='word_1_20' title='bbox 815 529 939 583; x_wconf 87' lang='lat' dir='ltr'><strong>hinc</strong></span> <span class='ocrx_word' id='word_1_21' title='bbox 967 526 1234 582; x_wconf 74' lang='lat' dir='ltr'><strong>deberetis</strong></span> <span class='ocrx_word' id='word_1_22' title='bbox 1259 538 1582 596; x_wconf 76' lang='lat' dir='ltr'><strong>agnoscere,</strong></span> <span class='ocrx_word' id='word_1_23' title='bbox 1619 525 1664 578; x_wconf 90' lang='lat' dir='ltr'><strong>si</strong></span> <span class='ocrx_word' id='word_1_24' title='bbox 1694 530 1876 579; x_wconf 89' lang='lat' dir='ltr'><strong>mente</strong></span> 
     </span>
    </p>
   </div>
   <div class='ocr_carea' id='block_1_5' title="bbox 292 613 1873 689">
    <p class='ocr_par' dir='ltr' id='par_1_5' title="bbox 292 613 1873 689">
     <span class='ocr_line' id='line_1_5' title="bbox 292 613 1873 689; baseline -0.008 -11"><span class='ocrx_word' id='word_1_25' title='bbox 292 624 469 679; x_wconf 84' lang='lat' dir='ltr'><strong>sobria</strong></span> <span class='ocrx_word' id='word_1_26' title='bbox 492 622 761 686; x_wconf 79' lang='lat' dir='ltr'><strong>viveretis,</strong></span> <span class='ocrx_word' id='word_1_27' title='bbox 787 634 946 689; x_wconf 80' lang='lat' dir='ltr'><strong>quam</strong></span> <span class='ocrx_word' id='word_1_28' title='bbox 973 631 1223 688; x_wconf 70' lang='lat' dir='ltr'><strong>magnum</strong></span> <span class='ocrx_word' id='word_1_29' title='bbox 1246 616 1375 671; x_wconf 85' lang='lat' dir='ltr'><strong>illud</strong></span> <span class='ocrx_word' id='word_1_30' title='bbox 1397 623 1670 686; x_wconf 66' lang='lat' dir='ltr'><strong>peceatum</strong></span> <span class='ocrx_word' id='word_1_31' title='bbox 1699 613 1873 680; x_wconf 73' lang='lat' dir='ltr'><strong>fuerit,</strong></span> 
     </span>
    </p>
   </div>
   <div class='ocr_carea' id='block_1_6' title="bbox 292 707 1879 784">
    <p class='ocr_par' dir='ltr' id='par_1_6' title="bbox 292 707 1879 784">
     <span class='ocr_line' id='line_1_6' title="bbox 292 707 1879 784; baseline -0.007 -13"><span class='ocrx_word' id='word_1_32' title='bbox 292 714 436 782; x_wconf 78' lang='lat' dir='ltr'><strong>quod</strong></span> <span class='ocrx_word' id='word_1_33' title='bbox 479 729 573 784; x_wconf 87' lang='lat' dir='ltr'><strong>per</strong></span> <span class='ocrx_word' id='word_1_34' title='bbox 601 725 764 766; x_wconf 79' lang='lat' dir='ltr'><strong>tinum</strong></span> <span class='ocrx_word' id='word_1_35' title='bbox 807 709 1076 764; x_wconf 84' lang='lat' dir='ltr'><strong>hominem</strong></span> <span class='ocrx_word' id='word_1_36' title='bbox 1121 708 1339 763; x_wconf 88' lang='lat' dir='ltr'><strong>intravit</strong></span> <span class='ocrx_word' id='word_1_37' title='bbox 1381 709 1434 762; x_wconf 92' lang='lat' dir='ltr'><strong>in</strong></span> <span class='ocrx_word' id='word_1_38' title='bbox 1477 707 1774 772; x_wconf 92' lang='lat' dir='ltr'><strong>mundum,</strong></span> <span class='ocrx_word' id='word_1_39' title='bbox 1823 714 1879 761; x_wconf 92' lang='lat' dir='ltr'><strong>et</strong></span> 
     </span>
    </p>
   </div>
   <div class='ocr_carea' id='block_1_7' title="bbox 293 794 1878 868">
    <p class='ocr_par' dir='ltr' id='par_1_7' title="bbox 293 794 1878 868">
     <span class='ocr_line' id='line_1_7' title="bbox 293 794 1878 868; baseline -0.004 -13"><span class='ocrx_word' id='word_1_40' title='bbox 293 817 412 857; x_wconf 85' lang='lat' dir='ltr'><strong>cum</strong></span> <span class='ocrx_word' id='word_1_41' title='bbox 444 811 615 856; x_wconf 87' lang='lat' dir='ltr'><strong>morte</strong></span> <span class='ocrx_word' id='word_1_42' title='bbox 659 801 710 854; x_wconf 88' lang='lat' dir='ltr'><strong>in</strong></span> <span class='ocrx_word' id='word_1_43' title='bbox 756 815 944 854; x_wconf 83' lang='lat' dir='ltr'><strong>omnes</strong></span> <span class='ocrx_word' id='word_1_44' title='bbox 981 799 1222 854; x_wconf 83' lang='lat' dir='ltr'><strong>homines</strong></span> <span class='ocrx_word' id='word_1_45' title='bbox 1253 797 1600 868; x_wconf 87' lang='lat' dir='ltr'><strong>pertransiit:</strong></span> <span class='ocrx_word' id='word_1_46' title='bbox 1635 794 1878 867; x_wconf 87' lang='lat' dir='ltr'><strong>quando-</strong></span> 
     </span>
    </p>
   </div>
   <div class='ocr_carea' id='block_1_8' title="bbox 295 888 1880 963">
    <p class='ocr_par' dir='ltr' id='par_1_8' title="bbox 295 888 1880 963">
     <span class='ocr_line' id='line_1_8' title="bbox 295 888 1880 963; baseline -0.002 -17"><span class='ocrx_word' id='word_1_47' title='bbox 295 892 508 963; x_wconf 78' lang='lat' dir='ltr'><strong>quidem</strong></span> <span class='ocrx_word' id='word_1_48' title='bbox 551 891 706 945; x_wconf 86' lang='lat' dir='ltr'><strong>malis</strong></span> <span class='ocrx_word' id='word_1_49' title='bbox 749 891 907 960; x_wconf 87' lang='lat' dir='ltr'><strong>hujus</strong></span> <span class='ocrx_word' id='word_1_50' title='bbox 957 891 1172 954; x_wconf 64' lang='lat' dir='ltr'><strong>sasculi,</strong></span> <span class='ocrx_word' id='word_1_51' title='bbox 1225 905 1345 944; x_wconf 87' lang='lat' dir='ltr'><strong>eum</strong></span> <span class='ocrx_word' id='word_1_52' title='bbox 1396 889 1588 960; x_wconf 85' lang='lat' dir='ltr'><strong>quibus</strong></span> <span class='ocrx_word' id='word_1_53' title='bbox 1637 888 1880 943; x_wconf 86' lang='lat' dir='ltr'><strong>homines</strong></span> 
     </span>
    </p>
   </div>
   <div class='ocr_carea' id='block_1_9' title="bbox 295 977 1880 1051">
    <p class='ocr_par' dir='ltr' id='par_1_9' title="bbox 295 977 1880 1051">
     <span class='ocr_line' id='line_1_9' title="bbox 295 977 1880 1051; baseline -0.003 -13"><span class='ocrx_word' id='word_1_54' title='bbox 295 984 595 1038; x_wconf 87' lang='lat' dir='ltr'><strong>moriuntur</strong></span> <span class='ocrx_word' id='word_1_55' title='bbox 620 983 663 1046; x_wconf 83' lang='grc'><em>³,</em></span> <span class='ocrx_word' id='word_1_56' title='bbox 695 998 792 1036; x_wconf 89' lang='lat' dir='ltr'><strong>nec</strong></span> <span class='ocrx_word' id='word_1_57' title='bbox 821 982 1086 1051; x_wconf 86' lang='lat' dir='ltr'><strong>baptizati,</strong></span> <span class='ocrx_word' id='word_1_58' title='bbox 1112 981 1220 1051; x_wconf 89' lang='lat' dir='ltr'><strong>jam</strong></span> <span class='ocrx_word' id='word_1_59' title='bbox 1242 981 1389 1034; x_wconf 80' lang='lat' dir='ltr'><strong>reatu</strong></span> <span class='ocrx_word' id='word_1_60' title='bbox 1412 981 1608 1048; x_wconf 82' lang='lat' dir='ltr'><strong>ablato,</strong></span> <span class='ocrx_word' id='word_1_61' title='bbox 1633 977 1880 1034; x_wconf 83' lang='lat' dir='ltr'><strong>omnibus</strong></span> 
     </span>
    </p>
   </div>
   <div class='ocr_carea' id='block_1_10' title="bbox 295 1059 1878 1141">
    <p class='ocr_par' dir='ltr' id='par_1_10' title="bbox 295 1059 1878 1141">
     <span class='ocr_line' id='line_1_10' title="bbox 295 1059 1878 1141; baseline -0.001 -16"><span class='ocrx_word' id='word_1_62' title='bbox 295 1080 572 1135; x_wconf 78' lang='lat' dir='ltr'><strong>eruuntur,</strong></span> <span class='ocrx_word' id='word_1_63' title='bbox 606 1072 704 1126; x_wconf 92' lang='lat' dir='ltr'><strong>nisi</strong></span> <span class='ocrx_word' id='word_1_64' title='bbox 735 1081 850 1141; x_wconf 90' lang='lat' dir='ltr'><strong>post</strong></span> <span class='ocrx_word' id='word_1_65' title='bbox 885 1059 1022 1125; x_wconf 84' lang='lat' dir='ltr'><strong>hanc</strong></span> <span class='ocrx_word' id='word_1_66' title='bbox 1044 1070 1242 1134; x_wconf 88' lang='lat' dir='ltr'><strong>vitam;</strong></span> <span class='ocrx_word' id='word_1_67' title='bbox 1291 1071 1343 1124; x_wconf 92' lang='lat' dir='ltr'><strong>in</strong></span> <span class='ocrx_word' id='word_1_68' title='bbox 1364 1085 1465 1139; x_wconf 90' lang='lat' dir='ltr'><strong>qua</strong></span> <span class='ocrx_word' id='word_1_69' title='bbox 1503 1085 1600 1124; x_wconf 83' lang='lat' dir='ltr'><strong>nos</strong></span> <span class='ocrx_word' id='word_1_70' title='bbox 1627 1077 1878 1141; x_wconf 83' lang='lat' dir='ltr'><strong>oportet,</strong></span> 
     </span>
    </p>
   </div>
   <div class='ocr_carea' id='block_1_11' title="bbox 298 1159 1881 1232">
    <p class='ocr_par' dir='ltr' id='par_1_11' title="bbox 298 1159 1881 1232">
     <span class='ocr_line' id='line_1_11' title="bbox 298 1159 1881 1232; baseline -0.003 -14"><span class='ocrx_word' id='word_1_71' title='bbox 298 1166 458 1219; x_wconf 88' lang='lat' dir='ltr'><strong>etiam</strong></span> <span class='ocrx_word' id='word_1_72' title='bbox 487 1163 760 1232; x_wconf 84' lang='lat' dir='ltr'><strong>promissis</strong></span> <span class='ocrx_word' id='word_1_73' title='bbox 787 1162 939 1216; x_wconf 87' lang='lat' dir='ltr'><strong>bonis</strong></span> <span class='ocrx_word' id='word_1_74' title='bbox 959 1202 973 1226; x_wconf 91' lang='lat'><strong>,</strong></span> <span class='ocrx_word' id='word_1_75' title='bbox 1005 1160 1240 1216; x_wconf 79' lang='lat' dir='ltr'><strong>exerceri</strong></span> <span class='ocrx_word' id='word_1_76' title='bbox 1265 1160 1439 1215; x_wconf 87' lang='lat' dir='ltr'><strong>adhuc</strong></span> <span class='ocrx_word' id='word_1_77' title='bbox 1471 1159 1644 1214; x_wconf 90' lang='lat' dir='ltr'><strong>malis.</strong></span> <span class='ocrx_word' id='word_1_78' title='bbox 1674 1159 1807 1214; x_wconf 85' lang='lat' dir='ltr'><strong>Nam</strong></span> <span class='ocrx_word' id='word_1_79' title='bbox 1837 1160 1881 1213; x_wconf 90' lang='lat' dir='ltr'><strong>si</strong></span> 
     </span>
    </p>
   </div>
   <div class='ocr_carea' id='block_1_12' title="bbox 287 1249 1882 1320">
    <p class='ocr_par' dir='ltr' id='par_1_12' title="bbox 287 1249 1882 1320">
     <span class='ocr_line' id='line_1_12' title="bbox 287 1249 1882 1320; baseline -0.003 -11"><span class='ocrx_word' id='word_1_80' title='bbox 287 1270 502 1310; x_wconf 67' lang='lat' dir='ltr'><strong>merces</strong></span> <span class='ocrx_word' id='word_1_81' title='bbox 531 1253 650 1307; x_wconf 79' lang='lat' dir='ltr'><strong>ﬁdei</strong></span> <span class='ocrx_word' id='word_1_82' title='bbox 679 1253 933 1308; x_wconf 85' lang='lat' dir='ltr'><strong>continuo</strong></span> <span class='ocrx_word' id='word_1_83' title='bbox 978 1251 1290 1306; x_wconf 79' lang='lat' dir='ltr'><strong>redderetur</strong></span> <span class='ocrx_word' id='word_1_84' title='bbox 1311 1292 1324 1315; x_wconf 95' lang='lat'><strong>,</strong></span> <span class='ocrx_word' id='word_1_85' title='bbox 1349 1251 1456 1320; x_wconf 89' lang='lat' dir='ltr'><strong>jam</strong></span> <span class='ocrx_word' id='word_1_86' title='bbox 1486 1266 1583 1304; x_wconf 88' lang='lat' dir='ltr'><strong>nec</strong></span> <span class='ocrx_word' id='word_1_87' title='bbox 1611 1251 1742 1306; x_wconf 89' lang='lat' dir='ltr'><strong>ﬁdes</strong></span> <span class='ocrx_word' id='word_1_88' title='bbox 1767 1249 1882 1320; x_wconf 84' lang='lat' dir='ltr'><strong>ipsa</strong></span> 
     </span>
    </p>
   </div>
   <div class='ocr_carea' id='block_1_13' title="bbox 286 1343 1880 1416">
    <p class='ocr_par' dir='ltr' id='par_1_13' title="bbox 286 1343 1880 1416">
     <span class='ocr_line' id='line_1_13' title="bbox 286 1343 1880 1416; baseline -0.003 -16"><span class='ocrx_word' id='word_1_89' title='bbox 286 1357 472 1412; x_wconf 72' lang='lat' dir='ltr'><strong>esset;</strong></span> <span class='ocrx_word' id='word_1_90' title='bbox 513 1362 631 1416; x_wconf 72' lang='lat' dir='ltr'><strong>qum</strong></span> <span class='ocrx_word' id='word_1_91' title='bbox 658 1345 794 1399; x_wconf 86' lang='lat' dir='ltr'><strong>mala</strong></span> <span class='ocrx_word' id='word_1_92' title='bbox 823 1343 1101 1414; x_wconf 64' lang='lat' dir='ltr'><strong>praesentia</strong></span> <span class='ocrx_word' id='word_1_93' title='bbox 1135 1344 1322 1398; x_wconf 84' lang='lat' dir='ltr'><strong>videns</strong></span> <span class='ocrx_word' id='word_1_94' title='bbox 1344 1386 1357 1409; x_wconf 93' lang='lat'><strong>,</strong></span> <span class='ocrx_word' id='word_1_95' title='bbox 1385 1343 1508 1398; x_wconf 89' lang='lat' dir='ltr'><strong>ideo</strong></span> <span class='ocrx_word' id='word_1_96' title='bbox 1538 1343 1623 1412; x_wconf 87' lang='lat' dir='ltr'><strong>pie</strong></span> <span class='ocrx_word' id='word_1_97' title='bbox 1653 1343 1880 1409; x_wconf 88' lang='lat' dir='ltr'><strong>tolerat,</strong></span> 
     </span>
    </p>
   </div>
   <div class='ocr_carea' id='block_1_14' title="bbox 298 1432 1885 1507">
    <p class='ocr_par' dir='ltr' id='par_1_14' title="bbox 298 1432 1885 1507">
     <span class='ocr_line' id='line_1_14' title="bbox 298 1432 1885 1507; baseline -0.003 -15"><span class='ocrx_word' id='word_1_98' title='bbox 298 1438 422 1507; x_wconf 81' lang='lat' dir='ltr'><strong>quia</strong></span> <span class='ocrx_word' id='word_1_99' title='bbox 449 1437 586 1490; x_wconf 82' lang='lat' dir='ltr'><strong>bona</strong></span> <span class='ocrx_word' id='word_1_100' title='bbox 614 1437 871 1505; x_wconf 88' lang='lat' dir='ltr'><strong>promissa</strong></span> <span class='ocrx_word' id='word_1_101' title='bbox 903 1448 1007 1489; x_wconf 91' lang='lat' dir='ltr'><strong>non</strong></span> <span class='ocrx_word' id='word_1_102' title='bbox 1034 1433 1219 1490; x_wconf 89' lang='lat' dir='ltr'><strong>videns</strong></span> <span class='ocrx_word' id='word_1_103' title='bbox 1243 1476 1256 1500; x_wconf 90' lang='lat'><strong>,</strong></span> <span class='ocrx_word' id='word_1_104' title='bbox 1291 1432 1518 1488; x_wconf 83' lang='lat' dir='ltr'><strong>ﬁdeliter</strong></span> <span class='ocrx_word' id='word_1_105' title='bbox 1545 1439 1601 1488; x_wconf 90' lang='lat' dir='ltr'><strong>et</strong></span> <span class='ocrx_word' id='word_1_106' title='bbox 1624 1433 1885 1502; x_wconf 86' lang='lat' dir='ltr'><strong>patienter</strong></span> 
     </span>
    </p>
   </div>
   <div class='ocr_carea' id='block_1_15' title="bbox 287 1537 594 1597">
    <p class='ocr_par' dir='ltr' id='par_1_15' title="bbox 287 1537 594 1597">
     <span class='ocr_line' id='line_1_15' title="bbox 287 1537 594 1597; baseline -0.013 -13"><span class='ocrx_word' id='word_1_107' title='bbox 287 1537 594 1597; x_wconf 60' lang='lat' dir='ltr'><strong>~erspanau</strong></span> 
     </span>
    </p>
   </div>
   <div class='ocr_carea' id='block_1_16' title="bbox 375 1608 1885 1688">
    <p class='ocr_par' dir='ltr' id='par_1_16' title="bbox 375 1608 1885 1688">
     <span class='ocr_line' id='line_1_16' title="bbox 375 1608 1885 1688; baseline -0.006 -14"><span class='ocrx_word' id='word_1_108' title='bbox 375 1618 532 1674; x_wconf 81' lang='lat' dir='ltr'><strong>XCV.</strong></span> <span class='ocrx_word' id='word_1_109' title='bbox 561 1617 678 1673; x_wconf 79' lang='lat' dir='ltr'><strong>JUL.</strong></span> <span class='ocrx_word' id='word_1_110' title='bbox 708 1617 798 1672; x_wconf 90' lang='lat' dir='ltr'><strong>Sic</strong></span> <span class='ocrx_word' id='word_1_111' title='bbox 823 1617 904 1688; x_wconf 77' lang='lat' dir='ltr'><strong>egi</strong></span> <span class='ocrx_word' id='word_1_112' title='bbox 941 1616 1195 1672; x_wconf 83' lang='lat' dir='ltr'><strong>hactenus</strong></span> <span class='ocrx_word' id='word_1_113' title='bbox 1217 1654 1232 1679; x_wconf 93' lang='lat'><strong>,</strong></span> <span class='ocrx_word' id='word_1_114' title='bbox 1263 1613 1412 1685; x_wconf 85' lang='lat' dir='ltr'><strong>quasi</strong></span> <span class='ocrx_word' id='word_1_115' title='bbox 1438 1609 1546 1668; x_wconf 86' lang='lat' dir='ltr'><strong>vim</strong></span> <span class='ocrx_word' id='word_1_116' title='bbox 1574 1611 1836 1668; x_wconf 88' lang='lat' dir='ltr'><strong>donorum</strong></span> <span class='ocrx_word' id='word_1_117' title='bbox 1855 1608 1885 1644; x_wconf 82' lang='lat'><strong>&quot;</strong></span> 
     </span>
    </p>
   </div>
   <div class='ocr_carea' id='block_1_17' title="bbox 299 1705 1886 1778">
    <p class='ocr_par' dir='ltr' id='par_1_17' title="bbox 299 1705 1886 1778">
     <span class='ocr_line' id='line_1_17' title="bbox 299 1705 1886 1778; baseline -0.004 -12"><span class='ocrx_word' id='word_1_118' title='bbox 299 1719 360 1766; x_wconf 88' lang='lat' dir='ltr'><strong>et</strong></span> <span class='ocrx_word' id='word_1_119' title='bbox 385 1711 695 1778; x_wconf 81' lang='lat' dir='ltr'><strong>vulnerum,</strong></span> <span class='ocrx_word' id='word_1_120' title='bbox 737 1711 790 1763; x_wconf 88' lang='lat' dir='ltr'><strong>in</strong></span> <span class='ocrx_word' id='word_1_121' title='bbox 821 1709 1102 1765; x_wconf 84' lang='lat' dir='ltr'><strong>contrariis</strong></span> <span class='ocrx_word' id='word_1_122' title='bbox 1127 1708 1254 1763; x_wconf 92' lang='lat' dir='ltr'><strong>licet</strong></span> <span class='ocrx_word' id='word_1_123' title='bbox 1287 1705 1560 1762; x_wconf 81' lang='lat' dir='ltr'><strong>eﬁ&#39;ect‘tbus</strong></span> <span class='ocrx_word' id='word_1_124' title='bbox 1581 1747 1596 1773; x_wconf 93' lang='lat'><strong>,</strong></span> <span class='ocrx_word' id='word_1_125' title='bbox 1627 1705 1886 1775; x_wconf 75' lang='lat' dir='ltr'><strong>mqualem</strong></span> 
     </span>
    </p>
   </div>
   <div class='ocr_carea' id='block_1_18' title="bbox 303 1795 1888 1871">
    <p class='ocr_par' dir='ltr' id='par_1_18' title="bbox 303 1795 1888 1871">
     <span class='ocr_line' id='line_1_18' title="bbox 303 1795 1888 1871; baseline -0.003 -15"><span class='ocrx_word' id='word_1_126' title='bbox 303 1808 482 1856; x_wconf 84' lang='lat' dir='ltr'><strong>tamen</strong></span> <span class='ocrx_word' id='word_1_127' title='bbox 521 1801 808 1871; x_wconf 81' lang='lat' dir='ltr'><strong>Apostolus</strong></span> <span class='ocrx_word' id='word_1_128' title='bbox 837 1801 1154 1855; x_wconf 73' lang='lat' dir='ltr'><strong>:rstimasset</strong></span> <span class='ocrx_word' id='word_1_129' title='bbox 1204 1815 1218 1852; x_wconf 88' lang='lat'><strong>:</strong></span> <span class='ocrx_word' id='word_1_130' title='bbox 1261 1797 1452 1852; x_wconf 87' lang='lat' dir='ltr'><strong>crescit</strong></span> <span class='ocrx_word' id='word_1_131' title='bbox 1499 1806 1674 1850; x_wconf 85' lang='lat' dir='ltr'><strong>autem</strong></span> <span class='ocrx_word' id='word_1_132' title='bbox 1725 1795 1888 1851; x_wconf 90' lang='lat' dir='ltr'><strong>dubio</strong></span> 
     </span>
    </p>
   </div>
   <div class='ocr_carea' id='block_1_19' title="bbox 306 1890 1888 1964">
    <p class='ocr_par' dir='ltr' id='par_1_19' title="bbox 306 1890 1888 1964">
     <span class='ocr_line' id='line_1_19' title="bbox 306 1890 1888 1964; baseline -0.003 -20"><span class='ocrx_word' id='word_1_133' title='bbox 306 1892 488 1960; x_wconf 83' lang='lat' dir='ltr'><strong>procul</strong></span> <span class='ocrx_word' id='word_1_134' title='bbox 511 1891 807 1945; x_wconf 75' lang='lat' dir='ltr'><strong>sublimitas</strong></span> <span class='ocrx_word' id='word_1_135' title='bbox 837 1905 978 1945; x_wconf 79' lang='lat' dir='ltr'><strong>same</strong></span> <span class='ocrx_word' id='word_1_136' title='bbox 1003 1890 1142 1954; x_wconf 83' lang='lat' dir='ltr'><strong>ildei,</strong></span> <span class='ocrx_word' id='word_1_137' title='bbox 1165 1904 1322 1959; x_wconf 88' lang='lat' dir='ltr'><strong>quam</strong></span> <span class='ocrx_word' id='word_1_138' title='bbox 1351 1897 1588 1964; x_wconf 80' lang='lat' dir='ltr'><strong>tuemur;</strong></span> <span class='ocrx_word' id='word_1_139' title='bbox 1614 1902 1737 1940; x_wconf 92' lang='lat' dir='ltr'><strong>cum</strong></span> <span class='ocrx_word' id='word_1_140' title='bbox 1769 1901 1888 1940; x_wconf 91' lang='lat' dir='ltr'><strong>eon-</strong></span> 
     </span>
    </p>
   </div>
   <div class='ocr_carea' id='block_1_20' title="bbox 301 1977 1889 2047">
    <p class='ocr_par' dir='ltr' id='par_1_20' title="bbox 301 1977 1889 2047">
     <span class='ocr_line' id='line_1_20' title="bbox 301 1977 1889 2047; baseline -0.004 -11"><span class='ocrx_word' id='word_1_141' title='bbox 301 1983 569 2036; x_wconf 83' lang='lat' dir='ltr'><strong>sideratur</strong></span> <span class='ocrx_word' id='word_1_142' title='bbox 601 1983 820 2044; x_wconf 86' lang='lat' dir='ltr'><strong>Paulus,</strong></span> <span class='ocrx_word' id='word_1_143' title='bbox 856 1997 961 2035; x_wconf 91' lang='lat' dir='ltr'><strong>non</strong></span> <span class='ocrx_word' id='word_1_144' title='bbox 989 1982 1160 2035; x_wconf 89' lang='lat' dir='ltr'><strong>solum</strong></span> <span class='ocrx_word' id='word_1_145' title='bbox 1192 1979 1438 2034; x_wconf 87' lang='lat' dir='ltr'><strong>remediis</strong></span> <span class='ocrx_word' id='word_1_146' title='bbox 1465 1977 1646 2047; x_wconf 74' lang='lat' dir='ltr'><strong>gratia:</strong></span> <span class='ocrx_word' id='word_1_147' title='bbox 1670 1977 1889 2046; x_wconf 64' lang='lat' dir='ltr'><strong>aegritu-</strong></span> 
     </span>
    </p>
   </div>
   <div class='ocr_carea' id='block_1_21' title="bbox 304 2064 1892 2140">
    <p class='ocr_par' dir='ltr' id='par_1_21' title="bbox 304 2064 1892 2140">
     <span class='ocr_line' id='line_1_21' title="bbox 304 2064 1892 2140; baseline -0.005 -12"><span class='ocrx_word' id='word_1_148' title='bbox 304 2071 484 2128; x_wconf 86' lang='lat' dir='ltr'><strong>dinem</strong></span> <span class='ocrx_word' id='word_1_149' title='bbox 515 2087 619 2126; x_wconf 87' lang='lat' dir='ltr'><strong>non</strong></span> <span class='ocrx_word' id='word_1_150' title='bbox 652 2072 950 2140; x_wconf 65' lang='lat' dir='ltr'><strong>prastulisse</strong></span> <span class='ocrx_word' id='word_1_151' title='bbox 982 2071 1254 2138; x_wconf 87' lang='lat' dir='ltr'><strong>culparum</strong></span> <span class='ocrx_word' id='word_1_152' title='bbox 1277 2109 1293 2134; x_wconf 97' lang='lat'><strong>,</strong></span> <span class='ocrx_word' id='word_1_153' title='bbox 1321 2081 1502 2122; x_wconf 89' lang='lat' dir='ltr'><strong>verum</strong></span> <span class='ocrx_word' id='word_1_154' title='bbox 1532 2066 1691 2120; x_wconf 89' lang='lat' dir='ltr'><strong>etiam</strong></span> <span class='ocrx_word' id='word_1_155' title='bbox 1717 2064 1892 2136; x_wconf 85' lang='lat' dir='ltr'><strong>copio-</strong></span> 
     </span>
    </p>
   </div>
   <div class='ocr_carea' id='block_1_22' title="bbox 301 2159 1355 2233">
    <p class='ocr_par' dir='ltr' id='par_1_22' title="bbox 301 2159 1355 2233">
     <span class='ocr_line' id='line_1_22' title="bbox 301 2159 1355 2233; baseline -0.007 -13"><span class='ocrx_word' id='word_1_156' title='bbox 301 2167 446 2220; x_wconf 84' lang='lat' dir='ltr'><strong>siora</strong></span> <span class='ocrx_word' id='word_1_157' title='bbox 474 2163 731 2218; x_wconf 89' lang='lat' dir='ltr'><strong>beneﬁcia</strong></span> <span class='ocrx_word' id='word_1_158' title='bbox 747 2163 1026 2233; x_wconf 88' lang='lat' dir='ltr'><strong>judicasse</strong></span> <span class='ocrx_word' id='word_1_159' title='bbox 1041 2159 1355 2231; x_wconf 87' lang='lat' dir='ltr'><strong>dispendiis.</strong></span> 
     </span>
    </p>
   </div>
   <div class='ocr_carea' id='block_1_23' title="bbox 377 2245 1889 2322">
    <p class='ocr_par' dir='ltr' id='par_1_23' title="bbox 377 2245 1889 2322">
     <span class='ocr_line' id='line_1_23' title="bbox 377 2245 1889 2322; baseline -0.005 -13"><span class='ocrx_word' id='word_1_160' title='bbox 377 2259 509 2311; x_wconf 75' lang='lat' dir='ltr'><strong>Anc.</strong></span> <span class='ocrx_word' id='word_1_161' title='bbox 535 2254 730 2308; x_wconf 77' lang='lat' dir='ltr'><strong>Verum</strong></span> <span class='ocrx_word' id='word_1_162' title='bbox 760 2263 842 2309; x_wconf 85' lang='lat' dir='ltr'><strong>est</strong></span> <span class='ocrx_word' id='word_1_163' title='bbox 871 2271 884 2305; x_wconf 87' lang='lat'><strong>:</strong></span> <span class='ocrx_word' id='word_1_164' title='bbox 913 2252 1221 2322; x_wconf 85' lang='lat' dir='ltr'><strong>temporalia</strong></span> <span class='ocrx_word' id='word_1_165' title='bbox 1243 2251 1440 2321; x_wconf 86' lang='lat' dir='ltr'><strong>quippe</strong></span> <span class='ocrx_word' id='word_1_166' title='bbox 1466 2258 1590 2303; x_wconf 90' lang='lat' dir='ltr'><strong>sunt</strong></span> <span class='ocrx_word' id='word_1_167' title='bbox 1615 2245 1889 2318; x_wconf 87' lang='lat' dir='ltr'><strong>dispendia</strong></span> 
     </span>
    </p>
   </div>
   <div class='ocr_carea' id='block_1_24' title="bbox 302 2340 1889 2417">
    <p class='ocr_par' dir='ltr' id='par_1_24' title="bbox 302 2340 1889 2417">
     <span class='ocr_line' id='line_1_24' title="bbox 302 2340 1889 2417; baseline -0.006 -15"><span class='ocrx_word' id='word_1_168' title='bbox 302 2353 776 2417; x_wconf 73' lang='lat' dir='ltr'><strong>regeneratorum;</strong></span> <span class='ocrx_word' id='word_1_169' title='bbox 805 2344 1061 2406; x_wconf 82' lang='lat' dir='ltr'><strong>beneﬁcia</strong></span> <span class='ocrx_word' id='word_1_170' title='bbox 1085 2358 1215 2397; x_wconf 83' lang='lat' dir='ltr'><strong>vero</strong></span> <span class='ocrx_word' id='word_1_171' title='bbox 1239 2349 1398 2396; x_wconf 90' lang='lat' dir='ltr'><strong>erunt</strong></span> <span class='ocrx_word' id='word_1_172' title='bbox 1421 2342 1539 2395; x_wconf 83' lang='lat' dir='ltr'><strong>sine</strong></span> <span class='ocrx_word' id='word_1_173' title='bbox 1559 2340 1719 2395; x_wconf 90' lang='lat' dir='ltr'><strong>dubio</strong></span> <span class='ocrx_word' id='word_1_174' title='bbox 1745 2353 1889 2394; x_wconf 90' lang='lat' dir='ltr'><strong>sem-</strong></span> 
     </span>
    </p>
   </div>
   <div class='ocr_carea' id='block_1_25' title="bbox 301 2432 1894 2510">
    <p class='ocr_par' dir='ltr' id='par_1_25' title="bbox 301 2432 1894 2510">
     <span class='ocr_line' id='line_1_25' title="bbox 301 2432 1894 2510; baseline -0.004 -17"><span class='ocrx_word' id='word_1_175' title='bbox 301 2441 509 2510; x_wconf 81' lang='lat' dir='ltr'><strong>piterna</strong></span> <span class='ocrx_word' id='word_1_176' title='bbox 536 2456 547 2490; x_wconf 93' lang='lat'><strong>:</strong></span> <span class='ocrx_word' id='word_1_177' title='bbox 577 2437 670 2492; x_wconf 90' lang='lat' dir='ltr'><strong>sed</strong></span> <span class='ocrx_word' id='word_1_178' title='bbox 701 2436 998 2506; x_wconf 88' lang='lat' dir='ltr'><strong>dispendia,</strong></span> <span class='ocrx_word' id='word_1_179' title='bbox 1029 2451 1148 2506; x_wconf 70' lang='lat' dir='ltr'><strong>qua:</strong></span> <span class='ocrx_word' id='word_1_180' title='bbox 1168 2441 1454 2489; x_wconf 88' lang='lat' dir='ltr'><strong>nascentes</strong></span> <span class='ocrx_word' id='word_1_181' title='bbox 1484 2432 1658 2487; x_wconf 89' lang='lat' dir='ltr'><strong>ﬁendo</strong></span> <span class='ocrx_word' id='word_1_182' title='bbox 1695 2439 1894 2487; x_wconf 88' lang='lat' dir='ltr'><strong>testan-</strong></span> 
     </span>
    </p>
   </div>
   <div class='ocr_carea' id='block_1_26' title="bbox 301 2524 1894 2598">
    <p class='ocr_par' dir='ltr' id='par_1_26' title="bbox 301 2524 1894 2598">
     <span class='ocr_line' id='line_1_26' title="bbox 301 2524 1894 2598; baseline -0.006 -12"><span class='ocrx_word' id='word_1_183' title='bbox 301 2539 427 2595; x_wconf 83' lang='lat' dir='ltr'><strong>tur,</strong></span> <span class='ocrx_word' id='word_1_184' title='bbox 473 2529 632 2584; x_wconf 82' lang='lat' dir='ltr'><strong>dicite</strong></span> <span class='ocrx_word' id='word_1_185' title='bbox 657 2545 762 2598; x_wconf 91' lang='lat' dir='ltr'><strong>quo</strong></span> <span class='ocrx_word' id='word_1_186' title='bbox 795 2528 986 2582; x_wconf 87' lang='lat' dir='ltr'><strong>merito</strong></span> <span class='ocrx_word' id='word_1_187' title='bbox 1011 2527 1110 2581; x_wconf 85' lang='lat' dir='ltr'><strong>sub</strong></span> <span class='ocrx_word' id='word_1_188' title='bbox 1135 2525 1428 2596; x_wconf 79' lang='lat' dir='ltr'><strong>iustissimo</strong></span> <span class='ocrx_word' id='word_1_189' title='bbox 1467 2533 1521 2579; x_wconf 88' lang='lat' dir='ltr'><strong>et</strong></span> <span class='ocrx_word' id='word_1_190' title='bbox 1557 2524 1894 2594; x_wconf 83' lang='lat' dir='ltr'><strong>omnipoten-</strong></span> 
     </span>
    </p>
   </div>
   <div class='ocr_carea' id='block_1_27' title="bbox 307 2615 1889 2688">
    <p class='ocr_par' dir='ltr' id='par_1_27' title="bbox 307 2615 1889 2688">
     <span class='ocr_line' id='line_1_27' title="bbox 307 2615 1889 2688; baseline -0.004 -13"><span class='ocrx_word' id='word_1_191' title='bbox 307 2621 514 2675; x_wconf 81' lang='lat' dir='ltr'><strong>tissime</strong></span> <span class='ocrx_word' id='word_1_192' title='bbox 542 2618 727 2674; x_wconf 83' lang='lat' dir='ltr'><strong>Judice</strong></span> <span class='ocrx_word' id='word_1_193' title='bbox 771 2619 882 2676; x_wconf 88' lang='lat' dir='ltr'><strong>eis.</strong></span> <span class='ocrx_word' id='word_1_194' title='bbox 927 2617 972 2673; x_wconf 89' lang='lat' dir='ltr'><strong>si</strong></span> <span class='ocrx_word' id='word_1_195' title='bbox 1020 2617 1224 2672; x_wconf 87' lang='lat' dir='ltr'><strong>nullum</strong></span> <span class='ocrx_word' id='word_1_196' title='bbox 1269 2625 1543 2688; x_wconf 86' lang='lat' dir='ltr'><strong>peccatum</strong></span> <span class='ocrx_word' id='word_1_197' title='bbox 1584 2615 1889 2682; x_wconf 85' lang='lat' dir='ltr'><strong>attrahunt,</strong></span> 
     </span>
    </p>
   </div>
   <div class='ocr_carea' id='block_1_28' title="bbox 309 2715 629 2781">
    <p class='ocr_par' dir='ltr' id='par_1_28' title="bbox 309 2715 629 2781">
     <span class='ocr_line' id='line_1_28' title="bbox 309 2715 629 2781; baseline -0.006 -14"><span class='ocrx_word' id='word_1_198' title='bbox 309 2715 629 2781; x_wconf 75' lang='lat' dir='ltr'><strong>irrogentur.</strong></span> 
     </span>
    </p>
   </div>
   <div class='ocr_carea' id='block_1_29' title="bbox 381 2795 1896 2872">
    <p class='ocr_par' dir='ltr' id='par_1_29' title="bbox 381 2795 1896 2872">
     <span class='ocr_line' id='line_1_29' title="bbox 381 2795 1896 2872; baseline -0.003 -15"><span class='ocrx_word' id='word_1_199' title='bbox 381 2802 561 2858; x_wconf 73' lang='lat' dir='ltr'><strong>XCVI.</strong></span> <span class='ocrx_word' id='word_1_200' title='bbox 591 2802 709 2857; x_wconf 66' lang='lat' dir='ltr'><strong>tua.</strong></span> <span class='ocrx_word' id='word_1_201' title='bbox 737 2799 874 2869; x_wconf 79' lang='lat' dir='ltr'><strong>Quid</strong></span> <span class='ocrx_word' id='word_1_202' title='bbox 905 2815 1033 2872; x_wconf 70' lang='lat' dir='ltr'><strong>ergo</strong></span> <span class='ocrx_word' id='word_1_203' title='bbox 1073 2799 1234 2856; x_wconf 83' lang='lat' dir='ltr'><strong>etiam</strong></span> <span class='ocrx_word' id='word_1_204' title='bbox 1278 2797 1392 2853; x_wconf 76' lang='lat' dir='ltr'><strong>lucc</strong></span> <span class='ocrx_word' id='word_1_205' title='bbox 1419 2796 1706 2868; x_wconf 86' lang='lat' dir='ltr'><strong>disputatio</strong></span> <span class='ocrx_word' id='word_1_206' title='bbox 1731 2795 1896 2852; x_wconf 80' lang='lat' dir='ltr'><strong>coite-</strong></span> 
     </span>
    </p>
   </div>
   <div class='ocr_carea' id='block_1_30' title="bbox 310 2887 1898 2966">
    <p class='ocr_par' dir='ltr' id='par_1_30' title="bbox 310 2887 1898 2966">
     <span class='ocr_line' id='line_1_30' title="bbox 310 2887 1898 2966; baseline -0.004 -17"><span class='ocrx_word' id='word_1_207' title='bbox 310 2898 466 2966; x_wconf 71' lang='grc' dir='ltr'><strong>εστίι,</strong></span> <span class='ocrx_word' id='word_1_208' title='bbox 496 2893 732 2964; x_wconf 86' lang='lat' dir='ltr'><strong>prudens</strong></span> <span class='ocrx_word' id='word_1_209' title='bbox 758 2894 925 2949; x_wconf 85' lang='lat' dir='ltr'><strong>lector</strong></span> <span class='ocrx_word' id='word_1_210' title='bbox 944 2891 1201 2948; x_wconf 90' lang='lat' dir='ltr'><strong>attendat.</strong></span> <span class='ocrx_word' id='word_1_211' title='bbox 1230 2889 1518 2961; x_wconf 75' lang='lat' dir='ltr'><strong>Apostolus</strong></span> <span class='ocrx_word' id='word_1_212' title='bbox 1541 2889 1675 2945; x_wconf 81' lang='lat' dir='ltr'><strong>dixit</strong></span> <span class='ocrx_word' id='word_1_213' title='bbox 1702 2890 1753 2942; x_wconf 89' lang='lat' dir='ltr'><strong>in</strong></span> <span class='ocrx_word' id='word_1_214' title='bbox 1787 2887 1898 2958; x_wconf 84' lang='lat' dir='ltr'><strong>plu-</strong></span> 
     </span>
    </p>
   </div>
   <div class='ocr_carea' id='block_1_31' title="bbox 313 2980 1896 3050">
    <p class='ocr_par' dir='ltr' id='par_1_31' title="bbox 313 2980 1896 3050">
     <span class='ocr_line' id='line_1_31' title="bbox 313 2980 1896 3050; baseline -0.006 -10"><span class='ocrx_word' id='word_1_215' title='bbox 313 3003 400 3041; x_wconf 86' lang='lat' dir='ltr'><strong>res</strong></span> <span class='ocrx_word' id='word_1_216' title='bbox 430 2985 727 3040; x_wconf 79' lang='lat' dir='ltr'><strong>abundasse</strong></span> <span class='ocrx_word' id='word_1_217' title='bbox 757 2984 1094 3039; x_wconf 87' lang='lat' dir='ltr'><strong>donationem</strong></span> <span class='ocrx_word' id='word_1_218' title='bbox 1123 2982 1323 3039; x_wconf 80' lang='lat' dir='ltr'><strong>Christi</strong></span> <span class='ocrx_word' id='word_1_219' title='bbox 1350 2983 1416 3037; x_wconf 87' lang='lat' dir='ltr'><strong>ad</strong></span> <span class='ocrx_word' id='word_1_220' title='bbox 1441 2980 1700 3046; x_wconf 89' lang='lat' dir='ltr'><strong>salutem,</strong></span> <span class='ocrx_word' id='word_1_221' title='bbox 1737 2992 1896 3050; x_wconf 88' lang='lat' dir='ltr'><strong>quam</strong></span> 
     </span>
    </p>
   </div>
   <div class='ocr_carea' id='block_1_32' title="bbox 313 3076 1694 3146">
    <p class='ocr_par' dir='ltr' id='par_1_32' title="bbox 313 3076 1694 3146">
     <span class='ocr_line' id='line_1_32' title="bbox 313 3076 1694 3146; baseline -0.005 -14"><span class='ocrx_word' id='word_1_222' title='bbox 313 3077 441 3132; x_wconf 71' lang='lat' dir='ltr'><strong>Adae</strong></span> <span class='ocrx_word' id='word_1_223' title='bbox 468 3078 619 3146; x_wconf 74' lang='lat' dir='ltr'><strong>culpa</strong></span> <span class='ocrx_word' id='word_1_224' title='bbox 647 3076 935 3131; x_wconf 86' lang='lat' dir='ltr'><strong>nocuisset.</strong></span> <span class='ocrx_word' id='word_1_225' title='bbox 1686 3080 1694 3087; x_wconf 87' lang='lat'>&#39;</span> 
     </span>
    </p>
   </div>
   <div class='ocr_carea' id='block_1_33' title="bbox 384 3158 1900 3233">
    <p class='ocr_par' dir='ltr' id='par_1_33' title="bbox 384 3158 1900 3233">
     <span class='ocr_line' id='line_1_33' title="bbox 384 3158 1900 3233; baseline -0.007 -11"><span class='ocrx_word' id='word_1_226' title='bbox 384 3171 520 3224; x_wconf 73' lang='lat' dir='ltr'><strong>Atra.</strong></span> <span class='ocrx_word' id='word_1_227' title='bbox 543 3167 657 3221; x_wconf 77' lang='lat' dir='ltr'><strong>Non</strong></span> <span class='ocrx_word' id='word_1_228' title='bbox 690 3165 794 3221; x_wconf 85' lang='lat' dir='ltr'><strong>hoc</strong></span> <span class='ocrx_word' id='word_1_229' title='bbox 831 3165 964 3220; x_wconf 80' lang='lat' dir='ltr'><strong>dixit</strong></span> <span class='ocrx_word' id='word_1_230' title='bbox 1001 3183 1015 3220; x_wconf 91' lang='lat'>:</span> <span class='ocrx_word' id='word_1_231' title='bbox 1051 3163 1187 3221; x_wconf 87' lang='lat' dir='ltr'><strong>sed:</strong></span> <span class='ocrx_word' id='word_1_232' title='bbox 1223 3162 1388 3217; x_wconf 68' lang='lat' dir='ltr'><strong>Multo</strong></span> <span class='ocrx_word' id='word_1_233' title='bbox 1431 3161 1592 3233; x_wconf 76' lang='lat' dir='ltr'><strong>magis</strong></span> <span class='ocrx_word' id='word_1_234' title='bbox 1627 3158 1900 3214; x_wconf 79' lang='lat' dir='ltr'><strong>abundavit</strong></span> 
     </span>
    </p>
   </div>
   <div class='ocr_carea' id='block_1_34' title="bbox 309 3248 1900 3336">
    <p class='ocr_par' dir='ltr' id='par_1_34' title="bbox 309 3248 1900 3336">
     <span class='ocr_line' id='line_1_34' title="bbox 309 3248 1900 3336; baseline -0.008 -21"><span class='ocrx_word' id='word_1_235' title='bbox 309 3263 474 3336; x_wconf 78' lang='lat' dir='ltr'><strong>gratia</strong></span> <span class='ocrx_word' id='word_1_236' title='bbox 503 3262 553 3313; x_wconf 86' lang='lat' dir='ltr'><strong>in</strong></span> <span class='ocrx_word' id='word_1_237' title='bbox 574 3258 758 3313; x_wconf 73' lang='lat' dir='ltr'><strong>multo:</strong></span> <span class='ocrx_word' id='word_1_238' title='bbox 788 3257 962 3328; x_wconf 83' lang='lat' dir='ltr'><strong>(Rom.</strong></span> <span class='ocrx_word' id='word_1_239' title='bbox 985 3274 1037 3324; x_wconf 85' lang='lat' dir='ltr'><strong>v,</strong></span> <span class='ocrx_word' id='word_1_240' title='bbox 1068 3257 1181 3328; x_wconf 70' lang='lat'><strong>15);</strong></span> <span class='ocrx_word' id='word_1_241' title='bbox 1213 3254 1314 3310; x_wconf 90' lang='lat' dir='ltr'><strong>hoc</strong></span> <span class='ocrx_word' id='word_1_242' title='bbox 1336 3263 1440 3319; x_wconf 86' lang='lat' dir='ltr'><strong>est,</strong></span> <span class='ocrx_word' id='word_1_243' title='bbox 1467 3253 1634 3324; x_wconf 85' lang='lat' dir='ltr'><strong>magis</strong></span> <span class='ocrx_word' id='word_1_244' title='bbox 1659 3248 1900 3306; x_wconf 86' lang='lat' dir='ltr'><strong>abunda-</strong></span> 
     </span>
    </p>
   </div>
   <div class='ocr_carea' id='block_1_35' title="bbox 312 3345 1902 3423">
    <p class='ocr_par' dir='ltr' id='par_1_35' title="bbox 312 3345 1902 3423">
     <span class='ocr_line' id='line_1_35' title="bbox 312 3345 1902 3423; baseline -0.004 -18"><span class='ocrx_word' id='word_1_245' title='bbox 312 3357 408 3418; x_wconf 78' lang='lat' dir='ltr'><strong>vit,</strong></span> <span class='ocrx_word' id='word_1_246' title='bbox 442 3369 544 3408; x_wconf 91' lang='lat' dir='ltr'><strong>non</strong></span> <span class='ocrx_word' id='word_1_247' title='bbox 571 3354 627 3407; x_wconf 89' lang='lat' dir='ltr'><strong>in</strong></span> <span class='ocrx_word' id='word_1_248' title='bbox 653 3353 820 3423; x_wconf 77' lang='lat' dir='ltr'><strong>magis</strong></span> <span class='ocrx_word' id='word_1_249' title='bbox 849 3353 1067 3419; x_wconf 91' lang='lat' dir='ltr'><strong>multos,</strong></span> <span class='ocrx_word' id='word_1_250' title='bbox 1091 3351 1146 3407; x_wconf 88' lang='lat' dir='ltr'><strong>id</strong></span> <span class='ocrx_word' id='word_1_251' title='bbox 1167 3358 1249 3407; x_wconf 89' lang='lat' dir='ltr'><strong>est</strong></span> <span class='ocrx_word' id='word_1_252' title='bbox 1268 3392 1282 3414; x_wconf 95' lang='lat'><strong>,</strong></span> <span class='ocrx_word' id='word_1_253' title='bbox 1313 3365 1419 3406; x_wconf 93' lang='lat' dir='ltr'><strong>non</strong></span> <span class='ocrx_word' id='word_1_254' title='bbox 1450 3349 1501 3404; x_wconf 91' lang='lat' dir='ltr'><strong>in</strong></span> <span class='ocrx_word' id='word_1_255' title='bbox 1525 3349 1703 3418; x_wconf 83' lang='lat' dir='ltr'><strong>plures</strong></span> <span class='ocrx_word' id='word_1_256' title='bbox 1722 3389 1737 3414; x_wconf 94' lang='lat'><strong>,</strong></span> <span class='ocrx_word' id='word_1_257' title='bbox 1765 3345 1902 3401; x_wconf 90' lang='lat' dir='ltr'><strong>sicut</strong></span> 
     </span>
    </p>
   </div>
   <div class='ocr_carea' id='block_1_36' title="bbox 309 3447 886 3518">
    <p class='ocr_par' dir='ltr' id='par_1_36' title="bbox 309 3447 886 3518">
     <span class='ocr_line' id='line_1_36' title="bbox 309 3447 886 3518; baseline -0.002 -21"><span class='ocrx_word' id='word_1_258' title='bbox 309 3447 419 3518; x_wconf 75' lang='lat' dir='ltr'><strong>jam</strong></span> <span class='ocrx_word' id='word_1_259' title='bbox 443 3459 754 3515; x_wconf 79' lang='lat' dir='ltr'><strong>responsum</strong></span> <span class='ocrx_word' id='word_1_260' title='bbox 785 3449 886 3498; x_wconf 90' lang='lat' dir='ltr'><strong>est.</strong></span> 
     </span>
    </p>
   </div>
   <div class='ocr_carea' id='block_1_37' title="bbox 391 3531 1902 3608">
    <p class='ocr_par' dir='ltr' id='par_1_37' title="bbox 391 3531 1902 3608">
     <span class='ocr_line' id='line_1_37' title="bbox 391 3531 1902 3608; baseline -0.007 -16"><span class='ocrx_word' id='word_1_261' title='bbox 391 3535 594 3592; x_wconf 77' lang='lat' dir='ltr'><strong>XCVII.</strong></span> <span class='ocrx_word' id='word_1_262' title='bbox 623 3537 743 3591; x_wconf 73' lang='grc' dir='ltr'><strong>ιω..</strong></span> <span class='ocrx_word' id='word_1_263' title='bbox 776 3535 888 3608; x_wconf 80' lang='lat' dir='ltr'><strong>Qua</strong></span> <span class='ocrx_word' id='word_1_264' title='bbox 916 3535 1070 3604; x_wconf 89' lang='lat' dir='ltr'><strong>culpa</strong></span> <span class='ocrx_word' id='word_1_265' title='bbox 1097 3543 1153 3589; x_wconf 88' lang='lat' dir='ltr'><strong>tu</strong></span> <span class='ocrx_word' id='word_1_266' title='bbox 1195 3533 1311 3588; x_wconf 89' lang='lat' dir='ltr'><strong>illas</strong></span> <span class='ocrx_word' id='word_1_267' title='bbox 1335 3531 1545 3596; x_wconf 90' lang='lat' dir='ltr'><strong>clades,</strong></span> <span class='ocrx_word' id='word_1_268' title='bbox 1576 3543 1709 3601; x_wconf 88' lang='lat' dir='ltr'><strong>quas</strong></span> <span class='ocrx_word' id='word_1_269' title='bbox 1743 3541 1902 3598; x_wconf 88' lang='lat' dir='ltr'><strong>supra</strong></span> 
     </span>
    </p>
   </div>
   <div class='ocr_carea' id='block_1_38' title="bbox 317 3621 1905 3692">
    <p class='ocr_par' dir='ltr' id='par_1_38' title="bbox 317 3621 1905 3692">
     <span class='ocr_line' id='line_1_38' title="bbox 317 3621 1905 3692; baseline -0.006 -9"><span class='ocrx_word' id='word_1_270' title='bbox 317 3628 765 3689; x_wconf 63' lang='lat' dir='ltr'><strong>enumerat-imus,</strong></span> <span class='ocrx_word' id='word_1_271' title='bbox 791 3627 924 3682; x_wconf 91' lang='lat' dir='ltr'><strong>dicis</strong></span> <span class='ocrx_word' id='word_1_272' title='bbox 948 3626 1206 3682; x_wconf 87' lang='lat' dir='ltr'><strong>accidisse</strong></span> <span class='ocrx_word' id='word_1_273' title='bbox 1231 3634 1455 3691; x_wconf 65' lang='lat' dir='ltr'><strong>naturze,</strong></span> <span class='ocrx_word' id='word_1_274' title='bbox 1485 3638 1553 3676; x_wconf 80' lang='lat' dir='ltr'><strong>ex</strong></span> <span class='ocrx_word' id='word_1_275' title='bbox 1583 3621 1777 3692; x_wconf 85' lang='lat' dir='ltr'><strong>quibus</strong></span> <span class='ocrx_word' id='word_1_276' title='bbox 1803 3633 1905 3674; x_wconf 85' lang='lat' dir='ltr'><strong>nec</strong></span> 
     </span>
    </p>
   </div>
   <div class='ocr_carea' id='block_1_39' title="bbox 319 3707 1902 3787">
    <p class='ocr_par' dir='ltr' id='par_1_39' title="bbox 319 3707 1902 3787">
     <span class='ocr_line' id='line_1_39' title="bbox 319 3707 1902 3787; baseline -0.006 -14"><span class='ocrx_word' id='word_1_277' title='bbox 319 3733 478 3773; x_wconf 84' lang='lat' dir='ltr'><strong>unum</strong></span> <span class='ocrx_word' id='word_1_278' title='bbox 509 3719 558 3772; x_wconf 83' lang='lat' dir='ltr'><strong>in</strong></span> <span class='ocrx_word' id='word_1_279' title='bbox 585 3718 668 3772; x_wconf 87' lang='lat' dir='ltr'><strong>his</strong></span> <span class='ocrx_word' id='word_1_280' title='bbox 697 3717 783 3787; x_wconf 90' lang='lat' dir='ltr'><strong>qui</strong></span> <span class='ocrx_word' id='word_1_281' title='bbox 809 3715 874 3770; x_wconf 89' lang='lat' dir='ltr'><strong>ad</strong></span> <span class='ocrx_word' id='word_1_282' title='bbox 902 3713 1101 3771; x_wconf 88' lang='lat' dir='ltr'><strong>Christi</strong></span> <span class='ocrx_word' id='word_1_283' title='bbox 1134 3715 1448 3786; x_wconf 85' lang='lat' dir='ltr'><strong>perveniunt</strong></span> <span class='ocrx_word' id='word_1_284' title='bbox 1475 3711 1819 3769; x_wconf 77' lang='lat' dir='ltr'><strong>Sacramenta</strong></span> <span class='ocrx_word' id='word_1_285' title='bbox 1844 3707 1902 3776; x_wconf 67' lang='grc' dir='ltr'><strong>δ’,</strong></span> 
     </span>
    </p>
   </div>
   <div class='ocr_carea' id='block_1_40' title="bbox 321 3803 1907 3878">
    <p class='ocr_par' dir='ltr' id='par_1_40' title="bbox 321 3803 1907 3878">
     <span class='ocr_line' id='line_1_40' title="bbox 321 3803 1907 3878; baseline -0.008 -12"><span class='ocrx_word' id='word_1_286' title='bbox 321 3818 536 3866; x_wconf 85' lang='lat' dir='ltr'><strong>constat</strong></span> <span class='ocrx_word' id='word_1_287' title='bbox 576 3810 790 3875; x_wconf 88' lang='lat' dir='ltr'><strong>sanari;</strong></span> <span class='ocrx_word' id='word_1_288' title='bbox 838 3821 902 3864; x_wconf 89' lang='lat' dir='ltr'><strong>ac</strong></span> <span class='ocrx_word' id='word_1_289' title='bbox 948 3823 1041 3878; x_wconf 89' lang='lat' dir='ltr'><strong>per</strong></span> <span class='ocrx_word' id='word_1_290' title='bbox 1070 3807 1174 3863; x_wconf 92' lang='lat' dir='ltr'><strong>hoc</strong></span> <span class='ocrx_word' id='word_1_291' title='bbox 1220 3806 1386 3862; x_wconf 89' lang='lat' dir='ltr'><strong>multo</strong></span> <span class='ocrx_word' id='word_1_292' title='bbox 1410 3805 1529 3875; x_wconf 90' lang='lat' dir='ltr'><strong>plus</strong></span> <span class='ocrx_word' id='word_1_293' title='bbox 1570 3803 1907 3874; x_wconf 86' lang='lat' dir='ltr'><strong>iniquitatem</strong></span> 
     </span>
    </p>
   </div>
   <div class='ocr_carea' id='block_1_41' title="bbox 329 3895 1905 3975">
    <p class='ocr_par' dir='ltr' id='par_1_41' title="bbox 329 3895 1905 3975">
     <span class='ocr_line' id='line_1_41' title="bbox 329 3895 1905 3975; baseline -0.004 -19"><span class='ocrx_word' id='word_1_294' title='bbox 329 3903 488 3975; x_wconf 86' lang='lat' dir='ltr'><strong>primi</strong></span> <span class='ocrx_word' id='word_1_295' title='bbox 515 3901 744 3956; x_wconf 76' lang='lat' dir='ltr'><strong>hominis</strong></span> <span class='ocrx_word' id='word_1_296' title='bbox 764 3900 829 3955; x_wconf 89' lang='lat' dir='ltr'><strong>ad</strong></span> <span class='ocrx_word' id='word_1_297' title='bbox 857 3901 1152 3956; x_wconf 88' lang='lat' dir='ltr'><strong>nocendum</strong></span> <span class='ocrx_word' id='word_1_298' title='bbox 1179 3901 1374 3955; x_wconf 91' lang='lat' dir='ltr'><strong>asscris</strong></span> <span class='ocrx_word' id='word_1_299' title='bbox 1396 3897 1645 3952; x_wconf 86' lang='lat' dir='ltr'><strong>habuisse</strong></span> <span class='ocrx_word' id='word_1_300' title='bbox 1672 3895 1905 3961; x_wconf 89' lang='lat' dir='ltr'><strong>virtutis,</strong></span> 
     </span>
    </p>
   </div>
   <div class='ocr_carea' id='block_1_42' title="bbox 323 3985 1908 4065">
    <p class='ocr_par' dir='ltr' id='par_1_42' title="bbox 323 3985 1908 4065">
     <span class='ocr_line' id='line_1_42' title="bbox 323 3985 1908 4065; baseline -0.006 -16"><span class='ocrx_word' id='word_1_301' title='bbox 323 4011 478 4064; x_wconf 86' lang='lat' dir='ltr'><strong>quam</strong></span> <span class='ocrx_word' id='word_1_302' title='bbox 510 3994 676 4065; x_wconf 80' lang='lat' dir='ltr'><strong>gratia</strong></span> <span class='ocrx_word' id='word_1_303' title='bbox 707 3992 908 4050; x_wconf 76' lang='lat' dir='ltr'><strong>Christi</strong></span> <span class='ocrx_word' id='word_1_304' title='bbox 936 3994 1142 4048; x_wconf 88' lang='lat' dir='ltr'><strong>obtinet</strong></span> <span class='ocrx_word' id='word_1_305' title='bbox 1164 3991 1232 4046; x_wconf 91' lang='lat' dir='ltr'><strong>ad</strong></span> <span class='ocrx_word' id='word_1_306' title='bbox 1260 3989 1579 4045; x_wconf 85' lang='lat' dir='ltr'><strong>medendum</strong></span> <span class='ocrx_word' id='word_1_307' title='bbox 1611 4007 1624 4042; x_wconf 92' lang='lat'>:</span> <span class='ocrx_word' id='word_1_308' title='bbox 1654 4002 1761 4060; x_wconf 89' lang='lat' dir='ltr'><strong>quo</strong></span> <span class='ocrx_word' id='word_1_309' title='bbox 1793 3985 1908 4040; x_wconf 82' lang='lat' dir='ltr'><strong>col-</strong></span> 
     </span>
    </p>
   </div>
   <div class='ocr_carea' id='block_1_43' title="bbox 323 4073 1910 4152">
    <p class='ocr_par' dir='ltr' id='par_1_43' title="bbox 323 4073 1910 4152">
     <span class='ocr_line' id='line_1_43' title="bbox 323 4073 1910 4152; baseline -0.008 -13"><span class='ocrx_word' id='word_1_310' title='bbox 323 4088 480 4151; x_wconf 82' lang='lat' dir='ltr'><strong>lecto,</strong></span> <span class='ocrx_word' id='word_1_311' title='bbox 510 4095 780 4139; x_wconf 83' lang='lat' dir='ltr'><strong>ostensum</strong></span> <span class='ocrx_word' id='word_1_312' title='bbox 813 4093 917 4146; x_wconf 87' lang='lat' dir='ltr'><strong>est,</strong></span> <span class='ocrx_word' id='word_1_313' title='bbox 949 4093 1198 4152; x_wconf 85' lang='lat' dir='ltr'><strong>quantam</strong></span> <span class='ocrx_word' id='word_1_314' title='bbox 1227 4081 1365 4135; x_wconf 91' lang='lat' dir='ltr'><strong>inter</strong></span> <span class='ocrx_word' id='word_1_315' title='bbox 1387 4077 1694 4134; x_wconf 89' lang='lat' dir='ltr'><strong>Catholicos</strong></span> <span class='ocrx_word' id='word_1_316' title='bbox 1718 4083 1772 4130; x_wconf 92' lang='lat' dir='ltr'><strong>et</strong></span> <span class='ocrx_word' id='word_1_317' title='bbox 1797 4073 1910 4127; x_wconf 80' lang='lat' dir='ltr'><strong>Ma-</strong></span> 
     </span>
    </p>
   </div>
   <div class='ocr_carea' id='block_1_44' title="bbox 323 4165 1912 4241">
    <p class='ocr_par' dir='ltr' id='par_1_44' title="bbox 323 4165 1912 4241">
     <span class='ocr_line' id='line_1_44' title="bbox 323 4165 1912 4241; baseline -0.008 -12"><span class='ocrx_word' id='word_1_318' title='bbox 323 4176 597 4241; x_wconf 73' lang='lat' dir='ltr'><strong>niclueos,</strong></span> <span class='ocrx_word' id='word_1_319' title='bbox 629 4183 826 4229; x_wconf 82' lang='lat' dir='ltr'><strong>tantam</strong></span> <span class='ocrx_word' id='word_1_320' title='bbox 855 4173 994 4228; x_wconf 88' lang='lat' dir='ltr'><strong>inter</strong></span> <span class='ocrx_word' id='word_1_321' title='bbox 1032 4181 1084 4227; x_wconf 91' lang='lat' dir='ltr'><strong>te</strong></span> <span class='ocrx_word' id='word_1_322' title='bbox 1122 4180 1175 4225; x_wconf 89' lang='lat' dir='ltr'><strong>et</strong></span> <span class='ocrx_word' id='word_1_323' title='bbox 1202 4169 1515 4238; x_wconf 86' lang='lat' dir='ltr'><strong>Apostolum</strong></span> <span class='ocrx_word' id='word_1_324' title='bbox 1540 4165 1760 4222; x_wconf 84' lang='lat' dir='ltr'><strong>Paulum</strong></span> <span class='ocrx_word' id='word_1_325' title='bbox 1792 4176 1912 4218; x_wconf 85' lang='lat' dir='ltr'><strong>esse</strong></span> 
     </span>
    </p>
   </div>
   <div class='ocr_carea' id='block_1_45' title="bbox 324 4267 665 4322">
    <p class='ocr_par' dir='ltr' id='par_1_45' title="bbox 324 4267 665 4322">
     <span class='ocr_line' id='line_1_45' title="bbox 324 4267 665 4322; baseline -0.015 0"><span class='ocrx_word' id='word_1_326' title='bbox 324 4267 665 4322; x_wconf 87' lang='lat' dir='ltr'><strong>discordiam.</strong></span> 
     </span>
    </p>
   </div>
   <div class='ocr_carea' id='block_1_46' title="bbox 396 4348 1911 4426">
    <p class='ocr_par' dir='ltr' id='par_1_46' title="bbox 396 4348 1911 4426">
     <span class='ocr_line' id='line_1_46' title="bbox 396 4348 1911 4426; baseline -0.008 -12"><span class='ocrx_word' id='word_1_327' title='bbox 396 4361 531 4415; x_wconf 76' lang='lat' dir='ltr'><strong>Avo.</strong></span> <span class='ocrx_word' id='word_1_328' title='bbox 557 4357 717 4413; x_wconf 87' lang='lat' dir='ltr'><strong>Tollit</strong></span> <span class='ocrx_word' id='word_1_329' title='bbox 741 4355 910 4426; x_wconf 76' lang='lat' dir='ltr'><strong>gratia</strong></span> <span class='ocrx_word' id='word_1_330' title='bbox 937 4353 1130 4410; x_wconf 84' lang='lat' dir='ltr'><strong>Christi</strong></span> <span class='ocrx_word' id='word_1_331' title='bbox 1155 4351 1430 4424; x_wconf 78' lang='lat' dir='ltr'><strong>originalis</strong></span> <span class='ocrx_word' id='word_1_332' title='bbox 1451 4348 1651 4420; x_wconf 83' lang='lat' dir='ltr'><strong>peccati</strong></span> <span class='ocrx_word' id='word_1_333' title='bbox 1683 4358 1911 4413; x_wconf 88' lang='lat' dir='ltr'><strong>reatum,</strong></span> 
     </span>
    </p>
   </div>
   <div class='ocr_carea' id='block_1_47' title="bbox 328 4439 1915 4505">
    <p class='ocr_par' dir='ltr' id='par_1_47' title="bbox 328 4439 1915 4505">
     <span class='ocr_line' id='line_1_47' title="bbox 328 4439 1915 4505; baseline -0.007 -1"><span class='ocrx_word' id='word_1_334' title='bbox 328 4449 422 4505; x_wconf 79' lang='lat' dir='ltr'><strong>sed</strong></span> <span class='ocrx_word' id='word_1_335' title='bbox 445 4465 555 4505; x_wconf 89' lang='lat' dir='ltr'><strong>rem</strong></span> <span class='ocrx_word' id='word_1_336' title='bbox 586 4448 902 4504; x_wconf 89' lang='lat' dir='ltr'><strong>invisibilem</strong></span> <span class='ocrx_word' id='word_1_337' title='bbox 935 4445 1268 4501; x_wconf 87' lang='lat' dir='ltr'><strong>invisibiliter</strong></span> <span class='ocrx_word' id='word_1_338' title='bbox 1293 4443 1429 4498; x_wconf 86' lang='lat' dir='ltr'><strong>tollit</strong></span> <span class='ocrx_word' id='word_1_339' title='bbox 1463 4459 1478 4497; x_wconf 92' lang='lat'><strong>:</strong></span> <span class='ocrx_word' id='word_1_340' title='bbox 1510 4441 1728 4495; x_wconf 84' lang='lat' dir='ltr'><strong>dimittit</strong></span> <span class='ocrx_word' id='word_1_341' title='bbox 1757 4439 1915 4494; x_wconf 86' lang='lat' dir='ltr'><strong>etiam</strong></span> 
     </span>
    </p>
   </div>
   <div class='ocr_carea' id='block_1_48' title="bbox 331 4535 1919 4611">
    <p class='ocr_par' dir='ltr' id='par_1_48' title="bbox 331 4535 1919 4611">
     <span class='ocr_line' id='line_1_48' title="bbox 331 4535 1919 4611; baseline -0.006 -15"><span class='ocrx_word' id='word_1_342' title='bbox 331 4552 521 4596; x_wconf 87' lang='lat' dir='ltr'><strong>cuncta</strong></span> <span class='ocrx_word' id='word_1_343' title='bbox 551 4551 760 4610; x_wconf 82' lang='lat' dir='ltr'><strong>peccata</strong></span> <span class='ocrx_word' id='word_1_344' title='bbox 782 4583 796 4607; x_wconf 95' lang='lat'><strong>,</strong></span> <span class='ocrx_word' id='word_1_345' title='bbox 833 4555 951 4611; x_wconf 64' lang='lat' dir='ltr'><strong>quae</strong></span> <span class='ocrx_word' id='word_1_346' title='bbox 980 4539 1223 4595; x_wconf 89' lang='lat' dir='ltr'><strong>homines</strong></span> <span class='ocrx_word' id='word_1_347' title='bbox 1264 4537 1401 4592; x_wconf 88' lang='lat' dir='ltr'><strong>male</strong></span> <span class='ocrx_word' id='word_1_348' title='bbox 1437 4535 1665 4589; x_wconf 82' lang='lat' dir='ltr'><strong>vivendo</strong></span> <span class='ocrx_word' id='word_1_349' title='bbox 1701 4535 1919 4602; x_wconf 81' lang='lat' dir='ltr'><strong>insuper</strong></span> 
     </span>
    </p>
   </div>
   <div class='ocr_carea' id='block_1_49' title="bbox 329 4625 1919 4700">
    <p class='ocr_par' dir='ltr' id='par_1_49' title="bbox 329 4625 1919 4700">
     <span class='ocr_line' id='line_1_49' title="bbox 329 4625 1919 4700; baseline -0.008 -10"><span class='ocrx_word' id='word_1_350' title='bbox 329 4633 666 4690; x_wconf 77' lang='lat' dir='ltr'><strong>addiderunt.</strong></span> <span class='ocrx_word' id='word_1_351' title='bbox 703 4632 968 4686; x_wconf 71' lang='lat' dir='ltr'><strong>Iudicium</strong></span> <span class='ocrx_word' id='word_1_352' title='bbox 998 4633 1192 4700; x_wconf 82' lang='lat' dir='ltr'><strong>quippe</strong></span> <span class='ocrx_word' id='word_1_353' title='bbox 1219 4645 1282 4684; x_wconf 80' lang='lat' dir='ltr'><strong>ex</strong></span> <span class='ocrx_word' id='word_1_354' title='bbox 1328 4645 1434 4682; x_wconf 91' lang='lat' dir='ltr'><strong>uno</strong></span> <span class='ocrx_word' id='word_1_355' title='bbox 1464 4627 1659 4681; x_wconf 89' lang='lat' dir='ltr'><strong>delicto</strong></span> <span class='ocrx_word' id='word_1_356' title='bbox 1697 4625 1748 4678; x_wconf 92' lang='lat' dir='ltr'><strong>in</strong></span> <span class='ocrx_word' id='word_1_357' title='bbox 1791 4640 1919 4679; x_wconf 86' lang='lat' dir='ltr'><strong>cou-</strong></span> 
     </span>
    </p>
   </div>
   <div class='ocr_carea' id='block_1_50' title="bbox 336 4719 1922 4791">
    <p class='ocr_par' dir='ltr' id='par_1_50' title="bbox 336 4719 1922 4791">
     <span class='ocr_line' id='line_1_50' title="bbox 336 4719 1922 4791; baseline -0.004 -11"><span class='ocrx_word' id='word_1_358' title='bbox 336 4724 745 4786; x_wconf 81' lang='lat' dir='ltr'><strong>demnationem;</strong></span> <span class='ocrx_word' id='word_1_359' title='bbox 777 4723 898 4791; x_wconf 86' lang='lat' dir='ltr'><strong>quia</strong></span> <span class='ocrx_word' id='word_1_360' title='bbox 927 4733 979 4776; x_wconf 90' lang='lat' dir='ltr'><strong>et</strong></span> <span class='ocrx_word' id='word_1_361' title='bbox 1004 4737 1164 4776; x_wconf 89' lang='lat' dir='ltr'><strong>unum</strong></span> <span class='ocrx_word' id='word_1_362' title='bbox 1195 4721 1320 4774; x_wconf 91' lang='lat' dir='ltr'><strong>illud</strong></span> <span class='ocrx_word' id='word_1_363' title='bbox 1349 4721 1486 4790; x_wconf 86' lang='lat' dir='ltr'><strong>quod</strong></span> <span class='ocrx_word' id='word_1_364' title='bbox 1517 4739 1545 4777; x_wconf 87' lang='lat' dir='ltr'><strong>a</strong></span> <span class='ocrx_word' id='word_1_365' title='bbox 1579 4719 1922 4775; x_wconf 82' lang='lat' dir='ltr'><strong>nascentibus</strong></span> 
     </span>
    </p>
   </div>
   <div class='ocr_carea' id='block_1_51' title="bbox 331 4810 1920 4880">
    <p class='ocr_par' dir='ltr' id='par_1_51' title="bbox 331 4810 1920 4880">
     <span class='ocr_line' id='line_1_51' title="bbox 331 4810 1920 4880; baseline -0.003 -11"><span class='ocrx_word' id='word_1_366' title='bbox 331 4815 587 4880; x_wconf 81' lang='lat' dir='ltr'><strong>trahitur,</strong></span> <span class='ocrx_word' id='word_1_367' title='bbox 616 4813 776 4868; x_wconf 88' lang='lat' dir='ltr'><strong>trahit</strong></span> <span class='ocrx_word' id='word_1_368' title='bbox 801 4813 865 4866; x_wconf 90' lang='lat' dir='ltr'><strong>ad</strong></span> <span class='ocrx_word' id='word_1_369' title='bbox 889 4822 1142 4867; x_wconf 75' lang='lat' dir='ltr'><strong>:eteroam</strong></span> <span class='ocrx_word' id='word_1_370' title='bbox 1172 4810 1671 4866; x_wconf 86' lang='lat' dir='ltr'><strong>condemnationem</strong></span> <span class='ocrx_word' id='word_1_371' title='bbox 1694 4852 1709 4876; x_wconf 96' lang='lat'><strong>,</strong></span> <span class='ocrx_word' id='word_1_372' title='bbox 1742 4811 1787 4865; x_wconf 89' lang='lat' dir='ltr'><strong>si</strong></span> <span class='ocrx_word' id='word_1_373' title='bbox 1815 4825 1920 4864; x_wconf 87' lang='lat' dir='ltr'><strong>non</strong></span> 
     </span>
    </p>
   </div>
   <div class='ocr_carea' id='block_1_52' title="bbox 331 4900 1918 4973">
    <p class='ocr_par' dir='ltr' id='par_1_52' title="bbox 331 4900 1918 4973">
     <span class='ocr_line' id='line_1_52' title="bbox 331 4900 1918 4973; baseline -0.001 -13"><span class='ocrx_word' id='word_1_374' title='bbox 331 4905 632 4960; x_wconf 75' lang='lat' dir='ltr'><strong>remittatur</strong></span> <span class='ocrx_word' id='word_1_375' title='bbox 682 4921 696 4958; x_wconf 90' lang='lat'><strong>:</strong></span> <span class='ocrx_word' id='word_1_376' title='bbox 742 4918 842 4958; x_wconf 89' lang='lat' dir='ltr'><strong>nec</strong></span> <span class='ocrx_word' id='word_1_377' title='bbox 891 4910 1068 4957; x_wconf 86' lang='lat' dir='ltr'><strong>tamen</strong></span> <span class='ocrx_word' id='word_1_378' title='bbox 1119 4901 1220 4955; x_wconf 89' lang='lat' dir='ltr'><strong>hoc</strong></span> <span class='ocrx_word' id='word_1_379' title='bbox 1265 4900 1437 4956; x_wconf 88' lang='lat' dir='ltr'><strong>solum</strong></span> <span class='ocrx_word' id='word_1_380' title='bbox 1465 4901 1632 4973; x_wconf 78' lang='lat' dir='ltr'><strong>gratia</strong></span> <span class='ocrx_word' id='word_1_381' title='bbox 1668 4900 1918 4971; x_wconf 78' lang='lat' dir='ltr'><strong>dimittit:</strong></span> 
     </span>
    </p>
   </div>
   <div class='ocr_carea' id='block_1_53' title="bbox 331 4992 1922 5066">
    <p class='ocr_par' dir='ltr' id='par_1_53' title="bbox 331 4992 1922 5066">
     <span class='ocr_line' id='line_1_53' title="bbox 331 4992 1922 5066; baseline -0.004 -14"><span class='ocrx_word' id='word_1_382' title='bbox 331 4997 567 5066; x_wconf 87' lang='lat' dir='ltr'><strong>alioquin</strong></span> <span class='ocrx_word' id='word_1_383' title='bbox 600 5004 802 5050; x_wconf 88' lang='lat' dir='ltr'><strong>tantum</strong></span> <span class='ocrx_word' id='word_1_384' title='bbox 835 4995 1064 5060; x_wconf 82' lang='lat' dir='ltr'><strong>valeret;</strong></span> <span class='ocrx_word' id='word_1_385' title='bbox 1095 4993 1187 5049; x_wconf 92' lang='lat' dir='ltr'><strong>sed</strong></span> <span class='ocrx_word' id='word_1_386' title='bbox 1208 5009 1327 5048; x_wconf 92' lang='lat' dir='ltr'><strong>cum</strong></span> <span class='ocrx_word' id='word_1_387' title='bbox 1360 4993 1475 5062; x_wconf 90' lang='lat' dir='ltr'><strong>ipso</strong></span> <span class='ocrx_word' id='word_1_388' title='bbox 1495 4992 1712 5047; x_wconf 86' lang='lat' dir='ltr'><strong>dimittit</strong></span> <span class='ocrx_word' id='word_1_389' title='bbox 1738 5003 1792 5047; x_wconf 90' lang='lat' dir='ltr'><strong>et</strong></span> <span class='ocrx_word' id='word_1_390' title='bbox 1813 5007 1922 5046; x_wconf 87' lang='lat' dir='ltr'><strong>cac-</strong></span> 
     </span>
    </p>
   </div>
   <div class='ocr_carea' id='block_1_54' title="bbox 335 5083 1922 5158">
    <p class='ocr_par' dir='ltr' id='par_1_54' title="bbox 335 5083 1922 5158">
     <span class='ocr_line' id='line_1_54' title="bbox 335 5083 1922 5158; baseline -0.005 -13"><span class='ocrx_word' id='word_1_391' title='bbox 335 5100 468 5151; x_wconf 86' lang='lat' dir='ltr'><strong>tera;</strong></span> <span class='ocrx_word' id='word_1_392' title='bbox 497 5104 626 5158; x_wconf 75' lang='lat' dir='ltr'><strong>ergo</strong></span> <span class='ocrx_word' id='word_1_393' title='bbox 656 5089 771 5158; x_wconf 85' lang='lat' dir='ltr'><strong>plus</strong></span> <span class='ocrx_word' id='word_1_394' title='bbox 797 5089 935 5143; x_wconf 83' lang='lat' dir='ltr'><strong>valet</strong></span> <span class='ocrx_word' id='word_1_395' title='bbox 963 5105 975 5141; x_wconf 91' lang='lat'><strong>:</strong></span> <span class='ocrx_word' id='word_1_396' title='bbox 1007 5096 1222 5158; x_wconf 86' lang='lat' dir='ltr'><strong>propter</strong></span> <span class='ocrx_word' id='word_1_397' title='bbox 1242 5085 1379 5156; x_wconf 90' lang='lat' dir='ltr'><strong>quod</strong></span> <span class='ocrx_word' id='word_1_398' title='bbox 1400 5085 1596 5141; x_wconf 90' lang='lat' dir='ltr'><strong>dictum</strong></span> <span class='ocrx_word' id='word_1_399' title='bbox 1626 5093 1740 5151; x_wconf 92' lang='lat' dir='ltr'><strong>est,</strong></span> <span class='ocrx_word' id='word_1_400' title='bbox 1765 5083 1922 5137; x_wconf 76' lang='lat' dir='ltr'><strong>ludi-</strong></span> 
     </span>
    </p>
   </div>
   <div class='ocr_carea' id='block_1_55' title="bbox 334 5178 1926 5250">
    <p class='ocr_par' dir='ltr' id='par_1_55' title="bbox 334 5178 1926 5250">
     <span class='ocr_line' id='line_1_55' title="bbox 334 5178 1926 5250; baseline -0.004 -14"><span class='ocrx_word' id='word_1_401' title='bbox 334 5185 466 5236; x_wconf 81' lang='lat' dir='ltr'><strong>cium</strong></span> <span class='ocrx_word' id='word_1_402' title='bbox 509 5181 710 5250; x_wconf 76' lang='lat' dir='ltr'><strong>quidem</strong></span> <span class='ocrx_word' id='word_1_403' title='bbox 743 5197 806 5235; x_wconf 72' lang='lat' dir='ltr'><strong>ea:</strong></span> <span class='ocrx_word' id='word_1_404' title='bbox 832 5197 932 5234; x_wconf 85' lang='lat' dir='ltr'><strong>uno</strong></span> <span class='ocrx_word' id='word_1_405' title='bbox 958 5181 1010 5235; x_wconf 85' lang='lat' dir='ltr'><strong>in</strong></span> <span class='ocrx_word' id='word_1_406' title='bbox 1039 5180 1502 5235; x_wconf 83' lang='lat' dir='ltr'><strong>condemnationem</strong></span> <span class='ocrx_word' id='word_1_407' title='bbox 1526 5221 1539 5242; x_wconf 98' lang='lat'><strong>,</strong></span> <span class='ocrx_word' id='word_1_408' title='bbox 1567 5178 1730 5250; x_wconf 80' lang='lat' dir='ltr'><strong>gratia</strong></span> <span class='ocrx_word' id='word_1_409' title='bbox 1757 5186 1926 5230; x_wconf 81' lang='lat' dir='ltr'><strong>autem</strong></span> 
     </span>
    </p>
   </div>
   <div class='ocr_carea' id='block_1_56' title="bbox 334 5271 1927 5346">
    <p class='ocr_par' dir='ltr' id='par_1_56' title="bbox 334 5271 1927 5346">
     <span class='ocr_line' id='line_1_56' title="bbox 334 5271 1927 5346; baseline -0.002 -18"><span class='ocrx_word' id='word_1_410' title='bbox 334 5290 398 5328; x_wconf 72' lang='lat' dir='ltr'><strong>ea:</strong></span> <span class='ocrx_word' id='word_1_411' title='bbox 425 5275 596 5328; x_wconf 73' lang='lat' dir='ltr'><strong>multis</strong></span> <span class='ocrx_word' id='word_1_412' title='bbox 626 5272 820 5328; x_wconf 71' lang='lat' dir='ltr'><strong>delictis</strong></span> <span class='ocrx_word' id='word_1_413' title='bbox 855 5274 908 5327; x_wconf 87' lang='lat' dir='ltr'><strong>in</strong></span> <span class='ocrx_word' id='word_1_414' title='bbox 944 5274 1356 5346; x_wconf 77' lang='lat' dir='ltr'><strong>justiﬁcationem</strong></span> <span class='ocrx_word' id='word_1_415' title='bbox 1385 5271 1571 5343; x_wconf 85' lang='lat' dir='ltr'><strong>(lbid.,</strong></span> <span class='ocrx_word' id='word_1_416' title='bbox 1616 5272 1722 5343; x_wconf 70' lang='lat'><strong>16).</strong></span> <span class='ocrx_word' id='word_1_417' title='bbox 1757 5271 1927 5325; x_wconf 86' lang='lat' dir='ltr'><strong>Donat</strong></span> 
     </span>
    </p>
   </div>
   <div class='ocr_carea' id='block_1_57' title="bbox 401 5422 1700 5487">
    <p class='ocr_par' dir='ltr' id='par_1_57' title="bbox 401 5422 1700 5487">
     <span class='ocr_line' id='line_1_57' title="bbox 401 5422 1700 5487; baseline 0.001 -14"><span class='ocrx_word' id='word_1_418' title='bbox 401 5427 416 5487; x_wconf 55' lang='grc' dir='ltr'><strong>ξ</strong></span> <span class='ocrx_word' id='word_1_419' title='bbox 454 5425 726 5487; x_wconf 75' lang='lat' dir='ltr'><strong>vignierius</strong></span> <span class='ocrx_word' id='word_1_420' title='bbox 749 5432 801 5481; x_wconf 85' lang='lat' dir='ltr'><strong>et</strong></span> <span class='ocrx_word' id='word_1_421' title='bbox 821 5425 976 5476; x_wconf 77' lang='lat' dir='ltr'><strong>codex</strong></span> <span class='ocrx_word' id='word_1_422' title='bbox 999 5432 1133 5484; x_wconf 65' lang='lat' dir='ltr'><strong>Man,</strong></span> <span class='ocrx_word' id='word_1_423' title='bbox 1156 5425 1218 5476; x_wconf 80' lang='lat' dir='ltr'><strong>de</strong></span> <span class='ocrx_word' id='word_1_424' title='bbox 1239 5430 1303 5476; x_wconf 84' lang='lat' dir='ltr'><strong>tot</strong></span> <span class='ocrx_word' id='word_1_425' title='bbox 1317 5422 1700 5477; x_wconf 59' lang='lat' dir='ltr'><strong>mulionem</strong></span> 
     </span>
    </p>
   </div>
   <div class='ocr_carea' id='block_1_58' title="bbox 399 5485 1632 5547">
    <p class='ocr_par' dir='ltr' id='par_1_58' title="bbox 399 5485 1632 5547">
     <span class='ocr_line' id='line_1_58' title="bbox 399 5485 1632 5547; baseline 0 -15"><span class='ocrx_word' id='word_1_426' title='bbox 399 5486 420 5516; x_wconf 77' lang='lat'><strong>’</strong></span> <span class='ocrx_word' id='word_1_427' title='bbox 454 5485 556 5534; x_wconf 79' lang='lat' dir='ltr'><strong>Mss.</strong></span> <span class='ocrx_word' id='word_1_428' title='bbox 580 5485 700 5536; x_wconf 81' lang='lat' dir='ltr'><strong>Clar.</strong></span> <span class='ocrx_word' id='word_1_429' title='bbox 731 5495 842 5536; x_wconf 69' lang='lat' dir='ltr'><strong>star.</strong></span> <span class='ocrx_word' id='word_1_430' title='bbox 871 5494 922 5536; x_wconf 90' lang='lat' dir='ltr'><strong>et</strong></span> <span class='ocrx_word' id='word_1_431' title='bbox 943 5494 1088 5547; x_wconf 79' lang='lat' dir='ltr'><strong>Port.,</strong></span> <span class='ocrx_word' id='word_1_432' title='bbox 1113 5487 1323 5537; x_wconf 82' lang='lat' dir='ltr'><strong>homines</strong></span> <span class='ocrx_word' id='word_1_433' title='bbox 1344 5487 1632 5547; x_wconf 74' lang='lat' dir='ltr'><strong>moriuntur.</strong></span> 
     </span>
    </p>
   </div>
   <div class='ocr_carea' id='block_1_59' title="bbox 403 5545 1819 5612">
    <p class='ocr_par' dir='ltr' id='par_1_59' title="bbox 403 5545 1819 5612">
     <span class='ocr_line' id='line_1_59' title="bbox 403 5545 1819 5612; baseline -0.005 -12"><span class='ocrx_word' id='word_1_434' title='bbox 403 5549 424 5612; x_wconf 77' lang='lat'><strong>_&#39;</strong></span> <span class='ocrx_word' id='word_1_435' title='bbox 457 5549 588 5612; x_wconf 80' lang='lat' dir='ltr'><strong>Editl,</strong></span> <span class='ocrx_word' id='word_1_436' title='bbox 615 5549 1040 5612; x_wconf 71' lang='lat' dir='ltr'><strong>doiorum.1tptius</strong></span> <span class='ocrx_word' id='word_1_437' title='bbox 1061 5545 1203 5599; x_wconf 76' lang='lat' dir='ltr'><strong>vetus</strong></span> <span class='ocrx_word' id='word_1_438' title='bbox 1218 5548 1378 5612; x_wconf 70' lang='lat' dir='ltr'><strong>codex</strong></span> <span class='ocrx_word' id='word_1_439' title='bbox 1403 5554 1549 5604; x_wconf 65' lang='grc' dir='ltr'><strong>μοι-ι..</strong></span> <span class='ocrx_word' id='word_1_440' title='bbox 1568 5545 1819 5612; x_wconf 72' lang='lat' dir='ltr'><strong>donorum.</strong></span> 
     </span>
    </p>
   </div>
   <div class='ocr_carea' id='block_1_60' title="bbox 401 5603 1931 5682">
    <p class='ocr_par' dir='ltr' id='par_1_60' title="bbox 401 5603 1931 5682">
     <span class='ocr_line' id='line_1_60' title="bbox 401 5603 1931 5682; baseline -0.002 -24"><span class='ocrx_word' id='word_1_441' title='bbox 401 5609 422 5638; x_wconf 68' lang='grc' dir='ltr'>δ</span> <span class='ocrx_word' id='word_1_442' title='bbox 454 5611 518 5659; x_wconf 75' lang='lat' dir='ltr'><strong>Sir</strong></span> <span class='ocrx_word' id='word_1_443' title='bbox 545 5603 651 5660; x_wconf 56' lang='grc' dir='ltr'><strong>δήεις.</strong></span> <span class='ocrx_word' id='word_1_444' title='bbox 665 5619 799 5682; x_wconf 43' lang='grc' dir='ltr'><strong>,Ροιέιτ</strong></span> <span class='ocrx_word' id='word_1_445' title='bbox 819 5603 929 5660; x_wconf 76' lang='lat' dir='ltr'><strong>Mar&#39;.</strong></span> <span class='ocrx_word' id='word_1_446' title='bbox 948 5612 1066 5682; x_wconf 81' lang='lat' dir='ltr'><strong>Clar.</strong></span> <span class='ocrx_word' id='word_1_447' title='bbox 1094 5616 1148 5659; x_wconf 75' lang='lat' dir='ltr'><strong>At</strong></span> <span class='ocrx_word' id='word_1_448' title='bbox 1172 5609 1308 5668; x_wconf 85' lang='lat' dir='ltr'><strong>editi,</strong></span> <span class='ocrx_word' id='word_1_449' title='bbox 1328 5621 1415 5659; x_wconf 82' lang='lat' dir='ltr'><strong>nec</strong></span> <span class='ocrx_word' id='word_1_450' title='bbox 1440 5603 1584 5657; x_wconf 72' lang='lat' dir='ltr'><strong>tum</strong></span> <span class='ocrx_word' id='word_1_451' title='bbox 1601 5617 1697 5670; x_wconf 76' lang='lat' dir='ltr'><strong>quo</strong></span> <span class='ocrx_word' id='word_1_452' title='bbox 1717 5607 1782 5658; x_wconf 83' lang='lat' dir='ltr'><strong>ad</strong></span> <span class='ocrx_word' id='word_1_453' title='bbox 1797 5603 1931 5656; x_wconf 78' lang='lat' dir='ltr'><strong>Chri-</strong></span> 
     </span>
    </p>
   </div>
   <div class='ocr_carea' id='block_1_61' title="bbox 339 5677 1099 5734">
    <p class='ocr_par' dir='ltr' id='par_1_61' title="bbox 339 5677 1099 5734">
     <span class='ocr_line' id='line_1_61' title="bbox 339 5677 1099 5734; baseline -0.003 -10"><span class='ocrx_word' id='word_1_454' title='bbox 339 5677 464 5724; x_wconf 76' lang='lat' dir='ltr'><strong>ltum</strong></span> <span class='ocrx_word' id='word_1_455' title='bbox 487 5677 759 5734; x_wconf 71' lang='lat' dir='ltr'><strong>peremtum</strong></span> <span class='ocrx_word' id='word_1_456' title='bbox 781 5679 1099 5726; x_wconf 73' lang='lat' dir='ltr'><strong>sacramento.</strong></span> 
     </span>
    </p>
   </div>
   <div class='ocr_carea' id='block_1_62' title="bbox 964 197 2872 296">
    <p class='ocr_par' dir='ltr' id='par_1_62' title="bbox 964 197 2872 296">
     <span class='ocr_line' id='line_1_62' title="bbox 964 197 2872 296; baseline -0.009 -5"><span class='ocrx_word' id='word_1_457' title='bbox 964 231 1209 291; x_wconf 83' lang='lat' dir='ltr'><strong>OPERIS</strong></span> <span class='ocrx_word' id='word_1_458' title='bbox 1245 221 1659 285; x_wconf 79' lang='lat' dir='ltr'><strong>lMPERFEC’l‘t</strong></span> <span class='ocrx_word' id='word_1_459' title='bbox 1688 221 1968 296; x_wconf 65' lang='lat' dir='ltr'><strong>comas</strong></span> <span class='ocrx_word' id='word_1_460' title='bbox 2007 197 2367 290; x_wconf 70' lang='lat' dir='ltr'><strong>tumultu,</strong></span> <span class='ocrx_word' id='word_1_461' title='bbox 2409 221 2466 277; x_wconf 93' lang='lat' dir='ltr'><strong>s.</strong></span> <span class='ocrx_word' id='word_1_462' title='bbox 2511 208 2872 277; x_wconf 79' lang='lat' dir='ltr'><strong>AUGUSTINI</strong></span> 
     </span>
    </p>
   </div>
   <div class='ocr_carea' id='block_1_63' title="bbox 3421 209 3559 275">
    <p class='ocr_par' dir='ltr' id='par_1_63' title="bbox 3421 209 3559 275">
     <span class='ocr_line' id='line_1_63' title="bbox 3421 209 3559 275; baseline 0.022 -3"><span class='ocrx_word' id='word_1_463' title='bbox 3421 209 3559 275; x_wconf 67' lang='lat' dir='ltr'><strong>nso</strong></span> 
     </span>
    </p>
   </div>
   <div class='ocr_carea' id='block_1_64' title="bbox 1983 337 3563 411">
    <p class='ocr_par' dir='ltr' id='par_1_64' title="bbox 1983 337 3563 411">
     <span class='ocr_line' id='line_1_64' title="bbox 1983 337 3563 411; baseline -0.001 -17"><span class='ocrx_word' id='word_1_464' title='bbox 1983 339 2140 395; x_wconf 89' lang='lat' dir='ltr'><strong>etiam</strong></span> <span class='ocrx_word' id='word_1_465' title='bbox 2169 341 2334 411; x_wconf 85' lang='lat' dir='ltr'><strong>gratia</strong></span> <span class='ocrx_word' id='word_1_466' title='bbox 2352 380 2368 406; x_wconf 96' lang='lat'><strong>,</strong></span> <span class='ocrx_word' id='word_1_467' title='bbox 2396 349 2456 396; x_wconf 89' lang='lat' dir='ltr'><strong>ut</strong></span> <span class='ocrx_word' id='word_1_468' title='bbox 2480 350 2664 396; x_wconf 86' lang='lat' dir='ltr'><strong>contra</strong></span> <span class='ocrx_word' id='word_1_469' title='bbox 2691 338 3171 410; x_wconf 82' lang='lat' dir='ltr'><strong>concupiscentiam</strong></span> <span class='ocrx_word' id='word_1_470' title='bbox 3201 337 3376 392; x_wconf 81' lang='lat' dir='ltr'><strong>carnis</strong></span> <span class='ocrx_word' id='word_1_471' title='bbox 3407 339 3563 407; x_wconf 63' lang='lat' dir='ltr'><strong>5pm.</strong></span> 
     </span>
    </p>
   </div>
   <div class='ocr_carea' id='block_1_65' title="bbox 1982 429 3562 502">
    <p class='ocr_par' dir='ltr' id='par_1_65' title="bbox 1982 429 3562 502">
     <span class='ocr_line' id='line_1_65' title="bbox 1982 429 3562 502; baseline 0 -16"><span class='ocrx_word' id='word_1_472' title='bbox 1982 440 2068 487; x_wconf 91' lang='lat' dir='ltr'><strong>tus</strong></span> <span class='ocrx_word' id='word_1_473' title='bbox 2108 433 2444 502; x_wconf 87' lang='lat' dir='ltr'><strong>concupiscat</strong></span> <span class='ocrx_word' id='word_1_474' title='bbox 2476 449 2489 485; x_wconf 92' lang='lat'><strong>:</strong></span> <span class='ocrx_word' id='word_1_475' title='bbox 2521 440 2576 488; x_wconf 91' lang='lat' dir='ltr'><strong>et</strong></span> <span class='ocrx_word' id='word_1_476' title='bbox 2611 432 2655 486; x_wconf 89' lang='lat' dir='ltr'><strong>si</strong></span> <span class='ocrx_word' id='word_1_477' title='bbox 2693 429 2906 502; x_wconf 89' lang='lat' dir='ltr'><strong>quando</strong></span> <span class='ocrx_word' id='word_1_478' title='bbox 2940 429 3111 487; x_wconf 84' lang='lat' dir='ltr'><strong>ﬁdelis</strong></span> <span class='ocrx_word' id='word_1_479' title='bbox 3150 430 3314 485; x_wconf 91' lang='lat' dir='ltr'><strong>homo</strong></span> <span class='ocrx_word' id='word_1_480' title='bbox 3359 431 3411 485; x_wconf 94' lang='lat' dir='ltr'><strong>in</strong></span> <span class='ocrx_word' id='word_1_481' title='bbox 3461 429 3562 486; x_wconf 88' lang='lat' dir='ltr'><strong>hoc</strong></span> 
     </span>
    </p>
   </div>
   <div class='ocr_carea' id='block_1_66' title="bbox 1981 520 3560 588">
    <p class='ocr_par' dir='ltr' id='par_1_66' title="bbox 1981 520 3560 588">
     <span class='ocr_line' id='line_1_66' title="bbox 1981 520 3560 588; baseline -0.002 -10"><span class='ocrx_word' id='word_1_482' title='bbox 1981 523 2270 579; x_wconf 73' lang='lat' dir='ltr'><strong>Certamina</strong></span> <span class='ocrx_word' id='word_1_483' title='bbox 2304 522 2581 578; x_wconf 87' lang='lat' dir='ltr'><strong>venialiter</strong></span> <span class='ocrx_word' id='word_1_484' title='bbox 2609 524 2862 588; x_wconf 81' lang='lat' dir='ltr'><strong>vincitur,</strong></span> <span class='ocrx_word' id='word_1_485' title='bbox 2895 520 3073 577; x_wconf 89' lang='lat' dir='ltr'><strong>debita</strong></span> <span class='ocrx_word' id='word_1_486' title='bbox 3102 520 3319 576; x_wconf 82' lang='lat' dir='ltr'><strong>dimittit</strong></span> <span class='ocrx_word' id='word_1_487' title='bbox 3348 522 3560 587; x_wconf 89' lang='lat' dir='ltr'><strong>oranti;</strong></span> 
     </span>
    </p>
   </div>
   <div class='ocr_carea' id='block_1_67' title="bbox 1982 607 3566 685">
    <p class='ocr_par' dir='ltr' id='par_1_67' title="bbox 1982 607 3566 685">
     <span class='ocr_line' id='line_1_67' title="bbox 1982 607 3566 685; baseline 0 -17"><span class='ocrx_word' id='word_1_488' title='bbox 1982 624 2032 669; x_wconf 90' lang='lat' dir='ltr'><strong>et</strong></span> <span class='ocrx_word' id='word_1_489' title='bbox 2055 613 2266 685; x_wconf 87' lang='lat' dir='ltr'><strong>quando</strong></span> <span class='ocrx_word' id='word_1_490' title='bbox 2292 613 2660 668; x_wconf 88' lang='lat' dir='ltr'><strong>damnabilitcr</strong></span> <span class='ocrx_word' id='word_1_491' title='bbox 2685 611 2932 678; x_wconf 86' lang='lat' dir='ltr'><strong>vincitur,</strong></span> <span class='ocrx_word' id='word_1_492' title='bbox 2964 612 3054 666; x_wconf 89' lang='lat' dir='ltr'><strong>dat</strong></span> <span class='ocrx_word' id='word_1_493' title='bbox 3077 607 3413 668; x_wconf 85' lang='lat' dir='ltr'><strong>humiliorem</strong></span> <span class='ocrx_word' id='word_1_494' title='bbox 3444 629 3566 684; x_wconf 71' lang='lat' dir='ltr'><strong>pm-</strong></span> 
     </span>
    </p>
   </div>
   <div class='ocr_carea' id='block_1_68' title="bbox 1982 705 3568 776">
    <p class='ocr_par' dir='ltr' id='par_1_68' title="bbox 1982 705 3568 776">
     <span class='ocr_line' id='line_1_68' title="bbox 1982 705 3568 776; baseline -0.001 -13"><span class='ocrx_word' id='word_1_495' title='bbox 1982 708 2256 764; x_wconf 89' lang='lat' dir='ltr'><strong>nitentiam</strong></span> <span class='ocrx_word' id='word_1_496' title='bbox 2281 746 2296 773; x_wconf 92' lang='lat'><strong>,</strong></span> <span class='ocrx_word' id='word_1_497' title='bbox 2325 707 2410 762; x_wconf 91' lang='lat' dir='ltr'><strong>cui</strong></span> <span class='ocrx_word' id='word_1_498' title='bbox 2441 707 2634 762; x_wconf 88' lang='lat' dir='ltr'><strong>tribuat</strong></span> <span class='ocrx_word' id='word_1_499' title='bbox 2671 707 3068 776; x_wconf 81' lang='lat' dir='ltr'><strong>indulgentiam.</strong></span> <span class='ocrx_word' id='word_1_500' title='bbox 3093 705 3266 760; x_wconf 89' lang='lat' dir='ltr'><strong>Donat</strong></span> <span class='ocrx_word' id='word_1_501' title='bbox 3295 715 3568 776; x_wconf 89' lang='lat' dir='ltr'><strong>postremo</strong></span> 
     </span>
    </p>
   </div>
   <div class='ocr_carea' id='block_1_69' title="bbox 1983 797 3571 868">
    <p class='ocr_par' dir='ltr' id='par_1_69' title="bbox 1983 797 3571 868">
     <span class='ocr_line' id='line_1_69' title="bbox 1983 797 3571 868; baseline 0.001 -15"><span class='ocrx_word' id='word_1_502' title='bbox 1983 801 2149 855; x_wconf 88' lang='lat' dir='ltr'><strong>vitam</strong></span> <span class='ocrx_word' id='word_1_503' title='bbox 2167 808 2416 854; x_wconf 65' lang='lat' dir='ltr'><strong>aeternam</strong></span> <span class='ocrx_word' id='word_1_504' title='bbox 2448 808 2502 854; x_wconf 90' lang='lat' dir='ltr'><strong>et</strong></span> <span class='ocrx_word' id='word_1_505' title='bbox 2543 799 2733 854; x_wconf 66' lang='lat' dir='ltr'><strong>animm</strong></span> <span class='ocrx_word' id='word_1_506' title='bbox 2772 807 2826 854; x_wconf 87' lang='lat' dir='ltr'><strong>et</strong></span> <span class='ocrx_word' id='word_1_507' title='bbox 2863 797 3108 868; x_wconf 88' lang='lat' dir='ltr'><strong>corpori,</strong></span> <span class='ocrx_word' id='word_1_508' title='bbox 3161 797 3247 852; x_wconf 89' lang='lat' dir='ltr'><strong>ubi</strong></span> <span class='ocrx_word' id='word_1_509' title='bbox 3295 797 3470 868; x_wconf 85' lang='lat' dir='ltr'><strong>qualia</strong></span> <span class='ocrx_word' id='word_1_510' title='bbox 3513 807 3571 854; x_wconf 89' lang='lat' dir='ltr'><strong>et</strong></span> 
     </span>
    </p>
   </div>
   <div class='ocr_carea' id='block_1_70' title="bbox 1983 888 3570 962">
    <p class='ocr_par' dir='ltr' id='par_1_70' title="bbox 1983 888 3570 962">
     <span class='ocr_line' id='line_1_70' title="bbox 1983 888 3570 962; baseline 0 -17"><span class='ocrx_word' id='word_1_511' title='bbox 1983 901 2178 962; x_wconf 88' lang='lat' dir='ltr'><strong>quanta</strong></span> <span class='ocrx_word' id='word_1_512' title='bbox 2207 892 2344 952; x_wconf 87' lang='lat' dir='ltr'><strong>bona</strong></span> <span class='ocrx_word' id='word_1_513' title='bbox 2369 889 2470 945; x_wconf 90' lang='lat' dir='ltr'><strong>sint</strong></span> <span class='ocrx_word' id='word_1_514' title='bbox 2494 891 2728 961; x_wconf 84' lang='lat' dir='ltr'><strong>cogitare</strong></span> <span class='ocrx_word' id='word_1_515' title='bbox 2754 891 2872 962; x_wconf 85' lang='lat' dir='ltr'><strong>quis</strong></span> <span class='ocrx_word' id='word_1_516' title='bbox 2903 888 3108 960; x_wconf 75' lang='lat' dir='ltr'><strong>possit?</strong></span> <span class='ocrx_word' id='word_1_517' title='bbox 3136 889 3416 958; x_wconf 87' lang='lat' dir='ltr'><strong>Quomodo</strong></span> <span class='ocrx_word' id='word_1_518' title='bbox 3441 907 3570 962; x_wconf 81' lang='lat' dir='ltr'><strong>ergo</strong></span> 
     </span>
    </p>
   </div>
   <div class='ocr_carea' id='block_1_71' title="bbox 1984 982 3570 1056">
    <p class='ocr_par' dir='ltr' id='par_1_71' title="bbox 1984 982 3570 1056">
     <span class='ocr_line' id='line_1_71' title="bbox 1984 982 3570 1056; baseline 0.001 -20"><span class='ocrx_word' id='word_1_519' title='bbox 1984 985 2103 1056; x_wconf 87' lang='lat' dir='ltr'><strong>plus</strong></span> <span class='ocrx_word' id='word_1_520' title='bbox 2133 983 2312 1037; x_wconf 87' lang='lat' dir='ltr'><strong>nocuit</strong></span> <span class='ocrx_word' id='word_1_521' title='bbox 2340 983 2494 1051; x_wconf 89' lang='lat' dir='ltr'><strong>primi</strong></span> <span class='ocrx_word' id='word_1_522' title='bbox 2519 982 2747 1039; x_wconf 89' lang='lat' dir='ltr'><strong>hominis</strong></span> <span class='ocrx_word' id='word_1_523' title='bbox 2774 982 3042 1051; x_wconf 84' lang='lat' dir='ltr'><strong>iniquitas,</strong></span> <span class='ocrx_word' id='word_1_524' title='bbox 3073 998 3231 1052; x_wconf 91' lang='lat' dir='ltr'><strong>quam</strong></span> <span class='ocrx_word' id='word_1_525' title='bbox 3264 983 3459 1052; x_wconf 83' lang='lat' dir='ltr'><strong>profuit</strong></span> <span class='ocrx_word' id='word_1_526' title='bbox 3477 997 3570 1038; x_wconf 82' lang='lat' dir='ltr'><strong>se-</strong></span> 
     </span>
    </p>
   </div>
   <div class='ocr_carea' id='block_1_72' title="bbox 1985 1072 3570 1140">
    <p class='ocr_par' dir='ltr' id='par_1_72' title="bbox 1985 1072 3570 1140">
     <span class='ocr_line' id='line_1_72' title="bbox 1985 1072 3570 1140; baseline 0.001 -12"><span class='ocrx_word' id='word_1_527' title='bbox 1985 1075 2142 1136; x_wconf 87' lang='lat' dir='ltr'><strong>eundi</strong></span> <span class='ocrx_word' id='word_1_528' title='bbox 2173 1075 2422 1140; x_wconf 90' lang='lat' dir='ltr'><strong>hominis,</strong></span> <span class='ocrx_word' id='word_1_529' title='bbox 2444 1074 2544 1128; x_wconf 90' lang='lat' dir='ltr'><strong>hoc</strong></span> <span class='ocrx_word' id='word_1_530' title='bbox 2567 1082 2648 1129; x_wconf 89' lang='lat' dir='ltr'><strong>est</strong></span> <span class='ocrx_word' id='word_1_531' title='bbox 2673 1073 2885 1137; x_wconf 86' lang='lat' dir='ltr'><strong>Christi,</strong></span> <span class='ocrx_word' id='word_1_532' title='bbox 2911 1072 3139 1137; x_wconf 88' lang='lat' dir='ltr'><strong>bonitas;</strong></span> <span class='ocrx_word' id='word_1_533' title='bbox 3167 1090 3285 1128; x_wconf 92' lang='lat' dir='ltr'><strong>eum</strong></span> <span class='ocrx_word' id='word_1_534' title='bbox 3314 1074 3401 1129; x_wconf 90' lang='lat' dir='ltr'><strong>ille</strong></span> <span class='ocrx_word' id='word_1_535' title='bbox 3429 1084 3570 1129; x_wconf 88' lang='lat' dir='ltr'><strong>tem-</strong></span> 
     </span>
    </p>
   </div>
   <div class='ocr_carea' id='block_1_73' title="bbox 1985 1163 3572 1238">
    <p class='ocr_par' dir='ltr' id='par_1_73' title="bbox 1985 1163 3572 1238">
     <span class='ocr_line' id='line_1_73' title="bbox 1985 1163 3572 1238; baseline 0.001 -19"><span class='ocrx_word' id='word_1_536' title='bbox 1985 1166 2238 1238; x_wconf 82' lang='lat' dir='ltr'><strong>poraliter</strong></span> <span class='ocrx_word' id='word_1_537' title='bbox 2281 1165 2553 1228; x_wconf 89' lang='lat' dir='ltr'><strong>nocuerit,</strong></span> <span class='ocrx_word' id='word_1_538' title='bbox 2597 1163 2842 1219; x_wconf 88' lang='lat' dir='ltr'><strong>Christus</strong></span> <span class='ocrx_word' id='word_1_539' title='bbox 2884 1172 3060 1218; x_wconf 89' lang='lat' dir='ltr'><strong>autem</strong></span> <span class='ocrx_word' id='word_1_540' title='bbox 3102 1171 3156 1219; x_wconf 91' lang='lat' dir='ltr'><strong>et</strong></span> <span class='ocrx_word' id='word_1_541' title='bbox 3209 1163 3572 1233; x_wconf 88' lang='lat' dir='ltr'><strong>temporaliter</strong></span> 
     </span>
    </p>
   </div>
   <div class='ocr_carea' id='block_1_74' title="bbox 1988 1253 3572 1336">
    <p class='ocr_par' dir='ltr' id='par_1_74' title="bbox 1988 1253 3572 1336">
     <span class='ocr_line' id='line_1_74' title="bbox 1988 1253 3572 1336; baseline -0.001 -25"><span class='ocrx_word' id='word_1_542' title='bbox 1988 1255 2226 1336; x_wconf 87' lang='lat' dir='ltr'><strong>adjuvet,</strong></span> <span class='ocrx_word' id='word_1_543' title='bbox 2271 1262 2326 1310; x_wconf 90' lang='lat' dir='ltr'><strong>et</strong></span> <span class='ocrx_word' id='word_1_544' title='bbox 2365 1256 2553 1312; x_wconf 88' lang='lat' dir='ltr'><strong>liberet</strong></span> <span class='ocrx_word' id='word_1_545' title='bbox 2599 1269 2663 1309; x_wconf 87' lang='lat' dir='ltr'><strong>ac</strong></span> <span class='ocrx_word' id='word_1_546' title='bbox 2706 1255 2971 1309; x_wconf 84' lang='lat' dir='ltr'><strong>beatiﬁcct</strong></span> <span class='ocrx_word' id='word_1_547' title='bbox 3009 1253 3060 1307; x_wconf 93' lang='lat' dir='ltr'><strong>iu</strong></span> <span class='ocrx_word' id='word_1_548' title='bbox 3103 1255 3398 1309; x_wconf 67' lang='lat' dir='ltr'><strong>aeternum?</strong></span> <span class='ocrx_word' id='word_1_549' title='bbox 3439 1253 3572 1321; x_wconf 64' lang='lat' dir='ltr'><strong>Quae</strong></span> 
     </span>
    </p>
   </div>
   <div class='ocr_carea' id='block_1_75' title="bbox 1984 1343 3570 1414">
    <p class='ocr_par' dir='ltr' id='par_1_75' title="bbox 1984 1343 3570 1414">
     <span class='ocr_line' id='line_1_75' title="bbox 1984 1343 3570 1414; baseline -0.003 -11"><span class='ocrx_word' id='word_1_550' title='bbox 1984 1364 2105 1404; x_wconf 92' lang='lat' dir='ltr'><strong>cum</strong></span> <span class='ocrx_word' id='word_1_551' title='bbox 2137 1346 2206 1404; x_wconf 87' lang='lat' dir='ltr'><strong>ita</strong></span> <span class='ocrx_word' id='word_1_552' title='bbox 2245 1347 2385 1414; x_wconf 91' lang='lat' dir='ltr'><strong>sint,</strong></span> <span class='ocrx_word' id='word_1_553' title='bbox 2427 1343 2689 1406; x_wconf 84' lang='lat' dir='ltr'><strong>sententia</strong></span> <span class='ocrx_word' id='word_1_554' title='bbox 2729 1351 2908 1399; x_wconf 89' lang='lat' dir='ltr'><strong>nostra</strong></span> <span class='ocrx_word' id='word_1_555' title='bbox 2957 1343 3240 1409; x_wconf 77' lang='lat' dir='ltr'><strong>Catholica,</strong></span> <span class='ocrx_word' id='word_1_556' title='bbox 3270 1359 3372 1398; x_wconf 90' lang='lat' dir='ltr'><strong>non</strong></span> <span class='ocrx_word' id='word_1_557' title='bbox 3404 1343 3570 1400; x_wconf 83' lang='lat' dir='ltr'><strong>Mani-</strong></span> 
     </span>
    </p>
   </div>
   <div class='ocr_carea' id='block_1_76' title="bbox 1986 1428 3571 1509">
    <p class='ocr_par' dir='ltr' id='par_1_76' title="bbox 1986 1428 3571 1509">
     <span class='ocr_line' id='line_1_76' title="bbox 1986 1428 3571 1509; baseline -0.003 -13"><span class='ocrx_word' id='word_1_558' title='bbox 1986 1428 2282 1508; x_wconf 13' lang='lat' dir='ltr'><strong>chaea‘est;</strong></span> <span class='ocrx_word' id='word_1_559' title='bbox 2313 1447 2367 1494; x_wconf 89' lang='lat' dir='ltr'><strong>et</strong></span> <span class='ocrx_word' id='word_1_560' title='bbox 2395 1438 2516 1494; x_wconf 90' lang='lat' dir='ltr'><strong>ideo</strong></span> <span class='ocrx_word' id='word_1_561' title='bbox 2553 1435 2963 1509; x_wconf 33' lang='lat' dir='ltr'><strong>nec‘Pelagiana</strong></span> <span class='ocrx_word' id='word_1_562' title='bbox 2991 1445 3107 1503; x_wconf 92' lang='lat' dir='ltr'><strong>est,</strong></span> <span class='ocrx_word' id='word_1_563' title='bbox 3149 1436 3272 1508; x_wconf 89' lang='lat' dir='ltr'><strong>quia</strong></span> <span class='ocrx_word' id='word_1_564' title='bbox 3309 1437 3571 1492; x_wconf 86' lang='lat' dir='ltr'><strong>catholica</strong></span> 
     </span>
    </p>
   </div>
   <div class='ocr_carea' id='block_1_77' title="bbox 1987 1542 2088 1591">
    <p class='ocr_par' dir='ltr' id='par_1_77' title="bbox 1987 1542 2088 1591">
     <span class='ocr_line' id='line_1_77' title="bbox 1987 1542 2088 1591; baseline -0.03 0"><span class='ocrx_word' id='word_1_565' title='bbox 1987 1542 2088 1591; x_wconf 74' lang='grc' dir='ltr'><strong>εει.</strong></span> 
     </span>
    </p>
   </div>
   <div class='ocr_carea' id='block_1_78' title="bbox 2059 1621 3574 1695">
    <p class='ocr_par' dir='ltr' id='par_1_78' title="bbox 2059 1621 3574 1695">
     <span class='ocr_line' id='line_1_78' title="bbox 2059 1621 3574 1695; baseline -0.001 -15"><span class='ocrx_word' id='word_1_566' title='bbox 2059 1621 2287 1683; x_wconf 78' lang='lat' dir='ltr'><strong>XCVliI.</strong></span> <span class='ocrx_word' id='word_1_567' title='bbox 2326 1623 2447 1680; x_wconf 80' lang='lat' dir='ltr'><strong>JUL.</strong></span> <span class='ocrx_word' id='word_1_568' title='bbox 2487 1623 2753 1680; x_wconf 82' lang='lat' dir='ltr'><strong>Frivolam</strong></span> <span class='ocrx_word' id='word_1_569' title='bbox 2784 1638 2914 1680; x_wconf 90' lang='lat' dir='ltr'><strong>sane</strong></span> <span class='ocrx_word' id='word_1_570' title='bbox 2941 1623 3326 1695; x_wconf 80' lang='lat' dir='ltr'><strong>expositionem</strong></span> <span class='ocrx_word' id='word_1_571' title='bbox 3371 1624 3422 1678; x_wconf 92' lang='lat' dir='ltr'><strong>in</strong></span> <span class='ocrx_word' id='word_1_572' title='bbox 3469 1623 3574 1680; x_wconf 90' lang='lat' dir='ltr'><strong>hoc</strong></span> 
     </span>
    </p>
   </div>
   <div class='ocr_carea' id='block_1_79' title="bbox 1989 1715 3573 1786">
    <p class='ocr_par' dir='ltr' id='par_1_79' title="bbox 1989 1715 3573 1786">
     <span class='ocr_line' id='line_1_79' title="bbox 1989 1715 3573 1786; baseline -0.002 -14"><span class='ocrx_word' id='word_1_573' title='bbox 1989 1715 2109 1772; x_wconf 91' lang='lat' dir='ltr'><strong>loco</strong></span> <span class='ocrx_word' id='word_1_574' title='bbox 2138 1726 2280 1771; x_wconf 89' lang='lat' dir='ltr'><strong>tuam</strong></span> <span class='ocrx_word' id='word_1_575' title='bbox 2310 1717 2514 1786; x_wconf 89' lang='lat' dir='ltr'><strong>optimo</strong></span> <span class='ocrx_word' id='word_1_576' title='bbox 2535 1715 2654 1786; x_wconf 88' lang='lat' dir='ltr'><strong>jure</strong></span> <span class='ocrx_word' id='word_1_577' title='bbox 2682 1715 3038 1784; x_wconf 86' lang='lat' dir='ltr'><strong>despicerem,</strong></span> <span class='ocrx_word' id='word_1_578' title='bbox 3063 1722 3117 1770; x_wconf 90' lang='lat' dir='ltr'><strong>et</strong></span> <span class='ocrx_word' id='word_1_579' title='bbox 3157 1715 3573 1784; x_wconf 88' lang='lat' dir='ltr'><strong>irrepercussam</strong></span> 
     </span>
    </p>
   </div>
   <div class='ocr_carea' id='block_1_80' title="bbox 1989 1805 3574 1886">
    <p class='ocr_par' dir='ltr' id='par_1_80' title="bbox 1989 1805 3574 1886">
     <span class='ocr_line' id='line_1_80' title="bbox 1989 1805 3574 1886; baseline -0.003 -22"><span class='ocrx_word' id='word_1_580' title='bbox 1989 1811 2338 1886; x_wconf 81' lang='lat' dir='ltr'><strong>praeterirem,</strong></span> <span class='ocrx_word' id='word_1_581' title='bbox 2361 1807 2512 1878; x_wconf 89' lang='lat' dir='ltr'><strong>quasi</strong></span> <span class='ocrx_word' id='word_1_582' title='bbox 2535 1807 2693 1860; x_wconf 91' lang='lat' dir='ltr'><strong>nimis</strong></span> <span class='ocrx_word' id='word_1_583' title='bbox 2714 1808 2875 1860; x_wconf 91' lang='lat' dir='ltr'><strong>humo</strong></span> <span class='ocrx_word' id='word_1_584' title='bbox 2897 1806 3276 1870; x_wconf 64' lang='lat' dir='ltr'><strong>cohaerentem,</strong></span> <span class='ocrx_word' id='word_1_585' title='bbox 3297 1805 3398 1859; x_wconf 92' lang='lat' dir='ltr'><strong>nisi</strong></span> <span class='ocrx_word' id='word_1_586' title='bbox 3420 1821 3574 1860; x_wconf 87' lang='lat' dir='ltr'><strong>vere-</strong></span> 
     </span>
    </p>
   </div>
   <div class='ocr_carea' id='block_1_81' title="bbox 1991 1897 3576 1972">
    <p class='ocr_par' dir='ltr' id='par_1_81' title="bbox 1991 1897 3576 1972">
     <span class='ocr_line' id='line_1_81' title="bbox 1991 1897 3576 1972; baseline -0.001 -18"><span class='ocrx_word' id='word_1_587' title='bbox 1991 1916 2100 1970; x_wconf 89' lang='lat' dir='ltr'><strong>rer,</strong></span> <span class='ocrx_word' id='word_1_588' title='bbox 2127 1915 2192 1954; x_wconf 93' lang='lat' dir='ltr'><strong>ne</strong></span> <span class='ocrx_word' id='word_1_589' title='bbox 2220 1901 2454 1972; x_wconf 71' lang='lat' dir='ltr'><strong>pellacize</strong></span> <span class='ocrx_word' id='word_1_590' title='bbox 2490 1899 2658 1970; x_wconf 83' lang='lat' dir='ltr'><strong>magis</strong></span> <span class='ocrx_word' id='word_1_591' title='bbox 2698 1914 2856 1969; x_wconf 89' lang='lat' dir='ltr'><strong>quam</strong></span> <span class='ocrx_word' id='word_1_592' title='bbox 2888 1899 3200 1954; x_wconf 69' lang='lat' dir='ltr'><strong>constantia:</strong></span> <span class='ocrx_word' id='word_1_593' title='bbox 3243 1897 3576 1952; x_wconf 91' lang='lat' dir='ltr'><strong>crederetur.</strong></span> 
     </span>
    </p>
   </div>
   <div class='ocr_carea' id='block_1_82' title="bbox 1991 1987 3579 2062">
    <p class='ocr_par' dir='ltr' id='par_1_82' title="bbox 1991 1987 3579 2062">
     <span class='ocr_line' id='line_1_82' title="bbox 1991 1987 3579 2062; baseline -0.002 -16"><span class='ocrx_word' id='word_1_594' title='bbox 1991 1991 2249 2062; x_wconf 90' lang='lat' dir='ltr'><strong>Loqueris</strong></span> <span class='ocrx_word' id='word_1_595' title='bbox 2292 2007 2423 2061; x_wconf 79' lang='lat' dir='ltr'><strong>ergo</strong></span> <span class='ocrx_word' id='word_1_596' title='bbox 2464 1991 2568 2045; x_wconf 92' lang='lat' dir='ltr'><strong>hoc</strong></span> <span class='ocrx_word' id='word_1_597' title='bbox 2603 1987 2796 2046; x_wconf 88' lang='lat' dir='ltr'><strong>modo:</strong></span> <span class='ocrx_word' id='word_1_598' title='bbox 2831 2009 2851 2044; x_wconf 73' lang='grc' dir='ltr'>ι</span> <span class='ocrx_word' id='word_1_599' title='bbox 2884 1989 3021 2058; x_wconf 86' lang='lat' dir='ltr'><strong>Quid</strong></span> <span class='ocrx_word' id='word_1_600' title='bbox 3061 1999 3143 2045; x_wconf 89' lang='lat' dir='ltr'><strong>cst</strong></span> <span class='ocrx_word' id='word_1_601' title='bbox 3168 2031 3182 2055; x_wconf 94' lang='lat'><strong>,</strong></span> <span class='ocrx_word' id='word_1_602' title='bbox 3237 1989 3579 2060; x_wconf 72' lang='lat' dir='ltr'><strong>multomagis</strong></span> 
     </span>
    </p>
   </div>
   <div class='ocr_carea' id='block_1_83' title="bbox 1992 2079 3576 2150">
    <p class='ocr_par' dir='ltr' id='par_1_83' title="bbox 1992 2079 3576 2150">
     <span class='ocr_line' id='line_1_83' title="bbox 1992 2079 3576 2150; baseline -0.001 -17"><span class='ocrx_word' id='word_1_603' title='bbox 1992 2079 2298 2145; x_wconf 84' lang='lat' dir='ltr'><strong>abundavit;</strong></span> <span class='ocrx_word' id='word_1_604' title='bbox 2321 2081 2423 2136; x_wconf 91' lang='lat' dir='ltr'><strong>nisi</strong></span> <span class='ocrx_word' id='word_1_605' title='bbox 2448 2080 2569 2150; x_wconf 87' lang='lat' dir='ltr'><strong>quia</strong></span> <span class='ocrx_word' id='word_1_606' title='bbox 2597 2094 2783 2135; x_wconf 90' lang='lat' dir='ltr'><strong>omnes</strong></span> <span class='ocrx_word' id='word_1_607' title='bbox 2811 2079 2899 2150; x_wconf 88' lang='lat' dir='ltr'><strong>qui</strong></span> <span class='ocrx_word' id='word_1_608' title='bbox 2929 2095 3022 2150; x_wconf 90' lang='lat' dir='ltr'><strong>per</strong></span> <span class='ocrx_word' id='word_1_609' title='bbox 3042 2079 3308 2136; x_wconf 90' lang='lat' dir='ltr'><strong>Christum</strong></span> <span class='ocrx_word' id='word_1_610' title='bbox 3341 2080 3576 2133; x_wconf 84' lang='lat' dir='ltr'><strong>liberan-</strong></span> 
     </span>
    </p>
   </div>
   <div class='ocr_carea' id='block_1_84' title="bbox 1989 2171 3578 2244">
    <p class='ocr_par' dir='ltr' id='par_1_84' title="bbox 1989 2171 3578 2244">
     <span class='ocr_line' id='line_1_84' title="bbox 1989 2171 3578 2244; baseline -0.002 -18"><span class='ocrx_word' id='word_1_611' title='bbox 1989 2180 2101 2238; x_wconf 87' lang='lat' dir='ltr'><strong>tur,</strong></span> <span class='ocrx_word' id='word_1_612' title='bbox 2137 2173 2501 2242; x_wconf 87' lang='lat' dir='ltr'><strong>temporalitcr</strong></span> <span class='ocrx_word' id='word_1_613' title='bbox 2537 2181 2754 2244; x_wconf 89' lang='lat' dir='ltr'><strong>propter</strong></span> <span class='ocrx_word' id='word_1_614' title='bbox 2794 2172 2964 2227; x_wconf 83' lang='lat' dir='ltr'><strong>Adam</strong></span> <span class='ocrx_word' id='word_1_615' title='bbox 2998 2171 3315 2236; x_wconf 85' lang='lat' dir='ltr'><strong>moriuntur,</strong></span> <span class='ocrx_word' id='word_1_616' title='bbox 3364 2180 3578 2241; x_wconf 77' lang='lat' dir='ltr'><strong>propter</strong></span> 
     </span>
    </p>
   </div>
   <div class='ocr_carea' id='block_1_85' title="bbox 1994 2261 3581 2332">
    <p class='ocr_par' dir='ltr' id='par_1_85' title="bbox 1994 2261 3581 2332">
     <span class='ocr_line' id='line_1_85' title="bbox 1994 2261 3581 2332; baseline 0 -16"><span class='ocrx_word' id='word_1_617' title='bbox 1994 2262 2166 2332; x_wconf 90' lang='lat' dir='ltr'><strong>ipsum</strong></span> <span class='ocrx_word' id='word_1_618' title='bbox 2211 2271 2387 2317; x_wconf 88' lang='lat' dir='ltr'><strong>autem</strong></span> <span class='ocrx_word' id='word_1_619' title='bbox 2426 2261 2692 2318; x_wconf 88' lang='lat' dir='ltr'><strong>Christum</strong></span> <span class='ocrx_word' id='word_1_620' title='bbox 2733 2263 2849 2318; x_wconf 90' lang='lat' dir='ltr'><strong>sine</strong></span> <span class='ocrx_word' id='word_1_621' title='bbox 2888 2262 2992 2319; x_wconf 88' lang='lat' dir='ltr'><strong>ﬁne</strong></span> <span class='ocrx_word' id='word_1_622' title='bbox 3032 2263 3220 2316; x_wconf 89' lang='lat' dir='ltr'><strong>victuri</strong></span> <span class='ocrx_word' id='word_1_623' title='bbox 3267 2272 3428 2317; x_wconf 66' lang='lat' dir='ltr'><strong>sunt»</strong></span> <span class='ocrx_word' id='word_1_624' title='bbox 3478 2261 3581 2332; x_wconf 80' lang='lat' dir='ltr'><strong>(De</strong></span> 
     </span>
    </p>
   </div>
   <div class='ocr_carea' id='block_1_86' title="bbox 1995 2349 3578 2424">
    <p class='ocr_par' dir='ltr' id='par_1_86' title="bbox 1995 2349 3578 2424">
     <span class='ocr_line' id='line_1_86' title="bbox 1995 2349 3578 2424; baseline -0.001 -17"><span class='ocrx_word' id='word_1_625' title='bbox 1995 2349 2206 2424; x_wconf 76' lang='lat' dir='ltr'><strong>Nuptiis</strong></span> <span class='ocrx_word' id='word_1_626' title='bbox 2235 2362 2279 2407; x_wconf 83' lang='lat' dir='ltr'><strong>et</strong></span> <span class='ocrx_word' id='word_1_627' title='bbox 2309 2352 2753 2423; x_wconf 75' lang='lat' dir='ltr'><strong>Concupiscenlia,</strong></span> <span class='ocrx_word' id='word_1_628' title='bbox 2794 2351 2880 2406; x_wconf 85' lang='lat' dir='ltr'><strong>lib.</strong></span> <span class='ocrx_word' id='word_1_629' title='bbox 2904 2351 2973 2416; x_wconf 75' lang='grc'><strong>2,</strong></span> <span class='ocrx_word' id='word_1_630' title='bbox 3020 2370 3073 2406; x_wconf 88' lang='lat' dir='ltr'><strong>n.</strong></span> <span class='ocrx_word' id='word_1_631' title='bbox 3115 2352 3261 2421; x_wconf 59' lang='lat'><strong>46)?</strong></span> <span class='ocrx_word' id='word_1_632' title='bbox 3302 2353 3416 2419; x_wconf 89' lang='lat' dir='ltr'><strong>Quo</strong></span> <span class='ocrx_word' id='word_1_633' title='bbox 3459 2368 3578 2406; x_wconf 87' lang='lat' dir='ltr'><strong>ser-</strong></span> 
     </span>
    </p>
   </div>
   <div class='ocr_carea' id='block_1_87' title="bbox 1989 2441 3580 2522">
    <p class='ocr_par' dir='ltr' id='par_1_87' title="bbox 1989 2441 3580 2522">
     <span class='ocr_line' id='line_1_87' title="bbox 1989 2441 3580 2522; baseline -0.003 -22"><span class='ocrx_word' id='word_1_634' title='bbox 1989 2459 2192 2522; x_wconf 82' lang='lat' dir='ltr'><strong>mone,</strong></span> <span class='ocrx_word' id='word_1_635' title='bbox 2239 2444 2284 2498; x_wconf 91' lang='lat' dir='ltr'><strong>si</strong></span> <span class='ocrx_word' id='word_1_636' title='bbox 2326 2442 2452 2512; x_wconf 85' lang='lat' dir='ltr'><strong>quid</strong></span> <span class='ocrx_word' id='word_1_637' title='bbox 2501 2451 2888 2513; x_wconf 86' lang='lat' dir='ltr'><strong>consequenter</strong></span> <span class='ocrx_word' id='word_1_638' title='bbox 2929 2441 3198 2500; x_wconf 86' lang='lat' dir='ltr'><strong>diceretur</strong></span> <span class='ocrx_word' id='word_1_639' title='bbox 3241 2441 3580 2508; x_wconf 86' lang='lat' dir='ltr'><strong>attenderes,</strong></span> 
     </span>
    </p>
   </div>
   <div class='ocr_carea' id='block_1_88' title="bbox 1995 2531 3581 2600">
    <p class='ocr_par' dir='ltr' id='par_1_88' title="bbox 1995 2531 3581 2600">
     <span class='ocr_line' id='line_1_88' title="bbox 1995 2531 3581 2600; baseline -0.002 -9"><span class='ocrx_word' id='word_1_640' title='bbox 1995 2552 2208 2594; x_wconf 87' lang='lat' dir='ltr'><strong>onmem</strong></span> <span class='ocrx_word' id='word_1_641' title='bbox 2235 2551 2413 2591; x_wconf 89' lang='lat' dir='ltr'><strong>arcem</strong></span> <span class='ocrx_word' id='word_1_642' title='bbox 2441 2544 2604 2600; x_wconf 90' lang='lat' dir='ltr'><strong>tuam,</strong></span> <span class='ocrx_word' id='word_1_643' title='bbox 2635 2532 2687 2590; x_wconf 89' lang='lat' dir='ltr'><strong>id</strong></span> <span class='ocrx_word' id='word_1_644' title='bbox 2718 2544 2801 2590; x_wconf 89' lang='lat' dir='ltr'><strong>est</strong></span> <span class='ocrx_word' id='word_1_645' title='bbox 2830 2533 3125 2599; x_wconf 88' lang='lat' dir='ltr'><strong>traducem,</strong></span> <span class='ocrx_word' id='word_1_646' title='bbox 3159 2533 3417 2588; x_wconf 88' lang='lat' dir='ltr'><strong>cecidisse</strong></span> <span class='ocrx_word' id='word_1_647' title='bbox 3446 2531 3581 2588; x_wconf 79' lang='lat' dir='ltr'><strong>fate-</strong></span> 
     </span>
    </p>
   </div>
   <div class='ocr_carea' id='block_1_89' title="bbox 1995 2621 3587 2698">
    <p class='ocr_par' dir='ltr' id='par_1_89' title="bbox 1995 2621 3587 2698">
     <span class='ocr_line' id='line_1_89' title="bbox 1995 2621 3587 2698; baseline -0.003 -16"><span class='ocrx_word' id='word_1_648' title='bbox 1995 2642 2138 2682; x_wconf 87' lang='lat' dir='ltr'><strong>rere.</strong></span> <span class='ocrx_word' id='word_1_649' title='bbox 2168 2626 2310 2682; x_wconf 89' lang='lat' dir='ltr'><strong>Dicis</strong></span> <span class='ocrx_word' id='word_1_650' title='bbox 2339 2625 2485 2681; x_wconf 89' lang='lat' dir='ltr'><strong>enim</strong></span> <span class='ocrx_word' id='word_1_651' title='bbox 2505 2667 2519 2694; x_wconf 91' lang='lat'><strong>,</strong></span> <span class='ocrx_word' id='word_1_652' title='bbox 2554 2625 2672 2681; x_wconf 81' lang='lat' dir='ltr'><strong>ideo</strong></span> <span class='ocrx_word' id='word_1_653' title='bbox 2712 2625 2880 2680; x_wconf 89' lang='lat' dir='ltr'><strong>multo</strong></span> <span class='ocrx_word' id='word_1_654' title='bbox 2909 2625 3080 2698; x_wconf 77' lang='lat' dir='ltr'><strong>magis</strong></span> <span class='ocrx_word' id='word_1_655' title='bbox 3106 2622 3404 2678; x_wconf 89' lang='lat' dir='ltr'><strong>abundasse</strong></span> <span class='ocrx_word' id='word_1_656' title='bbox 3430 2621 3587 2678; x_wconf 91' lang='lat' dir='ltr'><strong>Chri-</strong></span> 
     </span>
    </p>
   </div>
   <div class='ocr_carea' id='block_1_90' title="bbox 1997 2715 3581 2792">
    <p class='ocr_par' dir='ltr' id='par_1_90' title="bbox 1997 2715 3581 2792">
     <span class='ocr_line' id='line_1_90' title="bbox 1997 2715 3581 2792; baseline -0.005 -20"><span class='ocrx_word' id='word_1_657' title='bbox 1997 2717 2064 2772; x_wconf 90' lang='lat' dir='ltr'><strong>sti</strong></span> <span class='ocrx_word' id='word_1_658' title='bbox 2104 2716 2350 2792; x_wconf 81' lang='lat' dir='ltr'><strong>gratiam,</strong></span> <span class='ocrx_word' id='word_1_659' title='bbox 2389 2715 2512 2787; x_wconf 88' lang='lat' dir='ltr'><strong>quia</strong></span> <span class='ocrx_word' id='word_1_660' title='bbox 2559 2731 2655 2786; x_wconf 89' lang='lat' dir='ltr'><strong>per</strong></span> <span class='ocrx_word' id='word_1_661' title='bbox 2690 2731 2808 2771; x_wconf 91' lang='lat' dir='ltr'><strong>eam</strong></span> <span class='ocrx_word' id='word_1_662' title='bbox 2857 2716 2964 2770; x_wconf 88' lang='lat' dir='ltr'><strong>vita</strong></span> <span class='ocrx_word' id='word_1_663' title='bbox 3005 2715 3315 2770; x_wconf 80' lang='lat' dir='ltr'><strong>conferatur</strong></span> <span class='ocrx_word' id='word_1_664' title='bbox 3359 2724 3581 2777; x_wconf 75' lang='lat' dir='ltr'><strong>:eterna,</strong></span> 
     </span>
    </p>
   </div>
   <div class='ocr_carea' id='block_1_91' title="bbox 1997 2805 3588 2878">
    <p class='ocr_par' dir='ltr' id='par_1_91' title="bbox 1997 2805 3588 2878">
     <span class='ocr_line' id='line_1_91' title="bbox 1997 2805 3588 2878; baseline -0.002 -16"><span class='ocrx_word' id='word_1_665' title='bbox 1997 2822 2120 2862; x_wconf 83' lang='lat' dir='ltr'><strong>cum</strong></span> <span class='ocrx_word' id='word_1_666' title='bbox 2148 2822 2243 2878; x_wconf 89' lang='lat' dir='ltr'><strong>per</strong></span> <span class='ocrx_word' id='word_1_667' title='bbox 2267 2806 2393 2861; x_wconf 79' lang='lat' dir='ltr'><strong>Ada:</strong></span> <span class='ocrx_word' id='word_1_668' title='bbox 2424 2815 2700 2878; x_wconf 91' lang='lat' dir='ltr'><strong>peccatum</strong></span> <span class='ocrx_word' id='word_1_669' title='bbox 2731 2806 3006 2861; x_wconf 87' lang='lat' dir='ltr'><strong>subeunda</strong></span> <span class='ocrx_word' id='word_1_670' title='bbox 3039 2806 3108 2861; x_wconf 91' lang='lat' dir='ltr'><strong>sit</strong></span> <span class='ocrx_word' id='word_1_671' title='bbox 3146 2805 3415 2876; x_wconf 89' lang='lat' dir='ltr'><strong>corruptio</strong></span> <span class='ocrx_word' id='word_1_672' title='bbox 3454 2815 3588 2861; x_wconf 83' lang='lat' dir='ltr'><strong>tctu-</strong></span> 
     </span>
    </p>
   </div>
   <div class='ocr_carea' id='block_1_92' title="bbox 1998 2895 3585 2970">
    <p class='ocr_par' dir='ltr' id='par_1_92' title="bbox 1998 2895 3585 2970">
     <span class='ocr_line' id='line_1_92' title="bbox 1998 2895 3585 2970; baseline -0.003 -17"><span class='ocrx_word' id='word_1_673' title='bbox 1998 2899 2217 2969; x_wconf 87' lang='lat' dir='ltr'><strong>poralis.</strong></span> <span class='ocrx_word' id='word_1_674' title='bbox 2244 2897 2302 2954; x_wconf 90' lang='lat' dir='ltr'><strong>Si</strong></span> <span class='ocrx_word' id='word_1_675' title='bbox 2331 2913 2458 2970; x_wconf 84' lang='lat' dir='ltr'><strong>ergo</strong></span> <span class='ocrx_word' id='word_1_676' title='bbox 2493 2897 2627 2952; x_wconf 89' lang='lat' dir='ltr'><strong>nihil</strong></span> <span class='ocrx_word' id='word_1_677' title='bbox 2650 2897 2794 2952; x_wconf 91' lang='lat' dir='ltr'><strong>aliud</strong></span> <span class='ocrx_word' id='word_1_678' title='bbox 2827 2897 3004 2953; x_wconf 90' lang='lat' dir='ltr'><strong>intulit</strong></span> <span class='ocrx_word' id='word_1_679' title='bbox 3030 2895 3198 2951; x_wconf 83' lang='lat' dir='ltr'><strong>Adam</strong></span> <span class='ocrx_word' id='word_1_680' title='bbox 3242 2906 3434 2967; x_wconf 74' lang='lat' dir='ltr'><strong>pra&#39;ter</strong></span> <span class='ocrx_word' id='word_1_681' title='bbox 3463 2911 3585 2950; x_wconf 82' lang='lat' dir='ltr'><strong>cor-</strong></span> 
     </span>
    </p>
   </div>
   <div class='ocr_carea' id='block_1_93' title="bbox 2000 2984 3588 3061">
    <p class='ocr_par' dir='ltr' id='par_1_93' title="bbox 2000 2984 3588 3061">
     <span class='ocr_line' id='line_1_93' title="bbox 2000 2984 3588 3061; baseline -0.003 -16"><span class='ocrx_word' id='word_1_682' title='bbox 2000 2989 2146 3061; x_wconf 87' lang='lat' dir='ltr'><strong>poris</strong></span> <span class='ocrx_word' id='word_1_683' title='bbox 2175 2997 2425 3056; x_wconf 90' lang='lat' dir='ltr'><strong>mortem,</strong></span> <span class='ocrx_word' id='word_1_684' title='bbox 2467 2997 2649 3044; x_wconf 84' lang='lat' dir='ltr'><strong>contra</strong></span> <span class='ocrx_word' id='word_1_685' title='bbox 2682 3004 2841 3058; x_wconf 88' lang='lat' dir='ltr'><strong>quem</strong></span> <span class='ocrx_word' id='word_1_686' title='bbox 2886 2986 3130 3043; x_wconf 89' lang='lat' dir='ltr'><strong>Christus</strong></span> <span class='ocrx_word' id='word_1_687' title='bbox 3167 2986 3465 3057; x_wconf 85' lang='lat' dir='ltr'><strong>cupiosiore</strong></span> <span class='ocrx_word' id='word_1_688' title='bbox 3494 2984 3588 3040; x_wconf 84' lang='lat' dir='ltr'><strong>be-</strong></span> 
     </span>
    </p>
   </div>
   <div class='ocr_carea' id='block_1_94' title="bbox 2001 3078 3586 3147">
    <p class='ocr_par' dir='ltr' id='par_1_94' title="bbox 2001 3078 3586 3147">
     <span class='ocr_line' id='line_1_94' title="bbox 2001 3078 3586 3147; baseline -0.004 -9"><span class='ocrx_word' id='word_1_689' title='bbox 2001 3081 2195 3138; x_wconf 87' lang='lat' dir='ltr'><strong>neﬁcio</strong></span> <span class='ocrx_word' id='word_1_690' title='bbox 2225 3081 2388 3136; x_wconf 91' lang='lat' dir='ltr'><strong>vitam</strong></span> <span class='ocrx_word' id='word_1_691' title='bbox 2433 3079 2656 3136; x_wconf 90' lang='lat' dir='ltr'><strong>contulit</strong></span> <span class='ocrx_word' id='word_1_692' title='bbox 2698 3079 2816 3136; x_wconf 90' lang='lat' dir='ltr'><strong>sine</strong></span> <span class='ocrx_word' id='word_1_693' title='bbox 2862 3078 2968 3134; x_wconf 89' lang='lat' dir='ltr'><strong>ﬁne</strong></span> <span class='ocrx_word' id='word_1_694' title='bbox 3007 3079 3322 3143; x_wconf 87' lang='lat' dir='ltr'><strong>durantem;</strong></span> <span class='ocrx_word' id='word_1_695' title='bbox 3369 3085 3586 3147; x_wconf 83' lang='lat' dir='ltr'><strong>apparet</strong></span> 
     </span>
    </p>
   </div>
   <div class='ocr_carea' id='block_1_95' title="bbox 2003 3168 3591 3246">
    <p class='ocr_par' dir='ltr' id='par_1_95' title="bbox 2003 3168 3591 3246">
     <span class='ocr_line' id='line_1_95' title="bbox 2003 3168 3591 3246; baseline -0.006 -14"><span class='ocrx_word' id='word_1_696' title='bbox 2003 3192 2110 3232; x_wconf 90' lang='lat' dir='ltr'><strong>non</strong></span> <span class='ocrx_word' id='word_1_697' title='bbox 2138 3183 2409 3246; x_wconf 88' lang='lat' dir='ltr'><strong>peccatum</strong></span> <span class='ocrx_word' id='word_1_698' title='bbox 2435 3173 2565 3229; x_wconf 78' lang='lat' dir='ltr'><strong>Adze</strong></span> <span class='ocrx_word' id='word_1_699' title='bbox 2589 3171 2657 3229; x_wconf 91' lang='lat' dir='ltr'><strong>ad</strong></span> <span class='ocrx_word' id='word_1_700' title='bbox 2691 3181 2939 3244; x_wconf 88' lang='lat' dir='ltr'><strong>posteros</strong></span> <span class='ocrx_word' id='word_1_701' title='bbox 2978 3169 3270 3240; x_wconf 88' lang='lat' dir='ltr'><strong>transisse,</strong></span> <span class='ocrx_word' id='word_1_702' title='bbox 3311 3168 3404 3224; x_wconf 90' lang='lat' dir='ltr'><strong>sed</strong></span> <span class='ocrx_word' id='word_1_703' title='bbox 3448 3184 3591 3223; x_wconf 85' lang='lat' dir='ltr'><strong>mur—</strong></span> 
     </span>
    </p>
   </div>
   <div class='ocr_carea' id='block_1_96' title="bbox 2005 3277 3490 3330">
    <p class='ocr_par' dir='ltr' id='par_1_96' title="bbox 2005 3277 3490 3330">
     <span class='ocr_line' id='line_1_96' title="bbox 2005 3277 3490 3330; baseline -0.002 -9"><span class='ocrx_word' id='word_1_704' title='bbox 2005 3277 2111 3326; x_wconf 90' lang='lat' dir='ltr'><strong>tem</strong></span> <span class='ocrx_word' id='word_1_705' title='bbox 2119 3311 2135 3330; x_wconf 82' lang='lat'><strong>.</strong></span> <span class='ocrx_word' id='word_1_706' title='bbox 3487 3315 3490 3318; x_wconf 85' lang='lat'><strong>.</strong></span> 
     </span>
    </p>
   </div>
   <div class='ocr_carea' id='block_1_97' title="bbox 2076 3345 3590 3426">
    <p class='ocr_par' dir='ltr' id='par_1_97' title="bbox 2076 3345 3590 3426">
     <span class='ocr_line' id='line_1_97' title="bbox 2076 3345 3590 3426; baseline -0.007 -14"><span class='ocrx_word' id='word_1_707' title='bbox 2076 3360 2214 3412; x_wconf 80' lang='lat' dir='ltr'><strong>Auc.</strong></span> <span class='ocrx_word' id='word_1_708' title='bbox 2256 3355 2494 3426; x_wconf 77' lang='lat' dir='ltr'><strong>Apparet</strong></span> <span class='ocrx_word' id='word_1_709' title='bbox 2539 3361 2591 3409; x_wconf 89' lang='lat' dir='ltr'><strong>te</strong></span> <span class='ocrx_word' id='word_1_710' title='bbox 2635 3360 2918 3425; x_wconf 90' lang='lat' dir='ltr'><strong>propterea</strong></span> <span class='ocrx_word' id='word_1_711' title='bbox 2965 3349 3198 3406; x_wconf 91' lang='lat' dir='ltr'><strong>irrisisse</strong></span> <span class='ocrx_word' id='word_1_712' title='bbox 3253 3347 3396 3421; x_wconf 90' lang='lat' dir='ltr'><strong>quod</strong></span> <span class='ocrx_word' id='word_1_713' title='bbox 3440 3345 3590 3413; x_wconf 80' lang='lat' dir='ltr'><strong>dixi,</strong></span> 
     </span>
    </p>
   </div>
   <div class='ocr_carea' id='block_1_98' title="bbox 2005 3437 3595 3517">
    <p class='ocr_par' dir='ltr' id='par_1_98' title="bbox 2005 3437 3595 3517">
     <span class='ocr_line' id='line_1_98' title="bbox 2005 3437 3595 3517; baseline -0.006 -16"><span class='ocrx_word' id='word_1_714' title='bbox 2005 3445 2092 3501; x_wconf 88' lang='lat' dir='ltr'><strong>vel</strong></span> <span class='ocrx_word' id='word_1_715' title='bbox 2121 3444 2295 3517; x_wconf 91' lang='lat' dir='ltr'><strong>potius</strong></span> <span class='ocrx_word' id='word_1_716' title='bbox 2325 3452 2376 3499; x_wconf 88' lang='lat' dir='ltr'><strong>te</strong></span> <span class='ocrx_word' id='word_1_717' title='bbox 2405 3439 2891 3508; x_wconf 72' lang='lat' dir='ltr'><strong>irridere&#39;ﬁnxisse,</strong></span> <span class='ocrx_word' id='word_1_718' title='bbox 2920 3449 2977 3494; x_wconf 91' lang='lat' dir='ltr'><strong>ut</strong></span> <span class='ocrx_word' id='word_1_719' title='bbox 3002 3438 3086 3494; x_wconf 90' lang='lat' dir='ltr'><strong>his</strong></span> <span class='ocrx_word' id='word_1_720' title='bbox 3109 3439 3198 3509; x_wconf 90' lang='lat' dir='ltr'><strong>qui</strong></span> <span class='ocrx_word' id='word_1_721' title='bbox 3225 3447 3276 3496; x_wconf 88' lang='lat' dir='ltr'><strong>te</strong></span> <span class='ocrx_word' id='word_1_722' title='bbox 3303 3453 3406 3492; x_wconf 92' lang='lat' dir='ltr'><strong>non</strong></span> <span class='ocrx_word' id='word_1_723' title='bbox 3440 3437 3595 3492; x_wconf 62' lang='lat' dir='ltr'><strong>intel»</strong></span> 
     </span>
    </p>
   </div>
   <div class='ocr_carea' id='block_1_99' title="bbox 1995 3528 3591 3612">
    <p class='ocr_par' dir='ltr' id='par_1_99' title="bbox 1995 3528 3591 3612">
     <span class='ocr_line' id='line_1_99' title="bbox 1995 3528 3591 3612; baseline -0.006 -18"><span class='ocrx_word' id='word_1_724' title='bbox 1995 3529 2193 3612; x_wconf 79' lang='lat' dir='ltr'><strong>ligant,</strong></span> <span class='ocrx_word' id='word_1_725' title='bbox 2223 3537 2485 3593; x_wconf 80' lang='lat' dir='ltr'><strong>videreris</strong></span> <span class='ocrx_word' id='word_1_726' title='bbox 2511 3535 2689 3590; x_wconf 89' lang='lat' dir='ltr'><strong>dicere</strong></span> <span class='ocrx_word' id='word_1_727' title='bbox 2727 3533 2924 3604; x_wconf 89' lang='lat' dir='ltr'><strong>aliquid</strong></span> <span class='ocrx_word' id='word_1_728' title='bbox 2947 3575 2963 3602; x_wconf 90' lang='lat'><strong>,</strong></span> <span class='ocrx_word' id='word_1_729' title='bbox 3004 3547 3126 3588; x_wconf 89' lang='lat' dir='ltr'><strong>cum</strong></span> <span class='ocrx_word' id='word_1_730' title='bbox 3171 3531 3376 3586; x_wconf 89' lang='lat' dir='ltr'><strong>diceres</strong></span> <span class='ocrx_word' id='word_1_731' title='bbox 3420 3528 3591 3585; x_wconf 90' lang='lat' dir='ltr'><strong>nihil:</strong></span> 
     </span>
    </p>
   </div>
   <div class='ocr_carea' id='block_1_100' title="bbox 2006 3620 3597 3701">
    <p class='ocr_par' dir='ltr' id='par_1_100' title="bbox 2006 3620 3597 3701">
     <span class='ocr_line' id='line_1_100' title="bbox 2006 3620 3597 3701; baseline -0.008 -16"><span class='ocrx_word' id='word_1_732' title='bbox 2006 3625 2238 3701; x_wconf 79' lang='lat' dir='ltr'><strong>prim&#39;um</strong></span> <span class='ocrx_word' id='word_1_733' title='bbox 2264 3627 2384 3698; x_wconf 89' lang='lat' dir='ltr'><strong>quia</strong></span> <span class='ocrx_word' id='word_1_734' title='bbox 2416 3627 2494 3682; x_wconf 83' lang='lat' dir='ltr'><strong>eis</strong></span> <span class='ocrx_word' id='word_1_735' title='bbox 2523 3624 2630 3680; x_wconf 85' lang='lat' dir='ltr'><strong>dixi</strong></span> <span class='ocrx_word' id='word_1_736' title='bbox 2660 3623 2830 3679; x_wconf 85' lang='lat' dir='ltr'><strong>Adam</strong></span> <span class='ocrx_word' id='word_1_737' title='bbox 2856 3621 3137 3692; x_wconf 89' lang='lat' dir='ltr'><strong>temporali</strong></span> <span class='ocrx_word' id='word_1_738' title='bbox 3176 3629 3348 3677; x_wconf 88' lang='lat' dir='ltr'><strong>morte</strong></span> <span class='ocrx_word' id='word_1_739' title='bbox 3383 3620 3597 3676; x_wconf 83' lang='lat' dir='ltr'><strong>nocuis-</strong></span> 
     </span>
    </p>
   </div>
   <div class='ocr_carea' id='block_1_101' title="bbox 2008 3711 3596 3792">
    <p class='ocr_par' dir='ltr' id='par_1_101' title="bbox 2008 3711 3596 3792">
     <span class='ocr_line' id='line_1_101' title="bbox 2008 3711 3596 3792; baseline -0.009 -14"><span class='ocrx_word' id='word_1_740' title='bbox 2008 3738 2098 3788; x_wconf 89' lang='lat' dir='ltr'><strong>se,</strong></span> <span class='ocrx_word' id='word_1_741' title='bbox 2139 3735 2274 3792; x_wconf 90' lang='lat' dir='ltr'><strong>quos</strong></span> <span class='ocrx_word' id='word_1_742' title='bbox 2310 3718 2509 3774; x_wconf 89' lang='lat' dir='ltr'><strong>Christi</strong></span> <span class='ocrx_word' id='word_1_743' title='bbox 2553 3717 2746 3771; x_wconf 88' lang='lat' dir='ltr'><strong>liberat</strong></span> <span class='ocrx_word' id='word_1_744' title='bbox 2791 3715 2995 3786; x_wconf 81' lang='lat' dir='ltr'><strong>gratia;</strong></span> <span class='ocrx_word' id='word_1_745' title='bbox 3039 3728 3185 3784; x_wconf 80' lang='lat' dir='ltr'><strong>quos,</strong></span> <span class='ocrx_word' id='word_1_746' title='bbox 3215 3713 3357 3770; x_wconf 89' lang='lat' dir='ltr'><strong>enim</strong></span> <span class='ocrx_word' id='word_1_747' title='bbox 3403 3711 3596 3772; x_wconf 89' lang='lat' dir='ltr'><strong>occulti</strong></span> 
     </span>
    </p>
   </div>
   <div class='ocr_carea' id='block_1_102' title="bbox 2009 3803 3596 3886">
    <p class='ocr_par' dir='ltr' id='par_1_102' title="bbox 2009 3803 3596 3886">
     <span class='ocr_line' id='line_1_102' title="bbox 2009 3803 3596 3886; baseline -0.005 -20"><span class='ocrx_word' id='word_1_748' title='bbox 2009 3813 2245 3886; x_wconf 88' lang='lat' dir='ltr'><strong>quidem,</strong></span> <span class='ocrx_word' id='word_1_749' title='bbox 2277 3811 2372 3866; x_wconf 90' lang='lat' dir='ltr'><strong>sed</strong></span> <span class='ocrx_word' id='word_1_750' title='bbox 2395 3807 2580 3882; x_wconf 88' lang='lat' dir='ltr'><strong>judicii</strong></span> <span class='ocrx_word' id='word_1_751' title='bbox 2602 3809 2732 3879; x_wconf 85' lang='lat' dir='ltr'><strong>justi</strong></span> <span class='ocrx_word' id='word_1_752' title='bbox 2760 3808 2986 3863; x_wconf 87' lang='lat' dir='ltr'><strong>veritate</strong></span> <span class='ocrx_word' id='word_1_753' title='bbox 3011 3822 3117 3862; x_wconf 90' lang='lat' dir='ltr'><strong>non</strong></span> <span class='ocrx_word' id='word_1_754' title='bbox 3148 3806 3358 3872; x_wconf 88' lang='lat' dir='ltr'><strong>liberat,</strong></span> <span class='ocrx_word' id='word_1_755' title='bbox 3388 3803 3596 3858; x_wconf 88' lang='lat' dir='ltr'><strong>etiamsi</strong></span> 
     </span>
    </p>
   </div>
   <div class='ocr_carea' id='block_1_103' title="bbox 2012 3886 3601 3978">
    <p class='ocr_par' dir='ltr' id='par_1_103' title="bbox 2012 3886 3601 3978">
     <span class='ocr_line' id='line_1_103' title="bbox 2012 3886 3601 3978; baseline -0.008 -17"><span class='ocrx_word' id='word_1_756' title='bbox 2012 3905 2214 3978; x_wconf 89' lang='lat' dir='ltr'><strong>parvuli</strong></span> <span class='ocrx_word' id='word_1_757' title='bbox 2254 3902 2570 3968; x_wconf 88' lang='lat' dir='ltr'><strong>moriantur,</strong></span> <span class='ocrx_word' id='word_1_758' title='bbox 2593 3910 2791 3955; x_wconf 70' lang='lat' dir='ltr'><strong>mterna</strong></span> <span class='ocrx_word' id='word_1_759' title='bbox 2813 3907 2984 3954; x_wconf 90' lang='lat' dir='ltr'><strong>morte</strong></span> <span class='ocrx_word' id='word_1_760' title='bbox 3016 3886 3601 3967; x_wconf 43' lang='lat' dir='ltr'><strong>plectunturIthmo-</strong></span> 
     </span>
    </p>
   </div>
   <div class='ocr_carea' id='block_1_104' title="bbox 2012 3986 3601 4066">
    <p class='ocr_par' dir='ltr' id='par_1_104' title="bbox 2012 3986 3601 4066">
     <span class='ocr_line' id='line_1_104' title="bbox 2012 3986 3601 4066; baseline -0.009 -12"><span class='ocrx_word' id='word_1_761' title='bbox 2012 3997 2082 4054; x_wconf 91' lang='lat' dir='ltr'><strong>do</strong></span> <span class='ocrx_word' id='word_1_762' title='bbox 2107 4011 2235 4066; x_wconf 79' lang='lat' dir='ltr'><strong>ergo</strong></span> <span class='ocrx_word' id='word_1_763' title='bbox 2261 3994 2383 4049; x_wconf 90' lang='lat' dir='ltr'><strong>hinc</strong></span> <span class='ocrx_word' id='word_1_764' title='bbox 2407 4001 2644 4064; x_wconf 88' lang='lat' dir='ltr'><strong>apparet,</strong></span> <span class='ocrx_word' id='word_1_765' title='bbox 2678 4006 2784 4045; x_wconf 91' lang='lat' dir='ltr'><strong>non</strong></span> <span class='ocrx_word' id='word_1_766' title='bbox 2815 4005 2973 4059; x_wconf 87' lang='lat' dir='ltr'><strong>pecca</strong></span> <span class='ocrx_word' id='word_1_767' title='bbox 2984 3998 3092 4044; x_wconf 93' lang='lat' dir='ltr'><strong>tum</strong></span> <span class='ocrx_word' id='word_1_768' title='bbox 3115 3988 3245 4043; x_wconf 77' lang='lat' dir='ltr'><strong>Ada:</strong></span> <span class='ocrx_word' id='word_1_769' title='bbox 3266 3986 3332 4042; x_wconf 89' lang='lat' dir='ltr'><strong>ad</strong></span> <span class='ocrx_word' id='word_1_770' title='bbox 3356 3997 3601 4060; x_wconf 88' lang='lat' dir='ltr'><strong>posteros</strong></span> 
     </span>
    </p>
   </div>
   <div class='ocr_carea' id='block_1_105' title="bbox 2015 4075 3601 4153">
    <p class='ocr_par' dir='ltr' id='par_1_105' title="bbox 2015 4075 3601 4153">
     <span class='ocr_line' id='line_1_105' title="bbox 2015 4075 3601 4153; baseline -0.008 -11"><span class='ocrx_word' id='word_1_771' title='bbox 2015 4087 2288 4150; x_wconf 89' lang='lat' dir='ltr'><strong>transisse,</strong></span> <span class='ocrx_word' id='word_1_772' title='bbox 2319 4083 2414 4138; x_wconf 91' lang='lat' dir='ltr'><strong>sed</strong></span> <span class='ocrx_word' id='word_1_773' title='bbox 2443 4092 2699 4148; x_wconf 90' lang='lat' dir='ltr'><strong>mortem;</strong></span> <span class='ocrx_word' id='word_1_774' title='bbox 2727 4081 2828 4135; x_wconf 92' lang='lat' dir='ltr'><strong>nisi</strong></span> <span class='ocrx_word' id='word_1_775' title='bbox 2855 4081 2976 4153; x_wconf 86' lang='lat' dir='ltr'><strong>quia</strong></span> <span class='ocrx_word' id='word_1_776' title='bbox 3005 4079 3107 4135; x_wconf 91' lang='lat' dir='ltr'><strong>hoc</strong></span> <span class='ocrx_word' id='word_1_777' title='bbox 3132 4080 3211 4134; x_wconf 80' lang='lat' dir='ltr'><strong>vis</strong></span> <span class='ocrx_word' id='word_1_778' title='bbox 3238 4079 3434 4150; x_wconf 89' lang='lat' dir='ltr'><strong>putari,</strong></span> <span class='ocrx_word' id='word_1_779' title='bbox 3459 4075 3601 4147; x_wconf 89' lang='lat' dir='ltr'><strong>quod</strong></span> 
     </span>
    </p>
   </div>
   <div class='ocr_carea' id='block_1_106' title="bbox 2016 4155 3605 4248">
    <p class='ocr_par' dir='ltr' id='par_1_106' title="bbox 2016 4155 3605 4248">
     <span class='ocr_line' id='line_1_106' title="bbox 2016 4155 3605 4248; baseline -0.008 -15"><span class='ocrx_word' id='word_1_780' title='bbox 2016 4185 2359 4248; x_wconf 88' lang='lat' dir='ltr'><strong>perstrepunt</strong></span> <span class='ocrx_word' id='word_1_781' title='bbox 2381 4173 2542 4229; x_wconf 89' lang='lat' dir='ltr'><strong>verba</strong></span> <span class='ocrx_word' id='word_1_782' title='bbox 2561 4155 2672 4238; x_wconf 67' lang='lat' dir='ltr'><strong>ina,</strong></span> <span class='ocrx_word' id='word_1_783' title='bbox 2701 4188 2808 4226; x_wconf 89' lang='lat' dir='ltr'><strong>non</strong></span> <span class='ocrx_word' id='word_1_784' title='bbox 2833 4171 2977 4242; x_wconf 89' lang='lat' dir='ltr'><strong>quod</strong></span> <span class='ocrx_word' id='word_1_785' title='bbox 3004 4171 3246 4242; x_wconf 88' lang='lat' dir='ltr'><strong>sequitur</strong></span> <span class='ocrx_word' id='word_1_786' title='bbox 3266 4169 3424 4224; x_wconf 86' lang='lat' dir='ltr'><strong>verba</strong></span> <span class='ocrx_word' id='word_1_787' title='bbox 3453 4167 3605 4222; x_wconf 75' lang='lat' dir='ltr'><strong>mea?</strong></span> 
     </span>
    </p>
   </div>
   <div class='ocr_carea' id='block_1_107' title="bbox 2018 4259 3604 4336">
    <p class='ocr_par' dir='ltr' id='par_1_107' title="bbox 2018 4259 3604 4336">
     <span class='ocr_line' id='line_1_107' title="bbox 2018 4259 3604 4336; baseline -0.009 -10"><span class='ocrx_word' id='word_1_788' title='bbox 2018 4273 2124 4328; x_wconf 87' lang='lat' dir='ltr'><strong>Nos</strong></span> <span class='ocrx_word' id='word_1_789' title='bbox 2162 4271 2303 4325; x_wconf 90' lang='lat' dir='ltr'><strong>enim</strong></span> <span class='ocrx_word' id='word_1_790' title='bbox 2337 4268 2565 4323; x_wconf 89' lang='lat' dir='ltr'><strong>dicimus</strong></span> <span class='ocrx_word' id='word_1_791' title='bbox 2608 4275 2894 4336; x_wconf 90' lang='lat' dir='ltr'><strong>utrumque</strong></span> <span class='ocrx_word' id='word_1_792' title='bbox 2935 4265 3210 4331; x_wconf 86' lang='lat' dir='ltr'><strong>transisse,</strong></span> <span class='ocrx_word' id='word_1_793' title='bbox 3242 4271 3296 4317; x_wconf 89' lang='lat' dir='ltr'><strong>et</strong></span> <span class='ocrx_word' id='word_1_794' title='bbox 3323 4277 3352 4315; x_wconf 90' lang='lat' dir='ltr'><strong>a</strong></span> <span class='ocrx_word' id='word_1_795' title='bbox 3391 4259 3604 4316; x_wconf 90' lang='lat' dir='ltr'><strong>Christo</strong></span> 
     </span>
    </p>
   </div>
   <div class='ocr_carea' id='block_1_108' title="bbox 2020 4350 3605 4433">
    <p class='ocr_par' dir='ltr' id='par_1_108' title="bbox 2020 4350 3605 4433">
     <span class='ocr_line' id='line_1_108' title="bbox 2020 4350 3605 4433; baseline -0.009 -16"><span class='ocrx_word' id='word_1_796' title='bbox 2020 4372 2308 4433; x_wconf 89' lang='lat' dir='ltr'><strong>utrumque</strong></span> <span class='ocrx_word' id='word_1_797' title='bbox 2353 4359 2643 4414; x_wconf 87' lang='lat' dir='ltr'><strong>clamamus</strong></span> <span class='ocrx_word' id='word_1_798' title='bbox 2673 4355 2890 4422; x_wconf 81' lang='lat' dir='ltr'><strong>auferri,</strong></span> <span class='ocrx_word' id='word_1_799' title='bbox 2932 4363 3138 4408; x_wconf 89' lang='lat' dir='ltr'><strong>reatum</strong></span> <span class='ocrx_word' id='word_1_800' title='bbox 3170 4352 3373 4408; x_wconf 89' lang='lat' dir='ltr'><strong>scilicet</strong></span> <span class='ocrx_word' id='word_1_801' title='bbox 3404 4350 3605 4420; x_wconf 87' lang='lat' dir='ltr'><strong>peccati</strong></span> 
     </span>
    </p>
   </div>
   <div class='ocr_carea' id='block_1_109' title="bbox 2021 4443 3604 4530">
    <p class='ocr_par' dir='ltr' id='par_1_109' title="bbox 2021 4443 3604 4530">
     <span class='ocr_line' id='line_1_109' title="bbox 2021 4443 3604 4530; baseline -0.009 -22"><span class='ocrx_word' id='word_1_802' title='bbox 2021 4453 2325 4530; x_wconf 88' lang='lat' dir='ltr'><strong>plenissima</strong></span> <span class='ocrx_word' id='word_1_803' title='bbox 2354 4449 2668 4506; x_wconf 71' lang='lat' dir='ltr'><strong>remissione</strong></span> <span class='ocrx_word' id='word_1_804' title='bbox 2691 4459 3055 4518; x_wconf 90' lang='lat' dir='ltr'><strong>peccatorum,</strong></span> <span class='ocrx_word' id='word_1_805' title='bbox 3083 4453 3308 4500; x_wconf 89' lang='lat' dir='ltr'><strong>mortem</strong></span> <span class='ocrx_word' id='word_1_806' title='bbox 3334 4458 3459 4497; x_wconf 88' lang='lat' dir='ltr'><strong>vero</strong></span> <span class='ocrx_word' id='word_1_807' title='bbox 3485 4443 3604 4496; x_wconf 82' lang='lat' dir='ltr'><strong>bea-</strong></span> 
     </span>
    </p>
   </div>
   <div class='ocr_carea' id='block_1_110' title="bbox 2025 4540 3605 4607">
    <p class='ocr_par' dir='ltr' id='par_1_110' title="bbox 2025 4540 3605 4607">
     <span class='ocr_line' id='line_1_110' title="bbox 2025 4540 3605 4607; baseline -0.011 -5"><span class='ocrx_word' id='word_1_808' title='bbox 2025 4546 2225 4602; x_wconf 89' lang='lat' dir='ltr'><strong>tissima</strong></span> <span class='ocrx_word' id='word_1_809' title='bbox 2251 4540 2643 4600; x_wconf 86' lang='lat' dir='ltr'><strong>resurrectione</strong></span> <span class='ocrx_word' id='word_1_810' title='bbox 2670 4548 3006 4603; x_wconf 88' lang='lat' dir='ltr'><strong>sanctorum;</strong></span> <span class='ocrx_word' id='word_1_811' title='bbox 3035 4552 3154 4607; x_wconf 73' lang='lat' dir='ltr'><strong>qua:</strong></span> <span class='ocrx_word' id='word_1_812' title='bbox 3191 4543 3469 4606; x_wconf 88' lang='lat' dir='ltr'><strong>propterea</strong></span> <span class='ocrx_word' id='word_1_813' title='bbox 3501 4548 3605 4586; x_wconf 91' lang='lat' dir='ltr'><strong>non</strong></span> 
     </span>
    </p>
   </div>
   <div class='ocr_carea' id='block_1_111' title="bbox 2024 4624 3604 4707">
    <p class='ocr_par' dir='ltr' id='par_1_111' title="bbox 2024 4624 3604 4707">
     <span class='ocr_line' id='line_1_111' title="bbox 2024 4624 3604 4707; baseline -0.011 -14"><span class='ocrx_word' id='word_1_814' title='bbox 2024 4638 2206 4692; x_wconf 76' lang='lat' dir='ltr'><strong>Statim</strong></span> <span class='ocrx_word' id='word_1_815' title='bbox 2235 4633 2562 4707; x_wconf 78' lang='lat' dir='ltr'><strong>rcgenemtis</strong></span> <span class='ocrx_word' id='word_1_816' title='bbox 2587 4631 2776 4694; x_wconf 83' lang='lat' dir='ltr'><strong>datur,</strong></span> <span class='ocrx_word' id='word_1_817' title='bbox 2818 4640 2876 4684; x_wconf 90' lang='lat' dir='ltr'><strong>ut</strong></span> <span class='ocrx_word' id='word_1_818' title='bbox 2913 4636 3226 4684; x_wconf 80' lang='lat' dir='ltr'><strong>exerceatur</strong></span> <span class='ocrx_word' id='word_1_819' title='bbox 3265 4625 3432 4693; x_wconf 82' lang='lat' dir='ltr'><strong>ﬁdes,</strong></span> <span class='ocrx_word' id='word_1_820' title='bbox 3469 4624 3604 4694; x_wconf 83' lang='lat' dir='ltr'><strong>qua&#39;</strong></span> 
     </span>
    </p>
   </div>
   <div class='ocr_carea' id='block_1_112' title="bbox 2025 4718 3613 4801">
    <p class='ocr_par' dir='ltr' id='par_1_112' title="bbox 2025 4718 3613 4801">
     <span class='ocr_line' id='line_1_112' title="bbox 2025 4718 3613 4801; baseline -0.011 -15"><span class='ocrx_word' id='word_1_821' title='bbox 2025 4731 2074 4786; x_wconf 90' lang='lat' dir='ltr'><strong>id</strong></span> <span class='ocrx_word' id='word_1_822' title='bbox 2107 4728 2247 4801; x_wconf 90' lang='lat' dir='ltr'><strong>quod</strong></span> <span class='ocrx_word' id='word_1_823' title='bbox 2295 4741 2398 4781; x_wconf 90' lang='lat' dir='ltr'><strong>non</strong></span> <span class='ocrx_word' id='word_1_824' title='bbox 2441 4725 2648 4779; x_wconf 84' lang='lat' dir='ltr'><strong>videtur</strong></span> <span class='ocrx_word' id='word_1_825' title='bbox 2695 4733 2938 4794; x_wconf 89' lang='lat' dir='ltr'><strong>speratur</strong></span> <span class='ocrx_word' id='word_1_826' title='bbox 2974 4739 2986 4776; x_wconf 88' lang='lat'><strong>:</strong></span> <span class='ocrx_word' id='word_1_827' title='bbox 3027 4722 3127 4775; x_wconf 92' lang='lat' dir='ltr'><strong>hoc</strong></span> <span class='ocrx_word' id='word_1_828' title='bbox 3172 4719 3314 4774; x_wconf 89' lang='lat' dir='ltr'><strong>enim</strong></span> <span class='ocrx_word' id='word_1_829' title='bbox 3360 4729 3414 4772; x_wconf 90' lang='lat' dir='ltr'><strong>et</strong></span> <span class='ocrx_word' id='word_1_830' title='bbox 3459 4718 3509 4771; x_wconf 90' lang='lat' dir='ltr'><strong>in</strong></span> <span class='ocrx_word' id='word_1_831' title='bbox 3554 4730 3613 4770; x_wconf 85' lang='lat' dir='ltr'><strong>se</strong></span> 
     </span>
    </p>
   </div>
   <div class='ocr_carea' id='block_1_113' title="bbox 2027 4810 3614 4894">
    <p class='ocr_par' dir='ltr' id='par_1_113' title="bbox 2027 4810 3614 4894">
     <span class='ocr_line' id='line_1_113' title="bbox 2027 4810 3614 4894; baseline -0.009 -17"><span class='ocrx_word' id='word_1_832' title='bbox 2027 4824 2156 4894; x_wconf 85' lang='lat' dir='ltr'><strong>ipsis</strong></span> <span class='ocrx_word' id='word_1_833' title='bbox 2185 4830 2234 4876; x_wconf 91' lang='lat' dir='ltr'><strong>et</strong></span> <span class='ocrx_word' id='word_1_834' title='bbox 2268 4819 2319 4874; x_wconf 91' lang='lat' dir='ltr'><strong>iu</strong></span> <span class='ocrx_word' id='word_1_835' title='bbox 2349 4817 2584 4888; x_wconf 88' lang='lat' dir='ltr'><strong>parvulis</strong></span> <span class='ocrx_word' id='word_1_836' title='bbox 2612 4816 2722 4870; x_wconf 90' lang='lat' dir='ltr'><strong>suis</strong></span> <span class='ocrx_word' id='word_1_837' title='bbox 2748 4831 2869 4870; x_wconf 90' lang='lat' dir='ltr'><strong>cum</strong></span> <span class='ocrx_word' id='word_1_838' title='bbox 2909 4820 3126 4884; x_wconf 89' lang='lat' dir='ltr'><strong>sperant</strong></span> <span class='ocrx_word' id='word_1_839' title='bbox 3169 4811 3384 4874; x_wconf 88' lang='lat' dir='ltr'><strong>ﬁdeles,</strong></span> <span class='ocrx_word' id='word_1_840' title='bbox 3430 4810 3614 4879; x_wconf 84' lang='lat' dir='ltr'><strong>utique</strong></span> 
     </span>
    </p>
   </div>
   <div class='ocr_carea' id='block_1_114' title="bbox 2027 4899 3614 4979">
    <p class='ocr_par' dir='ltr' id='par_1_114' title="bbox 2027 4899 3614 4979">
     <span class='ocr_line' id='line_1_114' title="bbox 2027 4899 3614 4979; baseline -0.011 -11"><span class='ocrx_word' id='word_1_841' title='bbox 2027 4922 2149 4969; x_wconf 90' lang='lat' dir='ltr'><strong>sunt</strong></span> <span class='ocrx_word' id='word_1_842' title='bbox 2177 4910 2380 4965; x_wconf 90' lang='lat' dir='ltr'><strong>ﬁdeles.</strong></span> <span class='ocrx_word' id='word_1_843' title='bbox 2413 4909 2550 4962; x_wconf 85' lang='lat' dir='ltr'><strong>Ecce</strong></span> <span class='ocrx_word' id='word_1_844' title='bbox 2579 4905 2720 4979; x_wconf 87' lang='lat' dir='ltr'><strong>quod</strong></span> <span class='ocrx_word' id='word_1_845' title='bbox 2746 4905 3001 4967; x_wconf 82' lang='lat' dir='ltr'><strong>dicimus,</strong></span> <span class='ocrx_word' id='word_1_846' title='bbox 3045 4918 3171 4958; x_wconf 89' lang='lat' dir='ltr'><strong>ecce</strong></span> <span class='ocrx_word' id='word_1_847' title='bbox 3213 4903 3300 4957; x_wconf 91' lang='lat' dir='ltr'><strong>cui</strong></span> <span class='ocrx_word' id='word_1_848' title='bbox 3339 4899 3614 4955; x_wconf 75' lang='lat' dir='ltr'><strong>catholica:</strong></span> 
     </span>
    </p>
   </div>
   <div class='ocr_carea' id='block_1_115' title="bbox 2029 4996 3615 5067">
    <p class='ocr_par' dir='ltr' id='par_1_115' title="bbox 2029 4996 3615 5067">
     <span class='ocr_line' id='line_1_115' title="bbox 2029 4996 3615 5067; baseline -0.009 -8"><span class='ocrx_word' id='word_1_849' title='bbox 2029 5003 2240 5060; x_wconf 87' lang='lat' dir='ltr'><strong>veritati</strong></span> <span class='ocrx_word' id='word_1_850' title='bbox 2271 4999 2638 5056; x_wconf 83' lang='lat' dir='ltr'><strong>contradicitis</strong></span> <span class='ocrx_word' id='word_1_851' title='bbox 2672 5016 2684 5050; x_wconf 92' lang='lat'>:</span> <span class='ocrx_word' id='word_1_852' title='bbox 2727 4997 2821 5052; x_wconf 89' lang='lat' dir='ltr'><strong>sed</strong></span> <span class='ocrx_word' id='word_1_853' title='bbox 2861 4996 3028 5067; x_wconf 80' lang='lat' dir='ltr'><strong>magis</strong></span> <span class='ocrx_word' id='word_1_854' title='bbox 3073 5005 3257 5048; x_wconf 89' lang='lat' dir='ltr'><strong>contra</strong></span> <span class='ocrx_word' id='word_1_855' title='bbox 3297 5005 3414 5060; x_wconf 89' lang='lat' dir='ltr'><strong>vos,</strong></span> <span class='ocrx_word' id='word_1_856' title='bbox 3455 5004 3615 5060; x_wconf 89' lang='lat' dir='ltr'><strong>quam</strong></span> 
     </span>
    </p>
   </div>
   <div class='ocr_carea' id='block_1_116' title="bbox 2029 5081 3619 5163">
    <p class='ocr_par' dir='ltr' id='par_1_116' title="bbox 2029 5081 3619 5163">
     <span class='ocr_line' id='line_1_116' title="bbox 2029 5081 3619 5163; baseline -0.013 -9"><span class='ocrx_word' id='word_1_857' title='bbox 2029 5107 2212 5154; x_wconf 89' lang='lat' dir='ltr'><strong>contra</strong></span> <span class='ocrx_word' id='word_1_858' title='bbox 2242 5095 2386 5150; x_wconf 89' lang='lat' dir='ltr'><strong>illam</strong></span> <span class='ocrx_word' id='word_1_859' title='bbox 2417 5093 2616 5157; x_wconf 87' lang='lat' dir='ltr'><strong>dicitis,</strong></span> <span class='ocrx_word' id='word_1_860' title='bbox 2655 5088 2906 5163; x_wconf 90' lang='lat' dir='ltr'><strong>quidquid</strong></span> <span class='ocrx_word' id='word_1_861' title='bbox 2945 5087 3213 5144; x_wconf 73' lang='lat' dir='ltr'><strong>hmreticis</strong></span> <span class='ocrx_word' id='word_1_862' title='bbox 3246 5081 3619 5154; x_wconf 83' lang='lat' dir='ltr'><strong>disputationi-</strong></span> 
     </span>
    </p>
   </div>
   <div class='ocr_carea' id='block_1_117' title="bbox 2032 5186 2348 5244">
    <p class='ocr_par' dir='ltr' id='par_1_117' title="bbox 2032 5186 2348 5244">
     <span class='ocr_line' id='line_1_117' title="bbox 2032 5186 2348 5244; baseline -0.016 -1"><span class='ocrx_word' id='word_1_863' title='bbox 2032 5190 2130 5244; x_wconf 86' lang='lat' dir='ltr'><strong>bus</strong></span> <span class='ocrx_word' id='word_1_864' title='bbox 2155 5186 2348 5243; x_wconf 83' lang='lat' dir='ltr'><strong>dicitis.</strong></span> 
     </span>
    </p>
   </div>
   <div class='ocr_carea' id='block_1_118' title="bbox 2103 5265 3617 5344">
    <p class='ocr_par' dir='ltr' id='par_1_118' title="bbox 2103 5265 3617 5344">
     <span class='ocr_line' id='line_1_118' title="bbox 2103 5265 3617 5344; baseline -0.015 -4"><span class='ocrx_word' id='word_1_865' title='bbox 2103 5279 2290 5344; x_wconf 72' lang='lat' dir='ltr'><strong>XCIX.</strong></span> <span class='ocrx_word' id='word_1_866' title='bbox 2329 5279 2450 5335; x_wconf 64' lang='lat' dir='ltr'><strong>Jun.</strong></span> <span class='ocrx_word' id='word_1_867' title='bbox 2511 5273 2792 5334; x_wconf 83' lang='lat' dir='ltr'><strong>Constabit</strong></span> <span class='ocrx_word' id='word_1_868' title='bbox 2835 5280 3014 5328; x_wconf 83' lang='lat' dir='ltr'><strong>autem</strong></span> <span class='ocrx_word' id='word_1_869' title='bbox 3059 5265 3617 5340; x_wconf 80' lang='lat' dir='ltr'><strong>consequentissime,</strong></span> 
     </span>
    </p>
   </div>
   <div class='ocr_carea' id='block_1_119' title="bbox 2034 5355 3620 5443">
    <p class='ocr_par' dir='ltr' id='par_1_119' title="bbox 2034 5355 3620 5443">
     <span class='ocr_line' id='line_1_119' title="bbox 2034 5355 3620 5443; baseline -0.013 -14"><span class='ocrx_word' id='word_1_870' title='bbox 2034 5383 2260 5430; x_wconf 89' lang='lat' dir='ltr'><strong>mortem</strong></span> <span class='ocrx_word' id='word_1_871' title='bbox 2294 5379 2628 5443; x_wconf 86' lang='lat' dir='ltr'><strong>perpetuam,</strong></span> <span class='ocrx_word' id='word_1_872' title='bbox 2657 5366 2708 5421; x_wconf 92' lang='lat' dir='ltr'><strong>id</strong></span> <span class='ocrx_word' id='word_1_873' title='bbox 2747 5376 2829 5421; x_wconf 89' lang='lat' dir='ltr'><strong>est</strong></span> <span class='ocrx_word' id='word_1_874' title='bbox 2860 5380 3071 5436; x_wconf 66' lang='lat' dir='ltr'><strong>pinnam</strong></span> <span class='ocrx_word' id='word_1_875' title='bbox 3109 5364 3526 5434; x_wconf 75' lang='lat' dir='ltr'><strong>sempiternam,</strong></span> <span class='ocrx_word' id='word_1_876' title='bbox 3554 5355 3620 5409; x_wconf 88' lang='lat' dir='ltr'><strong>ad</strong></span> 
     </span>
    </p>
   </div>
   <div class='ocr_carea' id='block_1_120' title="bbox 2036 5455 3628 5527">
    <p class='ocr_par' dir='ltr' id='par_1_120' title="bbox 2036 5455 3628 5527">
     <span class='ocr_line' id='line_1_120' title="bbox 2036 5455 3628 5527; baseline -0.008 -6"><span class='ocrx_word' id='word_1_877' title='bbox 2036 5481 2134 5521; x_wconf 89' lang='lat' dir='ltr'><strong>nos</strong></span> <span class='ocrx_word' id='word_1_878' title='bbox 2160 5479 2264 5519; x_wconf 91' lang='lat' dir='ltr'><strong>non</strong></span> <span class='ocrx_word' id='word_1_879' title='bbox 2292 5462 2454 5517; x_wconf 81' lang='lat' dir='ltr'><strong>fuisse</strong></span> <span class='ocrx_word' id='word_1_880' title='bbox 2475 5460 2863 5524; x_wconf 80' lang='lat' dir='ltr'><strong>transmissum,</strong></span> <span class='ocrx_word' id='word_1_881' title='bbox 2888 5472 2951 5511; x_wconf 90' lang='lat' dir='ltr'><strong>ac</strong></span> <span class='ocrx_word' id='word_1_882' title='bbox 2977 5471 3072 5527; x_wconf 89' lang='lat' dir='ltr'><strong>per</strong></span> <span class='ocrx_word' id='word_1_883' title='bbox 3092 5455 3194 5511; x_wconf 89' lang='lat' dir='ltr'><strong>hoc</strong></span> <span class='ocrx_word' id='word_1_884' title='bbox 3221 5462 3494 5525; x_wconf 85' lang='lat' dir='ltr'><strong>peccatum</strong></span> <span class='ocrx_word' id='word_1_885' title='bbox 3522 5459 3628 5508; x_wconf 76' lang='lat' dir='ltr'><strong>tra-</strong></span> 
     </span>
    </p>
   </div>
   <div class='ocr_carea' id='block_1_121' title="bbox 2107 5660 3124 5725">
    <p class='ocr_par' dir='ltr' id='par_1_121' title="bbox 2107 5660 3124 5725">
     <span class='ocr_line' id='line_1_121' title="bbox 2107 5660 3124 5725; baseline -0.011 -10"><span class='ocrx_word' id='word_1_886' title='bbox 2107 5667 2123 5698; x_wconf 77' lang='grc' dir='ltr'>ι</span> <span class='ocrx_word' id='word_1_887' title='bbox 2159 5665 2296 5723; x_wconf 72' lang='grc' dir='ltr'>ωιιὶ,</span> <span class='ocrx_word' id='word_1_888' title='bbox 2319 5665 2446 5725; x_wconf 67' lang='lat' dir='ltr'><strong>qum.</strong></span> <span class='ocrx_word' id='word_1_889' title='bbox 2476 5671 2579 5713; x_wconf 74' lang='lat' dir='ltr'><strong>Mss.</strong></span> <span class='ocrx_word' id='word_1_890' title='bbox 2604 5660 2735 5710; x_wconf 85' lang='lat' dir='ltr'><strong>Colb.</strong></span> <span class='ocrx_word' id='word_1_891' title='bbox 2765 5667 2816 5711; x_wconf 87' lang='lat' dir='ltr'><strong>et</strong></span> <span class='ocrx_word' id='word_1_892' title='bbox 2838 5665 2986 5719; x_wconf 84' lang='lat' dir='ltr'><strong>Port.,</strong></span> <span class='ocrx_word' id='word_1_893' title='bbox 3011 5668 3124 5717; x_wconf 74' lang='lat' dir='ltr'><strong>qua.</strong></span> 
     </span>
    </p>
   </div>
  </div>
