3962 6180
356 247 498 306 1183

354 363 412 418 in
438 374 610 416 omnes
631 357 854 411 homines
879 355 946 407 ad
964 349 1381 422 justiﬁsatlonem
1401 345 1515 400 rita
1533 363 1551 397 ι
1587 343 1761 414 (Rom.
1779 351 1814 393 v
1831 381 1846 406 ,
1881 339 1948 395 18

357 463 409 507 et
428 451 544 522 l9).
563 450 688 506 Post
709 462 826 518 qua!
844 442 1080 514 Apostoli
1102 440 1282 504 verba,
1312 437 1461 510 quasi
1485 433 1679 506 aliquid
1705 432 1948 488 cunl'cce-

366 544 462 607 ris.
484 538 788 598 insultando
807 536 874 591 de
895 534 1048 589 nobis
1065 532 1297 602 loqueris
1317 548 1330 584 :
1357 549 1376 581 ι
1397 529 1584 584 Adhuc
1603 533 1952 598 permaneant

367 637 422 691 in
444 634 678 689 vanitate
700 628 894 683 mentis
919 640 1052 691 suae,
1079 633 1134 680 et
1153 623 1332 678 dicant
1355 635 1520 676 unum
1547 619 1814 674 hominem
1844 629 1948 670 non

363 723 711 796 prepagincm
783 717 1054 788 traiecisse
1078 756 1094 781 ,
1141 713 1240 770 sed
1287 712 1586 782 exemplum
1659 701 1952 781 praebuisse

367 815 592 888 peccati.
646 810 926 878 Quomodo
947 823 1083 879 ergo
1119 822 1208 874 per
1235 805 1384 859 unius
1425 801 1662 856 delictum
1687 801 1740 853 in
1779 813 1949 852 omnes

369 909 595 964 homines
618 905 686 960 ad
715 901 1200 965 condemnationem,
1223 904 1280 952 et
1307 911 1414 951 non
1452 894 1628 965 potius
1655 906 1752 961 per
1787 888 1951 944 multa

367 1013 464 1054 sua
489 997 746 1067 cujusque
775 993 970 1049 delicta
996 1008 1011 1046 :
1035 991 1134 1045 nisi
1163 988 1283 1060 quia
1303 984 1513 1042 etiamsi
1540 982 1669 1038 illud
1697 994 1863 1037 unum
1883 979 1956 1034 sit

368 1096 600 1153 tantum,
626 1086 876 1141 idoneum
903 1090 988 1138 est
1011 1078 1306 1152 perducere
1332 1075 1397 1131 ad
1424 1071 1922 1130 condemnationem
1938 1111 1954 1135 ,

372 1181 534 1235 etiam
565 1176 727 1232 nullis
755 1174 950 1230 additis
984 1170 1231 1234 creteris;
1268 1169 1408 1224 sicut
1444 1164 1688 1237 perducit
1711 1161 1958 1233 parvulos

368 1268 682 1331 morientes,
716 1264 808 1336 qui
834 1279 899 1319 ex
929 1261 1097 1317 Adam
1126 1266 1433 1320 nascuntur,
1458 1256 1502 1311 si
1531 1254 1586 1308 iu
1613 1251 1826 1308 Christo
1852 1265 1957 1305 non

370 1357 761 1415 renascantur?
781 1353 916 1422 Quid
942 1365 1071 1422 ergo
1095 1365 1124 1404 a
1149 1348 1305 1403 nobis
1327 1347 1521 1417 quaerit
1546 1346 1666 1411 iste,
1688 1341 1828 1415 quod
1853 1357 1959 1398 non

375 1451 491 1507 vult
523 1448 593 1504 ab
617 1447 876 1518 Apostolo
909 1443 1117 1507 audire,
1150 1455 1245 1511 per
1268 1439 1395 1510 quid
1425 1444 1696 1508 peccatum
1727 1433 1962 1490 invenia-

382 1553 471 1598 tur
494 1543 548 1595 in
575 1539 826 1610 parvulo;
858 1544 1035 1590 utrum
1068 1548 1162 1603 per
1199 1532 1528 1585 voluntatem
1549 1569 1564 1589 ,
1615 1543 1681 1582 an
1724 1541 1820 1596 per
1859 1541 1960 1580 nu-

377 1631 540 1702 ptias,
571 1645 639 1684 an
668 1644 763 1699 per
791 1625 1074 1698 parentes?
1105 1623 1276 1688 Ecce,
1314 1620 1496 1675 audiat
1531 1634 1630 1690 per
1665 1616 1790 1688 quid
1811 1659 1825 1684 ,
1865 1631 1962 1671 au-

379 1723 493 1779 diat
517 1731 572 1778 et
598 1729 790 1783 taceat,
819 1735 914 1790 per
947 1717 1072 1787 quid
1103 1722 1380 1786 peccatum
1412 1710 1711 1765 inveniatur
1740 1708 1791 1762 in
1839 1723 1964 1778 par-

379 1813 510 1869 vulo
533 1831 546 1866 :
575 1811 886 1881 Apostolus,
918 1807 1020 1862 Per
1043 1809 1193 1860 uilius
1220 1805 1476 1865 delictum,
1505 1799 1690 1870 inquit,
1715 1799 1769 1852 in
1794 1813 1966 1852 omnes

380 1901 607 1956 homines
635 1899 703 1952 ad
731 1897 1194 1952 condemnationem
1228 1913 1246 1945 ι
1272 1892 1372 1964 (οε
1401 1889 1611 1960 Nuptiis
1638 1899 1682 1942 et
1713 1887 1965 1958 Concupi-

378 1991 588 2056 scentia,
620 1989 706 2043 lib.
734 1988 790 2051 2,
820 2005 872 2041 n.
905 1987 1019 2056 46).
1057 1985 1200 2039 Nihil
1245 1992 1297 2038 te
1339 1981 1552 2052 quidem
1581 1981 1748 2050 magis
1777 1981 1966 2033 timere

380 2100 540 2155 quam
583 2081 1052 2151 interrogationem
1099 2075 1564 2147 perscrutatricem
1599 2071 1761 2125 animi
1803 2069 1875 2124 tui
1917 2079 1966 2124 et

383 2173 650 2244 dogtnatis
679 2171 923 2226 novimus
949 2187 963 2224 :
997 2169 1120 2223 inde
1145 2175 1226 2221 est
1258 2167 1458 2237 quippe
1481 2205 1496 2231 ,
1544 2163 1686 2234 quod
1725 2160 1972 2216 omnibus

384 2265 579 2336 opibus
617 2262 956 2332 negationem
999 2258 1264 2314 examinis
1309 2272 1338 2310 a
1389 2254 1572 2310 mundi
1621 2251 1972 2324 potestatibus

387 2352 745 2424 comparatis;
777 2349 1068 2420 intelligitis
1092 2350 1237 2404 enim
1263 2345 1527 2418 agendum
1555 2344 1708 2399 vobis
1737 2344 1786 2398 vi
1828 2357 1967 2408 esse,

387 2462 510 2502 eum
541 2443 846 2501 deserimini
873 2442 1096 2498 rationis
1121 2440 1336 2494 auxilio.

454 2538 592 2593 Auc.
628 2535 717 2590 Vis
739 2549 844 2589 non
868 2534 1058 2588 timere
1083 2529 1432 2602 potestatem?
1454 2529 1659 2584 Bonum
1687 2526 1772 2582 fac
1793 2525 1974 2594 (Rom.

389 2645 502 2693 xm,
531 2628 565 2682 5
584 2628 628 2698 ).
658 2625 776 2681 Νοιι
801 2632 884 2679 est
910 2632 1087 2679 autem
1127 2621 1325 2677 bonum
1351 2662 1367 2688 ,
1395 2628 1580 2674 contra
1617 2617 1971 2689 apostolicum

390 2733 606 2775 sensum
633 2729 882 2770 exserere
905 2722 958 2770 et
980 2726 1225 2768 asserere
1250 2711 1559 2766 haereticum
1581 2723 1822 2764 sensum.
1837 2705 1977 2773 Quid

391 2808 565 2864 adhuc
579 2807 775 2877 quaeris
799 2819 1044 2866 examen,
1062 2802 1204 2873 quod
1221 2801 1330 2871 jam
1354 2801 1550 2856 factum
1575 2807 1660 2855 est
1683 2795 1823 2868 apud
1847 2811 1951 2866 apo
1968 2831 1980 2837 -

391 2898 633 2954 stolicam
677 2894 907 2960 Sedem;
951 2892 1093 2963 quod
1139 2891 1371 2962 denique
1407 2889 1518 2960 jam
1565 2887 1762 2944 factum
1795 2894 1880 2942 est
1925 2885 1979 2940 in

392 2989 678 3061 episcopali
720 2987 923 3058 judicio
970 2985 1292 3049 Palmstino,
1345 2982 1436 3038 ubi
1487 2981 1764 3050 Pelagius,
1814 2977 1980 3032 vestri

393 3092 579 3138 auctor
599 3080 817 3145 erroris,
840 3078 1022 3150 procul
1044 3076 1206 3132 dubio
1226 3075 1509 3130 damnatus
1529 3080 1693 3138 esset,
1726 3070 1828 3124 nisi
1852 3069 1976 3133 ista,

395 3190 513 3246 qua:
545 3184 599 3229 tu
629 3171 891 3238 defendis,
917 3170 1163 3242 dogmata
1187 3176 1364 3224 vestra
1390 3164 1732 3220 damnasset?
1755 3163 1984 3217 Damna-

397 3275 447 3318 ta
468 3267 484 3297 ⁸
510 3279 637 3335 ergo
653 3262 875 3318 hatresis
893 3261 962 3316 ab
981 3258 1246 3330 episcopis
1273 3271 1377 3312 non
1399 3255 1578 3311 adhuc
1598 3251 1982 3318 examinanda,

398 3355 492 3412 sed
519 3353 817 3410 coercenda
845 3361 924 3407 est
955 3367 985 3406 a
1017 3349 1368 3422 potestatibus
1387 3345 1720 3402 christianis.

472 3444 604 3499 CIV.
631 3444 752 3499 Jun.
780 3441 888 3499 Sed
918 3457 1025 3496 non
1053 3449 1142 3495 tua
1167 3440 1349 3510 opinio
1377 3438 1517 3508 apud
1557 3436 1845 3507 prudentes
1871 3442 1988 3488 tan-

401 3546 512 3590 tum
545 3534 760 3600 valebit,
790 3540 848 3587 ut
873 3547 995 3587 cum
1022 3540 1077 3584 tu
1105 3520 1180 3584 sis
1205 3539 1363 3599 caput
1388 3529 1578 3583 horum
1605 3535 1659 3582 et
1683 3539 1842 3580 causa
1865 3539 1986 3578 ma-

401 3625 608 3690 lorum,
656 3623 725 3678 de
771 3620 1028 3678 conﬂictu
1070 3619 1248 3676 medio
1295 3618 1536 3689 Apostoli
1581 3627 1634 3672 te
1682 3615 1990 3686 objectione

401 3716 699 3780 subdueas;
729 3723 784 3771 et
809 3722 964 3786 putes
983 3713 1132 3768 illum
1153 3726 1252 3783 pro
1281 3719 1336 3767 te
1362 3725 1484 3766 esse
1513 3707 1815 3766 feriendum
1841 3724 1854 3758 :
1877 3720 1985 3777 quo

403 3808 737 3879 potissimum
763 3813 948 3862 contra
977 3819 1074 3859 vos
1101 3812 1431 3875 praeceptore
1456 3817 1732 3858 armamur
1758 3815 1823 3856 ac
1845 3799 1991 3869 prin-

401 3901 541 3970 cipe.
572 3897 643 3955 Ut
666 3913 795 3968 ergo
823 3895 949 3966 quid
987 3894 1080 3951 tibi
1125 3893 1408 3949 dicendum
1453 3893 1558 3957 sit,
1601 3898 1993 3960 consequenter

403 4003 696 4062 agnoscas:
721 3989 764 4043 si
801 3987 932 4043 mihi
975 3995 1031 4043 et
1079 3986 1173 4042 tibi
1219 4001 1382 4053 super
1406 3984 1512 4040 hoc
1535 3993 1678 4040 esset
1707 3983 1850 4038 nulla
1877 3981 1993 4036 dis-

404 4084 603 4150 sensio,
620 4081 760 4153 quod
778 4080 1065 4150 Apostolus
1082 4077 1311 4132 naturali
1339 4084 1556 4146 peccato
1571 4074 1988 4130 Manichzcorum

405 4173 598 4246 dogma
627 4175 883 4237 ﬁrmaret,
917 4181 1045 4224 tunc
1069 4177 1216 4224 tuum
1245 4177 1405 4234 caput
1428 4166 1655 4236 petenti,
1684 4166 1834 4221 illum
1861 4179 1992 4220 eon-

406 4275 611 4322 stanter
643 4274 943 4334 opponeres
971 4277 984 4314 :
1010 4273 1154 4314 nunc
1184 4273 1312 4313 vero
1341 4274 1465 4313 cum
1501 4257 1823 4329 inviolabilis
1852 4257 1993 4326 apud

408 4373 494 4412 me
537 4353 770 4426 Magistri
806 4351 1056 4408 Gentium
1098 4348 1328 4418 dignitas
1374 4357 1724 4417 perseveret,
1774 4347 1996 4417 ejusque

411 4448 570 4503 verba
601 4456 688 4501 tua
717 4443 837 4500 ιωᾶί
876 4440 1212 4512 expositione
1243 4453 1348 4494 non
1388 4437 1580 4509 patiar,
1610 4453 1734 4509 quae
1753 4477 1768 4501 ,
1800 4451 1994 4493 secun-

410 4539 536 4594 dum
563 4539 798 4609 regulam
825 4536 1087 4606 prolatam
1127 4532 1350 4588 rationis
1370 4573 1386 4598 ,
1415 4530 1579 4587 stulto
1599 4571 1615 4597 ,
1659 4530 1874 4600 impuro
1894 4568 1910 4594 ,
1941 4537 1998 4584 et

413 4630 577 4698 impio
601 4642 785 4682 assem
812 4627 1049 4696 dogmati
1077 4626 1445 4694 repugnare’,
1474 4623 1712 4693 nihilque
1743 4637 1865 4678 eum
1897 4635 1995 4691 pro

413 4727 633 4792 peccato
658 4716 885 4772 naturali
909 4715 1110 4770 dixisse
1133 4714 1425 4779 convinco;
1448 4729 1551 4783 qua
1579 4723 1635 4767 tu
1664 4710 1996 4781 impudentia

416 4809 615 4880 ingeris
634 4849 648 4871 ,
679 4814 736 4861 ιιι
759 4806 842 4861 vel
872 4820 973 4875 pro
1005 4815 1056 4860 te
1096 4803 1226 4858 mihi
1259 4804 1350 4860 ille
1391 4803 1747 4872 respondeat,
1775 4803 1864 4873 qui
1894 4818 2001 4857 non

419 4904 793 4971 interrogatur,
819 4897 1072 4968 quoniam
1110 4909 1210 4949 nec
1239 4893 1309 4948 de
1345 4894 1462 4962 ejus
1495 4893 2000 4963 sapientiaadubitao

425 5003 505 5049 tur
525 5011 540 5058 ;
560 4995 640 5047 vel
662 5006 744 5046 me
759 4989 1073 5046 vociferaris
1099 4986 1242 5042 nolle
1267 4984 1452 5039 audire
1467 4985 1536 5040 ab
1555 4985 1835 5056 Apostolo,
1859 4983 2001 5054 quod

421 5087 473 5139 in
517 5093 569 5137 te
606 5083 674 5136 ab
713 5081 962 5154 Aposmlo
989 5079 1142 5135 nobis
1174 5076 1364 5132 tradita
1393 5076 1753 5146 intelligentia:
1780 5074 2004 5129 sanitate

421 5175 699 5232 detestor?

489 5333 503 5362 ι
531 5331 612 5379 llic
670 5325 868 5376 verbum
890 5359 904 5384 ,
963 5327 1197 5373 Damnata
1225 5359 1240 5384 ,

427 5407 672 5518 ξὐῗὶωειί,
694 5449 776 5518 ηυξ
796 5445 1060 5518 sagmarium
1090 5443 1317 5518 regulam
1349 5443 1585 5518 prolatam
1609 5440 1825 5518 rationis,
1848 5442 2008 5518 striato,

428 5513 633 5574 impuro,
661 5503 718 5561 ὀἱ
753 5509 900 5574 impio
935 5512 978 5557 te
1003 5503 1257 5574 (vel,"nt')
1299 5503 1460 5574 assero
1483 5503 1693 5574 dogmati
1719 5517 2006 5574 repugnare.

431 5564 595 5624 Melius
621 5564 760 5633 'Mss.,
805 5564 930 5628 dum,
955 5564 1474 5635 Δδεξιοιιηιιιιιιινιιιιςιιαιιι
1514 5564 1749 5635 ηῖίοιιιιηιη
1773 5564 2009 5635 rati-onis,

428 5626 924 5697 atulto,_impn'ro,get
949 5628 1095 5697 impio
1137 5640 1303 5697 assero
1333 5626 1855 5697 dogmatifepagum'e.
1884 5626 2006 5690 [qt:i,

425 5690 932 5760 iecwtdum'rcgulam
948 5690 1186 5756 pietatem
1211 5690 1422 5754 rationis,
1451 5690 1568 5752 etc.]

1301 5322 1572 5372 restituitur
1628 5334 1690 5371 ex
1743 5322 2007 5371 manuscri-

1027 236 1270 296 OPERIS
1306 226 1721 291 IMPERFECTI
1759 225 2033 284 CONTRA
2075 224 2433 290 ιυιιιΝυΜ.
2474 227 2534 283 S.
2576 224 2942 285 AUGUSTlNl

3497 231 3638 290 “84

2123 340 2257 395 Auc.
2289 339 2552 410 Numquid
2581 353 2685 395 non
2713 350 2832 411 post
2857 340 3093 412 Apostoli
3119 340 3275 396 verba
3304 357 3332 396 a
3359 358 3447 399 me
3475 342 3641 400 inter-

2053 433 2221 502 posita
2268 433 2396 487 nihil
2442 432 2583 487 aliud
2626 447 2785 504 quam
2827 440 3005 490 tacere
3046 432 3315 489 debuisti?
3351 430 3419 489 Et
3460 446 3640 491 tamen

2052 534 2235 580 contra
2262 524 2350 579 illa
2382 524 2512 580 nihil
2535 524 2740 592 dicens,
2767 539 2864 580 nec
2893 524 3183 580 secundum
3216 521 3305 579 illa
3331 524 3531 596 aliquid
3561 527 3642 580 di-

2014 633 2181 681 ,cens
2206 658 2219 682 ,
2262 615 2392 671 mihi
2430 629 2536 671 non
2587 625 2751 684 taces,
2796 623 2852 673 et
2887 616 3056 688 jactas
3094 617 3233 671 inter
3260 623 3476 684 caetera,
3499 617 3644 688 quod

2054 724 2153 779 ego
2201 708 2300 763 sim
2355 717 2514 778 caput
2557 707 2747 763 horum
2798 716 2853 764 et
2892 721 3053 763 causa
3115 708 3377 762 malorum
3428 725 3442 762 :
3489 711 3644 779 quasi

2057 813 2158 870 ego
2211 798 2357 869 prior
2409 797 2493 854 vel
2547 798 2902 866 crediderim,
2956 799 3043 854 vel
3087 813 3207 855 esse
3261 795 3646 868 diSputaverim

2055 889 2314 960 originale
2356 897 2650 960 peccatum.
2681 886 2812 944 Tam
2856 889 3050 960 quippe
3091 889 3364 959 imperitos
3403 889 3515 944 lucc
3557 899 3646 943 tua

2057 981 2232 1036 credis
2261 995 2380 1035 esse
2407 980 2676 1048 lecturos,
2717 981 2807 1051 qui
2849 980 3086 1035 nesciant
3124 995 3284 1050 quam
3319 981 3469 1034 multi
3517 991 3649 1036 stite

2061 1084 2160 1125 nos
2204 1069 2457 1126 Ecclesia:
2502 1063 2739 1141 clarique
2789 1068 3075 1136 doctores,
3127 1070 3205 1126 sic
3255 1071 3353 1125 ista
3383 1071 3648 1144 Apodoti

2058 1163 2220 1219 verba
2271 1163 2627 1220 intellexerint
2667 1172 2720 1219 et
2769 1163 3111 1233 exposuerint
3137 1205 3153 1231 ,
3200 1164 3652 1235 quemadmodum

2061 1265 2171 1311 tota
2211 1272 2279 1312 ex
2327 1256 2442 1326 ipso
2486 1255 2634 1311 initio
2667 1255 2750 1310 sui
2785 1255 3047 1311 catholica
3096 1255 3340 1326 intelligit
3365 1256 3450 1311 vel
3478 1255 3654 1312 credit

2064 1348 2340 1404 Ecclesia:
2369 1363 2489 1419 quae
2527 1348 2802 1404 doctorum
2849 1348 3011 1403 verba
3057 1347 3101 1402 si
3141 1349 3277 1402 mala
3319 1359 3477 1416 sunt,
3510 1350 3655 1404 sicut

2064 1453 2159 1493 vos
2204 1436 2383 1493 dicere
2431 1453 2538 1492 non
2584 1437 2811 1503 timetis;
2864 1435 3132 1508 quomodo
3174 1452 3274 1508 ego
3315 1453 3454 1502 sum,
3498 1454 3653 1508 qua:-

2065 1542 2126 1583 so
2155 1536 2226 1593 te,
2255 1537 2413 1598 caput
2439 1529 2627 1583 horum
2657 1537 2711 1584 et
2736 1543 2895 1584 causa
2921 1529 3212 1596 malorum;
3245 1529 3345 1585 nisi
3370 1530 3491 1600 quia
3515 1539 3568 1584 tu
3591 1544 3655 1586 es

2066 1629 2224 1691 caput
2250 1619 2437 1674 barum
2459 1662 2472 1683 ,
2499 1635 2630 1691 quas
2659 1619 2787 1675 mihi
2826 1621 3067 1676 rabiosus
3097 1621 3322 1692 ingeris,
3353 1621 3655 1675 calumnia-

2068 1712 2220 1766 rum?
2243 1710 2372 1766 Nam
2396 1712 2440 1766 si
2470 1726 2600 1766 sano
2619 1712 2840 1767 cerebro
2866 1712 3237 1767 considerares
3260 1712 3503 1766 humana;
3529 1712 3656 1770 vitae

2073 1801 2335 1868 miserias,
2367 1814 2396 1854 a
2427 1802 2612 1872 primis
2637 1801 2849 1857 ﬂetibus
2875 1801 3156 1856 infantium
3185 1817 3353 1873 usque
3379 1801 3446 1856 ad
3472 1812 3656 1859 extre-

2072 1907 2188 1948 mos
2209 1893 2434 1964 gemitus
2460 1893 2832 1960 morientium;
2855 1892 3067 1949 videres
3097 1894 3334 1964 proiecto
3351 1935 3364 1958 ,
3392 1894 3532 1966 quod
3557 1910 3660 1950 nec

2070 1999 2190 2054 ego,
2216 1999 2315 2040 nec
2337 1993 2412 2052 tu,
2439 1984 2533 2039 sed
2556 1984 2643 2040 ille
2660 1984 2828 2040 Adam
2855 1984 3182 2054 lueritcaput
3209 1985 3396 2040 horum
3423 1993 3476 2040 et
3494 1999 3660 2038 causa

2073 2076 2331 2130 malorum
2359 2075 2534 2145 :quod
2565 2076 2753 2130 nolens
2783 2074 2961 2131 videre
2981 2117 2996 2143 ,
3028 2075 3224 2130 clausis
3263 2076 3432 2132 oculis
3457 2075 3663 2130 clamas

2075 2169 2338 2240 etjustum
2362 2169 2454 2224 Dei
2481 2183 2600 2225 esse
2618 2168 2894 2238 judicium,
2913 2177 3086 2224 etnon
3113 2184 3234 2224 esse
3261 2169 3512 2240 originale
3533 2183 3663 2238 pec-

2075 2270 2270 2315 catum.
2295 2261 2425 2328 Quae
2451 2259 2556 2314 duo
2585 2261 2722 2314 inter
2746 2273 2804 2314 se
2825 2274 2979 2329 quam
3007 2259 3114 2313 sint
3139 2259 3404 2313 contraria
3425 2298 3440 2322 ,
3480 2243 3666 2328 procul

2076 2351 2237 2406 dubio
2255 2364 2522 2415 cerneres,
2539 2364 2644 2404 non
2661 2348 2781 2403 dico
2807 2349 2850 2402 si
2881 2349 3067 2402 horum
3098 2348 3357 2402 malorum
3379 2356 3537 2417 caput
3559 2364 3668 2401 non

2077 2457 2243 2506 esses,
2267 2443 2386 2513 quia
2404 2443 2583 2511 utique
2601 2456 2706 2496 non
2731 2455 2790 2496 es
2808 2455 2823 2505 ;
2843 2440 2934 2494 sed
2957 2441 2998 2494 si
3027 2455 3212 2494 sanum
3236 2449 3390 2508 caput
3416 2439 3672 2503 haberes,

2078 2534 2217 2605 quod
2245 2533 2439 2588 habere
2463 2546 2648 2602 posses
2666 2572 2682 2598 ,
2711 2531 2756 2586 si
2788 2530 3035 2586 doctores
3063 2528 3334 2600 sequendo
3367 2527 3672 2584 catholicas

2078 2632 2238 2694 caput
2265 2622 2531 2692 Pelagium
2553 2637 2657 2677 non
2686 2620 2930 2676 haberes.

2149 2715 2260 2772 CV.
2286 2715 2403 2771 ιω..
2433 2714 2772 2785 Exprimatur
2794 2714 2953 2786 igitur
2980 2713 3062 2768 vis
3087 2721 3520 2783 argumentorum
3550 2721 3672 2766 tuo-

2082 2825 2221 2866 rum.
2254 2809 2542 2879 Postquam
2569 2806 2704 2862 dixit
2722 2807 2939 2871 Paulus,
2970 2806 3091 2875 quia
3118 2803 3285 2858 multo
3312 2805 3480 2873 magis
3505 2803 3674 2858 abun-

2083 2899 2264 2956 dasset
2292 2899 2458 2970 gratia
2480 2897 2772 2954 Salvatoris
2797 2895 2864 2950 ad
2889 2892 3239 2958 medendum,
3276 2908 3437 2963 quam
3466 2908 3674 2961 praeva-

2085 2992 2272 3049 ricatio
2302 2991 2456 3062 primi
2483 2990 2712 3046 hominis
2731 2987 2796 3043 ad
2822 2986 3146 3052 nocendum,
3167 2986 3405 3056 sequitur
3434 3002 3448 3039 :
3479 2979 3544 3038 Et
3572 3002 3676 3039 non

2087 3084 2218 3140 sicut
2243 3101 2331 3154 per
2359 3098 2518 3137 unum
2540 3089 2847 3152 peccantem,
2875 3079 2948 3132 ita
2969 3087 3042 3132 est
3060 3085 3107 3132 et
3125 3078 3318 3131 donum
3340 3094 3360 3130 :
3389 3091 3506 3130 nam
3524 3076 3678 3147 judi-

2086 3177 2222 3230 cium
2248 3190 2310 3228 ea:
2326 3190 2426 3227 uno
2447 3173 2501 3227 in
2521 3170 3006 3234 condemnationem,
3035 3169 3201 3240 gratia
3226 3177 3395 3222 autem
3421 3183 3484 3222 ea:
3505 3167 3680 3222 multis

2089 3267 2284 3322 delictis
2307 3267 2361 3320 in
2379 3265 2816 3336 justiﬁcationem.
2833 3260 2986 3329 Quod
3008 3270 3063 3316 tu
3092 3279 3110 3312 ι
3138 3260 3389 3316 delictum
3416 3276 3580 3315 unum
3608 3259 3675 3312 ad

2089 3355 2594 3412 condemnationem
2624 3352 2894 3408 sufﬁciens
2913 3394 2929 3420 ,
2961 3351 3219 3422 originale
3246 3366 3366 3407 esse
3399 3370 3417 3403 ι
3448 3360 3678 3405 conten-

2089 3447 2172 3503 dis
2194 3488 2210 3513 ,
2245 3463 2264 3496 ι
2296 3445 2348 3499 in
2379 3457 2566 3498 omnes
2597 3461 2615 3495 ι
2650 3441 2898 3497 videlicet
2941 3458 2959 3492 ι
2990 3440 3233 3495 homines
3273 3439 3636 3511 pertransiens
3665 3459 3677 3491 :

2090 3537 2312 3608 gratiam
2343 3545 2518 3589 autem
2549 3533 2671 3589 ideo
2706 3547 2773 3588 ex
2801 3531 2984 3587 multis
3017 3531 3228 3586 delictis
3257 3531 3309 3585 in
3335 3531 3678 3601 justiﬁcatio-

2092 3643 2214 3683 nem
2241 3626 2379 3693 dici,
2410 3625 2532 3696 quia
2561 3639 2666 3683 uon
2693 3623 2866 3678 solum
2911 3621 3042 3677 illud
3087 3637 3251 3676 unum
3297 3621 3489 3685 solvit,
3538 3623 3682 3691 quod

2093 3720 2421 3794 originaliter
2459 3717 2706 3783 trahitur,
2736 3715 2828 3771 sed
2857 3716 3015 3770 etiam
3053 3724 3245 3769 cratera
3277 3730 3396 3783 qua:
3439 3713 3492 3768 in
3539 3729 3681 3767 uno-

2093 3825 2308 3882 quoque
2331 3809 2550 3864 homine
2575 3818 2724 3862 motu
2760 3806 2986 3876 propria:
3007 3805 3294 3860 voluntatis
3321 3803 3612 3859 adduntur.
3639 3824 3675 3860 ,ι

2097 3903 2177 3958 Ad
2195 3901 2335 3972 quod
2354 3898 2774 3956 conﬁrmandum
2803 3898 2958 3968 paulo
2979 3905 3096 3967 post
3120 3895 3530 3966 argumentaris,
3555 3895 3681 3965 quia

2095 3995 2141 4050 si
2167 3993 2269 4048 hoc
2296 4007 2458 4047 unum
2485 3990 2738 4045 delictum
2778 3989 2844 4043 ad
2874 3989 3377 4044 condemnationem
3405 3986 3689 4043 sufﬁciens

2096 4083 2382 4154 Apostolus
2406 4080 2631 4135 dixisset
2668 4079 2963 4134 imitatione
2992 4087 3298 4149 susceptum
3323 4118 3336 4144 ,
3367 4077 3567 4133 addere
3591 4077 3690 4133 de-

2098 4177 2322 4242 buisset,
2349 4186 2537 4228 omnes
2561 4173 2804 4229 homines
2831 4172 2898 4227 ad
2928 4172 3427 4227 condemnationem
3454 4186 3559 4225 non
3592 4187 3690 4242 per

2099 4283 2264 4323 unum
2287 4267 2365 4322 ire
2391 4265 2645 4322 delictum
2663 4307 2677 4331 ,
2706 4265 2799 4320 sed
2826 4281 2923 4335 per
2947 4265 3109 4320 multa
3133 4280 3228 4320 sua
3249 4280 3470 4335 qumque
3496 4264 3688 4319 volun-

2103 4369 2209 4415 tate
2246 4358 2551 4415 eommissa.
2591 4356 2650 4410 in
2675 4355 2868 4426 quibus
2890 4357 2905 4387 ¹
2935 4357 3186 4426 quoniam
3215 4354 3576 4426 elaqueandus
3606 4365 3690 4411 est

2103 4450 2340 4522 Apostoli
2361 4463 2540 4505 sermo
2559 4462 2589 4501 a
2611 4447 2849 4502 cassibus
2871 4446 3317 4511 Mauiehmorum;
3343 4454 3399 4500 ut
3427 4446 3497 4500 sit
3515 4454 3687 4500 atteno

2107 4553 2191 4598 tus
2240 4541 2428 4604 lector,
2469 4538 2751 4593 admoneo.
2796 4538 2890 4591 Ais
2935 4551 3060 4606 ergo
3111 4535 3400 4590 secundum
3443 4544 3683 4592 nostrum

2103 4648 2339 4698 sensum,
2362 4645 2467 4702 quo
2491 4629 2744 4686 asseritur
2765 4629 2931 4699 prima
2953 4629 3107 4698 culpa
3137 4627 3362 4683 formam
3393 4629 3685 4698 praebuisse

2107 4724 2477 4794 peccantibus,
2511 4721 2761 4776 debuisse
2801 4721 3113 4790 Apostolnm
3135 4763 3148 4785 ,
3181 4721 3319 4775 sicut
3360 4721 3578 4791 gratiam
3623 4737 3686 4773 ex

2105 4815 2287 4871 multis
2315 4813 2518 4869 delictis
2541 4813 2594 4867 in
2616 4815 2636 4844 ²
2659 4812 3095 4882 justiﬁeationcm
3118 4813 3250 4867 dixit
3271 4813 3502 4883 operari,
3528 4813 3594 4866 ita
3618 4827 3688 4866 ex

2107 4907 2286 4962 multis
2313 4905 2542 4974 peccatis
2581 4904 2758 4959 dicere
2803 4918 3053 4973 regnasse
3095 4913 3344 4957 mortem.
3374 4903 3539 4957 Porro
3590 4903 3690 4957 hoc

2109 5005 2418 5069 argumento
2441 5007 2625 5051 contra
2652 5004 2701 5050 te
2729 4995 2948 5050 omnino
2973 4994 3193 5049 luctaris
3217 5011 3229 5047 :
3258 4994 3519 5049 convinco
3547 4994 3690 5048 enim

2109 5089 2400 5147 secundum
2437 5088 2627 5159 dogma
2671 5097 2851 5153 tuum,
2896 5088 3340 5157 iuconsequenter
3379 5087 3692 5158 Apestolum

2113 5183 2475 5254 pronuntiare,
2505 5180 2681 5236 Gratia
2698 5189 2863 5235 autem
2881 5197 2941 5235 ea:
2961 5179 3133 5234 multis
3157 5179 3349 5234 delictis
3368 5181 3421 5234 in
3431 5180 3692 5252 justi/ica-

2112 5278 2314 5341 tionem,
2347 5274 2437 5346 qui
2467 5273 2697 5336 dixerat,
2732 5273 2814 5327 Ex
2841 5290 2938 5327 uno
2967 5283 3169 5343 peccato
3197 5273 3454 5344 judicium
3493 5273 3545 5326 in
3572 5289 3697 5328 con-

2115 5367 2500 5423 demnationem.
2533 5365 2602 5421 Ut
2625 5364 2765 5420 enim
2787 5363 3120 5435 egredientes
3147 5363 3214 5419 de
3236 5365 3432 5419 nostris
3465 5363 3659 5417 linibus
3677 5403 3692 5427 ,

2149 5505 2196 5612 ἐξ
2227 5503 2376 5563 Editi,
2410 5501 2460 5552 in
2502 5500 2672 5566 quibus
2717 5500 2850 5554 lods.
2894 5501 3192 5564 Manuscripu'
3242 5514 3338 5550 non
3380 5499 3593 5559 habent,
3627 5498 3700 5548 lo-

2117 5577 2206 5612 ειδ.

2123 5625 2480 5737 be'nrartimla,
2511 5622 2558 5676 in
2575 5662 2587 5685 ,
2613 5627 2837 5676 carebant
2865 5625 3009 5688 editi;
3034 5625 3120 5675 sed
3148 5637 3254 5674 eam
3294 5622 3595 5686 manuscripti
3619 5622 3701 5672 ha-
