4004 6190
263 349 401 406 “85

260 463 313 513 in
346 469 518 514 testra
544 459 759 529 regione
787 471 1098 514 versemur:
1127 455 1170 510 si
1201 455 1414 510 libertas
1443 454 1646 509 arbitrii
1673 454 1845 524 primo

257 561 343 604 est
371 565 555 605 eversa
585 559 820 619 peccato,
845 560 898 604 et
917 551 969 603 in
988 535 1136 604 omni
1162 549 1415 618 deinceps
1443 547 1718 602 hominum
1744 561 1840 616 ge-

260 656 394 697 nere
422 656 608 695 manca
629 641 763 695 adeo
785 640 1059 708 remansit,
1088 650 1144 694 ut
1170 655 1274 695 non
1297 641 1366 694 sit
1389 640 1438 694 ci
1467 638 1716 710 possibile
1741 635 1847 692 nisi

259 731 633 790 tantummodo
663 732 856 786 malum
901 730 1111 798 facere,
1161 748 1264 786 non
1303 739 1481 786 autem
1533 729 1764 785 habeat‘
1791 728 1846 782 in

260 824 516 880 iacultate
540 823 857 879 electionem
889 823 1053 892 partis
1077 823 1295 878 alterius
1314 864 1330 889 ,
1372 822 1426 877 id
1450 829 1562 889 est,
1594 821 1847 878 recedere

259 931 294 972 a
326 915 468 972 male
494 925 548 971 et
575 913 750 970 facere
795 915 1021 981 bonum;
1061 915 1156 970 sed
1198 915 1491 986 iniquitatis
1532 915 1848 970 necessitate

259 1008 516 1078 depressa
543 1006 860 1077 appetentius
886 1007 1165 1062 criminum
1189 1022 1377 1078 parere
1402 1007 1744 1078 compellitur
1766 1023 1780 1062 :
1802 1006 1848 1061 si

262 1109 515 1170 perrupta
545 1101 689 1155 omni
715 1099 830 1170 lege
848 1099 1088 1170 iustitiae,
1119 1099 1254 1155 facta
1279 1108 1404 1154 sunt
1434 1100 1693 1155 naturalia
1722 1115 1844 1168 qua:

261 1191 476 1247 fuerant
504 1190 828 1256 voluntaria;
859 1190 903 1244 si
930 1191 1011 1246 lex
1037 1190 1242 1262 peccati
1267 1190 1468 1245 habitat
1495 1191 1548 1245 in
1573 1190 1846 1255 membris,

255 1295 386 1350 quae
413 1280 744 1352 tyrannidem
774 1281 828 1336 in
855 1280 1135 1351 imaginem
1158 1290 1213 1336 et
1235 1296 1372 1351 opus
1393 1281 1505 1346 Dei,
1541 1281 1850 1350 nuptiarum

258 1373 586 1427 verecundia
608 1381 663 1428 et
682 1372 1012 1443 jucunditate
1037 1373 1222 1428 sortita
1243 1383 1362 1438 est;
1388 1373 1432 1428 si
1450 1371 1625 1430 frutex
1649 1372 1848 1428 diaboli

257 1464 320 1521 in
365 1463 654 1520 visceribus
693 1464 937 1534 pangitur
981 1472 1106 1520 ante
1145 1465 1376 1519 animam
1399 1505 1413 1530 ,
1441 1474 1642 1520 etcum
1673 1465 1849 1520 incre-

257 1559 464 1613 mentis
493 1558 822 1613 naturalibus
847 1557 1133 1626 adolescit,
1165 1556 1486 1626 frondescit,
1519 1568 1573 1614 et
1598 1558 1848 1628 pestifera

256 1646 420 1718 fruge
449 1647 804 1718 ingravescit:
835 1647 880 1702 si
912 1647 1058 1715 hate,
1108 1649 1319 1718 inquam
1341 1691 1356 1714 ,
1389 1659 1446 1704 ut
1487 1649 1660 1703 dicitis
1680 1691 1694 1712 ,
1743 1664 1849 1705 una

255 1736 427 1811 primi
457 1736 684 1793 hominis
712 1739 864 1809 culpa
894 1740 1204 1810 progenuit;
1227 1741 1636 1810 consequentius
1659 1740 1852 1796 dicitur

255 1845 333 1884 ex
366 1846 472 1886 uno
497 1831 690 1887 delicto
715 1832 767 1886 in
797 1832 1296 1889 condemnationem
1336 1849 1502 1903 genus
1545 1835 1621 1888 ire
1648 1843 1849 1889 morta-

257 1920 398 1974 lium
420 1963 439 1988 ,.
469 1937 624 1992 quam
668 1938 733 1977 ex
767 1923 946 1978 multis
985 1923 1192 1979 delictis
1218 1924 1440 1993 gratiam
1491 1924 1749 1989 liberare;
1797 1933 1855 1978 nt

254 2013 436 2082 magis
468 2013 680 2085 proprie
703 2013 1025 2086 intelligatur
1039 2013 1141 2069 dici
1171 2029 1325 2084 posse
1343 2014 1456 2073 hinc
1472 2018 1637 2083 gratia
1659 2031 1723 2069 ex
1747 2030 1854 2070 uno

253 2104 462 2160 delicto
496 2105 755 2172 liberare,
787 2121 923 2178 quos
953 2107 1160 2161 liberat.
1197 2106 1352 2162 Nulla
1399 2109 1542 2161 enim
1573 2107 1674 2160 alia
1705 2116 1854 2162 motu

257 2194 490 2266 propria
526 2195 814 2250 voluntatis
838 2195 1123 2262 adduntur,
1149 2196 1192 2250 si
1219 2211 1378 2250 omne
1417 2197 1643 2256 malum,
1690 2194 1854 2250 fracta

255 2289 476 2343 arbitrii
505 2288 767 2354 ubertate,
787 2288 1002 2343 exclusa
1022 2288 1298 2342 honestate
1319 2287 1589 2356 desiderii,
1611 2286 1852 2344 infectrix

257 2379 533 2434 seminum
561 2378 717 2449 culpa
751 2377 905 2449 primi
931 2378 1191 2449 genitoris
1217 2387 1486 2450 operatur.

343 2471 480 2526 Ave.
508 2467 660 2525 [inde
687 2469 799 2524 ﬁeri
828 2476 1000 2538 potest
1026 2476 1085 2522 ut
1112 2469 1272 2522 homo
1299 2469 1387 2536 qui
1415 2467 1625 2522 conaris
1643 2476 1860 2536 apostoo

262 2560 372 2616 lica
393 2560 555 2615 verba
581 2567 901 2629 pervertere,
930 2558 1102 2627 possis
1131 2558 1270 2628 loqui
1299 2558 1399 2613 nisi
1424 2557 1854 2626 perverse?N:tm

267 2652 477 2721 utique,
508 2665 629 2704 cun
659 2649 726 2704 ad
754 2647 881 2704 illud
907 2647 1179 2710 delictum,
1203 2646 1342 2718 quod
1372 2647 1645 2716 generatio
1668 2645 1851 2713 trahit,

267 2759 407 2797 usus
431 2741 720 2797 vola-uatis
748 2739 1062 2804 accesserit,
1084 2753 1243 2810 quem
1273 2753 1376 2793 non
1404 2737 1606 2794 habent
1629 2737 1851 2807 parvuli,

267 2833 330 2888 in
359 2833 554 2888 multas
588 2839 636 2889 et
657 2832 829 2886 varias
849 2830 1164 2901 cupiditates
1188 2828 1348 2885 arbor
1375 2829 1658 2884 multorum
1687 2830 1861 2898 pullu-

267 2924 351 2979 lat
375 2934 713 2994 peccat-trum
739 2937 752 2976 :
782 2920 923 2992 quod
963 2931 1245 2990 antequam
1285 2918 1467 2984 ﬁeret,
1497 2919 1656 2974 etiam
1689 2919 1860 2992 ipsum

271 3029 442 3069 unum
484 3012 583 3070 tral
606 3013 725 3068 cbat
761 3011 828 3067 ad
856 3011 1248 3070 damnationem
1271 3052 1287 3076 ,
1331 3011 1376 3066 si
1419 3020 1542 3065 ante
1571 3010 1862 3065 voluntatis

271 3119 436 3160 nsum
464 3103 712 3173 pan-ilus
747 3101 924 3160 ﬁniret
964 3101 1101 3156 hanc
1136 3102 1320 3157 vitam.
1347 3099 1530 3170 Neque
1568 3101 1711 3156 enim
1737 3100 1861 3170 quia

273 3195 452 3267 major
474 3193 742 3250 dannatio
769 3193 994 3254 debetur
1031 3192 1144 3264 jam
1181 3207 1373 3263 magno
1414 3200 1470 3247 et
1512 3191 1864 3262 multiplicato

276 3288 442 3353 male,
475 3287 580 3344 idet
619 3286 758 3344 nulla
786 3300 953 3357 parvo
982 3275 1036 3342 et
1057 3285 1292 3340 nondum
1321 3285 1671 3354 multiplicato
1694 3283 1861 3338 debe-

278 3380 457 3434 batur.
481 3377 757 3446 Qutmodo
776 3393 904 3450 ergo
929 3377 1278 3448 regeneratio,
1310 3392 1430 3447 qua:
1458 3375 1862 3444 multiplicatum

277 3487 382 3542 per
409 3486 560 3527 usum
598 3470 876 3525 voluntatis
905 3469 1102 3524 malum
1133 3468 1288 3534 tollit,
1314 3483 1417 3523 non
1445 3467 1598 3536 plus1|
1625 3476 1862 3537 praestat,

275 3577 442 3634 quam
472 3561 653 3617 nocuit
678 3561 972 3632 generatio,
1002 3576 1122 3630 qua:
1153 3559 1309 3629 hujus
1337 3560 1582 3630 quamvis
1613 3560 1788 3629 magni
1813 3566 1870 3612 et

278 3653 591 3723 multiplicis
617 3651 768 3718 mali,
804 3650 1041 3707 nondum
1067 3662 1242 3706 tamen
1272 3659 1484 3705 auctum
1502 3693 1517 3715 ,
1545 3659 1601 3705 et
1627 3649 1862 3704 nondum

279 3745 689 3814 multiplicatum
734 3743 893 3798 traxit
939 3741 1178 3806 initium,
1226 3741 1368 3811 quod
1413 3741 1588 3796 solum
1618 3740 1736 3794 sine
1764 3739 1868 3794 ulla

282 3837 632 3907 pullulatione
655 3841 977 3901 remaneret,
1001 3835 1044 3889 si
1068 3833 1245 3888 nullus
1271 3832 1561 3888 voluntatis
1591 3846 1743 3898 usus,
1762 3846 1868 3901 quo

281 3936 568 3998 augeretur
593 3936 645 3982 et
669 3927 1126 3997 multiplicaretur,
1158 3923 1477 3980 accederet?
1505 3923 1756 3978 Voluntas
1777 3938 1872 3977 au-

286 4031 426 4082 tem,
458 4027 739 4088 antequam
771 4017 925 4072 bonae
957 4017 1189 4071 libertati
1230 4015 1295 4070 ad
1335 4014 1657 4083 operandam
1689 4029 1867 4069 veram

286 4112 540 4182 justitiam
573 4111 743 4180 gratia»
760 4110 852 4164 Dei
879 4110 1226 4164 subveniente
1252 4107 1525 4173 reddatur,
1549 4107 1731 4163 multis
1751 4107 1871 4161 aliis

284 4203 450 4258 etiam
479 4203 673 4267 causis,
700 4212 890 4272 praeter
917 4202 1136 4272 originis
1159 4199 1366 4266 vitium,
1388 4209 1634 4254 movetur
1653 4199 1720 4254 ad
1749 4213 1876 4267 pec-

286 4294 541 4360 candum,
565 4293 646 4348 vel
674 4310 778 4347 non
805 4301 1075 4358 movetur;
1114 4292 1252 4347 unde
1282 4292 1338 4346 fit
1364 4300 1420 4346 ut
1453 4291 1550 4361 ipsi
1579 4290 1726 4360 impii
1751 4290 1872 4360 qui-

288 4385 391 4438 bus
419 4383 499 4437 vel
533 4382 763 4438 nendum
793 4383 1067 4446 subvenit,
1109 4383 1194 4436 vel
1235 4397 1502 4452 nunquam
1547 4381 1873 4436 subventum

288 4485 377 4530 est
404 4474 591 4546 gratia,
619 4491 736 4545 qum
757 4473 1013 4545 jiistiﬁcat
1039 4473 1279 4544 impium,
1311 4473 1399 4527 alii
1427 4472 1595 4542 magis
1614 4513 1630 4537 ,
1652 4473 1740 4528 alii
1770 4471 1874 4527 mi-

291 4581 396 4620 nus
437 4572 680 4632 peccent.
711 4563 971 4618 Iudicium
1000 4579 1128 4635 ergo
1151 4581 1233 4635 lea:
1275 4581 1376 4619 uno
1405 4565 1458 4618 in
1499 4564 1880 4619 condemnatio-

291 4674 430 4722 nem,
447 4657 568 4728 quia
586 4656 904 4711 damnantur
926 4665 980 4711 et
1005 4655 1056 4710 bi
1079 4656 1166 4726 qui
1193 4671 1354 4710 unum
1381 4655 1509 4730 illud
1531 4655 1879 4727 generatione

293 4755 572 4802 traxerunt
599 4764 613 4804 :
641 4747 806 4819 gratia
849 4754 1026 4802 autem
1053 4762 1116 4802 ex
1147 4745 1325 4800 multis
1349 4744 1559 4801 delictis
1596 4745 1649 4800 in
1677 4746 1877 4816 justiﬁ-

292 4823 558 4892 catlonetn
586 4879 601 4903 ,
643 4838 764 4906 quia
807 4852 914 4893 non
953 4838 1124 4893 Solum
1171 4835 1298 4892 illud
1333 4851 1454 4893 cum
1497 4851 1604 4907 quo
1646 4837 1881 4901 pascitur

297 4930 494 4994 homo,
526 4927 619 4983 sed
647 4927 900 4999 quidquid
926 4927 1068 4982 aliud
1095 4927 1408 4983 delictorum
1436 4928 1724 4984 voluntatis
1751 4943 1880 4984 usus

300 5019 374 5077 illi
403 5019 542 5074 male
567 5019 786 5085 addidit,
818 5019 972 5074 tollit.
1000 5019 1126 5075 Haec
1145 5029 1226 5076 est
1246 5019 1658 5088 apostolicorum
1685 5021 1879 5076 verbo-

297 5125 420 5165 rum
450 5109 712 5165 catholica
745 5110 973 5179 veritas,
1008 5127 1176 5185 quam
1202 5111 1344 5166 nulla
1375 5111 1620 5167 hzeretica
1649 5113 1885 5182 loquaci-

298 5210 410 5256 tate
446 5201 734 5271 depravas,
769 5201 1095 5272 quantalibet
1122 5217 1219 5260 nos
1260 5202 1560 5274 prolixitate
1581 5202 1602 5234 ³
1637 5201 1886 5259 vanitatis

300 5302 357 5349 et
382 5293 723 5365 loquacitatis
750 5309 1023 5351 exerceas.

370 5512 385 5544 '
431 5512 552 5562 Editi
573 5547 589 5572 ,
641 5524 738 5564 non
780 5511 872 5564 hoc
919 5512 1107 5564 habent.
1155 5513 1456 5576 mstigantur
1503 5526 1566 5564 ex
1625 5515 1889 5566 mamma-l-

670 5634 798 5684 lasil
818 5642 869 5700 et
882 5636 1132 5700 vignierii,
1155 5635 1314 5700 plura.
1328 5644 1455 5698 stss.,
1470 5636 1889 5700 pius.—ttemrd-.,

308 5693 472 5760 pistre:
491 5707 512 5756 ;
646 5697 696 5745 in
714 5693 965 5760 margine;
981 5693 1167 5760 pho-af
1204 5703 1263 5747 II.

379 5757 398 5789 ³
419 5753 521 5808 ttss.
538 5753 664 5807 Clar.
690 5765 742 5808 et
759 5753 894 5822 Maia,
916 5753 1249 5824 perpleaitate.

1571 339 1768 397 LIBER
1809 335 2188 402 SECUNDUS.

3397 358 3539 415 “86

2024 457 2154 513 CVI.
2187 458 2305 516 Jun.
2345 461 2424 516 Ac
2473 476 2568 531 per
2609 463 2746 530 hoc,
2779 465 2824 520 si
2863 474 2947 522 est
2985 467 3224 524 naturale
3262 481 3538 540 peccatum

1954 555 2218 602 tantorum
2247 560 2432 606 auctor
2458 553 2742 622 malorum,
2768 557 2939 625 gratia
2967 555 3168 614 Christi
3196 574 3535 631 nequaquam

1954 639 2114 692 multa
2145 639 2338 696 delicta
2362 642 2608 699 donando
2647 646 3083 715 justiticationem
3112 661 3364 721 operatur
3393 669 3407 706 :
3437 651 3538 708 sed

1954 730 2043 784 uni
2076 743 2292 800 peccato
2330 733 2649 804 indulgendo
2690 739 2961 806 negotium
3003 740 3344 811 benignitatis
3381 756 3542 797 exse-

1952 823 2162 890 quitur;
2191 823 2332 892 quod
2362 840 2482 878 cum
2507 841 2566 880 se
2588 826 2817 896 spondet
2841 839 3083 884 acturam
3107 832 3147 895 ¹,
3178 831 3336 887 fidem
3380 832 3542 888 faciet

1954 912 2259 981 promissis,
2290 916 2334 968 si
2365 914 2481 969 haec
2513 931 2632 985 quae
2658 915 2905 972 dicuntur
2949 935 3045 989 per
3093 923 3298 990 peccati
3347 923 3545 977 vulnus

1954 1000 2160 1056 invecta
2185 1005 2768 1062 curaverit:ca:terum
2807 1008 2852 1062 si
2896 1019 2950 1063 et
2993 1021 3113 1079 post
3143 1013 3375 1067 remedia
3417 1028 3539 1084 quas

1953 1091 2163 1161 detulit,
2193 1094 2378 1150 eadem
2409 1105 2585 1152 tamen
2625 1097 3007 1155 diabolicorum
3040 1102 3344 1158 morborum
3371 1105 3540 1160 series

1955 1196 2293 1254 perseverat;
2322 1198 2444 1243 voto
2467 1191 2488 1221 ³
2517 1190 2630 1260 ejus
2653 1192 2987 1262 gratiﬁcatio,
3023 1196 3420 1266 praesumptioni
3447 1213 3542 1252 ve-

1955 1277 2039 1330 nia
2066 1277 2305 1344 debetur,
2333 1281 2455 1350 quia
2481 1282 2547 1336 ad
2585 1283 2878 1338 curandum
2910 1284 3119 1340 innatas
3164 1298 3342 1356 pestes
3369 1289 3542 1344 virtus

1954 1366 2004 1422 ei
2033 1367 2220 1434 defuit,
2246 1384 2350 1424 non
2375 1371 2646 1427 voluntas.

2025 1461 2161 1515 Auc.
2184 1459 2298 1514 Jam
2325 1477 2636 1531 responsum
2663 1474 2746 1520 est
2778 1484 2792 1521 :
2819 1467 3051 1538 iutellige
3071 1510 3086 1535 ,
3115 1479 3168 1524 et
3194 1479 3329 1526 tace.
3369 1472 3538 1527 Aliter

1954 1552 2120 1620 gratia
2141 1561 2435 1620 certantem
2463 1556 2606 1621 facit,
2631 1567 2790 1628 atque
2813 1558 3059 1627 adjuvat;
3083 1562 3236 1615 aliter
3259 1563 3521 1617 victorem

1956 1639 2073 1694 sine
2115 1639 2269 1696 hoste
2298 1643 2409 1697 ullo
2429 1684 2444 1708 ,
2467 1645 2559 1700 .vel
2585 1656 2810 1701 externo
2830 1689 2846 1713 ,
2876 1649 2958 1703 vel
2989 1649 3228 1717 interno,
3266 1652 3317 1705 in
3344 1662 3543 1706 aeterna

1958 1746 2087 1801 pace
2111 1743 2428 1789 conservat:
2457 1735 2556 1790 ista
2585 1737 2847 1792 laboriosa
2874 1740 3062 1795 militia
3091 1750 3174 1796 est
3203 1743 3254 1796 in
3285 1745 3539 1811 praesenti

1956 1825 2173 1890 seculo,
2204 1826 2290 1881 illa
2318 1827 2469 1883 beata
2501 1830 2710 1898 requies
2740 1830 2794 1884 in
2825 1829 3022 1886 futuro.
3047 1832 3152 1888 Sed
3176 1833 3222 1887 si
3245 1842 3298 1888 tu
3319 1849 3439 1889 cum
3467 1836 3546 1890 vi-

1960 1913 2046 1969 tiis
2069 1915 2373 1971 carnalibus
2401 1918 2452 1972 in
2476 1927 2527 1974 te
2548 1920 2664 1988 ipso
2690 1920 2891 1976 bellum
2922 1937 3030 1978 non
3055 1925 3224 1995 geris,
3243 1926 3542 1981 erubesce:

1958 2007 2002 2061 si
2033 2008 2194 2075 geris,
2218 2009 2550 2066 obmutesce.

2029 2095 2186 2150 CVII.
2217 2098 2336 2152 Jun.
2368 2099 2504 2166 Quid
2532 2101 2690 2171 igitur
2718 2102 2818 2158 hac
2847 2103 3208 2174 disputatione
3243 2104 3546 2161 confectum

1960 2187 2081 2242 est?
2103 2188 2293 2244 Sensui
2324 2190 2567 2247 videlicet
2593 2201 2683 2246 tuo
2709 2202 2763 2248 et
2805 2194 3066 2265 Apostolo
3101 2211 3207 2250 non
3240 2197 3546 2251 convenire.

1961 2280 2248 2350 Apostolus
2275 2282 2416 2337 enim
2443 2285 2519 2337 ait
2543 2323 2560 2350 ,
2589 2285 2752 2340 multa
2793 2285 2987 2341 delicta
3017 2288 3202 2356 gratia:
3235 2287 3551 2343 liberalitate

1961 2371 2145 2426 donari
2173 2371 2400 2440 :dogma
2445 2388 2572 2428 vero
2613 2387 2759 2431 tuum
2797 2378 3022 2444 asserit,
3066 2394 3228 2433 unum
3268 2387 3545 2450 peccatum

1962 2461 2228 2527 naturale,
2258 2462 2397 2529 quod
2429 2463 2599 2532 legem
2631 2466 2831 2534 peccati
2859 2481 3038 2533 vocas,
3064 2467 3116 2522 in
3147 2469 3354 2522 cunctis
3370 2467 3548 2524 benti-

1963 2551 2119 2606 nibus
2145 2551 2412 2608 desideria
2454 2554 2744 2624 iniquitatis
2770 2557 3045 2628 efﬁngere.
3078 2557 3134 2612 In
3173 2559 3422 2614 absoluto
3449 2560 3548 2614 ita-

1962 2657 2066 2712 que
2089 2650 2193 2708 est,
2220 2657 2250 2697 a
2279 2651 2332 2699 te
2356 2651 2599 2700 naturam
2624 2661 2744 2717 quae
2768 2656 2851 2702 est
2869 2663 3003 2717 opus
3028 2648 3150 2716 Dei,
3177 2648 3247 2703 ab
3275 2649 3366 2704 illo
3399 2651 3550 2721 argui

1964 2733 2308 2789 voluntatem.
2336 2735 2454 2789 Non
2482 2743 2660 2790 autem
2687 2736 2843 2792 aliter
2869 2752 3083 2806 prorsus
3113 2737 3291 2807 eloqui
3319 2737 3506 2793 debuit
3534 2780 3550 2800 ,

1963 2839 2122 2896 quam
2151 2826 2392 2882 elocutus
2410 2837 2526 2893 est,
2562 2826 2756 2892 idest,
2797 2843 2862 2883 ex
2902 2843 3010 2882 uno
3047 2828 3550 2884 condemnationem

1966 2919 2078 2973 lteri
2122 2933 2280 2988 posse
2319 2929 2578 2990 peccato:
2606 2912 2730 2991 quia
2773 2929 2829 2974 et
2873 2921 3077 2989 primus
3120 2919 3211 2974 ille
3250 2920 3408 2974 homo
3453 2935 3553 2992 per

1965 3025 2128 3064 unum
2159 3021 2430 3078 peccatum
2476 3010 2812 3081 delinquendi
2849 3009 3073 3079 praebuit
3117 3011 3454 3080 exemp-lum;
3499 3020 3556 3066 ct

1967 3100 2107 3156 sicut
2144 3102 2218 3156 illi
2247 3102 2347 3172 ipsi
2380 3101 2449 3156 ad
2490 3099 2984 3156 condemnationem
3034 3115 3136 3154 una
3181 3101 3553 3170 prtevaricatio

1967 3189 2282 3256 abundavit,
2321 3190 2400 3244 sic
2425 3193 2582 3244 etiam
2612 3187 2824 3242 caneris
2865 3188 2932 3242 ad
2982 3197 3187 3244 reatum
3225 3205 3327 3244 una
3378 3201 3554 3259 potest

1968 3283 2121 3352 culpa
2151 3282 2414 3336 sufficere.
2441 3281 2666 3349 Propter
2688 3279 2828 3349 quod
2851 3279 3220 3344 Ecclesiastes,
3249 3281 3347 3348 Qui
3374 3282 3428 3335 in
3453 3299 3558 3339 uno

1971 3372 2268 3442 peccaverit,
2292 3371 2450 3424 multa
2475 3371 2604 3423 bona
2628 3369 2792 3440 perdit
2812 3368 3006 3437 (Eccle.
3037 3385 3090 3424 Ix
3110 3411 3125 3436 ,
3159 3371 3281 3439 i8);
3314 3381 3367 3426 et
3391 3373 3554 3427 Jaco-

1971 3462 2104 3528 bus,
2138 3462 2200 3518 Si
2226 3471 2380 3517 totam
2420 3462 2579 3533 legem
2617 3461 2985 3527 observaveris,
3026 3462 3258 3530 cicadas
3298 3475 3470 3520 autem
3504 3467 3559 3522 in

1970 3571 2093 3620 uno,
2124 3555 2286 3625 factus
2309 3571 2361 3609 es
2390 3555 2614 3608 omnium
2641 3570 2758 3609 reus
2783 3554 2982 3627 (Jacobi
3005 3571 3064 3621 tt,
3096 3556 3207 3624 l0).

2042 3648 2177 3700 Ave.
2207 3646 2348 3716 Ergo
2384 3653 2658 3715 peccatum
2697 3645 2827 3702 Adae
2866 3646 3040 3718 ipsum
3067 3649 3242 3704 solum
3271 3649 3426 3716 laesit,
3452 3664 3562 3707 non

1972 3745 2025 3790 et
2043 3749 2210 3806 genus
2240 3735 2548 3792 humanum.
2587 3737 2702 3792 Non
2735 3739 2878 3793 enim
2905 3739 2958 3793 in
2989 3747 3190 3794 tantum
3225 3741 3334 3795 eris
3372 3741 3586 3797 absurda

1973 3826 2094 3894 dus,
2126 3835 2181 3881 ut
2208 3825 2376 3892 dicas,
2408 3835 2626 3895 peccato
2653 3827 2768 3896 ejus
2808 3828 2965 3883 laasos
2988 3843 3109 3884 esse
3138 3829 3220 3882 vel
3248 3829 3366 3884 lmdi
3390 3830 3586 3885 homi-t.

1974 3934 2072 3975 nes
2094 3918 2414 3982 nescientes,
2435 3918 2516 3972 vel
2537 3933 2639 3971 non
2660 3919 2943 3973 credentes
2967 3928 3141 3973 utrum
3161 3919 3338 3984 fuerit,
3361 3930 3418 3974 et
3437 3914 3587 3988 (μεῖόν

1975 4011 2143 4080 egerit
2174 4027 2186 4064 :
2218 4009 2344 4080 quia
2383 4009 2483 4063 etsi
2509 4008 2810 4063 nescientes
2849 4009 3095 4064 homines
3121 4010 3316 4079 aliquid
3344 4010 3562 4065 imitan-

1976 4109 2081 4167 tur,
2109 4115 2174 4156 eo
2202 4107 2378 4154 tamen
2426 4107 2642 4169 peccato
2684 4098 2802 4152 lmdi
2833 4107 2889 4154 et
2916 4097 3029 4153 ﬁeri
3062 4109 3393 4169 peccatores,
3421 4101 3562 4169 quod

1976 4201 2100 4247 ante
2123 4205 2380 4246 annorum
2408 4191 2572 4246 millia
2601 4189 2798 4250 factum
2822 4205 2943 4246 esse
2965 4190 3229 4258 nesciunt,
3255 4191 3413 4245 nimis
3437 4193 3567 4246 insl-

1978 4284 2186 4354 pienter
2198 4283 2330 4338 dicis
2346 4299 2362 4349 ;
2380 4281 2480 4338 nisi
2499 4281 2600 4337 hoc
2615 4291 2888 4350 peccatum
2908 4281 2974 4336 ad
2991 4297 3176 4336 omnes
3190 4283 3566 4352 generationes

1980 4374 2236 4430 transisse
2278 4373 2512 4429 fatearis.
2556 4372 2808 4428 Dicentes
2835 4383 3011 4427 autem
3050 4371 3193 4442 quod
3221 4371 3350 4426 Adae
3379 4385 3567 4440 pecca-

1980 4476 2090 4522 tum
2121 4467 2292 4537 ipsum
2335 4465 2510 4521 solum
2555 4463 2784 4530 heserit,
2826 4473 2880 4518 et
2911 4478 3017 4517 non
3043 4477 3211 4533 genus
3251 4462 3563 4524 humanum,

1980 4560 2080 4616 nisi
2105 4559 2383 4613 damnaret
2405 4555 2669 4624 Pelagius,
2701 4552 3050 4609 damnaretur
3075 4553 3144 4608 ab
3167 4553 3248 4607 eis
3271 4550 3563 4621 judieibus,

1981 4650 2072 4720 qui
2099 4647 2376 4704 hiauit-luci
2406 4646 2586 4715 utique
2612 4659 2717 4698 non
2742 4652 2890 4698 sunt.

2053 4738 2230 4796 CVlll.
2260 4737 2376 4794 ιω..
2407 4736 2588 4792 Gratia
2623 4749 2752 4790 vero
2793 4734 3004 4790 Domini
3047 4733 3174 4790 Jesu
3219 4733 3420 4789 Christi
3458 4749 3567 4792 non

1982 4841 2064 4888 est
2093 4832 2163 4887 ita
2189 4831 2334 4894 data,
2365 4837 2425 4884 ut
2444 4843 2539 4898 per
2557 4828 2763 4898 singula
2795 4835 3030 4897 peccata,
3059 4825 3210 4896 quasi
3239 4840 3337 4896 per
3359 4826 3567 4896 singula

1985 4923 2225 4987 vulnera,
2257 4921 2460 4990 singula
2489 4933 2702 4988 quoque
2749 4916 3090 4987 indulgentis
3120 4915 3356 4972 remedia
3385 4917 3569 4986 provi-

1985 5013 2157 5080 deret,
2200 5010 2529 5079 diversisque
2567 5007 2974 5079 baptismatibus
3014 5006 3247 5074 peccatis
3286 5006 3448 5060 variis
3475 5022 3568 5061 ve.
3609 5041 3617 5048 -

1986 5107 2129 5166 niam
2157 5104 2454 5174 praeberet:
2487 5099 2580 5155 sed
2629 5114 2726 5168 pro
2760 5096 3145 5152 efﬁcacissimae
3173 5107 3434 5165 potestate
3461 5114 3572 5153 me-

1987 5197 2205 5260 dicinte,
2227 5209 2344 5263 qua:
2375 5189 2707 5255 criminibus,
2735 5187 2787 5242 id
2811 5195 2914 5253 est,
2943 5187 3099 5241 mala:
3129 5188 3420 5242 voluntatis
3438 5203 3571 5258 epe-

1988 5289 2138 5345 rihus
2195 5286 2508 5342 admovetur
2534 5321 2550 5347 ,
2612 5281 2682 5335 ita
2755 5280 3109 5334 communiter
3166 5279 3456 5343 subvenit,
3514 5287 3575 5334 ut

1989 5380 2228 5436 diversas
2253 5374 2455 5445 species
2484 5379 2720 5427 reatuutn
2753 5370 2906 5425 unius
2943 5371 2993 5424 vi
3022 5367 3439 5426 consecrationis
3475 5368 3576 5422 ab-

1990 5478 2722 5626 8mitti...Quomodocumque
2747 5553 2894 5609 dicas
2913 5552 3089 5608 datam
3111 5549 3334 5622 gratiam
3363 5541 3577 5604 Domini

2057 5696 2075 5730 ι
2102 5701 2186 5743 Its.
2209 5698 2351 5750 ναι-ιη
2376 5696 2644 5740 ωιαισω.

2059 5758 2081 5791 ⁸
2103 5757 2176 5808 sic
2197 5761 2300 5806 Mss.
2327 5746 2382 5802 At
2404 5751 2539 5814 editi,
2563 5746 2808 5800 voluntati.
