4004 6190
1753 159 1835 170 .9.-

339 325 470 380 1191

331 437 713 507 experientiam
741 449 848 492 non
869 432 1065 488 fuisse?

404 534 540 588 Aea.
569 530 613 585 0
637 527 958 585 dementiam
985 517 1340 592 singularem!
1373 513 1485 570 IIoc
1507 512 1779 582 disputare
1802 515 1906 573 est,

335 638 402 676 an
425 620 694 676 insanire?
711 616 842 672 Cum
867 613 1084 669 miseria
1108 625 1168 666 se
1191 616 1343 663 natos
1363 620 1484 662 esse
1505 601 1707 675 parvuli
1735 597 1913 655 ﬂendo

339 719 632 771 testantur,
671 720 806 776 quos
846 719 952 759 non
982 702 1060 755 vis
1085 699 1352 756 Christum
1387 693 1586 750 habere
1611 691 1792 764 Iesum
1817 707 1833 753 ;
1860 697 1915 744 et

339 803 516 858 felices
543 814 638 855 eos
664 798 833 864 dicis,
872 810 1009 866 quos
1045 801 1222 848 tamen
1261 789 1378 859 ejus
1417 801 1523 842 non
1545 787 1562 818 ⁸
1588 783 1824 839 admittis
1859 783 1912 837 in

339 907 556 963 regnum
591 908 604 943 :
632 888 772 960 quod
801 903 1020 957 regnum
1046 885 1092 939 si
1119 881 1409 938 christiana
1437 877 1698 934 eharitate
1723 875 1916 945 dilige-

337 999 454 1050 res,
484 982 551 1036 ab
577 979 669 1035 illo
696 978 932 1064 separari
959 989 1203 1046 magnam
1231 986 1351 1027 esse
1391 969 1662 1025 miseriam
1701 965 1913 1038 judica-

339 1087 448 1128 res.

409 1163 617 1220 CXVII.
645 1162 766 1218 Jun.
812 1159 920 1216 Sed
959 1158 1027 1214 de
1054 1159 1195 1214 bono
1220 1156 1394 1210 facere
1436 1151 1684 1208 meliores
1711 1166 1728 1206 :
1755 1158 1926 1221 atque

340 1256 407 1312 ad
455 1271 623 1311 unum
670 1254 883 1324 quidem
928 1251 1117 1306 collem
1158 1261 1372 1314 omnes,
1417 1259 1553 1315 quos
1589 1241 1920 1310 susceperit,

341 1345 774 1402 sanctificationis
797 1341 1026 1399 evehere
1045 1341 1087 1407 ⁸,
1113 1337 1210 1395 sed
1256 1353 1360 1393 non
1403 1349 1591 1390 omnes
1635 1332 1689 1387 in
1735 1331 1922 1387 eadem

343 1437 592 1492 vitiorum
622 1433 812 1504 palude
835 1429 1266 1501 deprehendere;
1297 1441 1483 1482 verum
1524 1424 1656 1480 alios
1687 1421 1926 1477 invenire

345 1529 400 1586 in
425 1536 566 1582 statu
593 1525 952 1581 innocentium
976 1565 991 1588 ,
1024 1523 1158 1578 alios
1185 1523 1236 1575 in
1263 1519 1453 1574 studiis
1482 1516 1781 1572 noxiorum.
1813 1513 1926 1569 Hoc

345 1637 474 1692 ergo
499 1621 620 1691 quia
646 1620 873 1674 dicimus
897 1659 912 1683 ,
943 1615 1084 1686 quod
1113 1613 1235 1668 lidei
1275 1611 1502 1666 sanitate
1525 1650 1541 1676 ,
1569 1606 1816 1678 praesidio
1842 1620 1927 1659 ra-

345 1714 425 1770 tio
443 1710 586 1777 iis',
645 1718 804 1779 atque
851 1705 1212 1776 intelligentiae
1256 1702 1452 1772 pietate
1508 1699 1783 1763 munitur,
1833 1711 1929 1766 per

347 1799 487 1870 quod
517 1807 573 1855 et
597 1799 792 1854 Christi
818 1802 984 1868 gratia
1017 1796 1138 1865 jure
1177 1794 1454 1854 laudatur,
1501 1805 1600 1846 nec
1625 1791 1734 1844 Deo
1760 1787 1930 1858 appli-

347 1899 500 1944 catur
538 1890 679 1944 ullus
717 1897 928 1951 reatus;
977 1898 1030 1940 tu
1054 1884 1187 1940 dicis
1223 1883 1588 1937 auctoritatem
1615 1887 1805 1934 nutare
1829 1876 1930 1933 Sa-

348 1981 644 2048 cramenti,
695 1990 854 2050 atque
898 1978 1155 2034 acumine
1193 1975 1392 2045 pistillo
1436 1973 1581 2029 omni
1620 1971 1931 2026 obtunsiore

350 2071 546 2127 asseris
565 2111 580 2137 ,
626 2070 823 2125 auferri
854 2069 1226 2124 auctoritatem
1252 2067 1480 2137 gratiae,
1520 2064 1622 2119 nisi
1649 2064 1700 2119 ei
1727 2063 1930 2118 calum.

352 2160 532 2216 niandi
576 2159 832 2231 ﬂagitium
875 2159 1247 2222 adscribatur,
1289 2155 1392 2210 nisi
1424 2155 1645 2224 justitite
1690 2153 1930 2208 instituta

353 2250 668 2321 perverterit
689 2291 705 2314 ,
737 2250 838 2304 nisi
863 2249 945 2303 his
968 2248 1058 2318 qui
1085 2247 1362 2302 scientiam
1389 2261 1496 2300 non
1526 2245 1756 2311 habent,
1795 2243 1932 2298 alie-

353 2357 440 2396 na:
482 2339 824 2397 conscientia:
866 2339 1068 2394 crimen
1118 2336 1434 2408 impegerit;
1481 2342 1752 2405 postremo
1799 2333 1933 2389 nihil

351 2445 470 2486 eam
498 2429 744 2496 efficere,
777 2429 956 2484 sinon
984 2429 1039 2482 in
1076 2427 1323 2483 omnibus
1363 2425 1699 2481 uuiformiter
1737 2422 1931 2494 praedi-

353 2531 504 2576 cetur
531 2520 763 2591 operari.

423 2613 560 2667 Aue.
610 2610 746 2679 Quid
796 2619 880 2665 est
927 2607 1068 2680 quod
1121 2622 1386 2674 acumen,
1433 2621 1540 2662 non
1581 2621 1796 2672 meum,
1839 2605 1936 2662 sed

354 2705 591 2759 omnium
616 2703 1002 2764 catholicorum
1027 2701 1414 2771 disputatorum
1439 2741 1455 2766 ,
1486 2714 1606 2754 cum
1631 2698 1824 2768 quibus
1849 2698 1934 2754 in-

352 2808 670 2849 concussum
703 2801 878 2856 teneo.
905 2792 1048 2862 quod
1079 2792 1272 2846 frustra
1297 2790 1615 2846 labefactare
1639 2789 1932 2856 conamini,

355 2887 552 2956 pistillo
594 2883 1010 2954 comparandum
1051 2883 1292 2954 putasti?
1330 2885 1410 2937 An
1436 2883 1579 2952 quod
1604 2897 1700 2936 vos
1723 2880 1939 2952 fragiles

352 2995 627 3050 conterat,
672 2986 870 3040 sentire
911 2983 1119 3053 cmpisti
1147 2981 1211 3038 ⁵2
1252 2981 1318 3037 Et
1360 2990 1533 3036 tamen
1557 2981 1649 3052 qui
1669 2979 1817 3036 velut
1839 2979 1938 3035 de-

353 3077 594 3131 fensione
617 3075 839 3145 jnstitiae
864 3058 962 3129 D‘ei
984 3073 1169 3128 niteris
1189 3113 1206 3137 ,
1237 3079 1294 3127 ut
1317 3079 1529 3127 evertas
1557 3069 1696 3141 quod
1721 3070 1788 3125 de
1818 3085 1935 3140 par~

356 3166 597 3221 vulornm
640 3179 743 3219 non
772 3171 1201 3234 regeneraton
1231 3161 1574 3217 damnatione
1603 3169 1712 3215 tota
1736 3158 1938 3215 Christi

356 3257 519 3313 sentit
566 3255 803 3312 Ecclesia
831 3297 845 3321 ,
891 3268 1158 3325 nunquam
1203 3252 1442 3307 dicturus
1478 3265 1538 3306 es
1563 3264 1729 3322 grave
1753 3250 1939 3320 jugum

354 3363 517 3416 super
561 3346 808 3415 parvulos
850 3344 990 3400 unde
1018 3345 1088 3399 sit
1112 3344 1312 3414 justum
1332 3384 1349 3411 ,
1380 3342 1426 3397 si
1456 3356 1560 3396 non
1588 3340 1802 3396 trahunt
1825 3341 1943 3394 ori--

358 3436 538 3508 ginale
567 3445 860 3505 peccatum.
890 3434 997 3489 Nec
1020 3433 1284 3498 advertis,
1312 3447 1408 3488 vos
1434 3432 1610 3501 potius
1635 3440 1942 3500 pervertere

355 3527 593 3582 instituta
627 3525 843 3594 iustitia:
865 3564 880 3590 ,
909 3533 962 3578 et
987 3523 1088 3577 hoc
1112 3522 1488 3592 omnipotentis
1516 3520 1638 3587 Dei,
1669 3535 1700 3575 a
1725 3535 1834 3591 quo
1860 3521 1942 3576 vel

357 3616 459 3670 sub
484 3629 590 3684 quo
618 3615 772 3668 istam
805 3627 1015 3684 pmnam
1045 3613 1161 3667 sine
1189 3612 1297 3667 ullo
1323 3611 1516 3666 merito
1543 3609 1944 3666 innumerabili-

360 3709 458 3762 bus
495 3705 730 3761 omnium
768 3705 1039 3760 hominum
1081 3705 1346 3771 millibus,
1375 3703 1476 3759 hoc
1499 3714 1583 3760 est
1605 3744 1620 3769 ,
1653 3703 1938 3775 imaginum

361 3797 453 3852 Dei
481 3837 497 3863 ,
524 3811 554 3850 a
579 3795 666 3851 die
693 3796 866 3850 exitus
890 3795 957 3850 de
983 3807 1172 3851 ventre
1198 3795 1383 3850 matris
1408 3809 1593 3850 eorum
1616 3834 1632 3860 ,
1661 3794 1836 3850 dicitis
1863 3795 1940 3850 ir-

360 3887 556 3958 rogari.
585 3886 864 3941 Postremo
886 3928 902 3954 ,
933 3902 1200 3958 nunquam
1221 3885 1457 3942 dicturus
1479 3901 1568 3954 es,
1599 3886 1740 3942 unde
1767 3888 1836 3942 sit
1855 3887 1941 3958 ju-

356 3989 495 4032 stum
525 3986 584 4030 ut
609 3976 810 4046 parvuli
840 3977 982 4032 nulla
1005 3992 1122 4045 sua,
1145 3977 1288 4032 nulla
1309 3975 1622 4049 plerumque
1644 3977 1804 4033 etiam
1824 3992 1942 4033 suo-

357 4088 474 4128 rum
515 4074 666 4143 culpa
687 4115 702 4139 ,
739 4074 854 4129 sine
884 4073 1206 4143 Baptismate
1235 4073 1466 4138 mortui,
1499 4089 1528 4128 a
1556 4075 1862 4144 parentibus
1887 4084 1943 4133 et

361 4164 667 4234 prepinquis
692 4163 934 4218 fidelibus
954 4172 1285 4234 separentur,
1307 4172 1364 4218 et
1385 4163 1451 4218 ad
1477 4164 1568 4219 Dei
1591 4180 1811 4236 regnum
1832 4180 1939 4222 non

357 4252 703 4309 admittantur
722 4295 737 4319 ,
779 4267 878 4308 nec
908 4252 1046 4308 inter
1075 4267 1201 4307 vasa
1229 4252 1365 4308 facta
1395 4254 1448 4308 in
1477 4253 1732 4309 honorem
1757 4294 1772 4321 ,
1803 4255 1942 4310 sicut

354 4344 445 4398 alii
474 4343 674 4414 parvuli
703 4341 949 4412 baptizati
972 4382 987 4408 ,
1009 4340 1103 4397 sed
1125 4341 1266 4397 inter
1283 4357 1406 4397 vasa
1433 4341 1568 4398 facta
1589 4343 1642 4398 in
1662 4354 1940 4400 contume-

357 4434 482 4488 liam
522 4435 664 4505 (quia
709 4433 914 4489 nullum
941 4442 1024 4487 est
1049 4433 1262 4488 tertium
1289 4448 1458 4504 genus
1483 4434 1752 4508 vasorum)
1778 4476 1794 4502 ,
1823 4437 1939 4494 sine

360 4525 483 4581 ullis
523 4527 676 4580 malis
723 4524 928 4580 meritis
951 4523 1290 4594 deputentur.
1320 4525 1570 4596 DiSplieet
1593 4527 1736 4584 enim
1762 4527 1937 4585 haere-

360 4616 477 4670 tica:
519 4613 811 4684 prudentiae
853 4624 1044 4669 vestra:
1065 4656 1080 4682 ,
1122 4616 1263 4686 quod
1287 4617 1544 4674 catholica
1572 4618 1703 4677 fides
1727 4620 1934 4692 credit,

359 4715 701 4776 posteaquam
724 4703 899 4758 ierunt
918 4718 1104 4758 omnes
1127 4719 1192 4759 ex
1215 4721 1320 4761 uno
1343 4706 1395 4762 in
1415 4709 1932 4780 condemnationem,

359 4797 411 4851 in
452 4796 570 4851 aliis
608 4795 722 4850 lleri
755 4793 1172 4850 misericordiam
1206 4797 1420 4867 gratiae,
1452 4798 1506 4854 in
1535 4800 1655 4855 aliis
1678 4801 1937 4870 judicium

361 4889 596 4944 veritatis
617 4902 832 4944 manere
847 4927 864 4954 ,
889 4902 986 4957 per
1007 4887 1398 4960 investigabiles
1422 4891 1634 4947 Domini
1655 4893 1790 4961 vias,
1814 4909 1936 4965 qua:

359 4981 618 5038 universae
641 4988 764 5034 sunt
784 4977 1145 5034 misericordia
1165 4989 1218 5034 et
1241 4981 1432 5036 veritas
1452 4980 1621 5052 (Psal.
1644 4997 1793 5045 XXIV,
1818 4985 1932 5054 l0).

419 5069 660 5125 CXVIII.
686 5068 804 5124 Jun.
833 5069 888 5124 Id
916 5084 1044 5140 ergo
1069 5079 1233 5126 totum
1251 5113 1265 5138 ,
1297 5086 1392 5142 per
1413 5072 1554 5142 quod
1579 5074 1799 5129 stultitia
1822 5092 1937 5130 sor-

355 5163 546 5218 dentes
585 5161 889 5231 decipiebas
915 5163 1122 5218 animos
1141 5205 1156 5231 ,
1185 5172 1272 5221 tua
1295 5164 1624 5236 expositione
1652 5167 1936 5224 evanuisse

357 5251 694 5310 manifestum
721 5260 822 5306 est.

356 5453 904 5578 "tu
924 5455 1001 5508 hic
1022 5457 1196 5508 omissa
1217 5457 1268 5507 in
1293 5457 1455 5519 editis,
1478 5460 1670 5512 tametsi
1692 5466 1864 5513 exstet
1887 5464 1936 5514 in

417 5575 439 5608 ⁸
462 5581 511 5636 tu
532 5575 659 5636 las,
684 5575 870 5628 vehere.

961 307 1203 368 OPERIS
1243 302 1654 364 IMPERFEC’I‘I
1693 296 1961 354 CONTRA
2003 297 2360 366 JULIANUM,
2401 298 2458 355 S.
2501 299 2863 358 AUGUSTINI

2087 417 2222 470 Auc.
2248 415 2541 482 Evanuisti,
2571 417 2665 472 sed
2689 427 2765 483 ιιι,
2787 415 2878 488 qui
2904 417 3086 474 videre
3104 417 3187 474 vel
3217 418 3462 476 conﬁteri
3487 438 3601 482 non

2017 506 2099 561 vis
2121 509 2489 562 remissionem
2518 518 2852 578 peccatorum
2879 511 3036 564 etiam
3057 511 3125 564 ad
3153 511 3274 566 illos
3297 515 3600 584 pertinere,

2017 598 2107 668 qui
2134 614 2295 653 unum
2317 599 2552 654 habent:
2579 600 2645 654 ad
2668 616 2825 670 quam
2855 599 3222 657 medicinalem
3246 603 3472 672 gratiam
3493 616 3602 663 non

2022 691 2290 761 pertinent
2332 692 2534 760 parvuli
2556 733 2570 756 ,
2601 692 2645 744 si
2673 692 2870 746 nullum
2895 692 3092 746 habent
3119 710 3133 746 :
3161 708 3295 764 quos
3323 694 3483 765 impie
3508 710 3605 750 ne-

2020 784 2154 838 catis
2177 784 2194 815 ¹
2211 823 2227 848 ,
2256 784 2379 854 quia
2414 785 2494 839 eis
2515 785 2832 840 salvatorem
2859 786 3085 855 negatis.

2092 873 2276 930 CXIX.
2303 875 2423 931 Jun.
2445 876 2576 930 Nam
2601 891 2721 930 cum
2743 877 3028 946 Apostolus
3055 879 3361 946 pronuntiat
3381 921 3397 946 ,
3425 879 3607 935 Gratia

2023 975 2191 1021 autem
2232 983 2295 1021 ea;
2333 968 2505 1022 multis
2541 967 2734 1021 delictis
2772 971 2826 1022 in
2857 969 3309 1039 justiﬁcationem,
3339 981 3395 1027 et
3423 972 3523 1028 hoc
3548 985 3607 1028 tu

2024 1059 2157 1115 dicis
2195 1060 2250 1114 in
2291 1061 2524 1133 parvulis
2549 1060 2763 1130 quidem
2793 1075 2899 1116 non
2925 1076 3081 1130 posse
3105 1072 3386 1129 constare;
3419 1065 3472 1118 in
3502 1066 3608 1120 illis

2026 1162 2202 1208 autem
2225 1193 2241 1218 ,
2280 1153 2368 1222 qui
2407 1151 2515 1222 jam
2546 1152 2796 1222 perfecta:
2823 1154 2995 1209 astatis
3019 1164 3141 1209 sunt
3163 1195 3177 1219 ,
3205 1155 3333 1210 solis
3359 1155 3480 1211 ideo
3507 1159 3609 1212 im-

2027 1243 2196 1313 pleri,
2238 1245 2360 1313 quia
2404 1243 2472 1298 ad
2501 1259 2661 1298 unum
2689 1243 2816 1298 illud
2841 1244 2944 1299 alia
2969 1259 3178 1316 quoque
3204 1256 3350 1302 motu
3379 1250 3610 1318 proprias

2027 1334 2313 1390 voluntatis
2331 1335 2627 1390 addiderint
2649 1349 2665 1400 ;
2692 1336 2962 1390 confiteris
2985 1335 3099 1390 sine
3117 1336 3279 1392 dubio
3301 1376 3317 1402 ,
3343 1337 3608 1393 diversam

2028 1439 2148 1480 esse
2184 1425 2546 1496 operationem
2584 1425 2769 1495 gratiae
2804 1440 2903 1496 pro
2927 1425 3235 1481 diversitate
3259 1426 3606 1482 venientium.

2031 1515 2088 1570 In
2123 1514 2208 1570 his
2243 1515 2472 1586 quippe,
2499 1515 2589 1584 qui
2618 1524 2763 1570 motu
2792 1515 3016 1586 propriae
3043 1515 3327 1571 voluntatis
3353 1525 3570 1572 utuntur
3589 1557 3606 1584 ,

2031 1605 2262 1675 suppetit
2285 1605 2333 1660 ei
2363 1606 2580 1660 materia
2609 1605 2867 1676 gloriandi
2891 1621 2905 1670 ;
2934 1607 3054 1676 quia
3079 1623 3144 1661 ex
3172 1608 3350 1662 multis
3371 1609 3612 1665 crimini-

2033 1697 2132 1752 bus
2158 1697 2210 1750 in
2226 1697 2655 1766 justilicationem
2672 1738 2688 1762 ,
2712 1689 2846 1766 quos
2865 1697 3155 1766 adoptavit,
3179 1697 3390 1753 educit:
3417 1701 3465 1753 in
3490 1715 3614 1770 par-

2034 1787 2169 1842 vulis
2195 1795 2372 1842 autem
2393 1827 2409 1850 ,
2439 1787 2734 1841 secundum
2760 1796 2812 1842 te
2837 1827 2852 1854 ,
2875 1786 3140 1857 jejunius.
3171 1790 3443 1858 angustius
3461 1831 3478 1859 ,
3500 1795 3616 1847 esi-

2034 1875 2170 1942 Iius,
2213 1891 2313 1932 nec
2349 1877 2548 1931 virtute
2585 1891 2774 1947 magna
2798 1919 2812 1943 ,
2846 1892 2946 1932 nec
2973 1877 3235 1933 medicina
3261 1879 3450 1934 idonea
3472 1922 3485 1946 ,
3513 1896 3614 1937 nec

2037 1965 2314 2022 honestate
2341 1965 2485 2020 salva
2500 2006 2517 2034 ,
2541 1982 2640 2022 nec
2664 1967 2866 2036 pudore
2880 1981 3074 2022 securo
3097 2009 3113 2034 ,
3147 1984 3310 2023 unum
3338 1969 3464 2024 illud
3490 1985 3616 2041 pee-

2032 2067 2212 2113 catum
2237 2073 2298 2114 se
2332 2059 2590 2129 promittit
2623 2059 2864 2124 auferre,
2904 2059 3047 2130 quod
3088 2076 3188 2117 nec
3223 2061 3410 2117 debuit
3437 2064 3614 2134 impu-

2037 2157 2151 2205 tare
2177 2165 2193 2215 ;
2224 2158 2279 2206 et
2302 2165 2370 2206 ex
2395 2149 2498 2204 hoc
2518 2165 2625 2206 uno
2649 2191 2664 2218 ,
2689 2165 2824 2221 quos
2849 2150 3078 2218 liberat,
3107 2151 3159 2206 in
3177 2151 3613 2221 justilicationem

2035 2250 2260 2298 conatur
2281 2242 2546 2298 emittere.
2824 2289 2831 2296 .

2108 2335 2244 2389 Auc.
2288 2332 2407 2388 Jam
2447 2348 2761 2404 responsum
2803 2343 2888 2390 est
2921 2352 2934 2389 :
2975 2333 3161 2391 eadem
3192 2335 3415 2392 multum
3441 2336 3614 2405 dicis,

2039 2437 2146 2478 non
2171 2423 2490 2479 inveniendo
2508 2424 2632 2494 quid
2657 2425 2824 2480 dicas.
2851 2423 2984 2480 Cum
3009 2425 3181 2482 dicitis
3203 2427 3400 2482 nullum
3423 2442 3620 2497 pecea-

2040 2525 2152 2571 tum
2202 2515 2434 2585 parvulis
2475 2515 2840 2586 imputaudum
2865 2558 2881 2584 ,
2927 2517 3173 2588 injustam
3202 2517 3372 2572 facitis
3405 2519 3570 2573 Deum
3596 2561 3616 2588 ,

2039 2605 2130 2676 qui
2155 2605 2234 2662 eis
2261 2621 2424 2676 grave
2446 2605 2628 2678 jugum
2649 2623 2678 2662 a
2707 2607 2794 2663 die
2813 2608 2988 2664 exitus
3005 2608 3072 2664 de
3095 2616 3276 2663 ventre
3299 2609 3482 2664 matris
3508 2611 3620 2664 im-

2041 2699 2218 2769 posuit
2257 2696 2443 2771 (Eccli.
2493 2714 2570 2754 ιι.
2590 2739 2604 2765 ,
2638 2698 2711 2772 1).
2739 2699 2889 2768 Quod
2916 2701 3017 2755 etsi
3042 2700 3312 2771 Scriptura
3337 2716 3443 2755 non
3472 2701 3615 2757 diec-

2041 2796 2126 2844 ret
2145 2828 2163 2854 ,
2189 2789 2310 2858 quis
2337 2797 2442 2843 tam
2468 2803 2642 2844 caecus
2669 2797 2755 2844 est
2787 2798 2965 2844 mente
2983 2831 2998 2856 ,
3027 2790 3116 2860 qui
3145 2805 3250 2845 non
3271 2789 3444 2845 videat
3464 2791 3625 2846 mise<

2041 2878 2176 2934 riam
2201 2879 2412 2949 generis
2439 2877 2655 2934 humani
2684 2893 2714 2933 a
2744 2877 2957 2935 ﬂetibus
2977 2880 3212 2950 incipere
3237 2882 3573 2950 parvulomm
3595 2882 3624 2938 τ

2041 2970 2292 3042 Injustam
2321 2972 2490 3028 facitis
2513 2974 2672 3029 etiam
2702 2974 2798 3030 Dei
2821 2975 2989 3046 legem
3011 3017 3026 3042 ,
3055 2991 3172 3046 quae
3196 2985 3385 3032 octavo
3408 2977 3494 3034 die
3515 2994 3620 3034 non

2039 3065 2340 3122 circumcisi
2380 3067 2610 3122 animam
2649 3067 2866 3123 damnat
2889 3067 3102 3125 infantis
3129 3069 3278 3142 (Gen.
3311 3086 3418 3126 xvu
3441 3114 3456 3139 ,
3491 3073 3575 3145 l4)
3603 3091 3621 3126 :

2043 3169 2236 3212 vanum
2270 3171 2482 3228 quoque
2509 3157 2760 3228 judicatis
2783 3174 2904 3215 esse
2931 3169 3250 3230 prmeeptum
3276 3204 3292 3229 ,
3319 3163 3405 3218 ubi
3432 3163 3631 3219 sacrit}-

2042 3245 2183 3302 cium
2212 3262 2308 3318 pro
2354 3259 2591 3318 peccato,
2641 3248 2843 3304 infante
2866 3259 3023 3314 nato,
3047 3251 3265 3322 jubetur
3290 3253 3471 3310 oﬂ‘erri
3498 3253 3609 3323 (Le-

2043 3338 2130 3393 uit.
2155 3353 2224 3394 sn
2243 3379 2258 3404 ,
2287 3338 2320 3393 6
2338 3347 2385 3393 et
2404 3339 2484 3409 7).
2505 3339 2560 3395 Si
2585 3349 2762 3396 autem
2793 3349 2972 3398 reatus
3001 3342 3101 3398 iste
3129 3344 3377 3415 originis,
3401 3354 3453 3401 et
3474 3344 3616 3402 Scri-

2047 3437 2199 3498 ptura
2240 3437 2422 3484 sancta
2467 3430 2738 3499 proditur,
2782 3441 2836 3486 et
2874 3431 2988 3501 ipse
3012 3446 3072 3488 se
3101 3433 3313 3503 prodit;
3341 3436 3498 3490 etiam
3521 3435 3619 3492 hoc

2045 3525 2322 3588 peceatum
2363 3520 2501 3575 inter
2530 3520 2619 3575 illa
2645 3530 2726 3576 est
2752 3522 2914 3576 multa
2942 3535 3153 3592 peccata
3179 3565 3196 3592 ,
3229 3539 3293 3580 ex
3317 3526 3508 3596 quibus
3530 3526 3617 3597 ju-

2044 3613 2241 3669 stilicat
2275 3615 2441 3685 gratia
2463 3655 2479 3682 ,
2517 3631 2636 3686 qua:
2671 3618 2919 3688 parvulos
2955 3633 3167 3689 quoque
3191 3635 3257 3674 ex
3283 3618 3382 3675 hac
3409 3620 3620 3676 miseria

2046 3704 2329 3762 beatificat.
2359 3708 2422 3762 Et
2449 3707 2548 3764 hoc
2575 3723 2681 3762 non
2705 3711 2756 3763 in
2779 3709 2883 3764 isto
2904 3712 3102 3766 seculo
3117 3753 3131 3776 ,
3153 3711 3294 3782 quod
3317 3712 3620 3768 universum

2046 3795 2186 3851 Deus
2225 3797 2530 3854 hominibus
2567 3799 2732 3854 voluit
2767 3815 2888 3855 esse
2925 3803 3167 3872 poenale,
3199 3818 3266 3858 es
3292 3819 3398 3874 quo
3422 3804 3622 3872 primos

2043 3887 2288 3946 homines
2311 3889 2454 3946 foras
2475 3891 2544 3948 de
2565 3893 2790 3961 paradisi
2815 3892 3065 3950 felicitate
3085 3895 3286 3950 dimisit
3308 3912 3324 3962 ;
3355 3895 3447 3951 sed
3470 3897 3522 3950 in
3549 3895 3622 3952 fn-

2045 3992 2166 4040 turo
2183 3995 2385 4040 aeterno
2407 4025 2423 4052 ,
2454 3985 2594 4040 unde
2615 4001 2756 4042 nunc
2781 3987 3024 4044 Christus
3046 3989 3297 4045 membris
3317 3990 3427 4046 suis
3451 3993 3622 4047 sancti

2045 4074 2274 4146 Spiritus
2299 4075 2486 4146 pignus
2512 4075 2764 4146 impertit.

2113 4167 2275 4224 CXX.
2300 4166 2417 4222 Jun.
2443 4166 2733 4224 Confessus
2755 4183 2816 4224 es
2843 4184 2974 4240 ergo
2995 4169 3150 4226 aliter
3167 4171 3376 4242 operari
3397 4171 3620 4243 gratiam

2044 4258 2097 4313 in
2127 4257 2449 4328 majoribus,
2482 4258 2636 4314 aliter
2663 4258 2716 4314 in
2741 4259 3055 4315 minoribus.
3081 4260 3191 4317 Nec
3213 4261 3498 4333 quidquam
3518 4279 3619 4334 pu-

2043 4351 2166 4406 tes'
2203 4350 2536 4419 responsioni
2579 4361 2682 4406 tua:
2723 4351 2967 4407 relictum
3008 4352 3143 4420 loci,
3176 4353 3220 4408 si
3247 4353 3478 4422 inferas,
3510 4368 3621 4409 ma-

2039 4455 2197 4511 gnam
2217 4440 2431 4511 quidem
2451 4482 2466 4507 ,
2497 4440 2594 4498 sed
2621 4443 2674 4496 in
2693 4443 3007 4498 remissione
3035 4452 3371 4513 peccatorum
3398 4458 3518 4501 esse
3537 4443 3622 4500 di-

2039 4533 2330 4600 stantiam;
2375 4543 2432 4589 ut
2475 4534 2578 4591 etsi
2615 4550 2778 4590 unum
2826 4544 3101 4606 peceatum
3126 4579 3141 4604 ,
3173 4546 3349 4593 tamen
3387 4539 3625 4594 inveniat

2039 4625 2182 4696 quod
2215 4627 2470 4682 remittat.
2505 4625 2696 4684 Verum
2728 4627 2859 4683 nihil
2889 4627 2990 4683 hac
3013 4630 3468 4699 argumentatione
3495 4645 3624 4700 pro-

2040 4732 2226 4773 moves
2254 4735 2267 4771 :
2300 4733 2476 4787 neque
2501 4718 2642 4772 enim
2668 4717 2834 4774 refert
2859 4718 2911 4774 in
2938 4733 3042 4788 qua
3065 4720 3248 4789 specie
3270 4721 3446 4775 varios
3469 4721 3623 4774 unius

2037 4807 2223 4875 gratia:
2260 4805 2476 4862 fatearis
2513 4807 2734 4864 effectus
2753 4849 2768 4873 ,
2800 4807 3090 4865 dummodo
3118 4811 3296 4867 varios
3323 4826 3479 4882 posse
3504 4826 3625 4867 esse

2039 4896 2257 4952 fateare.

2108 4989 2246 5046 Aue.
2287 4989 2444 5044 Aliud
2466 4998 2552 5045 est
2574 4990 2751 5046 varios
2773 4990 2994 5048 effectus
3030 4991 3215 5061 gratia:
3247 4991 3428 5047 dicere
3447 5034 3461 5058 ,
3505 4991 3626 5064 quia

2037 5088 2094 5136 et
2133 5079 2404 5151 Scriptura
2447 5089 2630 5138 sancta
2670 5081 3049 5138 multiformem
3087 5082 3219 5138 dicit
3265 5084 3488 5153 gratiam
3532 5083 3628 5143 Del

2039 5169 2082 5240 (I
2113 5168 2253 5225 Pet’r.
2282 5187 2364 5237 IV,
2398 5170 2520 5242 10);
2554 5183 2608 5228 et
2627 5171 2771 5231 aliud
2798 5181 2880 5229 est
2902 5174 3125 5243 gratiam
3150 5174 3480 5228 remissionis
3505 5188 3630 5246 pec-

2038 5267 2274 5314 catorum
2317 5262 2548 5330 parvulis
2586 5263 2854 5333 denegare
2878 5305 2893 5329 ,
2935 5278 3135 5334 eosque
3172 5265 3224 5318 in
3263 5264 3505 5321 Ecclesia
3531 5280 3626 5320 ve-

2038 5349 2210 5405 ritatis
2233 5391 2249 5415 ,
2300 5351 2345 5405 si
2385 5367 2490 5406 non
2528 5363 2789 5409 eruuntur
2823 5356 2893 5409 de
2933 5365 3198 5424 potestate
3233 5357 3582 5414 tenebrarum
3605 5398 3625 5426 ,

2037 5443 2364 5501 mendaciter
2391 5445 2680 5506 exorcizari
2717 5447 3094 5518 exsul'llanque
3114 5448 3440 5505 contendere
3458 5491 3472 5512 .
3494 5463 3625 5504 cum

2037 5549 2224 5603 magna
2274 5535 2461 5604 injuria
2513 5535 2818 5602 Creatoris,
2872 5537 2917 5593 si
2975 5554 3080 5597 non
3140 5538 3375 5610 indigent
3427 5540 3625 5599 auxilio

2108 5646 2354 5716 tam
2380 5654 2438 5716 δι
2461 5647 2597 5707 editi.
2621 5647 2822 5713 wait-

2107 5707 2130 5741 ⁸
2153 5707 2290 5769 aditi,
2305 5714 2461 5772 putas.
2484 5717 2538 5761 At
2557 5707 2858 5772 stasn'putes.
