4004 6190
302 316 442 389 itas

299 448 624 511 Salvatoris,
670 457 726 502 ut.
763 446 829 501 de
868 450 1129 516 potestate
1166 439 1464 508 deceptoris
1495 448 1772 495 eruantur.

367 537 556 593 CXXI.
585 536 701 592 ἕω..
742 535 852 606 Ego
890 535 1033 589 enim
1073 534 1175 588 hoe
1215 539 1499 586 contentus
1538 546 1688 594 sum,
1743 527 1884 599 quod

299 630 428 685 mihi
473 646 532 685 es
573 639 627 683 ιιι
675 629 801 683 dare
838 627 1141 694 compulsus
1167 667 1181 689 ,
1229 623 1351 693 quia
1395 622 1535 693 quod
1583 621 1887 690 priediCaVit

298 720 588 790 Apostolus
635 720 685 774 in
734 718 1048 773 liberalitate
1074 716 1293 785 gratim,
1335 730 1440 768 non
1487 714 1652 783 possit
1678 711 1884 767 cunctis

280 812 575 882 mquaiitcr
619 810 862 865 aetatibus
906 808 1193 864 convenire
1226 825 1237 859 :
1271 814 1325 860 ιιι
1363 806 1406 860 si
1453 804 1577 874 quid
1608 804 1882 868 attuleris,

298 902 440 973 quod
481 903 497 934 ί
536 911 591 956 et
636 901 688 955 in
734 900 903 971 prima
947 898 1277 955 nascentium
1320 903 1476 951 meite
1515 894 1885 950 remissionem

296 994 590 1049 conﬁrmes
644 990 897 1060 exsequi;
952 987 1081 1043 illud
1130 996 1304 1043 tamen
1354 1000 1458 1040 non
1502 983 1779 1039 admovisti
1827 984 1882 1047 ³,

298 1084 422 1153 quia
477 1098 585 1137 non
630 1080 957 1150 compleatur
1005 1077 1058 1133 in
1124 1076 1355 1147 parvulis
1404 1074 1545 1129 unde
1599 1072 1887 1143 Apostolus

296 1173 521 1243 gratiam
562 1170 758 1227 Christi
808 1168 1169 1240 proluuntiavit
1209 1181 1328 1221 esse
1373 1164 1709 1219 laudabilem.
1754 1162 1884 1216 Nam

297 1282 423 1321 eum
475 1265 788 1319 medicinam
845 1262 1116 1332 mysterii,
1169 1269 1384 1330 peccato
1431 1257 1586 1326 primi
1624 1255 1884 1321 hominis,

297 1372 458 1426 quem
498 1356 720 1409 formam
742 1353 762 1386 ³
792 1352 954 1407 fuisse
994 1349 1253 1414 docebat,
1280 1346 1623 1418 sequentibus
1652 1345 1886 1399 antefer-

298 1455 417 1512 ret,
440 1446 546 1510 ait,
573 1443 611 1498 Ι
615 1444 836 1498 udicium
861 1459 923 1497 ea:
953 1458 1053 1496 uno
1080 1440 1263 1494 delicto
1290 1439 1343 1493 in
1376 1436 1843 1492 condemnationem
1868 1478 1883 1501 ,

274 1538 467 1609 ‘gratia
518 1548 711 1590 autem-
745 1552 808 1589 ex
860 1534 1033 1588 multis
1088 1532 1282 1586 delictis
1337 1530 1391 1584 in
1445 1528 1883 1600 justi/icationetn.

297 1628 435 1682 lllud
479 1642 605 1697 ergo
646 1642 741 1695 per
784 1624 922 1696 quod
957 1623 1184 1694 prcetulit
1221 1620 1442 1691 gratiam
1464 1660 1480 1687 ,
1512 1619 1632 1689 quia
1659 1632 1725 1673 ex
1752 1616 1889 1671 mul-

298 1717 372 1772 tis
398 1716 642 1773 videlicet
676 1715 884 1771 delictis
904 1711 1339 1784 justiﬁeationem
1368 1718 1620 1780 operatur
1637 1749 1652 1773 ,
1679 1723 1778 1763 nec
1798 1722 1887 1761 se-

291 1807 530 1862 ctindum
572 1816 624 1862 te
647 1813 854 1862 constat
881 1808 931 1858 in
963 1802 1227 1873 parvulis;
1259 1809 1416 1872 atque
1440 1799 1509 1854 ad
1536 1800 1637 1854 hoc
1659 1840 1675 1864 ,
1702 1814 1890 1868 quam-

296 1900 383 1955 vis
413 1899 772 1963 reluctareris,
804 1906 1061 1952 attractus
1087 1910 1145 1950 es
1166 1934 1183 1961 ,
1215 1904 1274 1949 ut
1299 1907 1405 1948 non
1427 1891 1700 1962 aequaliter
1727 1891 1780 1944 in
1808 1889 1886 1944 di-

293 1992 475 2046 versis
503 1992 746 2045 a-tatibus
771 1988 993 2058 gratiam
1020 1987 1246 2041 faterere
1271 1982 1491 2038 versari.

368 2082 505 2138 Ace.
529 2082 644 2138 Jam
682 2096 993 2150 responsum
1020 2088 1102 2134 est
1134 2096 1148 2132 :
1178 2092 1309 2130 vana
1338 2073 1592 2144 loqueris.
1620 2073 1869 2129 Gloriosa

290 2185 379 2229 est
406 2175 577 2245 gratia
610 2174 722 2238 Dei,
745 2173 905 2229 etiam
944 2187 1065 2225 cum
1095 2169 1314 2224 dimittit
1366 2168 1576 2237 singula
1627 2182 1885 2236 quorum-

289 2283 400 2338 que
429 2276 682 2336 peccata;
713 2263 832 2333 quia
856 2273 911 2317 et
950 2262 1061 2331 ipsa
1088 2259 1293 2330 singula
1335 2257 1402 2311 ad
1434 2273 1552 2312 eam
1590 2256 1887 2311 multitudi-

292 2373 419 2412 nem
439 2355 708 2425 pertineat
735 2360 1095 2415 peetratorum,
1126 2366 1191 2403 ex
1230 2364 1330 2419 qua
1357 2346 1617 2417 justilicat
1647 2345 1889 2414 homines

290 2450 384 2520 qui
430 2447 638 2502 salvum
687 2445 812 2498 facit
855 2442 1105 2512 populum
1143 2454 1298 2493 suum
1345 2453 1375 2491 a
1416 2435 1650 2506 peccatis
1702 2450 1886 2489 eorum

295 2538 526 2610 (Blattlt.
559 2551 609 2596 ι,
636 2534 737 2603 ιιι)
772 2533 877 2586 :ad
920 2546 1079 2601 quem
1133 2529 1381 2599 populum
1427 2524 1737 2596 dignissime
1780 2537 1888 2577 non

297 2626 597 2699 pertinetis,
618 2623 738 2695 quia
768 2622 1016 2693 parvulas
1052 2617 1119 2673 ad
1150 2633 1268 2672 eum
1301 2616 1567 2687 pertinere
1613 2629 1717 2671 neu
1762 2616 1888 2693 Vni-3

300 2721 393 2773 tis.
1692 2752 1693 2755 η

370 2809 577 2865 CXX".
611 2807 731 2863 Jcc.
759 2802 910 2873 Quod
938 2817 1056 2859 eum
1088 2808 1359 2872 receptum
1396 2807 1481 2856 est
1518 2814 1548 2854 a
1598 2807 1670 2865 te,
1720 2812 1887 2868 appa-

298 2901 409 2957 ruit
438 2900 630 2954 nullatn
656 2897 817 2951 fuisse
844 2894 1216 2949 necessitatem
1265 2898 1470 2944 naturae
1522 2887 1769 2955 humana)
1790 2900 1883 2940 ea-

300 2991 556 3045 lutnuiam
582 2986 903 3050 concitandi,
932 2985 1001 3039 ob
1031 2983 1133 3038 hoc
1157 2981 1328 3038 solum
1354 3022 1369 3045 ,
1421 2994 1489 3034 ne
1539 2975 1887 3049 Baptismatis

299 3080 469 3150 magis
518 3080 683 3149 gratia
724 3076 899 3130 varios
949 3074 1144 3129 habere
1199 3088 1295 3143 pro
1340 3070 1581 3126 aetatibus
1620 3069 1885 3123 diceretur

310 3171 552 3227 eﬂ‘ectus.
582 3169 696 3236 Quo
727 3165 1086 3239 persuasionis
1136 3163 1314 3219 colore
1363 3160 1610 3224 sublato,
1660 3157 1703 3212 si
1757 3155 1885 3228 quid

300 3276 585 3319 nervorum
617 3260 799 3322 habes,
825 3258 870 3312 si
899 3256 1025 3328 quid
1049 3254 1263 3326 ingenii,
1292 3251 1339 3308 si
1360 3250 1486 3323 quid
1512 3248 1723 3303 virtutis
1745 3288 1760 3316 ,
1788 3262 1886 3301 an-

301 3357 475 3411 nitere
506 3353 732 3424 probare
770 3350 1010 3405 naturale
1038 3356 1345 3420 peccatum,
1401 3342 1541 3414 quod
1599 3341 1746 3398 vides
1794 3355 1884 3397 ra-

302 3448 475 3513 tione,
513 3444 849 3507 auctoritate,
870 3442 1117 3511 aequitate
1144 3438 1492 3493 destructum.
1521 3433 1636 3513 Quo
1657 3432 1797 3489 enim
1824 3446 1886 3488 es

302 3540 560 3608 deceptus
593 3535 811 3599 intuitu,
834 3541 893 3586 ιιι
918 3529 1354 3588 commixtionem
1373 3512 1679 3596 corporum,
1723 3538 1885 3595 quam

304 3626 750 3691 Deusinstttuit‘,
777 3635 831 3681 et
861 3622 1283 3679 conciliatricem
1332 3617 1499 3688 ipsius
1545 3614 1886 3672 commixtio-

302 3721 389 3775 nis
409 3719 734 3788 voluptatem
759 3730 1006 3779 sexuum,
1037 3726 1155 3783 qua:
1188 3721 1292 3765 tam
1326 3710 1378 3762 in
1407 3707 1711 3762 hominibus
1726 3718 1885 3776 quam

303 3809 357 3865 in
379 3808 661 3879 pecoribus
687 3806 893 3876 vigens,
925 3811 1197 3857 auctorem
1227 3814 1382 3853 suum
1423 3812 1544 3852 eum
1573 3811 1728 3866 quem
1762 3810 1886 3851 cor—

303 3899 712 3971 porumindirat
741 3895 1075 3951 conditorem
1102 3934 1116 3959 ,
1144 3888 1338 3945 diaboli
1378 3903 1512 3960 opus
1545 3895 1599 3941 et
1645 3886 1887 3940 fruticem

305 4004 526 4047 vocares
542 3989 566 4043 ?
1794 4020 1801 4026 -

378 4079 514 4135 Anc.
539 4077 808 4133 Erubesce
839 4095 852 4130 :
887 4082 941 4129 tu
968 4090 1028 4131 es
1054 4075 1143 4129 ille
1187 4069 1429 4127 laudator
1472 4067 1724 4123 libidinis.
1757 4067 1890 4122 Erti-

303 4171 488 4235 besee,
511 4168 725 4238 inquam
751 4184 764 4220 :
800 4165 964 4221 libido
994 4165 1114 4230 ista,
1145 4179 1262 4234 qua:
1292 4160 1384 4216 tibi
1421 4158 1648 4215 multum
1679 4157 1849 4228 placet
1872 4199 1886 4222 ,

305 4268 496 4317 centra
522 4273 679 4327 quam
706 4270 927 4312 necesse
955 4263 1039 4309 est
1067 4264 1124 4307 ut
1154 4260 1371 4324 pugnet,
1400 4251 1489 4321 qui
1540 4264 1644 4304 non
1688 4246 1800 4301 vult
1840 4247 1890 4302 ei

306 4345 1024 4406 soilicitanticonsentiendo
1069 4352 1376 4414 perpetrare
1422 4347 1695 4413 peceatum
1727 4380 1740 4401 ,
1783 4354 1890 4394 non

304 4442 492 4499 eratin
523 4439 767 4513 paradiso
811 4445 933 4491 ante
983 4443 1277 4505 peccatum.
1332 4437 1437 4487 Aut
1461 4446 1586 4500 ergo
1633 4430 1776 4485 nulla
1820 4429 1891 4483 ibi

308 4541 451 4598 erat,
474 4541 566 4587 aut
588 4531 914 4585 voluntatem
932 4526 1125 4581 mentis
1154 4541 1250 4579 nec
1277 4521 1610 4594 praecedebat
1631 4563 1645 4585 ,
1671 4535 1769 4575 nec
1795 4533 1891 4574 ex-

306 4623 556 4679 cedebat.
598 4620 713 4676 Non
745 4628 826 4674 est
852 4618 969 4673 talis
1010 4615 1169 4672 modo
1198 4634 1211 4670 :
1244 4614 1345 4667 hoc
1390 4613 1441 4666 in
1481 4627 1540 4667 se
1569 4611 1683 4683 ipso
1732 4610 1895 4665 sentit

308 4715 493 4768 omnis
528 4713 718 4776 homo;
749 4721 804 4766 et
827 4718 878 4764 tu
911 4708 1070 4762 homo
1110 4721 1189 4761 es.
1227 4703 1427 4759 Cohibe
1468 4701 1728 4758 renitendi
1777 4709 1893 4754 stu-

320 4803 506 4867 dium,
552 4810 608 4857 et
661 4814 895 4872 agnosce
924 4798 1114 4852 vitium
1156 4795 1178 4827 ⁸
1203 4794 1343 4849 unde
1370 4790 1605 4846 trahitur
1636 4786 1910 4858 originale

320 4904 629 4966 peceatum.
665 4890 779 4946 Hoc
805 4892 860 4946 in
889 4888 1195 4944 hominibus
1223 4882 1532 4955 propagatis
1580 4880 1908 4935 invenerunt

320 4988 528 5056 nuptias
545 5025 560 5049 ,
590 5000 697 5038 non
724 4982 965 5037 fecerunt
989 4998 1002 5034 :
1028 4980 1131 5034 hoc
1156 4978 1177 5009 ⁸
1200 4976 1522 5032 necessitate
1547 4979 1789 5035 utuntur,
1821 4984 1910 5025 ca-

323 5080 513 5134 stitate
547 5079 684 5134 bene
698 5084 944 5143 utuntur,
968 5072 1170 5130 ideirco
1192 5071 1337 5126 nulla
1365 5069 1573 5123 ratione
1602 5065 1902 5134 culpantur.

322 5168 443 5225 Hoc
472 5169 524 5223 in
560 5169 849 5238 pecoribus
881 5167 1001 5222 ideo
1032 5180 1141 5221 non
1163 5171 1247 5218 est
1286 5160 1505 5223 malum,
1539 5157 1665 5227 quia
1709 5170 1815 5210 non
1850 5154 1906 5209 in

326 5261 409 5316 eis
428 5275 559 5316 caro
572 5258 904 5330 concupiscit
933 5258 1190 5314 adversus
1211 5251 1458 5324 spiritum
1486 5263 1501 5302 :
1528 5248 1672 5318 quod
1709 5245 1911 5300 malum

377 5406 396 5469 ξ
423 5402 561 5459 Fditi,
583 5414 692 5466 quo.
717 5406 845 5469 "$.83
864 5398 1026 5469 σαοάο.
1056 5458 1086 5469 ..

377 5465 397 5494 ³
423 5470 489 5512 ua
511 5461 618 5511 Mss.
641 5471 696 5514 Αι
715 5461 850 5519 editi,
873 5461 1105 5510 amovisti.

381 5523 695 5593 ‘atenardus,
736 5515 847 5585 ante
890 5523 1111 5593 formam.
1151 5518 1441 5582 vignierius,
1482 5515 1565 5581 qui
1596 5515 1646 5568 in
1670 5517 1894 5580 formam.

308 5583 616 5646 mitigantur
634 5599 700 5634 ex
722 5583 1074 5645 manseriptis.

380 5648 402 5714 ξ
425 5644 585 5714 (inde:
612 5653 756 5702 Port.,
773 5656 899 5714 gnte
916 5653 1041 5714 [gens
1064 5639 1281 5696 instituit.

381 5705 405 5738 ⁸
424 5708 496 5755 sic
511 5712 619 5755 uss.
649 5715 701 5755 Αι
724 5705 859 5761 editi,
881 5705 1087 5755 initium.

389 5762 410 5794 ⁸
429 5768 568 5829 aliti,
592 5767 700 5816 hac.
728 5766 897 5815 Melius
920 5776 1042 5824 .tzss.,
1058 5765 1164 5814 hoc.

651 5854 921 5913 ΡΑτῐιοι..
953 5849 1132 5919 XLV,

1616 323 1821 379 LIBER
1858 282 2232 380 SECUNDUS.

3435 318 3569 371 ΗΜ

1998 436 2048 490 in
2080 434 2383 491 hominibus
2407 435 2698 490 sanandum
2730 444 2809 491 est
2836 434 3070 489 bonitate
3099 434 3306 498 divina,
3338 450 3442 488 nou
3471 435 3573 489 hu-

1996 542 2148 580 mana
2180 527 2411 581 vanitate
2435 526 2781 581 laudandum.

2064 615 2295 671 CXXIII.
2324 615 2440 672 Joc.
2470 616 2600 683 Qum
2625 626 2802 669 autem
2832 616 2971 670 ratio
2990 615 3105 678 iuit,
3135 625 3192 671 ιιι
3224 615 3394 684 primo
3428 616 3441 646 ¹
3480 614 3566 669 in-

1996 707 2529 763 uocentiamcrimine
2554 708 2821 762 sauciares
2844 708 3021 762 alieno
3041 747 3055 773 ,
3084 707 3279 761 dehinc
3314 722 3425 760 retu
3448 717 3562 759 stu—

1996 797 2202 851 diorum
2234 797 2459 851 tnisccre
2482 797 2775 851 seminibus
2801 796 3110 851 conareris?

2070 888 2204 943 Ara.
2236 887 2436 941 Eadem
2484 902 2579 956 pnr
2623 885 2961 940 eademdieis
2994 904 3008 940 :
3036 885 3130 941 sed
3181 885 3364 955 procul
3409 884 3568 940 dubio

1996 988 2118 1033 sunt
2146 996 2277 1034 vana
2305 981 2326 1010 ³
2345 995 2462 1048 qua:
2489 979 2642 1033 dicis.
2678 978 2873 1033 Natura
2908 979 3045 1033 bona
3068 987 3190 1033 sunt
3218 977 3445 1044 semina,
3478 976 3568 1031 sed

1993 1074 2246 1125 vitiantur
2270 1080 2324 1127 et
2348 1073 2573 1137 semina,
2606 1071 2790 1142 eisque
2816 1070 3012 1125 vitiatis
3035 1082 3395 1141 propagantur
3413 1082 3468 1127 ct
3494 1072 3576 1126 vi-

1996 1162 2088 1214 tia.
2143 1163 2340 1217 Saltem
2382 1160 2589 1232 species
2626 1171 2678 1217 te
2731 1176 3015 1231 corporum
3067 1160 3290 1225 doceat.
3338 1177 3567 1233 quorum

1994 1268 2115 1307 cum
2141 1255 2210 1308 sit
2240 1254 2414 1318 epifex
2460 1269 2668 1309 summe
2710 1254 2878 1315 bonus
2906 1261 2961 1308 et
2984 1253 3132 1308 nullo
3158 1253 3284 1308 vitio
3305 1254 3571 1323 deprava-

1995 1354 2113 1408 tus,
2146 1345 2329 1400 vitiosa
2359 1355 2532 1400 tamen
2562 1346 2724 1401 multa
2756 1353 3045 1400 nascuntur
3071 1360 3084 1397 :
3111 1352 3166 1399 et
3200 1346 3378 1415 utique
3404 1344 3451 1400 si
3485 1361 3578 1400 ue-

1993 1452 2082 1492 mo
2104 1448 2395 1506 peccasset,
2440 1438 2582 1491 nulla
2613 1438 2665 1491 in
2688 1437 2935 1508 paradiso
2962 1438 3081 1492 talia
3109 1448 3476 1493 nascerentur.

2062 1527 2296 1584 CXXIV.
2318 1528 2439 1584 JUL.
2470 1528 2542 1585 Ut
2561 1529 2872 1599 Baptismati
2900 1529 3180 1584 veritatem
3198 1529 3428 1599 propria:
3443 1543 3575 1599 ope-

1994 1618 2215 1675 rationis
2239 1618 2510 1674 auferres?
2540 1628 2595 1674 ut
2627 1620 2755 1684 Deo,
2778 1619 2865 1689 qui
2900 1627 3042 1676 totus
3074 1619 3299 1690 mquitas
3327 1629 3411 1675 est
3432 1620 3567 1688 {qui

1993 1710 2108 1764 sine
2129 1710 2329 1780 justitia
2356 1710 2496 1767 Deus
2526 1725 2644 1766 esse
2671 1726 2778 1764 non
2804 1717 3014 1780 potest,
3036 1710 3327 1780 perspicuae
3375 1693 3575 1780 iniqui:
3626 1729 3632 1735 ·

1996 1802 2117 1858 tatis
2132 1803 2333 1858 crimen
2363 1802 2757 1859 adscriberes?
3085 1810 3089 1814 ‘

2059 1894 2197 1950 Αυο.
2230 1894 2338 1949 Vos
2365 1892 2469 1949 hoc
2506 1895 2682 1964 potius
2728 1893 2900 1959 facitis
2928 1912 2945 1951 :
2972 1895 3227 1965 quoniam
3271 1894 3318 1950 si
3368 1893 3575 1965 parvuli

1993 1985 2108 2041 siue
2121 1985 2284 2041 ullius
2311 1987 2512 2054 peccati
2558 1987 2747 2041 merito
2775 1994 3095 2056 premuntur
3122 1985 3272 2056 gravi
3292 1986 3442 2057 iugo,
3471 1986 3570 2041 ini-

1993 2090 2129 2144 quus
2177 2083 2262 2132 est
2288 2076 2425 2132 Deus
2455 2094 2469 2128 :
2500 2076 2595 2131 sed
2620 2077 2740 2147 quia
2769 2078 2857 2132 ille
2883 2092 2989 2133 non
3033 2087 3120 2133 est
3169 2079 3401 2149 iniquus,
3433 2088 3488 2133 ιιι
3511 2093 3572 2134 es

1993 2164 2361 2221 ealumniosus
2373 2173 2429 2221 et
2452 2180 2648 2225 cmcus.

2062 2254 2419 2311 CXXV.JUL.
2466 2256 2617 2324 Tam,
2667 2256 2901 2328 inquam,
2952 2260 3285 2330 perspicuae,
3341 2270 3398 2316 ut
3449 2261 3571 2332 ipse

1994 2344 2130 2401 hanc
2153 2346 2423 2416 injustitia:
2449 2348 2703 2417 speciem,
2728 2364 2884 2418 quam
2922 2350 3039 2419 ejus
3081 2351 3327 2407 mentiris
3379 2351 3577 2407 adlue-

1992 2451 2109 2491 rere
2127 2435 2365 2506 judieiis,
2391 2436 2522 2508 legis
2548 2453 2657 2493 sua:
2685 2439 3005 2496 auctoritate
3027 2440 3386 2498 damnaverit.

2061 2525 2195 2583 Ave.
2220 2527 2275 2581 In
2293 2527 2410 2598 ejus
2431 2527 2548 2599 lege
2575 2529 2831 2598 scriptum
2857 2537 2964 2597 est,
2993 2530 3227 2586 animam
3271 2533 3495 2603 parvuli,
3521 2534 3567 2590 si

1989 2617 2077 2672 die
2097 2627 2287 2673 octavo
2313 2636 2419 2676 nou
2449 2621 2886 2685 circumcidatur,
2916 2621 3253 2679 interituram
3282 2624 3349 2681 de
3374 2627 3572 2697 populo

1989 2724 2087 2764 suo
2116 2708 2269 2780 (Gen.
2303 2727 2438 2779 xvn,
2468 2712 2555 2783 {4)
2584 2729 2598 2765 :
2635 2727 2742 2782 quo
2765 2713 3000 2769 merito?
3025 2713 3132 2781 die,
3179 2714 3225 2770 si
3270 2725 3441 2786 potes.
3465 2716 3571 2773 Sed

1989 2801 2209 2861 omnino
2237 2818 2345 2859 non
2374 2811 2548 2873 potes;
2574 2812 2629 2859 et
2661 2813 2835 2859 tamen
2889 2804 3148 2876 originale
3178 2817 3451 2877 peccatum
3475 2826 3571 2865 ne-

1988 2892 2165 2962 gando
2193 2910 2297 2948 non
2328 2902 2495 2951 taces.

2058 2982 2297 3042 CXXVI.
2324 2987 2443 3043 JUL.
2473 2987 2605 3054 Quae
2646 3004 2774 3059 ergo
2818 2999 2895 3045 ιοι
2919 2990 2940 3022 ³
2967 2990 3415 3073 blasphemiarum
3475 3010 3568 3046 ne-

1990 3078 2210 3134 cessitas
2238 3078 2355 3145 fuit,
2387 3080 2431 3136 si
2486 3096 2587 3136 nec
2636 3082 2735 3136 ista
2790 3097 2946 3152 quam
2993 3083 3384 3154 amplexabaris
3425 3084 3573 3139 fuit?

1990 3166 2119 3234 Qua:
2143 3168 2357 3237 quidem
2385 3168 2517 3224 nihil
2536 3171 2735 3226 habens
2755 3173 3032 3238 momenti,
3057 3181 3234 3227 tamen
3260 3175 3403 3229 velut
3426 3191 3570 3245 qua:-

1989 3256 2111 3313 dam
2144 3259 2319 3314 tabula
2364 3260 2665 3328 videbatur,
2696 3276 2855 3331 quam
2887 3262 2936 3315 in
2970 3271 3118 3318 tanto
3145 3264 3418 3336 naufragio
3443 3282 3573 3320 con-

1992 3350 2211 3419 tineres,
2243 3367 2402 3423 quam
2432 3353 2588 3409 victis
2635 3353 2884 3409 remisisti
2910 3395 2926 3419 ,
2974 3370 3100 3411 sero
3149 3356 3308 3422 licet,
3337 3359 3571 3414 lacertis.

1994 3437 2061 3499 lit
2087 3442 2230 3497 enim
2275 3458 2360 3499 res
2403 3444 2721 3514 repetitione
2768 3444 3205 3504 clarescatzideo
3248 3448 3573 3506 Mauiebmus

1990 3531 2296 3590 credebaris
2325 3534 2393 3589 ab
2422 3534 2616 3605 ineptis
2640 3534 2937 3606 quibusque
2971 3537 3280 3595 tolerandos
3310 3581 3326 3605 ,
3358 3557 3425 3596 ne
3448 3558 3575 3613 gra-

1992 3626 2079 3682 tite
2105 3625 2302 3683 Christi
2332 3641 2439 3683 non
2470 3627 2522 3682 in
2554 3628 2802 3684 omnibus
2822 3645 2925 3685 una
2953 3629 3234 3686 efficientia
3264 3633 3572 3689 videretur:

1990 3717 2178 3775 adhoc
2200 3728 2252 3773 ιιι
2284 3733 2443 3784 nunc,
2466 3718 2584 3774 sine
2606 3712 2797 3774 adacto
2819 3728 3003 3776 nostro
3021 3718 3064 3787 ⁸,
3094 3723 3441 3790 expositionis
3465 3732 3567 3779 ιιιειι

1992 3809 2331 3880 processibus
2380 3810 2634 3878 intulisti,
2683 3810 2866 3865 dicens
2915 3812 3157 3879 Apostoli
3200 3815 3519 3868 sententiam
3552 3855 3568 3879 ,

1992 3916 2111 3970 qua:
2138 3899 2234 3965 ait,
2264 3897 2442 3953 Gratia
2465 3909 2631 3954 autem
2651 3915 2715 3954 ex
2748 3900 2918 3955 multis
2944 3899 3138 3955 delictis
3164 3904 3218 3955 in
3238 3904 3571 3972 justi/iratio-

1993 4007 2127 4057 nem,
2159 3992 2212 4044 in
2248 3989 2553 4044 hominibus
2581 3988 2796 4060 quidem
2829 3989 3047 4057 majoris
3082 3992 3253 4045 :etatis
3281 4007 3435 4059 posse
3460 4033 3476 4057 ,
3519 3994 3569 4046 iu

1995 4083 2225 4153 parvulis
2252 4095 2377 4137 vero
2402 4096 2506 4134 non
2536 4096 2692 4151 posse
2710 4080 2988 4149 compleri;
3016 4080 3109 4136 sed
3139 4096 3258 4136 esse
3293 4082 3346 4136 in
3378 4097 3572 4151 parvu-

1996 4173 2061 4227 lis
2086 4171 2227 4227 aliud
2261 4171 2492 4236 hrevius,
2525 4170 2738 4237 exilius,
2765 4171 3026 4240 egentius;
3053 4171 3193 4242 quod
3243 4173 3363 4227 licet
3391 4182 3443 4227 tu
3471 4190 3569 4229 ex-

1994 4267 2218 4338 cogites,
2243 4275 2417 4320 tamen
2439 4280 2772 4336 nequaquam
2803 4265 3001 4320 dixisse
3037 4268 3349 4337 Apostoltuu
3404 4268 3572 4324 eonfi-

1998 4360 2142 4414 teris.

2067 4453 2203 4508 Aea.
2232 4450 2520 4523 Relegatur
2540 4449 2683 4522 quod
2709 4450 2802 4506 tibi
2825 4465 3143 4521 responsum
3168 4460 3268 4518 est,
3298 4463 3356 4507 ut
3378 4452 3575 4510 intelli-

1995 4550 2149 4612 gatur
2166 4551 2217 4597 te
2243 4542 2370 4598 nihil
2384 4542 2579 4607 dicere,
2609 4549 2662 4597 et
2686 4550 2861 4596 tamen
2887 4549 3062 4597 tacere
3081 4557 3186 4598 non
3214 4558 3390 4613 posse,
3411 4542 3575 4599 homo

1998 4632 2258 4705 linguose.
2309 4632 2491 4688 Gratia
2512 4647 2576 4685 ex
2601 4631 2782 4687 multis
2812 4631 3019 4688 delictis
3047 4632 3210 4688 mittit
3235 4633 3570 4705 iujustilica-

2002 4725 2219 4789 tionem,
2246 4738 2366 4779 eum
2391 4723 2594 4776 salvum
2622 4720 2747 4776 facit
2769 4722 2925 4777 Jesus
2942 4724 3197 4795 populum
3228 4739 3382 4780 suum
3401 4741 3428 4779 a
3450 4742 3576 4797 pec-

1999 4816 2132 4870 catis
2159 4829 2364 4869 eorum.
2414 4811 2471 4868 in
2497 4810 2698 4868 eisdem
2744 4813 2926 4869 multis
2950 4816 3149 4871 invenit
3177 4817 3336 4872 etiam
3368 4819 3575 4889 singula

2001 4906 2342 4978 parvulorum
2376 4904 2857 4976 :quemadmodum
2909 4906 3119 4962 etiamsi
3164 4917 3382 4978 peccata
3419 4912 3579 4981 origi-

2001 4999 2139 5054 nalia
2162 4998 2303 5054 nulla
2345 4981 2544 5061 essent,
2573 4997 2625 5052 in
2663 4997 2869 5053 eisdem
2910 4996 3377 5071 multio‘inveniret
3406 5001 3428 5033 ⁸
3457 5017 3579 5071 pee-

2003 5108 2128 5149 care
2154 5092 2516 5162 incipientinm
2543 5091 2702 5145 etiam
2730 5087 2937 5159 singula
2956 5087 3309 5161 graii'diorum
3345 5133 3363 5155 ,
3387 5096 3578 5166 quibus

2003 5187 2067 5241 ad
2089 5174 2282 5241 Christi
2321 5183 2585 5253 Baptisma
2615 5180 2948 5236 venientibus
2998 5181 3142 5237 nullo
3180 5182 3341 5239 modo
3369 5184 3578 5239 dicere-

2006 5289 2110 5344 tur,
2135 5276 2247 5332 Non
2278 5273 2496 5344 potestis
2549 5271 2707 5326 modo
2735 5271 3009 5340 baptizari,
3040 5272 3166 5342 quia
3199 5273 3431 5329 nondum
3480 5273 3578 5327 ha-

2069 5392 2086 5421 ι
2114 5388 2228 5439 editi
2253 5398 2272 5436 :
2294 5393 2408 5445 once
2427 5383 2606 5436 maan
2625 5382 2750 5435 ratio
2762 5382 2872 5446 fuit,
2895 5382 2945 5436 in
2965 5381 3124 5448 primo
3150 5396 3171 5436 :
3193 5384 3338 5436 male.

2069 5452 2090 5482 ³
2112 5450 2248 5508 Editi,
2271 5461 2383 5498 ima.
2406 5453 2533 5507 5185.,
2556 5457 2696 5497 varia.

2071 5513 2092 5545 ³
2109 5518 2158 5560 In
2177 5519 2300 5570 mss,
2326 5514 2438 5558 tota.

2070 5573 2092 5604 δ
2116 5566 2358 5622 Editiodes
2378 5567 2586 5620 uenardi
2611 5574 2665 5621 et
2685 5568 2831 5626 Iasii,
2858 5568 2961 5620 sine
2982 5566 3196 5619 adducta
3218 5571 3393 5626 nostra.

2071 5635 2093 5666 ⁸
2117 5635 2407 5697 \ignierius,
2445 5629 2578 5697 nulla
2609 5636 2763 5681 essent
2798 5624 2850 5680 in
2892 5628 3293 5697 eisdrnt,__mu.'ta
3326 5624 3579 5697 inveniret.

2009 5689 2254 5805 “tum
2274 5706 2331 5745 ac
2354 5692 2623 5753 Meuanias,
2661 5700 2861 5759 peccata
2895 5689 3239 5753 incipiendum.
3264 5690 3584 5741 attenduntur

2014 5768 2079 5805 ex
2154 5770 2184 5779 ’λ

2014 5768 2184 5806 causa

2854 5829 3341 5912 {Trcnlc-huit.)
