3962 6180
380 386 514 442 1195

377 501 511 556 hetis
564 497 728 553 multa
781 492 1005 555 delicta;
1057 487 1225 559 gratia
1264 484 1406 541 enim
1437 499 1502 538 ex
1540 479 1724 536 multis
1753 474 1966 531 delictis

377 591 538 648 mittit
563 591 614 643 in
641 582 1094 657 justifieationem.
1132 577 1422 634 Verissime
1449 576 1647 646 quippe
1675 570 1967 641 responde—

378 693 518 745 rent.
549 682 603 736 In
632 676 970 733 multitudine
997 673 1341 740 delictorum,
1378 687 1447 726 ex
1471 670 1666 741 quibus
1713 665 1971 737 justificat

332 800 335 803 -
377 775 570 846 gratia,
598 771 756 825 etiam
781 777 960 823 nostra
988 766 1181 821 delicta
1211 772 1337 818 sunt
1364 760 1594 831 singula,
1626 758 1715 815 ubi
1772 756 1971 811 habent

376 868 540 936 ahqtti
568 863 740 933 plura,
770 858 931 930 aliqui
963 857 1236 928 pauciora,
1256 868 1378 924 qua:
1406 851 1569 907 simul
1623 863 1745 905 eum
1783 847 1968 918 singu-

377 956 442 1011 lis
472 954 669 1012 nostris
687 953 852 1008 multa
882 958 1008 1006 sunt
1025 949 1228 1005 o‘mnia.

451 1044 712 1105 CXXVII.
733 1043 852 1100 Juc.
880 1041 1044 1113 Igitur
1070 1048 1126 1095 et
1153 1036 1445 1094 secundum
1475 1044 1549 1100 te,
1578 1034 1631 1089 in
1652 1031 1970 1102 adoptione‘

388 1141 602 1212 quidem
626 1154 723 1208 per
758 1146 946 1191 omnes
981 1140 1167 1188 mtates
1215 1131 1402 1201 grati'e
1445 1136 1531 1185 est
1573 1127 1797 1198 aequalis
1843 1124 1975 1180 etle-

384 1245 501 1287 cms
530 1248 545 1283 :
570 1232 621 1285 in
649 1227 964 1283 remissione
992 1238 1120 1279 vero
1148 1228 1491 1293 peccatorum
1511 1230 1618 1274 non
1646 1219 1699 1272 in
1724 1216 1974 1273 omnibus

386 1335 469 1378 «st
494 1340 598 1377 una
621 1320 841 1375 taxatio.
860 1316 969 1374 Sed
994 1316 1075 1386 egi
1103 1314 1365 1369 hactenus
1390 1325 1549 1383 parce
1604 1310 1761 1364 nimis
1813 1318 1975 1378 atque

389 1415 655 1485 patienter
687 1429 701 1464 :

408 1517 413 1521 ‘
461 1506 596 1560 Αυο.
644 1502 701 1557 Si
743 1510 849 1555 tam
884 1498 1050 1553 multa
1101 1494 1336 1567 loqueris
1390 1506 1549 1563 parce
1595 1491 1823 1562 loquens
1852 1529 1868 1557 ,
1922 1499 1977 1543 ut

394 1613 554 1652 unum
576 1608 760 1650 meum
787 1593 978 1648 librum
1001 1590 1102 1660 (a),
1136 1604 1234 1643 nec
1260 1589 1432 1658 ipsum
1461 1594 1628 1641 totum
1658 1627 1671 1647 ,
1700 1582 1806 1638 tuis
1854 1590 1978 1636 octo

394 1689 542 1743 libris
567 1685 865 1750 insecteris;
898 1683 1120 1737 nimium
1150 1678 1363 1750 profusa
1387 1685 1442 1733 et
1470 1676 1740 1731 luxuriosa
1762 1681 1846 1729 est
1868 1688 1983 1741 par-

393 1781 623 1834 rimonia
655 1788 765 1833 tua.
794 1776 899 1831 Sed
922 1774 968 1829 si
997 1773 1253 1828 hactenus
1283 1784 1443 1839 parce
1483 1767 1675 1837 egisti;
1723 1779 1890 1835 quare
1924 1763 1980 1818 in

396 1885 502 1926 tam
530 1871 712 1925 multis
737 1870 922 1924 contra
945 1864 1222 1921 veritatem
1251 1862 1510 1925 clamans,
1538 1858 1733 1913 animae
1750 1865 1854 1911 tua:
1874 1870 1981 1910 non

398 1963 683 2036 p:-pereisti
699 1962 724 2015 ‘t

458 2052 748 2112 CXXVIII.
778 2051 897 2108 Jun.
930 2048 1214 2106 Prmmissa
1240 2047 1455 2102 scilicet
1474 2042 1840 2115 disputatione
1856 2057 1985 2112 pro-

398 2149 524 2202 bare
551 2152 855 2213 contentus,
886 2153 938 2197 te
966 2154 1178 2212 quoque
1199 2138 1289 2208 qui
1331 2136 1485 2192 nobis
1531 2134 1849 2191 seditionem
1889 2148 1989 2203 per

399 2240 500 2293 hoc
524 2234 813 2290 maximam
834 2230 1164 2295 coneit‘abas,
1190 2228 1372 2285 dicere
1417 2224 1756 2282 remissionis
1793 2238 1987 2296 pecca-

400 2341 575 2385 torum
600 2344 708 2384 non
750 2328 806 2382 in
831 2326 1039 2381 cunctis
1086 2338 1250 2379 uuam
1292 2330 1542 2377 constare
1580 2318 1882 2385 rationem;
1930 2328 1991 2375 ut

398 2422 609 2479 etiamsi
659 2435 821 2475 unum
869 2417 971 2474 hoc
1045 2415 1288 2471 naturale
1328 2421 1607 2484 peceatum
1661 2411 1990 2483 persuadere

402 2526 608 2586 posses,
633 2519 812 2565 tamen
838 2509 1071 2579 liqueret
1098 2505 1403 2561 necessario
1440 2503 1580 2571 diei,
1621 2518 1730 2559 non
1775 2514 1992 2574 semper

401 2602 767 2661 accedentium
794 2598 861 2655 ad
889 2599 1117 2672 gratiam
1145 2610 1311 2652 unum
1359 2602 1554 2650 statum
1580 2607 1741 2659 esse;
1779 2600 1834 2648 et
1888 2592 1991 2650 hoc

404 2696 641 2768 Apostoli
671 2690 1166 2759 dictum,ex'mullis
1181 2688 1377 2745 delictis
1423 2688 1482 2741 in
1522 2686 1944 2758 justi/motionem
1972 2728 1987 2754 ,

402 2791 456 2844 in
479 2787 658 2843 adulta
686 2785 880 2852 solum,
904 2784 1017 2839 non
1068 2790 1247 2838 autem
1291 2779 1454 2837 etiam
1508 2778 1562 2834 in
1611 2776 1782 2850 prima
1835 2785 1993 2835 :etate

404 2878 683 2950 eumpleri.

473 2977 617 3028 Atto.
645 2967 952 3026 Secundum
979 2974 1068 3022 tua
1090 2964 1414 3035 vaniloquia,
1444 2961 1613 3019 necin
1634 2961 1813 3019 adulta
1830 2968 1995 3019 atate

402 3065 701 3134 completur
744 3079 760 3117 :
803 3059 1052 3132 quoniam
1121 3057 1276 3113 multi
1324 3054 1491 3112 adulti
1542 3053 1745 3112 habent
1785 3054 1994 3126 singula

407 3154 637 3229 (etiamsi
658 3151 951 3209 secundum
970 3164 1067 3206 vos
1087 3158 1198 3204 neu
1224 3148 1423 3203 habent
1445 3146 1767 3219 originalia),
1795 3145 1991 3217 quibus

402 3245 628 3317 contigit
656 3242 838 3299 venire
860 3238 926 3298 ad
950 3240 1301 3311 Baptismum,
1316 3237 1531 3309 quando
1561 3252 1789 3308 peccare
1810 3250 1995 3308 empe-

403 3347 545 3404 ruut;
573 3336 737 3407 aliqui
762 3332 1135 3389 habentetiam
1157 3331 1498 3402 paucissima,
1524 3344 1632 3384 non
1655 3340 1833 3385 tamen
1854 3329 1997 3385 mul-

407 3440 457 3486 ta
484 3448 498 3485 :
528 3444 636 3485 non
666 3441 795 3497 ergo
825 3423 1165 3497 pertinebunt
1188 3422 1256 3477 ad
1298 3422 1440 3476 hanc
1491 3421 1717 3492 gratiam
1756 3420 1995 3489 Christi;

405 3521 658 3593 quoniam
685 3533 751 3573 ex
775 3515 958 3571 multis
995 3512 1208 3569 delictis
1243 3513 1333 3568 illa
1381 3512 1639 3583 justiiieat
1662 3554 1677 3578 ,
1722 3528 1843 3582 qua:
1890 3526 1997 3569 non

409 3608 705 3666 habentisti
736 3604 915 3677 :quod
945 3604 990 3658 si
1015 3602 1256 3675 quisquis
1284 3603 1443 3672 sapit,
1474 3602 1821 3660 ineffabiliter
1842 3603 1997 3660 desi-

408 3705 506 3774 pit.
540 3703 785 3772 Agnosce
820 3695 1093 3752 Christum
1136 3708 1208 3749 ex
1250 3694 1435 3749 multis
1459 3693 1671 3750 delictis
1690 3692 1998 3765 justiiican-

410 3805 536 3859 tem,
569 3792 882 3861 salvumque
906 3786 1189 3844 facientem
1239 3788 1492 3859 populum
1517 3803 1693 3856 suum,
1723 3789 1851 3845 etin
1896 3789 1997 3845 iis-

410 3891 534 3945 dem
584 3885 766 3942 multis
805 3882 1112 3955 intelligens
1135 3874 1294 3954 posse
1318 3882 1676 3952 quorumlibet
1726 3890 1783 3938 et
1830 3898 1997 3954 pauca

410 3989 461 4035 ct
483 3978 686 4050 singula
716 3975 1032 4047 computari,
1066 3972 1173 4028 noli
1200 3973 1268 4029 ab
1289 3974 1390 4030 hoc
1415 3975 1612 4045 populo
1641 3983 1839 4031 sortem
1867 3976 1986 4031 sub-

412 4072 628 4128 trahere
676 4068 1053 4140 parvulorum;
1081 4065 1241 4120 etiam
1269 4065 1401 4135 ipsis
1427 4064 1590 4122 crede
1637 4066 2001 4123 necessarium

412 4180 532 4222 esse
555 4161 759 4226 Iesum,
788 4158 878 4229 qui
899 4157 1004 4213 hoc
1049 4171 1157 4211 non
1182 4165 1423 4224 vocatur,
1472 4157 1574 4212 nisi
1623 4159 1748 4228 quia
1793 4159 1999 4214 salvum

412 4256 536 4311 facit
558 4251 809 4326 populum
830 4263 1008 4314 suum,
1031 4247 1085 4302 in
1115 4261 1223 4317 quo
1252 4246 1436 4318 utique
1454 4257 1579 4303 sunt
1615 4257 1670 4304 et
1700 4250 1906 4321 parvuli
1930 4293 1947 4319 ,
1969 4265 2000 4306 a

416 4346 649 4419 peccatis
676 4357 886 4400 eorum.

485 4436 723 4496 CXXIX.
754 4436 873 4494 Jac.
903 4433 1059 4492 Nunc
1082 4447 1213 4491 vero
1229 4447 1414 4489 assero
1439 4444 1846 4506 consequenter
1868 4437 2002 4493 nihil

416 4530 731 4602 Apostolum
760 4528 828 4584 de
848 4525 1138 4583 Manichma
1179 4524 1400 4581 traduce
1449 4527 1773 4598 suspicatum
1796 4546 1809 4582 :
1833 4538 2007 4586 osten-

420 4622 497 4675 dit
522 4621 719 4690 quippe
743 4617 810 4672 ad
832 4632 1048 4688 gravem
1101 4616 1350 4688 injuriam
1397 4619 1670 4689 pertinere
1716 4623 2005 4694 mysterio-

418 4729 559 4780 rum,
590 4710 635 4766 si
659 4716 1099 4780 compararentur
1122 4723 1216 4777 per
1231 4719 1424 4766 cuncta
1452 4712 1706 4781 peccatis.
1739 4713 1791 4770 id
1821 4723 1926 4781 est,
1957 4716 2005 4771 si

414 4818 525 4858 non
551 4798 819 4858 efficacius
840 4797 1123 4870 prodesset
1162 4799 1330 4869 gratia
1355 4839 1371 4865 ,
1412 4815 1570 4872 quam
1619 4804 1791 4876 culpze
1835 4805 2006 4862 forma

418 4895 708 4950 nocuisset.
736 4890 1021 4949 Maximam
1050 4902 1181 4963 ergo
1210 4889 1517 4949 christiana:
1541 4894 1666 4952 fidei
1692 4897 2005 4969 dignitatem

421 4990 475 5044 in
507 5003 573 5045 co
592 4978 840 5057 magister
870 4972 1124 5067 ‘entium
1156 4984 1460 5055 collocavit,
1517 4989 1659 5058 quod
1697 5004 1816 5045 eam
1865 4991 2009 5047 amr-

419 5079 587 5133 mavit
615 5084 885 5134 antestare
910 5077 1121 5134 delictis
1150 5077 1259 5133 :ob
1294 5077 1398 5133 hac
1448 5077 1524 5133 illi
1576 5094 1721 5136 cura:
1756 5081 1854 5138 fuit
1877 5123 1892 5150 ,
1951 5093 2009 5139 ut

426 5166 628 5223 morbis
651 5165 923 5221 veteribus
949 5165 1230 5223 medicinae
1255 5167 1533 5237 prteferret
1551 5168 1820 5226 effectum.

442 5280 449 5287 ι
496 5262 627 5316 Anc.
655 5256 804 5313 IIanc
826 5257 1143 5314 medicinam
1169 5260 1377 5330 negatis
1404 5262 1643 5331 parvulis
1661 5303 1678 5329 ,
1706 5279 1843 5333 quos
1880 5264 2008 5321 falsa

424 5361 481 5406 ct
511 5349 724 5406 inimica
752 5345 1068 5404 defensione
1115 5349 1294 5406 salvos
1341 5362 1462 5407 esse
1503 5353 1848 5409 contenditis.
1903 5355 2009 5412 Sed

421 5444 564 5499 Deus
585 5456 792 5507 eorum,
821 5440 911 5511 qui
937 5453 1005 5496 ex
1044 5454 1140 5495 ore
1173 5441 1452 5497 infantium
1498 5452 1658 5514 atque
1694 5444 2009 5504 laetantium

423 5536 700 5591 medicina:
727 5550 838 5591 suae
880 5532 1089 5606 perlicit
1127 5533 1374 5603 laudem,
1405 5535 1647 5606 profecto
1684 5548 1735 5592 et
1776 5552 1871 5594 vos
1918 5540 2012 5596 de-

485 5670 505 5703 ί
525 5669 601 5718 sic
621 5676 732 5719 uss.
755 5668 893 5731 Editi,
918 5664 1243 5733 adoptionem.

428 5749 779 5861 εέὲὶιὲὶὺηιω
824 5751 1011 5803 scilicet
1054 5749 1319 5804 secundum
1354 5753 1417 5804 de
1463 5756 1644 5817 Nuptiis
1688 5766 1739 5807 et
1782 5764 2014 5827 Concupi-

1063 364 1307 427 OPERIS
1348 361 1757 424 ISIPERFECTI
1795 355 2066 414 CONTRA
2108 354 2469 424 JULIINUII,
2512 356 2944 416 S..-\UCUSTINI

3522 364 3659 420 11υῦ

2075 477 2249 540 struit,
2282 477 2367 548 qui
2394 479 2471 533 eis
2497 479 2758 536 adhibetis
2804 480 3070 535 inimicam
3115 477 3505 548 defensionem,
3535 496 3655 537 cum

2077 570 2302 624 destruit
2332 571 2601 626 inimicum
2628 582 2683 627 et
2711 571 3068 630 defensorem.

2148 665 2364 722 CXXX.
2397 665 2514 721 JuL.
2549 666 2675 722 Inde
2699 667 2925 737 gratiam
2966 664 3201 722 ostendit
3246 679 3367 721 esse
3414 664 3653 721 laudabi-

2083 758 2210 827 lem,
2236 759 2280 814 si
2311 759 2361 814 ei
2384 775 2477 829 per
2495 761 2670 815 omnia
2701 759 3013 814 conveniret
3037 758 3179 830 quod
3219 757 3373 826 dixit,
3399 756 3662 812 Iudicium

2077 869 2141 906 ex
2168 868 2268 905 uno
2295 852 2348 905 in
2376 852 2861 918 condemnationem,
2892 851 3055 922 gratia
3084 859 3250 904 autem
3279 864 3342 904 ea:
3377 850 3547 904 nutltia
3570 851 3663 902 de-

2081 944 2213 998 lictis
2232 944 2284 997 in
2299 943 2739 1015 justiﬁcationem.
2768 942 2883 1010 Qua
2913 953 2969 998 tu
3008 958 3135 1014 ergo
3182 942 3398 998 licentia
3436 943 3664 1012 gratiam

2081 1034 2276 1091 Christi
2298 1051 2361 1091 ea
2384 1035 2689 1091 laudatione
2718 1033 2986 1106 fraudabis
3006 1074 3022 1100 ,
3047 1049 3149 1104 qua
3201 1034 3348 1089 illam
3377 1034 3667 1104 Apostolus

2084 1129 2253 1184 voluit
2278 1129 2591 1200 prmdieari;
2618 1137 2675 1184 ut
2694 1128 2914 1198 dejicias
2969 1128 3177 1182 titulum
3221 1125 3496 1197 dignitatis
3525 1167 3540 1191 ,
3572 1142 3667 1196 per

2081 1236 2241 1291 quem
2271 1220 2443 1276 solum
2474 1219 2734 1275 honorem
2754 1218 2871 1289 ejus
2896 1233 2988 1273 vas
3015 1217 3290 1273 electionis
3313 1216 3477 1271 voluit
3501 1232 3669 1286 agno—

2083 1312 2158 1367 sci
2175 1309 2200 1364 ?

2157 1409 2292 1460 Ave.
2316 1403 2441 1460 Eme
2459 1402 2523 1458 ad
2544 1402 2799 1474 parvulos
2827 1416 2933 1457 non
2963 1400 3231 1478 pervenit,
3272 1400 3316 1454 si
3346 1399 3490 1453 milio
3534 1398 3672 1452 deli-

2086 1507 2196 1564 cto,
2228 1495 2523 1552 secundum
2554 1510 2672 1563 vos,
2698 1494 2916 1565 obligati
2956 1501 3081 1547 sunt
3115 1509 3128 1545 :
3165 1489 3259 1547 sed
3299 1489 3423 1560 quia
3451 1489 3673 1559 obligati

2085 1595 2227 1655 sunt,
2259 1587 2497 1660 profecto
2521 1587 2690 1659 gratia
2711 1602 2780 1642 ex
2815 1585 3001 1642 multis
3023 1585 3228 1640 delictis
3276 1582 3674 1638 multitudinem

2090 1680 2326 1736 ﬁdelium
2349 1695 2567 1736 suorum
2582 1678 2903 1748 justiﬁcans,
2926 1678 3088 1733 ctiam
3120 1676 3186 1729 ad
3216 1690 3376 1729 unum
3418 1674 3674 1728 delictum

2088 1773 2384 1828 sanandum
2453 1775 2696 1842 pervenit
2763 1786 2988 1835 eorum,
3032 1777 3090 1824 ut
3137 1784 3203 1824 ex
3247 1784 3341 1824 ore
3390 1765 3675 1822 infantium

2091 1864 2333 1920 destruat
2411 1881 2505 1921 ora
2562 1863 2859 1920 fallenlium
2941 1862 3279 1917 inimicorum
3326 1870 3380 1915 et
3426 1859 3675 1914 defenso-

2088 1973 2207 2013 rum
2217 1996 2231 2011 .

2161 2049 2401 2105 CXXXI.
2427 2048 2544 2106 JttL.
2569 2049 2663 2105 Ille
2688 2049 2844 2117 dixit,
2873 2047 3052 2103 Gratia
3078 2064 3140 2102 ea:
3169 2047 3343 2111 multis
3376 2045 3571 2099 delictis
3620 2045 3675 2096 in

2092 2142 2504 2213 iusti/irationem
2553 2159 2573 2197 :
2613 2142 2703 2197 ille
2747 2142 2949 2212 peccati
2995 2139 3340 2196 cll’icientia:1
3398 2136 3677 2192 medicina:

2093 2236 2302 2307 copiam
2334 2235 2598 2307 prretulit;
2632 2235 2721 2306 qui
2770 2248 2962 2289 sensus
3004 2232 3402 2287 Catholicorum
3441 2226 3679 2298 dogmati

2095 2331 2360 2400 congruit,
2387 2329 2795 2399 intelligentiam
2827 2328 2878 2382 in
2904 2327 2985 2383 his
3025 2322 3401 2382 remissionem
3428 2332 3681 2394 peccato-

2095 2436 2215 2476 rum
2249 2421 2362 2476 ﬂeri
2388 2461 2401 2485 ,
2447 2420 2499 2475 in
2530 2419 2723 2490 quibus
2771 2426 2993 2488 possunt
3022 2417 3189 2470 multa
3217 2413 3580 2482 deprehendi,
3630 2412 3683 2465 id

2097 2508 2199 2577 est,
2230 2520 2378 2565 metu
2406 2510 2636 2580 proprim
2664 2508 2950 2563 voluntatis
2989 2514 3212 2561 attracta
3246 2522 3261 2556 :
3288 2506 3339 2559 in
3367 2505 3560 2572 quibus
3587 2518 3687 2557 au-

2099 2610 2205 2658 tem
2234 2614 2339 2657 n‘on
2371 2602 2438 2657 sit
2455 2600 2541 2656 hic
2562 2610 2737 2656 motus
2761 2600 2992 2672 propria:
3018 2598 3339 2662 voluntatis,
3390 2595 3440 2650 id
3469 2603 3554 2650 est
3577 2636 3592 2660 ,
3633 2595 3689 2648 in

2096 2694 2355 2767 parvulis.
2380 2710 2485 2749 non
2513 2694 2693 2749 minus
2720 2692 2863 2748 nulla
2893 2707 3035 2760 esse,
3066 2706 3227 2761 quam
3257 2689 3444 2745 multa.

2168 2785 2305 2841 Aac.
2331 2780 2487 2839 Nulla
2513 2797 2641 2854 ergo
2652 2783 2720 2839 ad
2741 2796 2835 2839 eos
2858 2782 3149 2838 Salvatoris
3172 2781 3408 2852 pertinet
3460 2778 3689 2834 medici-

2098 2890 2197 2944 na,
2228 2873 2550 2932 ethristus
2574 2889 2680 2930 non
2710 2882 2793 2929 est
2820 2873 2899 2929 eis
2922 2873 3078 2930 Iesus
3105 2889 3120 2925 :
3152 2881 3210 2927 et
3245 2880 3301 2925 tu
3346 2870 3435 2941 qui
3465 2869 3567 2924 hoe
3593 2870 3684 2922 di-

2099 2969 2201 3036 cis,
2227 2968 2392 3023 audes
2406 2967 2587 3023 vocari
2614 2966 2967 3022 christianos!
2997 2965 3199 3020 Deinde
3224 3005 3241 3030 ,
3273 2964 3356 3030 si,
3387 2973 3446 3017 ut
3472 2961 3685 3025 deiiuis,

2102 3057 2156 3116 In
2185 3059 2271 3114 his
2293 3059 2352 3115 iit
2392 3057 2642 3115 remissio
2698 3065 3077 3128 peccatorum,
3121 3055 3177 3109 in
3224 3054 3415 3125 quibus
3466 3062 3691 3121 possunt

2100 3150 2268 3206 multa
2290 3148 2619 3221 deprehendi
2640 3166 2655 3212 ;
2678 3149 2928 3219 quoniam
2960 3148 3038 3203 sic
3058 3146 3256 3217 accipis
3278 3144 3417 3214 quod
3445 3145 3516 3197 ait
3545 3145 3691 3213 Apo-

2100 3244 2290 3311 stolus,
2322 3242 2503 3299 Gratia
2525 3259 2589 3297 ex
2610 3242 2782 3296 multis
2811 3240 3005 3296 delictis
3028 3240 3081 3294 in
3100 3238 3514 3311 justiﬁeationcm
3536 3252 3554 3289 :
3580 3252 3690 3291 non

2101 3332 2372 3408 pertinent
2400 3332 2466 3389 ad
2484 3331 2858 3388 remissionem
2887 3339 3262 3401 peccatorum,
3314 3327 3442 3397 qui,
3497 3342 3692 3381 secum-

2101 3423 2228 3480 dum
2254 3438 2374 3491 vos,
2395 3439 2503 3478 non
2525 3422 2785 3478 habentes
2807 3421 3068 3493 originale
3122 3428 3424 3491 peccatum,
3449 3417 3515 3473 ad
3540 3418 3692 3474 lava-

2102 3528 2253 3570 crum
2283 3514 2702 3586 regenerationis
2730 3528 2851 3568 cum
2895 3512 3119 3583 singulis
3174 3511 3394 3566 veniunt
3435 3509 3692 3580 paueisve

2102 3608 2357 3681 peccatis.
2379 3607 2570 3664 Videte
2589 3622 2710 3679 qum
2733 3607 2937 3674 dicitis;
2967 3615 3022 3663 ct
3049 3623 3155 3664 non
3184 3606 3501 3662 erubescitis
3532 3647 3547 3672 ,
3581 3621 3688 3660 non

2102 3702 2474 3775 expavescitis,
2502 3717 2606 3757 non
2634 3700 2857 3757 tacetis?
2884 3699 2940 3756 Si
2956 3708 3133 3754 autem
3174 3698 3419 3754 homines
3467 3713 3695 3770 peccare

2104 3794 2446 3867 incipientes,
2474 3803 2530 3850 et
2548 3792 2784 3849 nondum
2813 3791 3074 3847 habentes
3124 3792 3289 3845 multa
3318 3790 3531 3853 delicta,
3564 3805 3693 3859 prr—

2104 3876 2311 3956 eipiunt
2356 3898 2534 3942 tamen
2560 3885 2784 3956 gratiam
2806 3900 2870 3941 ex
2899 3885 3084 3939 multis
3128 3883 3510 3955 justificantem
3560 3882 3696 3936 deli-

2104 3978 2227 4045 etis;
2249 3993 2346 4033 cur
2367 3979 2422 4033 in
2443 3977 2643 4033 eisdem
2670 3977 2851 4032 multis
2869 3977 3028 4032 etiam
3072 3976 3279 4047 singula
3330 3974 3696 4045 quorumlibet

2105 4077 2417 4139 computare
2445 4084 2553 4124 non
2583 4069 2766 4138 vultis,
2795 4085 2901 4125 non
2925 4069 2994 4124 ob
3020 4068 3163 4124 aliud
3193 4110 3209 4135 ,
3263 4067 3364 4121 nisi
3411 4076 3467 4121 ut
3514 4065 3583 4120 ab
3630 4081 3694 4120 ea

2106 4164 2356 4233 parvulos
2396 4162 2560 4233 impie
2598 4164 2895 4234 separetis;
2933 4163 3191 4234 vobisque
3235 4162 3498 4233 pernicies
3525 4162 3698 4232 pessi-

2107 4271 2209 4311 ma:
2231 4254 2527 4326 iniquitatis
2575 4254 2868 4323 incumbat,
2901 4264 2959 4311 ut
2982 4255 3050 4310 ab
3074 4255 3163 4309 illa
3190 4254 3352 4311 etiam
3380 4252 3697 4326 grandiores

2107 4349 2341 4420 primum
2373 4363 2596 4419 peccare
2625 4348 2943 4420 incipientes
2973 4390 2990 4415 ,
3041 4348 3387 4418 nondumque
3433 4346 3698 4401 habentes

2108 4441 2297 4507 ntulta,
2329 4440 2425 4498 sed
2446 4441 2683 4513 singula,
2712 4441 2795 4497 vel
2814 4457 2981 4513 pauca
3022 4451 3239 4514 peccata
3265 4480 3280 4508 ,
3326 4439 3531 4495 alienos
3574 4452 3697 4494 esse

2108 4534 2333 4591 dicatis?

2181 4625 2442 4684 CXXXII.
2470 4626 2589 4684 JUL.
2618 4626 2908 4697 Apostolus
2933 4640 3062 4698 ergo
3087 4625 3178 4681 ubi
3204 4623 3442 4697 przetulit
3467 4623 3699 4695 gratiam

2110 4725 2349 4791 peccato,
2374 4726 2616 4774 nostrum
2642 4717 2834 4790 dogma
2860 4717 3178 4774 communit.

2184 4814 2318 4868 Anc.
2344 4810 2456 4867 Imo
2485 4819 2721 4867 vestrum
2766 4810 2960 4881 dogma
2987 4808 3281 4866 subvertit:
3304 4810 3428 4880 quia
3453 4808 3551 4865 ista
3577 4823 3706 4880 gra-

2114 4903 2183 4959 tia
2209 4917 2368 4975 quam
2408 4911 2629 4973 peccato
2676 4902 2932 4975 praetulit,
2961 4917 3031 4967 ex,
3058 4902 3241 4957 multis
3268 4901 3477 4957 delictis
3498 4898 3705 4972 justiﬁ-

2113 5001 2219 5057 cat,
2244 5002 2298 5049 et
2318 4992 2440 5049 ideo
2466 4993 2740 5064 pertinens
2779 4992 2846 5048 ad
2877 4993 3105 5062 pusillos
3129 5008 3250 5048 cum
3299 4992 3537 5064 magnis,
3590 5005 3697 5045 nec

2115 5086 2279 5141 ullum
2307 5084 2545 5155 praeterit
2574 5084 2888 5156 pusillorum
2915 5125 2932 5152 ,
2980 5085 3072 5155 qui
3113 5084 3337 5141 remittit
3386 5083 3563 5139 omnia
3589 5097 3711 5138 om—

2115 5175 2264 5230 nium
2306 5189 2561 5241 suorum,
2620 5174 2675 5231 id
2727 5183 2841 5240 est,
2897 5176 3209 5247 pusillorum
3262 5186 3422 5246 atque
3469 5189 3695 5244 magnov

2113 5283 2231 5323 rum
2240 5307 2255 5320 .

2185 5357 2472 5415 CXXXIII.
2500 5358 2621 5415 ιω..
2649 5358 2801 5416 Nunc
2824 5369 2880 5415 tu
2906 5361 3007 5418 ede
3026 5403 3042 5430 ,
3062 5360 3158 5417 ubi
3183 5358 3478 5432 aequaverit
3506 5372 3697 5430 pecca-

2118 5459 2174 5507 to
2195 5451 2421 5522 gratiam
2445 5466 2461 5517 ;
2483 5459 2543 5506 ut
2562 5451 2816 5521 quoniam
2844 5452 2976 5508 ﬁdes
3006 5462 3092 5507 tua
3126 5467 3232 5507 non
3271 5450 3417 5522 capit
3462 5449 3705 5506 remedia

2120 5542 2680 5611 praelatavulneribus,
2709 5544 2899 5599 saltem
2940 5544 3120 5614 capiat
3158 5544 3213 5598 in
3255 5550 3540 5614 angustum
3594 5555 3707 5594 non

2118 5633 2429 5688 excedentia
2474 5635 2927 5704 comparationem
2980 5636 3238 5693 redacta:
3277 5635 3419 5706 quod
3471 5633 3517 5690 si
3570 5632 3713 5687 scri-

2123 5769 2201 5880 ϋδί
2237 5769 2309 5817 sic
2334 5770 2597 5821 Meuanias.
2640 5779 2693 5820 At
2718 5773 2986 5835 tignicrius
3024 5780 3075 5821 et
3100 5778 3228 5833 Mss,
3250 5763 3518 5832 emerit-nuta
3540 5773 3712 5825 pecca-
