3962 6180
297 327 425 380 fit?

288 449 426 508 ptum
453 440 656 510 uspiam
687 445 990 515 repet-eris;
1038 447 1261 505 Paulum
1286 460 1462 509 tamen
1493 455 1561 511 ab
1592 457 1693 514 hac
1718 473 1852 514 con-

283 532 438 587 stabit
481 531 771 591 abhorrere
808 540 1115 595 sententia:
1148 551 1202 596 et
1244 551 1304 598 ut
1353 548 1671 617 compendio
1712 559 1855 606 totus

282 623 511 692 Apostoli
535 640 725 681 sensus
744 627 971 697 eluceat,
1003 632 1097 697 ait,
1140 632 1318 689 Gratia
1340 652 1401 691 ea:
1438 640 1613 695 omnia
1659 641 1855 698 delictis

277 713 326 766 in
346 713 761 784 justiﬁpationem
794 720 1005 775 :multa
1047 732 1227 779 autem
1276 725 1469 783 delicta
1515 745 1615 785 nec
1664 746 1854 787 secun-

274 802 395 857 dum
423 812 475 860 te
502 806 705 875 parvuli
732 806 950 877 habent,
996 813 1089 882 qui
1143 816 1437 873 secundum
1480 821 1795 891 Apostolum
1831 863 1848 891 ,

271 894 468 950 nullum
488 898 504 928 ¹
522 896 745 954 habent.

334 990 469 1046 Auc.
502 991 659 1047 Multa
697 992 893 1050 delicta
942 1012 1040 1054 nec
1094 1000 1385 1057 secundum
1414 1002 1715 1074 te‘habent,
1758 1007 1849 1077 qui

267 1083 491 1150 primum
520 1099 742 1153 peccare
769 1098 1050 1158 coeperunt
1080 1101 1173 1148 :et
1197 1101 1375 1151 tamen
1404 1110 1499 1152 eos
1521 1113 1721 1170 negare
1740 1114 1847 1155 non

265 1180 412 1242 potes
436 1173 504 1228 ad
533 1176 671 1231 hanc
720 1191 786 1232 ex
824 1180 1010 1236 multis
1048 1181 1259 1240 delictis
1297 1186 1676 1257 justiileantem
1720 1207 1845 1263 gra-

265 1262 405 1327 tiam,
437 1278 559 1319 cum
589 1265 654 1321 ad
702 1267 974 1339 Baptisms
1035 1275 1289 1344 veniunt,
1326 1280 1624 1349 pertinere.
1681 1262 1843 1339 Multa

261 1367 381 1422 (rgo
408 1354 600 1409 delicta
627 1367 752 1413 sunt
797 1361 964 1417 totius
992 1366 1170 1435 populi
1192 1409 1206 1432 ,
1246 1368 1306 1423 in
1345 1384 1452 1440 quo
1476 1382 1602 1427 sunt
1627 1382 1680 1428 et
1705 1390 1843 1447 par-

261 1444 395 1511 vuli;
429 1446 496 1500 ad
520 1461 679 1517 quem
718 1452 973 1522 populum
1008 1456 1245 1513 civitatis
1285 1460 1378 1515 Dei
1427 1476 1549 1533 cum
1601 1444 1843 1536 pervenit

257 1537 418 1605 gratia
445 1553 513 1592 ex
553 1541 745 1596 multis
784 1542 997 1600 delictis
1030 1546 1367 1618 justiiicans,
1419 1552 1623 1610 invenit
1663 1555 1734 1612 ibi
1788 1567 1843 1613 ct

256 1629 413 1682 multa
444 1627 769 1700 aliquorum,
802 1642 855 1689 et
876 1650 1045 1705 pauca
1072 1637 1322 1705 aliorum,
1351 1651 1408 1698 et
1457 1644 1664 1716 singula
1718 1663 1840 1718 par-

253 1716 531 1785 vulorum;
563 1735 684 1792 quae
724 1724 895 1781 simul
948 1728 1133 1799 utique
1187 1733 1352 1787 multa
1385 1745 1509 1790 sunt
1537 1716 1744 1807 omnia“,
1783 1750 1839 1796 et

252 1809 592 1869 multitudine
636 1829 730 1870 sua
783 1817 1111 1891 redarguunt
1152 1824 1319 1879 multa
1350 1836 1409 1882 et
1448 1827 1632 1885 inania
1672 1833 1833 1888 verba

249 1908 350 1955 tua.
375 1901 433 1957 Si
466 1914 645 1961 autem
663 1909 956 1967 secundum
984 1913 1320 1984 Apostolum,
1345 1918 1483 1975 sicut
1505 1929 1686 1991 putas,
1713 1926 1835 1979 nul.

245 1987 348 2044 lum
374 1991 633 2051 delictum
663 1997 863 2055 habent
899 2004 1105 2071 parvuli
1129 2020 1145 2072 ;
1194 2007 1340 2064 unde
1368 1987 1831 2081 ergo-secundum

243 2082 559 2151 Apostolum
587 2091 782 2144 mortui
816 2092 980 2147 sunt?
1005 2094 1139 2162 Quia
1167 2107 1221 2152 et
1248 2101 1539 2156 secundum
1572 2112 1643 2172 te,
1671 2105 1831 2161 etiam

239 2187 328 2241 pro
357 2176 497 2245 ipsis
524 2187 767 2237 mortuus
792 2192 875 2238 est
899 2182 1149 2242 Christus
1175 2207 1188 2243 :
1225 2188 1371 2245 Unus
1400 2193 1542 2249 enim
1590 2214 1685 2269 pro
1724 2215 1833 2254 om-

243 2265 386 2321 nibus
415 2280 650 2326 mortuus
675 2284 748 2328 est
766 2291 786 2340 ;
807 2291 925 2348 ergo
954 2294 1125 2335 omnes
1144 2284 1332 2338 mortui
1368 2296 1517 2355 sunt;
1537 2298 1583 2342 et
1610 2304 1703 2360 pro
1723 2308 1834 2346 om-

241 2357 382 2411 nibus
404 2371 640 2417 mortuus
657 2374 730 2419 est
752 2364 816 2437 (ll
842 2367 959 2422 Cor.
985 2384 1036 2435 v,
1058 2371 1124 2426 i4
1144 2381 1190 2427 et
1206 2373 1319 2446 l6).
1336 2374 1566 2446 Juliane,
1588 2357 1696 2437 non
1726 2382 1828 2440 hoc

240 2449 587 2519 Augustinus,
618 2454 711 2510 sed
733 2457 1023 2527 Apostolus
1050 2462 1216 2531 dixit;
1241 2465 1351 2521 imo
1376 2467 1493 2539 ipse
1540 2487 1639 2543 per
1667 2488 1823 2531 suum

216 2576 219 2579 η
237 2540 551 2610 Apostolum
566 2543 808 2603 Christus
829 2567 842 2602 :
862 2551 1055 2608 cohibe
1073 2562 1126 2609 te
1141 2570 1170 2610 a
1191 2557 1517 2630 vaniloquio,
1540 2540 1671 2622 cede
1690 2567 1818 2625 Deo.

297 2632 590 2690 CXXXIV.
620 2636 739 2694 Jun.
770 2643 993 2699 Constat
1016 2643 1104 2701 hic
1146 2647 1307 2718 igitur
1333 2651 1817 2724 Magistrum-Ceu-

237 2723 353 2778 tium
381 2742 494 2781 nnn
518 2727 586 2783 de
610 2732 951 2789 nascentibus
975 2736 1277 2809 disputasse
1298 2783 1313 2808 ,
1345 2744 1439 2800 sed
1494 2745 1561 2804 de
1594 2747 1680 2807 his
1725 2754 1817 2824 qui

231 2811 329 2883 iam
350 2827 505 2872 motu
534 2822 760 2891 propria:
779 2824 1071 2884 voluntatis
1090 2838 1331 2888 utuntur.

292 2908 422 2964 Anc.
453 2909 652 2980 Digere
676 2914 948 2985 crapulam
962 2921 1343 2993 contentionis,
1390 2934 1444 2983 et
1471 2931 1812 3002 expergisce-

230 3009 299 3063 re,
326 3011 375 3052 et
398 2998 642 3071 intelligo
662 3002 936 3074 delictum,
967 3017 1019 3063 et
1045 3011 1222 3082 unius,
1251 3024 1306 3070 et
1344 3032 1507 3073 unum
1525 2998 1554 3087 ,_
1592 2998 1662 3078 de
1707 3039 1814 3094 quo

229 3086 410 3142 dictum
433 3099 547 3155 est,
588 3091 658 3148 ‘Si
699 3095 833 3149 enim
858 3096 919 3152 ob
949 3100 1101 3156 unius
1146 3102 1387 3160 delictum
1428 3110 1578 3165 inuiti
1626 3086 1813 3171 mortui

224 3190 324 3232 sunt
351 3180 537 3254 (liam.
571 3198 626 3251 v,
649 3184 737 3258 f5)
761 3204 774 3240 :
804 3189 956 3244 multi
987 3193 1181 3264 quippe
1210 3196 1294 3251 isti
1322 3197 1422 3268 ipsi
1451 3210 1575 3257 sunt
1595 3217 1808 3274 omnes,

223 3269 281 3323 de
302 3272 495 3341 quibus
524 3272 629 3330 alio
644 3275 767 3331 loco
797 3277 947 3347 dicit,
983 3280 1132 3336 Sicut
1178 3284 1230 3339 in
1281 3285 1448 3344 Adam
1488 3307 1660 3348 omnes
1698 3269 1808 3352 tuo;

222 3360 403 3416 riuntur
426 3365 467 3435 (Ι
497 3363 617 3420 Cor.
649 3383 738 3434 xv,
766 3368 891 3440 22):
915 3380 968 3426 et
995 3371 1064 3428 ibi
1091 3374 1293 3433 videbis
1312 3387 1366 3434 ct
1388 3383 1657 3453 parvulos,
1680 3386 1803 3459 quia

222 3461 267 3505 et
290 3469 378 3523 pro
393 3456 533 3526 ipsis
558 3458 739 3526 etiam,
761 3469 811 3517 te
832 3461 1138 3533 confitente,
1159 3477 1402 3528 mortuus
1418 3456 1759 3538 estCliristus
1784 3500 1799 3537 :

221 3544 382 3614 utique
410 3564 542 3603 cum
574 3548 800 3607 dixisset
837 3553 1124 3623 Apostolus
1145 3598 1162 3623 ,
1193 3561 1314 3630 quia
1343 3578 1473 3619 unus
1502 3578 1595 3637 pro
1636 3571 1802 3625 omni-

221 3634 299 3690 bus
319 3650 552 3695 mortuus
579 3652 674 3707 est,
702 3645 954 3699 continuo
978 3647 1104 3718 quid
1129 3655 1430 3710 necessario
1457 3669 1795 3731 sequeretur,

219 3730 432 3784 ostendit
453 3730 669 3798 dicens,
697 3733 832 3806 Ergo
849 3751 1022 3792 omnes
1042 3741 1229 3795 mortui
1256 3752 1413 3811 sunt;
1441 3756 1488 3801 et
1511 3763 1606 3818 pro
1625 3730 1796 3806 omni;

216 3812 294 3868 bu:
314 3819 468 3873 morm
479 3836 545 3874 us
565 3830 657 3877 est.

277 3908 539 3965 CXXXV.
570 3912 688 3969 ιω..
726 3914 844 3971 Ίαηι
888 3932 1017 3974 vero
1052 3920 1194 3991 quod
1226 3923 1428 3982 addidit
1462 3928 1789 4002 Apostolus,

217 3997 343 4053 Sicut
364 4020 453 4073 per
482 4004 638 4060 amitte
657 4005 891 4062 delictum
912 4009 967 4064 in
992 4027 1165 4067 omnes
1191 4014 1261 4068 ad
1285 4017 1791 4093 condemnationem;

213 4087 274 4141 ita
300 4102 343 4144 et
367 4111 455 4163 per
499 4095 649 4149 unius
684 4096 934 4164 iustitiam
974 4101 1027 4155 in
1055 4119 1229 4160 omnes
1249 4105 1477 4167 homines
1504 4110 1574 4165 ad
1591 4113 1789 4187 justiﬁ-

212 4181 433 4237 cntionem
463 4183 651 4255 (Rom.
682 4202 733 4254 v,
774 4188 886 4260 l8),
919 4199 1123 4247 tantum
1169 4196 1288 4267 opis
1332 4197 1568 4270 impertit
1591 4181 1783 4274 nobis,

209 4285 439 4339 quantum
466 4278 528 4333 in
550 4278 741 4350 dogma
764 4288 910 4336 tuum
929 4296 1107 4341 movet
1133 4286 1375 4361 fragoris.
1395 4290 1603 4351 Peneus
1631 4298 1788 4369 quip-

210 4377 266 4431 pe
290 4365 337 4420 in
364 4371 650 4426 contrariis
680 4374 918 4442 partibus
934 4392 1125 4443 omnes,
1152 4370 1345 4450 quibus
1370 4385 1549 4443 verbis
1566 4365 1786 4461 nonpo-

210 4463 299 4508 test
321 4458 419 4514 ulla
441 4475 566 4515 esse
594 4463 923 4534 conjunctio,
949 4467 1016 4522 ad
1043 4468 1434 4541 Scripturarum
1461 4492 1561 4533 nos
1577 4494 1778 4538 morem

208 4547 429 4617 remittit,
463 4559 519 4606 ut
544 4551 898 4624 intelligamus
926 4574 1099 4615 omnes
1127 4560 1229 4617 dici
1258 4565 1435 4620 solere
1460 4583 1557 4640 pro
1578 4572 1776 4629 multis.

207 4632 320 4690 Nam
348 4639 397 4694 iu
428 4641 544 4711 ipsa
578 4643 766 4702 ‘t‘ronte
804 4647 1090 4705 verborum
1121 4667 1314 4725 magna
1352 4632 1626 4717 barbaries
1651 4672 1731 4720 est
1759 4682 1775 4721 :

207 4726 280 4793 qui
301 4730 441 4784 enim
463 4746 655 4789 omnes
694 4735 764 4791 ad
790 4736 1226 4806 justltieationem
1255 4745 1493 4817 veniunt,
1517 4749 1564 4806 si
1591 4767 1775 4823 perre-

206 4820 362 4875 xcrint
382 4836 571 4881 omnes
596 4827 664 4882 ad
690 4830 1231 4892 condemnationem?
1256 4848 1348 4894 aut
1375 4842 1463 4912 qui
1497 4858 1685 4903 omnes
1704 4848 1772 4905 ad

206 4920 419 4977 paruam,
447 4916 493 4970 si
523 4932 712 4973 omnes
735 4921 1016 4992 rapiuntur
1054 4924 1121 4980 ad
1150 4926 1416 4998 gloriam?
1439 4932 1773 4996 Generalitas

204 5002 342 5060 unius
367 5009 534 5077 partis
552 5050 568 5078 ,
597 5010 772 5067 locum
801 5016 1041 5072 excludit
1067 5018 1307 5076 alterius.

263 5098 391 5155 Atia.
428 5101 575 5175 Ergo
599 5113 654 5160 et
676 5107 767 5161 ubi
805 5107 1004 5165 dictum
1034 5120 1137 5178 est,
1165 5111 1234 5169 In
1267 5133 1366 5186 quo
1391 5135 1562 5176 omne:
1589 5140 1769 5195 pecca-

201 5200 354 5243 serunt
379 5191 560 5265 (lbid.,
585 5194 699 5268 is),
721 5198 872 5253 multi
894 5209 1017 5256 sunt
1041 5203 1392 5276 intelligendi,
1414 5224 1522 5267 non
1547 5191 1769 5274 omnes:

204 5281 323 5347 quod
343 5283 385 5337 si
419 5284 490 5340 ita
512 5295 616 5353 est,
643 5289 853 5359 cogeris
880 5290 1082 5360 dicere,
1111 5312 1219 5351 non
1249 5313 1437 5357 omnes
1461 5314 1771 5374 peccatores

183 5369 337 5437 quoius
365 5373 507 5432 illius
534 5376 769 5436 hominis
808 5382 1100 5442 imitatione
1130 5404 1402 5459 peccasse,
1431 5396 1527 5451 sed
1553 5398 1767 5455 multos.

196 5459 328 5526 Quod
354 5464 399 5518 si
450 5465 672 5536 dixeris,
723 5469 845 5527 ideo
890 5488 996 5529 non
1040 5491 1250 5548 omnes,
1291 5482 1387 5539 sed
1417 5486 1616 5544 multos
1652 5490 1770 5560 ejus

194 5552 471 5613 imitatione
491 5575 764 5639 peccasse,
803 5565 925 5636 quia
948 5569 1119 5637 multi,
1153 5586 1259 5628 non
1288 5587 1476 5632 omnes
1509 5593 1768 5650 peccave-

196 5651 332 5706 nmt;
352 5645 537 5707 volens
564 5634 657 5708 eos
680 5655 770 5725 qui
792 5634 897 5711 non
918 5673 1290 5734 peccaverunt,
1313 5667 1530 5739 intelligi
1571 5686 1764 5743 parvu-

244 5779 257 5809 ⁸
282 5782 376 5845 llic,
399 5786 604 5849 nultum,
630 5803 691 5841 ex
719 5797 824 5843 uss.
851 5798 1167 5849 :estituimus.

1581 344 1777 400 LIBER
1818 347 2198 411 SECUNDUS.

3419 378 3555 437 iiiis

1971 465 2049 521 los
2081 486 2094 523 :
2127 475 2533 542 respondebitur
2562 484 2673 554 tibi,
2704 489 2823 559 quia
2848 507 2943 548 nec
2969 496 2982 529 ¹
3017 504 3208 558 mortui
3229 519 3354 562 sunt
3380 511 3430 566 in
3463 518 3552 571 illo

1966 559 2191 624 parvuli.
2220 579 2281 618 ac
2305 581 2399 635 per
2423 569 2524 627 boc
2556 590 2659 629 non
2684 594 2779 647 pro
2800 581 2904 637 illis
2930 584 3169 646 Christus
3187 606 3427 656 mortuus
3448 618 3548 667 est,

3251 648 3291 651 -ν
3309 648 3425 656 --ην
3450 648 3548 667 Vm.

1962 648 2083 717 quia
2133 656 2343 711 nonnisi
2391 674 2488 728 pro
2553 671 2776 723 mortuis
2825 672 2912 727 ille
2980 676 3219 738 niortut'is
3256 697 3357 755 est,
3413 693 3553 749 sicut

1960 738 2248 809 Apostolus
2276 746 2471 805 clamat
2502 770 2518 807 :
2556 764 2713 828 atque
2743 760 2841 829 ita,
2866 774 2921 821 ct
2943 777 3127 826 contra
3169 782 3220 831 te
3253 738 3424 849 ipsum
3459 801 3551 839 vc-

1961 832 2095 900 nies,
2117 844 2170 890 et
2188 842 2395 908 agratia
2419 844 2613 902 Christi
2632 854 2839 920 penitus
2857 862 3108 927 parvulos
3132 873 3424 940 separabis,
3453 891 3565 955 prii.

1961 926 2429 955 n..:l..._.nt._:-.__,__
2575 950 2588 955 -
3015 953 3041 955 μ

1958 926 2152 995 quibus
2165 929 2434 990 CbriStuin
2454 950 2720 997 mortuum
2737 961 2840 1000 non
2860 964 2982 1009 csse
2995 926 3235 1015 dicturus
3254 976 3334 1017 es.
3347 926 3548 1021 Conlse-

1956 1027 2183 1084 queuter
2223 1023 2382 1079 etiam
2422 1027 2770 1099 baptizandos
2800 1041 3018 1111 negabis
3058 1045 3111 1100 in
3141 1045 3373 1109 Christo.
3420 1056 3548 1125 Qui-

1954 1123 2164 1180 cumque
2186 1113 2326 1169 enim
2349 1116 2592 1189 baptizati
2610 1141 2782 1181 sumus
2802 1129 2853 1183 in
2876 1130 3095 1204 Christo,
3116 1139 3271 1198 siculi
3295 1146 3371 1202 ait
3399 1148 3542 1205 idem

1952 1203 2226 1267 apostolus
2251 1246 2265 1273 ,
2295 1206 2347 1260 in
2376 1220 2535 1266 morte
2561 1214 2581 1245 ¹
2609 1214 2769 1285 ipsius
2796 1218 3039 1292 baptizati
3062 1203 3237 1288 sumus
3267 1235 3441 1308 (Rom.
3465 1257 3542 1309 γι,

1952 1288 2007 1309 υἱ
2038 1307 2045 1309 μ
2087 1291 2159 1309 ειν
2260 1306 2268 1309 Α
2399 1299 2412 1309 “
2528 1303 2540 1309 ⁵

1951 1288 2008 1361 5)
2035 1307 2048 1343 :
2086 1291 2159 1348 illi
2187 1306 2364 1353 autem
2398 1299 2738 1371 baptizantur
2766 1309 2817 1364 in
2847 1288 3019 1373 morte
3055 1288 3285 1394 Christi:
3302 1344 3398 1399 pro
3422 1288 3543 1403 qui:

1950 1380 2048 1436 bus
2080 1396 2321 1444 mortuus
2346 1401 2429 1446 est
2473 1394 2736 1454 Christus.
2783 1402 2938 1463 Nullo
2968 1411 3129 1468 modo
3154 1380 3318 1486 igitur.
3339 1421 3406 1478 ab
3425 1380 3544 1480 :ll'i-

1947 1475 2107 1545 ginali
2150 1491 2371 1551 peccato
2411 1487 2672 1546 alienabis
2712 1498 2986 1569 parvulos,
3031 1505 3132 1560 nisi
3168 1523 3262 1564 eos
3306 1513 3465 1571 simul
3509 1537 3538 1571 ει

1945 1570 2111 1635 gratia
2156 1571 2494 1643 Baptismatis
2539 1579 2736 1641 Christi
2780 1586 2974 1647 feceris
3012 1596 3220 1657 alienos
3267 1602 3311 1658 ³.
3356 1606 3412 1661 in
3469 1626 3535 1663 eo

1946 1671 2073 1753 vero
2097 1663 2237 1730 quod
2273 1665 2361 1721 tibi
2392 1669 2624 1742 videtur,
2653 1675 2760 1732 duo
2783 1678 2883 1735 ista
2914 1683 3056 1740 inter
3078 1703 3137 1745 se
3167 1706 3287 1750 esse
3317 1709 3535 1756 contra-

2608 1735 2620 1742 ,
3078 1735 3136 1745 _-
3168 1735 3287 1750 νυν
3318 1735 3535 1756 ...,......-

1942 1735 2039 1821 ria,
2070 1766 2127 1810 ut
2148 1771 2336 1818 omnes
2364 1773 2489 1821 eant
2510 1766 2563 1822 in
2601 1770 3105 1837 condemnationem
3134 1800 3230 1855 per
3255 1790 3447 1859 Adam,
3480 1805 3536 1851 et

1939 1859 2127 1905 omnes
2145 1866 2330 1910 rursus
2350 1855 2403 1910 in
2418 1855 2855 1928 justiticationem
2881 1885 2979 1940 per
2998 1873 3289 1949 Christum,
3312 1887 3533 1943 omnino

1937 1953 2108 1996 erras.
2149 1942 2338 2002 Nullus
2366 1949 2509 2006 enim
2549 1953 2822 2015 hominum
2853 1962 2955 2019 nisi
2982 1980 3080 2035 per
3105 1970 3272 2026 Adam
3307 1976 3533 2034 trahitur

1936 2030 2004 2086 ad
2034 2032 2454 2110 damnationem,
2485 2043 2554 2101 de
2582 2064 2682 2118 qua
2730 2066 2827 2121 per
2861 2055 3130 2117 lavacrum
3163 2073 3529 2138 regeneratio-

1937 2121 2021 2176 nis
2050 2122 2293 2184 homines
2321 2131 2651 2203 liberautur;
2688 2150 2743 2196 et
2777 2145 2956 2204 nullus
2993 2121 3269 2211 hominum
3296 2160 3396 2216 nisi
3431 2178 3531 2234 per

1937 2210 2198 2234 l‘l._2-.___._
2242 2217 2283 2234 ea
2327 2220 2340 2234 ι
2470 2223 2485 2234 ι
2676 2229 2686 2234 -
2824 2233 2831 2234 ,

1935 2210 2203 2270 Christum
2233 2217 2302 2274 ab
2325 2220 2424 2277 hac
2453 2223 2796 2289 damnatione
2821 2233 3082 2296 liberatur
3107 2260 3122 2298 :
3152 2210 3273 2302 ideo
3293 2264 3358 2305 ex
3383 2210 3527 2310 utia-

1934 2317 2037 2370 que
2056 2315 2207 2373 parte
2234 2306 2362 2365 dicti
2383 2320 2511 2368 sunt
2528 2330 2749 2388 omnes;
2782 2325 2907 2395 quia
2933 2344 3092 2388 nemo
3123 2334 3190 2391 ad
3229 2338 3527 2401 damnatio-

1930 2407 2054 2448 nem
2074 2400 2435 2466 generationis
2463 2406 2567 2462 nisi
2602 2424 2701 2479 pcr
2726 2410 2909 2485 istum,
2945 2434 3103 2478 nemo
3139 2426 3207 2481 ad
3236 2430 3396 2488 vitam
3432 2451 3521 2492 rc-

1927 2490 2292 2552 gencrationis
2322 2494 2425 2550 nisi
2459 2511 2555 2566 per
2577 2499 2748 2557 illum.
2777 2507 2856 2562 Ac
2880 2524 2981 2586 per
3005 2512 3107 2571 hoc
3124 2533 3228 2574 non
3249 2528 3519 2597 generali-

1929 2579 2011 2627 tas
2047 2576 2205 2633 unius
2225 2582 2391 2650 partis
2418 2584 2593 2643 locum
2638 2593 2870 2652 excludit
2897 2580 3150 2674 alterius;
3178 2576 3305 2682 quia
3336 2589 3407 2671 es
3433 2617 3519 2674 his

1925 2662 2055 2734 ipsis
2077 2669 2166 2739 qui
2192 2675 2515 2741 generaliter
2538 2682 2836 2742 moriuntur
2857 2689 2907 2743 in
2927 2692 3120 2765 Adam,
3137 2662 3284 2771 quos
3307 2708 3419 2764 vult
3441 2711 3519 2764 vi-

1920 2759 2096 2816 vilicat
2116 2760 2382 2825 Christus.
2404 2770 2523 2829 Non
2549 2792 2677 2847 ergo
2702 2781 2793 2836 tibi
2820 2785 3144 2848 videbuntur
3166 2759 3311 2853 inter
3331 2814 3392 2857 se
3414 2801 3513 2858 ista

1919 2854 2205 2919 contraria,
2238 2857 2284 2912 si
2308 2876 2411 2916 non
2433 2863 2508 2919 sis
2536 2867 2629 2922 tibi
2654 2869 2767 2942 ipse
2786 2879 3109 2938 contrarius.

1974 2940 2432 3049 'CXXXVI..JUL.
2489 2940 2686 3014 Verum
2740 2972 2799 3020 ut
2850 2965 2939 3023 hic
2991 2985 3205 3045 quoque
3255 2992 3510 3049 quantum

1916 3031 2219 3090 muniamur
2236 3038 2481 3100 advertas
2514 3064 2528 3101 :
2565 3064 2598 3104 a
2639 3051 2758 3107 loco
2797 3058 3112 3121 medicantis
3144 3067 3323 3127 locum
3354 3075 3509 3131 intel-

1914 3119 2019 3191 lige
2033 3126 2361 3188 vu‘lnerantis
2382 3133 2422 3188 ⁸.
2447 3137 2502 3193 Si
2524 3140 2770 3201 Christus
2788 3149 3009 3208 salvavit
3024 3157 3507 3234 universos,Adaut

1912 3226 2124 3286 quoque
2152 3220 2414 3280 universis
2444 3232 2693 3290 nocuisse
2722 3238 2971 3310 tingatur.

1981 3306 2118 3365 Atio.
2157 3310 2424 3387 Numquid
2464 3321 2585 3379 ideo
2609 3342 2715 3384 non
2747 3306 3029 3394 mittuntur
3053 3357 3243 3403 omnes
3269 3349 3319 3405 iu
3346 3350 3502 3410 dam-

1908 3397 2180 3459 nationem
2205 3421 2300 3475 per
2326 3408 2518 3480 Adam,
2549 3420 2801 3487 quoniam
2825 3441 2960 3497 quos
2978 3433 3095 3489 .vult
3122 3437 3191 3492 ab
3221 3439 3320 3497 hac
3344 3443 3504 3502 dam-

1904 3490 2120 3549 natione
2139 3495 2328 3554 liberat
2354 3501 2632 3564 Christus?
2656 3511 2755 3580 Qui
2775 3490 3053 3589 propterea
3070 3541 3256 3586 omnes
3272 3532 3503 3596 liberare

1902 3578 2076 3639 dictus
2100 3595 2183 3643 est
2207 3589 2367 3647 etiam
2394 3593 2529 3668 ipse,
2551 3578 2802 3671 quoniam
2831 3578 2937 3667 non
2962 3612 3156 3675 liberat
3174 3637 3496 3699 quamquam

1902 3673 2001 3699 “2-:
2033 3677 2139 3699 2---
2174 3698 2181 3699 ,
2214 3682 2275 3699 _u,
2329 3693 2342 3699 -
2380 3687 2411 3699 -ι
2456 3698 2461 3699 ,
2659 3696 2705 3699 η-

1900 3673 2002 3731 nisi
2032 3677 2145 3748 ipse
2171 3698 2184 3735 :
2207 3682 2347 3741 sicut
2361 3687 2533 3746 dictus
2553 3702 2638 3749 est
2657 3696 2958 3762 illuminare
2978 3673 3207 3767 omnem1
3220 3673 3494 3777 hominem

1899 3762 2094 3871 (Ionii.
2139 3785 2190 3838 ι,
2217 3772 2320 3847 9),
2363 3780 2487 3849 quia
2531 3798 2691 3842 nemo
2733 3762 3493 3880 quemquam“il-iuminatjvsi

1896 3870 2003 3911 non
2036 3873 2169 3927 ipse.

1965 3947 2273 4060 CXXXVll.
2312 3954 2433 4014 Jun.
2473 3959 2530 4018 Si
2572 3961 2816 4026 Christus
2855 3979 3078 4034 mutavit
3112 3981 3290 4042 ofﬁcia
3328 3993 3493 4060 geni-

1895 4036 2116 4108 talium,
2148 4042 2320 4100 Adam
2365 4063 2426 4103 ea
2471 4056 2791 4122 pervertisse
2827 4063 3078 4123 credatur
3110 4089 3128 4128 :
3157 4073 3203 4129 si
3242 4036 3488 4141 Christus

1889 4131 2090 4204 aliquid
2125 4140 2360 4195 correxit
2387 4141 2409 4175 '
2434 4144 2488 4200 in
2531 4148 2775 4208 sensibus
2818 4158 3025 4227 carnis,
3068 4168 3362 4228 aestimetur
3389 4190 3487 4233 eos
3533 4207 3539 4212 ~

1887 4223 2020 4281 A'da:
2037 4228 2192 4299 culpa
2212 4236 2485 4304 turpasseo
2517 4256 2532 4294 :
2563 4240 2609 4296 si
2630 4241 2871 4306 Christus
2899 4223 3024 4310 fecit
3044 4259 3373 4322 medicinam
3403 4268 3485 4326 ire

1887 4330 1984 4386 per
1999 4327 2367 4396 propaginem,
2390 4327 2596 4387 dicatur
2609 4333 2788 4401 Adam
2794 4350 3299 4415 pcrEgenerationem
3317 4364 3483 4417 trans-

1886 4407 2099 4466 misisse
2125 4411 2398 4472 delictum.

1954 4501 2093 4559 Auc.
2132 4504 2250 4561 Jam
2276 4508 2341 4563 ad
2380 4510 2477 4567 ista
2510 4529 2825 4585 responsum
2855 4533 2940 4581 est
2970 4543 2985 4580 :
3017 4528 3112 4586 sed
3135 4533 3260 4590 audi
3300 4536 3479 4598 brevi-

1885 4598 1969 4647 ter
2011 4595 2172 4651 etiam
2200 4614 2361 4655 nunc.
2392 4601 2447 4658 Si
2485 4604 2819 4668 Christianus
2862 4614 3154 4678 catholicus
3183 4640 3354 4699 esses,
3379 4647 3477 4706 ap-

1881 4693 2094 4752 pareret
2112 4687 2203 4743 tibi
2225 4699 2280 4744 et
2299 4690 2467 4746 Adam
2486 4694 2735 4754 delictum
2754 4709 3061 4774 generando
3083 4687 3471 4791 transmitienii,

1879 4783 1935 4828 et
1972 4775 2213 4834 Christus
2243 4788 2608 4853 regenerando
2633 4791 2926 4855 dimittens.
2968 4802 3266 4865 Carnaliter
3290 4775 3470 4871 auten;

1876 4879 2096 4938 generat
2136 4872 2337 4943 Adam,
2369 4879 2716 4948 spiritualiter
2747 4903 3028 4960 regenerat
3055 4897 3319 4959 Christus.
3349 4905 3468 4964 Noli

1876 4974 2004 5031 ergo
2032 4977 2274 5032 quairere
2310 4966 2362 5023 in
2402 4980 2627 5044 utroque
2674 4983 3021 5052 propaginem
3050 4991 3271 5062 carnis;
3307 5012 3468 5068 quam
3500 5058 3505 5061 κ

1877 5052 2220 5123 propaginem
2243 5073 2346 5112 non
2362 5063 2630 5130 pertinere
2649 5068 2716 5122 ad
2739 5075 3196 5140 regenerationem
3212 5052 3434 5156 spiritua
3448 5123 3473 5133 -

1875 5140 1980 5197 lem
2004 5184 2020 5211 ,
2047 5144 2093 5199 si
2120 5162 2224 5202 non
2253 5153 2531 5208 contendis
2553 5196 2570 5222 ,
2601 5160 2852 5217 attendis.
2878 5162 3072 5224 Contra
3101 5140 3468 5235 infirmitatem

1873 5250 2001 5291 vero
2030 5238 2207 5295 carnis
2249 5257 2390 5299 nunc
2429 5243 2627 5304 Christi
2678 5256 2844 5323 gratia
2888 5272 3159 5323 certamen
3203 5272 3455 5337 instituit.

1940 5325 1958 5415 ξ
1979 5328 2219 5415 Recitata
2242 5329 2586 5415 liceminfditis
2605 5344 2833 5397 omissum
2858 5358 2992 5415 erat,
3020 5367 3127 5407 nec.

1924 5387 1957 5453 ίξ
1978 5394 2061 5439 us.
2081 5396 2228 5453 Port.,
2258 5392 2311 5444 in
2332 5387 2549 5449 mortem.

1936 5448 2818 5538 ξῖθέξηίθὲζξεε,ξξίξῖ³ἶίῗὲῧ’ίέηίεῖιδιυδ
2839 5474 3073 5538 addebat,
3100 5479 3214 5530 Ideo
3239 5494 3305 5534 ea:
3323 5487 3458 5535 utra-

1871 5515 2286 5608 φέὲηξηᾳςιξέέξίξξ
2303 5515 3302 5608 Ἆθξρθςξῖι)ὲᾶὶιῦὧόᾟᾜᾷἲιιὶὶξᾶἇυῦἷ
3316 5515 3458 5608 ὄέἓιὲ-

1872 5570 3456 5662 ζσέθθιίέηςιίέξέῖεξςμπξίέξί,έέῖξᾷὂάἷ’ἓῐόιὶ”όὲἔωῗῖιῖ“ἓὶἓ“ῗιὲεῗ’”ἶεὲτ“ῗίέι

1872 5639 2019 5726 rota,
2036 5637 2125 5726 εει]
2138 5644 2333 5726 tantum
2341 5645 2486 5726 intra,
2499 5637 2801 5726 ,υβίξιῇιίίᾗέο
2814 5637 3391 5726 ἶῖἑῖῆἓὶιὸἸ-ῶὶιιῗῖιξὲ.

1936 5697 2041 5764 fita
2060 5704 2169 5749 Mss.
2195 5709 2249 5751 At
2273 5704 2409 5764 editi,
2433 5697 2682 5764 animi};

1935 5759 1957 5791 ⁸
1984 5767 2106 5817 uss,
2133 5759 2418 5816 correxerit.

1937 5821 1958 5851 ο
1983 5823 2117 5881 aliti,
2145 5824 2376 5891 turbasse,
2403 5843 2641 5897 corrupte.
