4004 6190
384 358 518 414 H99

380 485 562 543 postea
592 474 705 543 ejus
735 475 969 545 perficiet
998 475 1277 528 sanitatem
1315 492 1327 528 :
1359 473 1511 542 cuius
1550 475 1791 527 sanitatis
1821 475 1960 531 futu-

382 579 455 616 ηιξ
480 574 635 632 atque
665 574 931 633 perpetum
954 578 1090 616 nunc
1112 563 1298 633 pignus
1323 562 1573 633 Spiritum
1605 573 1843 617 sanctum
1870 563 1961 615 de-

382 655 458 707 dit
486 654 504 725 (
529 654 565 708 ll
589 652 705 707 Cor.
735 669 787 719 v,
816 651 893 724 ὅ),
924 668 1018 722 per
1043 670 1197 723 quem
1225 653 1533 708 tliIl'unditur
1554 655 1605 706 in
1626 654 1822 707 nostris
1842 668 1961 708 cor—

380 744 533 797 dibus
557 744 784 798 charitas
810 743 986 811 (liam.
1016 760 1068 806 v,
1097 742 1176 813 5),
1205 752 1260 797 ut
1283 758 1380 797 nos
1406 743 1472 798 ad
1499 758 1720 813 agonem
1749 743 1958 798 interim

368 834 564 895 ,rclit-ta
598 833 773 887 carnis
805 849 907 886 non
941 834 1117 888 vincat
1142 833 1441 888 inﬁrmitas.

450 923 778 977 CXXXVIII.
819 923 935 977 IUL.
979 924 1073 979 Sin
1115 933 1292 978 autem
1341 924 1421 978 bis
1462 924 1708 978 omnibus
1752 924 1805 978 in
1848 939 1913 978 eo
1941 966 1955 988 ,

378 1030 535 1082 quem
566 1015 861 1084 suscipiunt
888 1030 916 1067 a
947 1026 1153 1081 natura,
1178 1016 1362 1070 ordine
1388 1016 1840 1086 permanentibus,
1867 1018 1961 1072 ad-

381 1102 789 1171 hortationilms,
820 1107 1001 1175 signis,
1032 1107 1311 1176 exemplis,
1343 1108 1693 1177 promissione
1724 1109 1807 1163 vel
1837 1127 1956 1163 mu-

382 1211 602 1262 nerum,
643 1197 723 1251 vel
770 1212 1046 1266 pmnarum
1067 1239 1083 1263 ,
1115 1198 1180 1252 ad
1212 1197 1366 1252 fidem
1397 1199 1638 1252 voluntas
1666 1200 1780 1253 sine
1808 1199 1960 1253 indu-

379 1287 555 1339 ctione
584 1288 917 1342 necessitatis
944 1288 1194 1353 allii-itur,
1228 1298 1279 1343 ct
1307 1288 1417 1342 Iure
1447 1305 1541 1359 per
1581 1290 1837 1355 instituta,
1866 1306 1960 1359 per

383 1380 659 1448 mysteria,
696 1394 790 1447 per
834 1379 1005 1445 dona;
1039 1396 1142 1434 non
1174 1396 1426 1450 oppressa
1452 1422 1467 1446 ,
1499 1381 1589 1435 sed
1617 1392 1917 1451 exspectata
1942 1423 1956 1447 ,

386 1471 479 1522 sed
515 1469 699 1536 libera,
733 1469 824 1524 sed
860 1482 1141 1540 provocata
1173 1480 1418 1534 curatur;
1448 1482 1685 1540 apparet,
1711 1481 1762 1526 et
1790 1472 1835 1526 si
1857 1487 1960 1527 uno

381 1562 570 1630 spiritu
595 1572 733 1617 totus
758 1563 985 1617 mundus
1006 1564 1088 1618 vel
1113 1563 1327 1633 rugiens
1349 1564 1429 1617 vel
1460 1564 1703 1617 rabiens'
1732 1564 1962 1635 refrage-

383 1665 505 1718 tur,
562 1658 884 1711 voluntatem
940 1657 1393 1725 uniuscujusque,
1441 1672 1543 1709 non
1591 1655 1957 1725 nativitatem,

383 1745 601 1799 tinctam
627 1747 919 1801 imitatione
947 1747 1108 1801 fuisse
1138 1747 1361 1815 peccati.

455 1840 587 1893 Acc.
623 1840 967 1908 Quacumque
997 1847 1047 1891 te
1098 1848 1273 1891 vertas
1298 1879 1311 1901 ,
1359 1837 1425 1892 ab
1455 1838 1697 1908 originali
1748 1848 1963 1908 peccato

387 1942 493 1982 non
520 1927 782 1983 alienabis
813 1929 1065 1998 parvulos
1090 1971 1105 1994 ,
1132 1929 1232 1983 nisi
1263 1944 1354 1983 cos
1381 1930 1658 1998 negaveris
1682 1941 1916 1985 mortuos
1945 1949 1959 1984 :

381 2020 521 2088 quod
548 2020 590 2073 si
626 2019 834 2083 feceris,
869 2030 1131 2075 mortuum
1164 2036 1259 2089 pro
1288 2021 1366 2075 eis
1393 2019 1656 2075 Christum
1684 2022 1837 2074 simul
1866 2038 1961 2075 ne-

380 2110 529 2178 gabis
553 2125 568 2164 :
592 2111 634 2163 si
664 2119 863 2177 autem,
886 2126 954 2165 ne
978 2110 1079 2166 hoc
1103 2125 1285 2183 neges,
1317 2122 1550 2165 mortuos
1577 2114 1819 2183 parvulos
1845 2128 1964 2167 con-

383 2202 581 2269 literis;
608 2194 841 2273 profecto
869 2203 923 2258 in
953 2203 1118 2257 Adam
1146 2214 1383 2259 mortuos
1410 2219 1514 2259 non
1547 2206 1762 2276 negabis
1785 2208 1804 2235 ²
1831 2223 1843 2260 :
1875 2214 1965 2260 aut

382 2293 427 2347 si
462 2310 565 2347 non
597 2292 688 2355 ibi,
718 2292 803 2347 dic
834 2293 941 2348 ubi.

453 2383 738 2440 CXXXIX.
783 2385 903 2440 Juc.
935 2385 1187 2454 Quamvis
1227 2387 1384 2440 nimis
1412 2387 1641 2443 molliter
1669 2388 1867 2458 egerim
1895 2387 1915 2420 ³
1948 2406 1961 2442 :

390 2476 489 2530 etsi
520 2476 661 2529 enim
684 2475 927 2530 Christus
951 2490 1012 2529 ex
1036 2492 1102 2531 eo
1126 2491 1231 2546 quo
1259 2478 1403 2530 venit
1428 2487 1685 2548 tempore,
1710 2478 1965 2533 universis

386 2566 692 2621 hominibus
721 2566 1006 2621 doceretur
1044 2576 1098 2622 et
1143 2568 1242 2622 iter
1265 2567 1629 2624 interclusisse
1658 2571 1842 2625 mortis
1862 2612 1875 2635 ,
1907 2580 1964 2626 et

386 2659 548 2712 vitam
576 2658 806 2712 donasse
828 2666 1159 2729 perpetuam,
1184 2669 1241 2714 ut
1263 2675 1420 2715 nemo
1445 2676 1663 2731 prorsus
1686 2678 1748 2717 ex
1773 2679 1838 2719 eo
1859 2664 1965 2732 die,

387 2767 493 2821 quo
520 2751 760 2806 Verbum
790 2766 915 2807 caro
961 2751 1153 2807 Factum
1183 2761 1285 2818 est,
1319 2763 1406 2807 aut
1434 2754 1486 2807 in
1518 2762 1791 2823 peceatum
1819 2755 1966 2812 labe-

389 2852 554 2911 retur,
583 2853 672 2898 aut
703 2858 799 2914 pro
845 2853 1063 2914 peccato
1093 2859 1303 2915 poenam
1335 2846 1574 2911 timeret;
1601 2862 1706 2901 non
1734 2856 1908 2921 tamen
1937 2864 1968 2903 a

387 2932 725 2990 ronditione‘
743 2935 926 3005 prima:
947 2935 1255 3004 iniquitatis,
1272 2952 1391 3006 qua:
1412 2936 1743 2992 liberalitatis
1758 2937 1971 2994 docere-

390 3036 475 3080 tur
519 3034 773 3080 extremre
807 3041 819 3078 :
852 3026 1102 3096 quoniam
1140 3026 1422 3082 subvenire
1466 3044 1571 3082 non
1602 3020 1927 3085 merentibus
1950 3070 1966 3096 ,

387 3125 560 3187 potest
580 3124 634 3172 et
657 3117 792 3173 solet
808 3116 967 3183 Deus,
990 3132 1112 3173 cum
1135 3116 1288 3172 laude
1317 3118 1644 3186 clementiae;
1671 3120 1857 3192 punire
1876 3136 1972 3177 au-

389 3218 493 3263 tem
519 3223 622 3263 non
651 3218 932 3279 peceantes
962 3223 1065 3263 non
1087 3217 1281 3279 potest,
1300 3210 1415 3264 sine
1439 3212 1715 3267 eversione
1728 3211 1966 3282 justitize.

457 3301 594 3356 Auc.
636 3300 769 3366 Quia
814 3314 943 3369 ergo
970 3299 1117 3369 gravi
1142 3299 1271 3371 jugo
1315 3316 1345 3355 a
1375 3300 1461 3355 die
1489 3303 1662 3356 exitus
1688 3302 1755 3358 de
1780 3312 1971 3359 ventre

389 3390 597 3455 matris,
625 3390 790 3458 puniti
818 3398 944 3443 sunt
971 3390 1212 3457 parvuli;
1240 3406 1469 3460 agnosce
1493 3391 1721 3460 iudicem
1742 3392 1967 3463 justum,

390 3490 443 3535 et
464 3479 725 3535 confitere
767 3479 1024 3549 originale
1049 3489 1344 3549 peccatum.
1379 3481 1571 3536 Punire
1596 3482 1736 3536 enim
1774 3483 1972 3539 nullius

392 3569 591 3639 peccati
620 3570 867 3624 meritum
891 3568 1168 3638 habentes,
1195 3570 1333 3625 sicut
1351 3571 1508 3625 etiam
1537 3570 1651 3641 ipse
1680 3571 1967 3641 confiteris,

394 3675 499 3717 non
528 3667 703 3730 potest
732 3660 849 3715 sine
878 3662 1153 3717 eversione
1178 3663 1417 3731 justitire.

458 3749 620 3807 CXL.
650 3752 768 3807 ιω..
798 3751 1030 3808 Attende
1056 3752 1213 3823 igitur
1237 3754 1363 3823 quid
1395 3754 1678 3824 disputatio
1709 3765 1815 3812 tota
1844 3773 1973 3814 eon-

391 3841 591 3897 fecerit.
619 3842 674 3897 Si
715 3842 879 3912 gratia
910 3841 1105 3897 Christi
1137 3852 1191 3899 et
1220 3845 1350 3899 Adae
1378 3847 1529 3916 culpa
1561 3848 1610 3901 in
1645 3848 1868 3904 diverSts
1893 3830 1973 3905 ef-

390 3933 613 3989 fectibus
639 3936 916 4003 mqualitcr
943 3948 1307 4004 censerentur,
1335 3947 1393 3992 ut
1419 3940 1500 3994 vel
1534 3957 1755 3997 numero
1785 3958 1973 4013 opera-

391 4028 591 4082 tionum
617 4042 774 4101 pares
804 4036 1003 4094 essent,
1034 4043 1153 4098 qua:
1199 4032 1566 4101 operationum
1597 4049 1794 4104 genere
1818 4034 1973 4089 dissi-

391 4116 622 4182 debant;
663 4117 962 4173 docendum
1002 4129 1115 4173 erat
1142 4161 1158 4186 ,
1203 4122 1361 4175 tantis
1407 4123 1667 4191 profuisse
1711 4126 1970 4194 gratiam,

390 4210 602 4277 quantis
628 4207 782 4278 culpa
810 4209 1082 4264 nocuisset
1116 4226 1131 4263 :
1175 4218 1231 4264 ut
1275 4212 1615 4280 appensionis
1658 4214 1824 4277 illius,
1870 4230 1973 4284 qua

396 4297 794 4353 trutinabantur
813 4340 828 4364 ,
860 4298 1082 4369 :equitas
1110 4308 1164 4353 et
1188 4309 1454 4355 momenta
1485 4311 1808 4357 constarent.
1832 4302 1974 4360 Sub—

399 4392 582 4445 venire
626 4406 755 4462 ergo
780 4391 967 4448 debuit
1008 4391 1168 4447 etiam
1215 4392 1320 4446 illis
1361 4393 1578 4448 omnino
1608 4394 1740 4449 locis
1767 4396 1974 4467 illisque

389 4484 628 4551 partibus
652 4485 935 4551 medicina,
959 4486 1149 4555 quibus
1174 4483 1443 4541 insederat
1466 4487 1757 4557 aegritudo;
1791 4488 1841 4544 id
1868 4498 1969 4556 est,

388 4573 433 4625 si
462 4572 660 4641 aliquid
690 4574 741 4628 in
774 4575 1004 4630 motibus
1034 4570 1339 4645 genitalium
1361 4617 1375 4640 ,
1405 4576 1457 4630 in
1488 4578 1730 4633 sensibus
1774 4593 1973 4634 coeun-

391 4666 543 4730 tium,
577 4664 629 4719 in
670 4665 997 4721 obscenitate
1025 4668 1421 4732 membrorum,
1466 4668 1517 4723 in
1550 4668 1851 4727 infelicitate
1882 4688 1976 4727 na-

397 4757 695 4825 scentium,
740 4757 1018 4827 antiquum
1062 4761 1263 4814 crimen
1307 4761 1575 4827 effecerat,
1609 4755 1973 4820 immutatione

388 4849 581 4905 horum
601 4866 718 4922 qua:
752 4851 981 4906 diximus
1004 4894 1019 4919 ,
1050 4852 1282 4908 remedia
1330 4856 1639 4910 contulisset
1686 4875 1699 4911 :
1740 4857 1973 4928 alioquin

390 4943 591 5013 grande
623 4944 982 5000 testimonium
1029 4944 1309 5000 imbecilla:
1337 4946 1465 5000 artis
1484 4988 1501 5012 ,
1530 4946 1766 5019 nihilque
1795 4947 1975 5019 profu-

389 5046 520 5090 tura:
547 5078 561 5100 ,
601 5050 704 5091 nec
731 5036 903 5092 locum
935 5037 1262 5109 :rgritudinis
1285 5037 1569 5102 invenisse,
1600 5046 1655 5093 et
1678 5038 1975 5109 languenti-

400 5128 501 5180 bus
529 5126 836 5197 ever-sisque
863 5129 1211 5197 naturalibus,
1248 5130 1437 5184 inertia
1462 5129 1483 5161 '
1523 5129 1751 5184 fomenta
1781 5132 1971 5185 volun-

388 5219 585 5273 tatibus
614 5216 933 5273 admovisse.

461 5311 596 5365 Acc.
638 5308 754 5365 Jam
786 5322 1099 5395 responsum
1140 5319 1240 5375 est,
1288 5323 1409 5363 cum
1454 5308 1520 5365 de
1558 5309 1807 5365 distantia
1835 5327 1970 5381 pra;-

451 5448 467 5479 ¹
492 5448 565 5497 sic
582 5449 694 5501 Mss.
722 5453 773 5497 Al
798 5444 933 5508 editi,
961 5444 1169 5508 rapiens.

449 5509 470 5539 9
502 5509 640 5570 miti,
661 5508 702 5557 ai
726 5514 885 5570 autem
902 5507 990 5556 hoc
1006 5507 1100 5556 non
1122 5518 1280 5570 neges,
1307 5512 1353 5556 et
1370 5512 1578 5570 "mrtuos
1599 5507 1821 5570 parvulos
1856 5522 1968 5561 con-

390 5566 538 5628 ﬁteris
559 5583 574 5629 ;
596 5571 807 5630 profecto
827 5566 1055 5630 ill/Idam
1081 5565 1288 5617 morinos
1307 5565 1519 5629 negabis.
1553 5565 1870 5621 Fiuettdautur
1904 5585 1968 5622 ex

388 5628 814 5689 manuscriptOrum
839 5628 950 5677 fide.

453 5691 472 5718 ³
505 5688 639 5741 l-lditi,
662 5690 830 5745 egerit,
855 5689 1106 5737 mendose.

450 5751 471 5779 δ
506 5749 778 5799 Meuartlus.
803 5764 859 5798 cu
882 5749 1105 5799 conditio.

505 5814 635 5867 ὡς,
655 5807 858 5861 ὺιωίἱιτ.

1062 359 1303 415 OPERIS
1343 358 1745 415 IhIPiﬁliFECTl
1785 358 2054 415 CONTRA
2093 359 2449 429 JULIANUM,
2490 360 2546 416 S.
2589 363 2949 421 AUGUSTINI

3512 372 3646 427 I200

2072 475 2237 528 sentis
2266 484 2318 528 et
2346 473 2503 527 futuri
2525 476 2703 530 surculi
2736 477 2897 532 locuti
2923 492 3108 532 sumus
3128 478 3341 550 (Supra,
3369 496 3519 551 capp.
3549 484 3643 547 95,

2068 565 2154 623 94,
2191 566 2334 633 106).
2370 564 2467 618 llic
2490 566 2628 619 enim
2657 567 2945 637 accipimus
2977 584 3070 638 per
3101 570 3290 640 pignus
3318 572 3568 641 Spiritus,
3592 586 3645 630 et

2067 654 2304 707 certandi
2329 662 2383 707 et
2412 654 2653 709 vincendi
2684 655 2829 711 vires
2854 674 2867 709 :
2894 657 2964 713 ibi
2991 667 3188 725 autem,
3212 661 3328 715 sine
3354 660 3508 717 hoste
3535 665 3646 717 ullo

2065 752 2286 798 externo
2328 752 2381 798 et
2424 744 2655 810 interno,
2702 744 2955 800 ineffabili
3003 745 3104 802 hac
3145 750 3466 821 sempiterna
3510 766 3645 821 pace

2064 835 2414 904 perfruemur.
2447 835 2696 906 Quisquis
2736 851 2863 907 ergo
2909 838 3086 892 omnia
3117 855 3235 909 qua:
3276 840 3347 895 ibi
3394 841 3642 897 habenda

2065 922 2208 990 sunt,
2240 924 2327 979 hic
2363 925 2476 980 vult
2514 924 2732 991 habere,
2768 926 2922 981 fidem
2953 943 3012 983 se
3048 928 3246 983 iudicat
3274 946 3380 985 non
3422 931 3642 988 habere.

2133 1014 2312 1069 CXLI.
2353 1014 2471 1070 Jun.
2511 1015 2752 1070 Ostendit
2772 1024 2947 1071 autem
2976 1018 3114 1072 inter
3141 1018 3253 1073 btec
3274 1022 3489 1086 veritas,
3518 1024 3643 1106 quia

2064 1106 2162 1161 etsi
2211 1106 2486 1176 prodesset
2524 1107 2687 1162 effusa
2726 1109 3049 1176 generaliter
3092 1109 3357 1167 medicina
3407 1114 3643 1170 motibus

2063 1208 2225 1267 atque
2244 1199 2259 1229 ¹
2290 1199 2619 1263 mortalibus,
2657 1199 2761 1254 illis
2789 1215 2998 1270 quoque
3031 1202 3121 1270 qui
3146 1218 3263 1256 eam
3291 1205 3438 1259 nullo
3463 1207 3645 1262 studio

2065 1306 2166 1346 nec
2192 1291 2294 1346 ulla
2322 1291 2616 1346 intentione
2646 1293 2994 1357 meruissent;
3026 1308 3131 1348 non
3175 1303 3351 1349 tamen
3384 1298 3640 1353 continuo

2065 1394 2280 1439 noceret
2316 1385 2470 1456 culpa
2513 1386 2992 1456 nascentibus,.qui
3021 1387 3151 1442 nihil
3192 1387 3259 1442 ad
3297 1404 3416 1444 eam
3458 1406 3644 1445 assen-

2064 1475 2229 1530 sionis
2256 1475 2537 1531 admovere
2569 1476 2881 1547 potuissent.
2911 1478 2987 1530 Ac
3018 1492 3112 1546 per
3138 1477 3259 1543 hoc,
3290 1478 3389 1532 etsi
3427 1481 3645 1549 aequalis

2063 1576 2206 1619 esset
2245 1566 2426 1634 gratia:
2453 1567 2763 1636 peccatique
2811 1567 3036 1632 taxatio;
3068 1567 3304 1622 clarebat
3334 1578 3530 1637 tamen,
3576 1587 3648 1627 ne
3678 1622 3681 1623 ν

2068 1668 2176 1713 tum
2222 1659 2433 1730 quidem
2475 1660 2735 1731 ejusmodi
2780 1660 3161 1730 appensionem
3204 1675 3270 1716 eo
3310 1678 3475 1737 usque
3515 1638 3686 1727 cum:

2065 1759 2224 1816 stare,
2260 1760 2316 1805 ut
2335 1752 2609 1824 quisquam
2640 1752 2797 1808 nasei'
2814 1752 3128 1823 probaretur
3156 1768 3298 1808 reus.
3678 1742 3686 1748 ’

2137 1842 2273 1897 Auc.
2314 1842 2372 1896 In
2416 1843 2510 1897 illo
2553 1843 2699 1913 gravi
2741 1843 2890 1913 iugo,
2922 1857 3027 1912 quo
3069 1843 3230 1899 etiam
3276 1846 3477 1912 parvuli
3519 1861 3645 1915 pre-

2066 1943 2301 2000 muntur,
2331 1934 2597 2005 quomodo
2625 1942 2708 1990 est
2729 1934 2905 2005 justus
2936 1934 3101 2001 Deus,
3131 1934 3178 1990 si
3203 1935 3379 1990 nullus
3410 1937 3647 1993 nascitur

2067 2025 2224 2079 reus?
2291 2054 2296 2061 ~

2137 2112 2335 2169 CXLII.
2376 2115 2493 2169 Jun.
2533 2115 2684 2171 Nunc
2709 2123 2908 2182 autem,
2948 2129 3067 2171 cum
3098 2115 3387 2184 Apostolus
3426 2131 3527 2171 non
3555 2131 3644 2171 so-

2068 2205 2176 2260 lum
2215 2222 2319 2260 non
2365 2206 2727 2276 postposuerit
2759 2206 2928 2275 culpa:
2965 2206 3213 2275 gratiam,
3254 2221 3440 2260 verum
3482 2207 3642 2264 etiam

2069 2297 2436 2366 prmposuerit,
2465 2297 2648 2351 dicens
2677 2294 2843 2350 multo
2873 2297 2926 2348 in
2954 2295 3131 2362 plures
3161 2295 3460 2350 abundasse
3486 2294 3648 2351 bene-

2069 2388 2208 2454 ficia,
2238 2402 2394 2457 quam
2434 2387 2713 2458 irrepsisse
2745 2385 3056 2456 dispendia;
3084 2400 3180 2456 per
3216 2386 3517 2455 opinionem
3547 2400 3650 2440 au-

2070 2487 2175 2533 tem
2209 2478 2458 2543 traducis,
2492 2479 2658 2533 multo
2693 2477 2859 2549 magis
2886 2487 3093 2533 constet
3130 2477 3374 2531 nocuisse
3403 2486 3648 2545 peccata,

2070 2581 2229 2635 quam
2268 2564 2530 2634 profuisse
2566 2566 2788 2635 gratiam
2820 2582 2832 2619 :
2861 2564 3257 2619 irrefutabiliter
3293 2562 3646 2632 approbatum

2070 2667 2168 2722 est,
2201 2654 2499 2729 apostolum
2525 2654 2740 2709 Paulum
2768 2654 2898 2709 nihil
2932 2654 3163 2709 sensisse
3190 2652 3256 2707 de
3287 2652 3520 2721 traduce,
3551 2654 3651 2707 sed

2072 2745 2186 2816 ejus
2211 2745 2477 2801 sententia
2502 2744 2864 2799 Tradueianos
2889 2758 3011 2798 cum
3049 2741 3353 2798 Maniclueis
3379 2743 3651 2812 magistris

2071 2839 2182 2893 suis
2210 2838 2407 2909 pariter
2429 2836 2591 2892 fuisse
2619 2837 2939 2892 destructus.

2143 2930 2277 2985 Auc.
2315 2927 2431 2983 Non
2458 2927 2594 2983 dixit
2629 2926 2899 2997 apostolus
2926 2925 3143 2990 Paulus,
3181 2945 3200 2979 ι
3233 2924 3400 2980 multo
3444 2923 3497 2979 in
3530 2924 3652 2994 plu-

2072 3035 2161 3075 res
2204 3018 2504 3074 abundasse
2556 3017 2843 3083 beneficia,
2896 3032 3053 3087 quam
3101 3016 3382 3087 irrepsisse
3430 3018 3653 3086 dispen-

2072 3110 2195 3165 dia:
2228 3130 2248 3163 ι
2293 3125 2398 3165 non
2442 3110 2545 3165 hoc
2580 3109 2745 3174 dixit;
2782 3122 2997 3179 prorsus
3029 3108 3247 3173 falleris,
3294 3108 3343 3163 si
3384 3109 3496 3180 ipse
3543 3123 3650 3161 non

2076 3201 2236 3257 fallis.
2268 3202 2433 3257 Multo
2472 3203 2640 3273 magis
2668 3203 2809 3257 enim
2845 3201 3148 3257 abundasse
3185 3202 3407 3272 gratiam
3438 3201 3568 3255 dixit
3598 3202 3651 3256 in

2075 3292 2291 3359 multos,
2334 3308 2442 3347 non
2470 3292 2523 3346 in
2553 3292 2720 3363 magis
2749 3292 2975 3355 multos;
3007 3290 3101 3347 sed
3134 3292 3302 3362 magis
3329 3292 3649 3348 abundasse.

2073 3383 2131 3441 In
2170 3385 2569 3456 comparatione
2595 3399 2823 3455 namque
2864 3384 3197 3454 pereuntium
3230 3384 3379 3454 pauci
3410 3393 3530 3439 sunt
3558 3383 3681 3453 quit

2076 3476 2381 3541 salvantur;
2423 3476 2539 3531 sine
2586 3475 2982 3546 comparatione
3021 3483 3199 3530 autem
3230 3475 3560 3544 pereuntium
3600 3485 3656 3529 et

2076 3568 2177 3638 ipsi
2200 3568 2351 3623 multi
2379 3579 2520 3623 sunt.
2555 3567 2660 3624 Sed
2696 3582 2858 3639 quare
2884 3567 2992 3621 sint
3028 3566 3104 3620 illi
3139 3567 3335 3637 plures,
3368 3582 3526 3637 quam
3554 3566 3651 3629 illi,

2076 3664 2360 3719 consilium
2391 3662 2485 3717 Dei
2512 3660 2648 3717 velle
2681 3676 2838 3716 nosse
2879 3660 3166 3715 multorum
3219 3668 3339 3715 est:
3365 3675 3524 3716 nosse
3561 3675 3656 3715 au-

2078 3760 2183 3806 tem
2208 3753 2293 3808 vel
2320 3751 2759 3823 paucissimorum
2790 3748 3086 3817 hominum,
3118 3748 3205 3805 vel
3241 3752 3456 3805 omnino
3482 3751 3657 3805 nullo-

2076 3858 2219 3897 rum.
2262 3843 2450 3899 Posset
2501 3852 2677 3897 autem
2723 3841 3064 3911 omnipotens
3111 3856 3216 3895 non
3269 3856 3472 3907 creare,
3514 3836 3705 3911 quasi

2075 3934 2311 3988 omnium
2344 3949 2521 3989 rerum
2550 3933 2802 4003 prtescius
2846 3933 3013 3988 malos
3041 3934 3243 3987 futuros
3277 3934 3519 4003 ignorare
3545 3949 3651 3987 non

2076 4034 2278 4094 posset,
2309 4024 2410 4081 nisi
2437 4025 2511 4078 uti
2539 4025 2698 4080 etiam
2729 4023 2885 4078 malis
2914 4023 3153 4094 pluribus
3193 4023 3395 4092 Optime
3422 4023 3656 4093 Optimus

2078 4124 2260 4184 posset
2286 4131 2301 4168 :
2332 4114 2472 4169 unde
2502 4129 2600 4169 nos
2627 4113 2823 4185 aliquid
2852 4114 3139 4185 Apostolus
3156 4113 3358 4179 docuit,
3387 4113 3437 4168 id
3468 4123 3567 4179 est,
3599 4122 3657 4167 ut

2078 4207 2210 4261 iram
2244 4222 2393 4261 suam
2424 4206 2821 4277 potentiamque
2851 4214 3174 4261 monstraret
3203 4206 3257 4260 in
3293 4205 3393 4272 eis,
3424 4220 3539 4275 qua:
3575 4216 3659 4259 at-

2078 4298 2197 4353 tulit
2225 4298 2278 4352 in
2317 4296 2482 4351 multa
2509 4296 2761 4366 patientia
2803 4312 2927 4352 vasa
2954 4297 3066 4363 iraa,
3109 4304 3162 4351 et
3191 4304 3248 4350 ut
3272 4304 3427 4350 notas
3458 4294 3658 4349 faceret

2077 4390 2287 4444 divitias
2328 4387 2511 4459 gloria:
2556 4402 2665 4442 sure
2707 4388 2759 4442 in
2793 4402 2919 4443 vasa
2962 4386 3344 4442 misericordiae
3375 4384 3547 4458 (Rom.
3577 4401 3653 4451 ιχ,

2076 4481 2166 4549 22,
2195 4481 2309 4555 23).
2350 4481 2455 4537 Sed
2492 4480 2678 4535 nolunt
2714 4480 2937 4536 credere
2960 4480 3247 4551 Pelagiani,
3277 4480 3427 4551 quod,
3461 4481 3512 4534 in
3546 4496 3657 4534 uno

2079 4576 2294 4631 homine
2340 4582 2449 4629 tota
2490 4584 2573 4629 est
2602 4589 2777 4629 massa
2815 4573 3018 4640 vitiata,
3067 4581 3122 4629 et
3167 4581 3277 4629 tota
3306 4573 3594 4627 damnata:
3625 4564 3691 4625 al

2077 4683 2182 4737 quo
2208 4666 2339 4721 vitio
2375 4676 2429 4720 et
2463 4665 2804 4721 damnatione
2832 4666 2945 4720 sola
2974 4674 3127 4720 sanat
3153 4674 3208 4720 et
3249 4664 3438 4721 liberat
3464 4664 3656 4735 gratia.

2078 4759 2253 4822 Quare
2295 4758 2437 4812 enim
2472 4757 2649 4827 justus
2694 4756 2782 4811 vix
2820 4757 2998 4812 salvus
3040 4757 3143 4812 erit
3173 4754 3215 4827 (l
3245 4755 3388 4810 Pctr.
3423 4770 3498 4819 tv,
3529 4755 3662 4826 18)?

2077 4848 2340 4919 Numquid
2376 4849 2602 4904 liberare
2624 4849 2825 4920 justum
2856 4849 3006 4904 labor
3041 4858 3124 4903 est
3167 4848 3311 4903 Deo?
3336 4847 3487 4902 Absit
3516 4864 3529 4900 :
3560 4846 3664 4901 sed

2079 4948 2136 4993 ut
2174 4934 2505 5004 ostendatur,
2548 4940 2690 5008 quo?
2728 4938 2918 4993 merito
2957 4936 3121 4994 fuerit
3155 4938 3401 4994 damnata
3446 4945 3658 5001 natura,

2079 5046 2183 5086 non
2209 5031 2322 5084 vult
2363 5028 2515 5084 facile
2544 5028 2613 5085 de
2655 5037 2799 5085 tanto
2839 5028 3004 5095 malo,
3035 5043 3134 5084 nec
3170 5029 3286 5099 ipse
3311 5026 3705 5098 OmnipOtensl

2077 5124 2332 5189 liberare;
2365 5133 2581 5193 propter
2613 5121 2773 5194 quod,
2805 5132 2860 5176 et
2883 5130 3102 5191 peccata
3145 5121 3399 5191 proclivia
3430 5128 3574 5187 sunt,
3605 5129 3667 5174 et

2078 5212 2338 5268 laboriosa
2370 5212 2592 5285 justitia,
2626 5212 2725 5266 nisi
2762 5212 3063 5267 amantibus
3090 5230 3105 5266 :
3134 5211 3229 5268 sed
3256 5210 3509 5276 cbaritas,
3536 5224 3669 5279 qua

2077 5304 2174 5360 hos
2200 5313 2438 5362 amantes
2469 5303 2612 5368 facit,
2643 5319 2709 5359 ex
2735 5300 2845 5359 Deo
2872 5313 2955 5358 est
2982 5303 3026 5373 (l
3048 5303 3203 5356 Joan.
3229 5318 3302 5369 Iv,
3331 5299 3410 5374 7).

2145 5395 2368 5452 CXLIII.
2407 5394 2523 5451 ιω..
2566 5392 2764 5450 Verum
2803 5394 2925 5465 quia
2969 5392 3058 5449 hic
3096 5394 3170 5449 fui
3204 5393 3430 5464 longior,
3472 5405 3670 5461 perga-

2074 5504 2194 5544 mus
2214 5487 2279 5542 ad
2308 5487 2528 5558 reliqua.

2147 5580 2278 5635 Anc.
2322 5578 2395 5633 Ita
2430 5577 2532 5633 hoc
2560 5576 2713 5647 dicis,
2741 5577 2891 5649 quasi
2925 5577 3045 5633 alibi
3074 5576 3288 5633 brevior
3314 5574 3387 5629 sis
3413 5572 3622 5628 futurus
3641 5590 3667 5639 ;

2138 5692 2154 5752 ξ
2189 5689 2327 5752 miti,
2350 5687 2551 5739 motibus
2572 5700 2723 5752 teque.
2744 5697 2921 5752 ornnes
2943 5698 3106 5741 tamen
3120 5696 3251 5750 Mss,
3276 5684 3474 5739 motibus
3495 5688 3672 5747 atque.

2076 5748 2340 5815 Inludauus
2361 5752 2601 5815 correxit,
2623 5748 2837 5802 bntm’bus
2859 5765 3012 5815 (eque.

2138 5812 2157 5842 ³
2199 5813 2331 5871 aditi,
2357 5813 2504 5873 quod.
2531 5820 2656 5869 3:55.,
2683 5823 2789 5874 quo.
2917 5812 2923 5815 '
3612 5854 3683 5879 f
