3962 6180
299 369 418 445 teet

292 500 404 539 eum
445 480 808 553 loquacissime
854 475 1084 549 inquiras
1126 472 1570 545 quemadmodum
1612 470 1848 540 Apostoli

292 571 720 629 manifestissimis
748 568 918 622 verbis
949 567 1167 621 nebulas
1195 566 1403 635 ingeras
1431 563 1694 617 vanitatis.

354 661 572 720 CXLIV.
613 660 732 715 Jun.
763 678 781 712 ι
813 658 1011 714 Omnes
1041 668 1219 713 autem
1248 657 1380 711 dixit
1420 655 1483 709 ad
1526 654 1849 709 condemna-

289 760 475 811 tionem
507 768 600 824 per
642 753 829 815 Adam,
862 761 915 808 et
952 768 1136 807 omnes
1162 750 1227 806 ad
1267 749 1696 819 justificationem
1734 748 1855 800 vitae

234 879 246 915 ι
285 866 375 920 pc:
402 848 579 903 Jesum
608 845 907 911 Christum;
940 861 1058 901 cum
1090 846 1270 914 utique
1297 858 1400 897 non
1428 856 1614 896 omnes
1644 856 1736 896 eos
1765 838 1852 909 qui

235 932 245 967 ³
282 942 574 999 moriuntur
618 939 671 993 in
714 938 901 1005 Adam,
947 936 1229 992 transierat
1266 936 1506 990 Christus
1542 934 1609 989 ad
1651 936 1850 987 vitam:

283 1032 368 1086 sed
396 1047 579 1087 omnes
605 1030 734 1086 dixit
761 1040 918 1101 atque
957 1044 1162 1093 clunes,
1204 1028 1323 1099 quia
1365 1027 1502 1083 sicut
1543 1028 1659 1082 sine
1687 1026 1853 1081 Adam

280 1116 446 1174 nullus
474 1120 538 1175 ad
581 1129 826 1180 mortem.
872 1120 937 1173 ita
969 1121 1083 1174 sine
1124 1120 1333 1173 Christo
1373 1117 1544 1173 nullus
1574 1118 1639 1171 ad
1669 1118 1852 1171 vitam.

280 1210 416 1263 Sicut
444 1210 668 1263 dicimus
709 1210 774 1263 de
806 1209 1097 1263 litterarum
1144 1208 1416 1278 magistro,
1459 1207 1505 1261 si
1545 1207 1598 1261 iu
1643 1206 1856 1261 civitate

279 1300 412 1353 solus
453 1310 559 1361 est,
604 1298 801 1353 Omnes
844 1298 943 1352 iste
986 1297 1072 1352 hic
1116 1298 1317 1352 litteras
1354 1296 1551 1352 docet:
1586 1311 1689 1351 non
1733 1296 1854 1365 quia

277 1404 453 1443 omnes
499 1389 722 1454 discunt,
769 1388 862 1443 sed
900 1391 1023 1459 quia
1067 1405 1224 1443 nemo
1276 1388 1373 1442 nisi
1414 1389 1481 1443 ab
1522 1388 1659 1458 ipso.
1710 1386 1855 1455 Quos

276 1488 441 1533 autem
487 1495 674 1535 omnes
712 1479 937 1544 dixerat,
990 1478 1182 1534 multos
1224 1488 1406 1551 postea
1433 1479 1603 1545 dixit;
1639 1480 1854 1533 eosdem

276 1583 441 1627 tamen
484 1588 670 1627 omnes
710 1574 1006 1643 multosque
1053 1575 1374 1644 signiticans.
1421 1574 1565 1628 Sicut
1605 1574 1737 1627 enim
1767 1591 1857 1643 per

273 1664 412 1717 unius
458 1664 845 1719 inobedientinm
888 1676 1169 1734 peccatores
1212 1667 1464 1719 constituti
1519 1676 1635 1719 sunt
1688 1666 1850 1731 multi,

272 1757 335 1809 itu
375 1766 419 1810 et
461 1774 552 1825 per
592 1759 741 1811 unius
784 1757 1114 1812 obedientiam
1140 1758 1271 1828 justi
1311 1757 1673 1811 constituentur
1711 1758 1854 1810 multi

270 1847 438 1911 (Item.
476 1863 531 1914 v,
563 1848 673 1916 l9).
705 1848 890 1919 Adhuc
925 1857 1125 1919 qumrat
1169 1864 1263 1917 per
1289 1846 1414 1917 quid
1457 1855 1727 1916 peccatum
1767 1846 1851 1900 in-

269 1940 510 1991 veniatur
549 1939 598 1991 in
632 1939 869 2007 parvulo.
915 1938 1257 2008 Respondent
1295 1939 1342 1993 ei
1376 1939 1577 2009 pagina:
1625 1947 1843 2003 sanctae,

266 2026 366 2081 Per
414 2046 575 2083 unum
623 2030 872 2084 hominem
915 2040 1171 2101 peccatum
1209 2032 1264 2083 in
1312 2031 1553 2084 mundum
1597 2029 1798 2081 intravit
1827 2047 1846 2080 ι

266 2119 362 2190 (De
402 2121 615 2193 Nuptiis
658 2132 703 2177 et
744 2123 1177 2192 Concupiscentia,
1221 2123 1307 2175 tib.
1351 2121 1408 2189 2,
1458 2138 1548 2175 nn.
1606 2121 1696 2186 46,
1737 2120 1850 2191 47).

264 2213 492 2267 Sanctas
533 2213 747 2282 quidem
805 2213 1047 2282 Apostoli
1088 2227 1208 2267 esse
1252 2211 1470 2282 paginas
1515 2210 1849 2279 confitemur,

262 2319 366 2356 non
408 2303 483 2357 ob
529 2303 692 2369 aliud,
744 2304 846 2357 nisi
887 2304 1008 2373 quia
1057 2302 1271 2368 rationi,
1315 2299 1516 2370 pietati,
1567 2300 1686 2353 lidei
1726 2316 1853 2355 con-

261 2402 537 2463 gruentes,
569 2393 816 2461 erudiunt
860 2408 956 2448 nos
991 2402 1044 2448 ct
1074 2393 1240 2447 Deum
1277 2390 1501 2444 credere
1530 2390 1852 2443 inviolabilis

263 2484 547 2554 aequitatis,
575 2494 629 2539 et
654 2500 812 2554 Opera
847 2486 965 2554 ejus
990 2485 1127 2538 bona
1171 2483 1500 2551 houestaque
1538 2481 1845 2549 defendere,

263 2587 309 2630 et
344 2576 629 2646 praeceptis
654 2576 766 2645 ejus
803 2575 1248 2640 moderationem,
1282 2572 1615 2644 prudentiam
1636 2572 1673 2637 ί,
1694 2571 1849 2641 justi-

266 2668 381 2721 tiam
412 2666 707 2721 vindicare.

331 2759 462 2812 Am.
511 2754 625 2825 Ipsa
675 2766 725 2810 te
763 2755 1029 2809 convincit
1081 2757 1132 2808 in
1178 2754 1414 2824 parvulis
1454 2755 1673 2824 aequitas
1714 2754 1802 2808 Dei
1832 2772 1855 2829 ε,

265 2849 554 2919 quoniam”
595 2863 783 2919 magna
833 2857 915 2902 est
962 2849 1232 2917 iniquitas,
1284 2848 1328 2903 si
1365 2848 1491 2918 jugo
1535 2849 1678 2917 gravi
1726 2865 1848 2918 pre-

264 2950 477 2994 uiuntur
513 2949 568 2996 et
599 2941 800 3010 parvuli
836 2942 950 2996 siue
992 2941 1100 2996 ullo
1148 2941 1339 2995 merito
1383 2942 1700 3011 vinculoque
1726 2956 1850 3012 pec—

176 3096 185 3106 .
263 3033 376 3086 cati.

325 3122 537 3177 CXLV.
579 3122 697 3179 JUL.
740 3125 815 3179 Ac
853 3140 945 3192 per
979 3125 1099 3189 hoc,
1148 3139 1345 3195 negare
1384 3140 1703 3196 quemquam
1754 3141 1849 3194 pro

262 3206 483 3266 alterius
528 3223 744 3281 peccato
774 3230 930 3284 posse
968 3215 1232 3282 damnari,
1282 3231 1477 3286 negare
1519 3217 1683 3271 ullum
1725 3231 1850 3285 pec-

261 3312 424 3356 catum
452 3304 523 3357 ad
554 3312 796 3373 posteros
822 3315 1025 3359 natura:
1051 3306 1358 3361 conditione
1390 3306 1654 3360 transire:
1688 3316 1849 3376 atque

266 3395 505 3459 credere,
535 3405 692 3465 atque
729 3412 994 3462 asserere,
1028 3397 1294 3454 hominem
1324 3398 1391 3454 de
1415 3399 1649 3453 instituta
1680 3416 1710 3452 a
1743 3400 1849 3453 Deo

263 3488 587 3543 fecunditate
619 3489 856 3559 genitum
893 3491 1040 3544 liberi
1081 3491 1282 3545 arbitrii
1308 3491 1465 3561 justis
1492 3493 1691 3562 legibus
1716 3507 1847 3548 con-

263 3579 488 3643 veniri’,
541 3588 596 3631 ut
644 3579 772 3633 vitet
815 3594 973 3634 omne
1020 3580 1161 3649 quod
1207 3581 1402 3635 malum
1449 3590 1553 3649 est,
1600 3592 1848 3638 exerceat

263 3683 413 3723 oume
439 3668 589 3738 quod
619 3669 816 3724 bonum
856 3678 957 3736 cst,
998 3685 1117 3735 nec,
1158 3671 1448 3725 secundum
1477 3687 1589 3736 vos,
1621 3673 1849 3726 instituet

264 3775 501 3815 amorem
543 3769 598 3816 et
644 3762 1014 3817 necessitatem
1058 3761 1339 3817 criminum
1386 3763 1695 3816 substantia:
1736 3777 1847 3817 suae

260 3855 449 3920 causis,
500 3852 551 3906 id
592 3861 694 3920 est,
727 3854 855 3924 ipsis
893 3852 1185 3908 adharsisse
1223 3854 1548 3919 seminibus;
1584 3868 1679 3908 nec
1708 3856 1845 3908 reci-

263 3942 361 4011 piat
392 3952 507 3998 tam
534 3943 772 4010 stultam,
807 3953 910 3998 tam
942 3944 1200 4008 insanam,
1233 3952 1338 3997 tam
1374 3942 1588 4012 impiam
1631 3953 1847 3998 senten-

194 4094 202 4101 η
264 4037 400 4100 tiam,
430 4037 487 4090 in
510 4036 885 4090 contumeliam
915 4035 1160 4090 videlicet
1190 4044 1413 4102 naturae,
1452 4035 1694 4101 rationis,
1729 4036 1840 4101 Dei,

262 4126 501 4193 Apostoli
533 4127 800 4182 volumine
841 4126 1126 4191 contineri,
1157 4127 1279 4196 quia
1315 4126 1511 4180 dixerit
1554 4142 1647 4194 per
1679 4141 1840 4195 unum

262 4218 530 4274 hominem
563 4227 836 4289 peccatum
868 4218 920 4273 in
950 4218 1091 4273 hunc
1118 4218 1370 4272 mundum
1413 4219 1661 4283 intrasse,
1708 4227 1760 4272 ct
1792 4219 1841 4271 in

262 4325 440 4365 omnes
466 4311 709 4365 homines
738 4312 990 4365 transisse
1019 4318 1244 4371 mortem
1273 4309 1449 4378 (Rom.
1478 4325 1530 4372 v,
1566 4309 1690 4378 l2);
1721 4324 1841 4363 eum

262 4400 355 4456 hoc
383 4404 476 4456 diu
506 4403 733 4473 caligare
764 4417 867 4457 tt0n
911 4403 1111 4462 siverit,
1146 4402 1348 4457 addens
1374 4415 1467 4456 eos
1494 4416 1626 4470 quos
1656 4415 1843 4454 omnes

261 4491 486 4556 dixerat,
516 4492 711 4547 debere
740 4495 933 4546 multos
970 4493 1211 4563 intelligi,
1255 4493 1342 4561 qui
1385 4492 1699 4556 imitatione,
1732 4508 1835 4545 non

260 4584 600 4648 generatione
626 4591 962 4655 peccassent.

329 4677 461 4729 Aen.
508 4676 662 4729 l‘otcs
681 4675 883 4740 dicere,
913 4691 1014 4727 non
1045 4689 1232 4728 omnes
1252 4682 1436 4743 gentes
1456 4674 1644 4728 semini
1674 4674 1842 4729 Abra-

261 4762 339 4817 h:e
379 4765 543 4820 fuisse
575 4766 880 4836 promissas,
926 4766 1011 4819 ubi
1041 4764 1240 4819 dictum
1284 4774 1384 4830 est,
1420 4764 1487 4818 In
1533 4767 1721 4820 semine
1756 4776 1839 4820 tuo

258 4854 607 4910 benedicentur
633 4874 802 4911 omnes
832 4868 997 4928 gentes
1027 4855 1178 4927 (Gen.
1211 4873 1342 4922 xxu,
1392 4858 1479 4928 18)
1504 4871 1519 4923 ;
1550 4858 1675 4929 quia
1720 4873 1839 4912 eas-

257 4945 377 5000 dem
412 4946 545 5001 dixit
589 4956 642 5001 ct
686 4949 899 5007 multas.
933 4948 1018 5001 ubi
1057 4948 1266 5017 legitur,
1316 4947 1523 5002 Patrem
1567 4950 1842 5003 multarum

257 5040 477 5105 gentium
515 5041 663 5109 posui
707 5049 754 5094 te
792 5038 901 5108 (Id.
936 5055 1067 5104 xvu,
1118 5039 1214 5109 ’ἶ
1240 5050 1412 5108 potes,
1457 5041 1692 5110 inquam,
1740 5041 1841 5095 hoc

255 5128 456 5196 dicere,
486 5138 539 5185 ct
580 5131 631 5185 in
661 5145 726 5185 eo
753 5145 965 5201 quoque
992 5131 1110 5184 loco
1139 5129 1429 5199 Scriptura:
1467 5132 1837 5200 praenuntianti

256 5221 395 5288 quod
427 5222 583 5276 rebus
608 5221 737 5292 ipsis
760 5222 1000 5276 videmus
1028 5221 1234 5290 impleri
1269 5231 1356 5275 tuo
1382 5222 1686 5292 vaniloqnio
1712 5240 1839 5279 con-

258 5311 551 5372 uadicerc;
586 5321 639 5365 et
660 5311 944 5381 prohibere
981 5326 1077 5365 nos
1099 5311 1392 5380 intelligere
1418 5326 1606 5366 omnes
1628 5322 1833 5383 gentes,

255 5400 341 5454 ubi
368 5404 643 5468 promissa:
672 5412 815 5468 sunt,
862 5403 986 5472 quid
1018 5390 1157 5457 aliud
1191 5418 1346 5473 quam
1393 5419 1581 5475 omnes
1615 5409 1839 5473 gentes?

255 5492 375 5563 quia
410 5508 501 5562 per
530 5503 672 5550 tuam
699 5495 1050 5557 dialecucam.
1093 5512 1263 5549 omnes
1307 5514 1412 5551 non
1442 5512 1536 5566 pro
1566 5498 1834 5560 omnibus,

319 5669 336 5733 ξ
376 5667 486 5733 Editi
502 5705 515 5726 .
550 5670 837 5733 prudentiw.

319 5730 339 5793 ξ
374 5732 445 5793 sic
471 5730 574 5781 Mss.
602 5734 718 5781 Editi
747 5746 878 5791 vero,
904 5745 1066 5793 quam.

322 5789 341 5821 ³
376 5791 446 5839 sic
466 5799 570 5842 Mss.
598 5794 733 5854 mliti,
757 5789 1004 5845 conrenire

1609 350 1806 407 Lmen
1846 351 2221 431 SECUNDUS.

3415 326 3548 421 ιῆόε

1964 469 2055 525 sed
2094 488 2187 540 pro
2232 473 2404 527 multis
2439 492 2552 543 qua:
2588 492 2771 531 omnes
2819 492 2920 532 neu
2970 485 3109 543 sunt,
3145 477 3343 547 positas
3382 489 3541 549 atque

1964 562 2332 633 intelligendas
2359 564 2553 619 doces.
2604 567 2659 622 Si
2703 577 2879 623 autem
2922 577 3139 638 possunt
3180 568 3420 639 quidem,
3454 571 3544 625 ubi

1962 654 2211 709 dicuntur
2240 658 2410 721 multi,
2446 674 2548 711 non
2580 674 2767 714 omnes
2808 661 3057 731 intelligi;
3103 660 3196 716 sed
3228 671 3400 716 tamen
3449 661 3539 716 ubi

1960 746 2206 800 dicuntur
2226 763 2432 814 omnes,
2463 766 2694 821 vereque
2732 761 2857 806 sunt
2886 767 3093 815 omnes,
3124 764 3268 809 recte
3297 753 3547 810 dicuntur

1960 848 2009 891 et
2030 837 2211 902 multi;
2242 855 2306 892 ue
2333 839 2428 908 ipsi
2452 854 2658 903 omnes,
2691 844 2839 910 pauci
2870 843 3265 913 intelligantur;
3296 844 3435 897 sicut
3467 846 3542 900 illi

1962 931 2150 998 sancti,
2180 947 2313 1002 quos
2338 932 2472 1002 ignis
2497 933 2691 988 ardens
2713 949 2870 990 urere
2899 944 2981 989 est
3006 937 3197 989 vetitus
3227 934 3322 1008 (τι),
3357 952 3547 990 omne:

1963 1021 2098 1076 inter
2147 1022 2387 1103 innoxias
2429 1022 2667 1080 ﬂammas
2706 1025 2989 1080 laudabant
3034 1027 3220 1094 Deum,
3272 1037 3327 1082 et
3371 1036 3546 1082 tamen

1964 1108 2062 1179 ipsi
2092 1126 2279 1167 omnes
2311 1115 2460 1183 pauci
2488 1125 2658 1181 erant,
2691 1115 2940 1186 quoniam
2969 1124 3078 1170 tres
3105 1128 3256 1172 erant
3279 1116 3439 1190 (Dim.
3465 1135 3545 1180 tu.
3582 1120 3590 1175 ἕ

1963 1201 2152 1273 49-51)
2196 1205 2362 1273 :quid
2413 1206 2573 1261 habet
2617 1206 2804 1260 virium
2851 1208 3238 1277 argumentatio
3288 1219 3397 1274 tua,
3446 1225 3545 1279 qua

1964 1304 2240 1363 propterea
2279 1310 2465 1351 omnes
2504 1312 2609 1351 non
2655 1298 2735 1351 vis
2774 1313 2960 1353 omnes
3008 1297 3250 1369 intelligi,
3297 1300 3546 1369 quoniam

1963 1384 2121 1440 iidem
2154 1387 2253 1457 ipsi
2293 1388 2419 1443 dicti
2454 1399 2579 1445 sunt
2617 1390 2810 1443 multi?
2838 1388 3276 1458 Quandoquidem
3309 1391 3395 1460 qui
3426 1406 3549 1446 vere

1962 1485 2085 1531 sunt
2121 1493 2328 1545 omnes,
2360 1480 2479 1535 ideo
2511 1497 2889 1552 nonnunquam
2921 1482 3171 1537 dicuntur
3208 1493 3259 1536 ct
3288 1483 3457 1547 multi,
3493 1493 3547 1537 ut

1961 1566 2332 1625 discernantur
2360 1570 2426 1625 ab
2455 1572 2551 1635 eis,
2590 1574 2911 1643 quicumque
2955 1573 3030 1626 ita
3073 1582 3195 1627 srmt
3233 1588 3442 1639 omnes,
3492 1583 3550 1626 ut

1961 1658 2068 1713 sint
2117 1669 2290 1716 tamen
2339 1662 2509 1732 pauci.
2564 1662 2750 1733 Capilli
2796 1664 2991 1734 quippe
3040 1664 3267 1719 hominis
3325 1681 3539 1729 omnes,

1959 1749 2118 1803 etiam
2167 1752 2315 1807 multi
2353 1762 2509 1820 sunt;
2560 1754 2709 1826 digiti
2754 1772 2881 1811 vero
2922 1757 3080 1811 etiam
3126 1772 3336 1824 omnes,
3384 1759 3537 1829 pauci

1960 1845 2101 1893 sunt.

2028 1931 2253 1988 CXLVI.
2294 1934 2412 1990 σιω..
2455 1936 2645 1991 Totum
2676 1938 2904 2007 denique
2934 1938 3073 2008 quod
3102 1948 3303 2009 egerat,
3336 1940 3539 1994 enoda-

1960 2023 2035 2076 vit
2063 2022 2263 2090 dicens,
2298 2024 2443 2079 Sicut
2468 2028 2599 2079 enim
2627 2044 2714 2094 per
2737 2028 3124 2082 inobedientium
3155 2031 3303 2083 unius
3326 2031 3545 2083 hominis

1960 2124 2243 2183 peccatores
2281 2117 2535 2170 constituti
2578 2128 2696 2170 sunt
2732 2119 2913 2181 multi;
2958 2120 3030 2171 ita
3057 2128 3101 2170 et
3128 2136 3216 2189 per
3253 2120 3402 2173 unius
3427 2122 3546 2173 obe—

1960 2203 2201 2257 dientiam
2240 2206 2364 2274 justi
2412 2205 2781 2259 constituentur
2824 2207 2968 2260 multi
3013 2205 3189 2280 (Rom.
3237 2223 3286 2272 v,
3324 2208 3414 2278 l9)
3444 2226 3456 2261 :
3490 2220 3545 2261 ut

1960 2292 2098 2346 sicut
2139 2309 2295 2347 nemo
2336 2295 2552 2363 przemia
2580 2296 2790 2352 virtutis
2821 2306 3075 2363 meretur,
3111 2297 3211 2352 nisi
3240 2298 3328 2367 qui
3360 2299 3426 2354 ad
3456 2315 3542 2364 ea,

1962 2391 2080 2451 post
2130 2385 2545 2441 incarnationem
2589 2397 2764 2442 tamen
2810 2386 3039 2453 Christi,
3087 2390 3382 2445 sanctitatis
3426 2390 3541 2455 ejus

1958 2472 2252 2528 imitatione
2296 2476 2664 2539 contenderit;
2723 2478 2794 2532 ita
2851 2478 2902 2532 in
2951 2478 3120 2532 Adam
3166 2481 3539 2547 przevaricator

1958 2579 2115 2618 nemo
2135 2573 2395 2633 teneatur,
2418 2567 2517 2621 nisi
2540 2569 2627 2638 qui
2654 2569 2706 2622 in
2733 2570 3154 2640 transgressione
3182 2569 3312 2640 legis
3338 2570 3494 2641 primi
3518 2575 3529 2602 ¹

1956 2654 2188 2709 hominis
2218 2656 2513 2713 imitatione
2543 2659 2846 2731 deliquerit.

2028 2746 2162 2801 Ave.
2206 2746 2316 2801 tioe
2334 2757 2416 2803 est
2444 2750 2708 2803 occultum
2731 2760 2785 2804 et
2806 2750 3130 2837 ltorrcrjdum
3152 2751 3296 2808 virus
3322 2751 3543 2811 haeresis

1957 2845 2168 2903 vestra},
2219 2845 2277 2892 ut
2316 2838 2488 2894 velitis
2532 2841 2757 2909 gratiam
2794 2840 2989 2896 Christi
3039 2842 3090 2896 in
3134 2842 3381 2912 exemplo
3426 2848 3543 2914 ejus

1957 2942 2096 2990 esse,
2126 2944 2229 2982 non
2271 2929 2323 2983 in
2354 2929 2496 2984 dono
2524 2930 2658 3001 ejus,
2689 2931 2949 2995 dicentes,
2991 2934 3114 3003 quia
3147 2949 3244 3004 per
3281 2935 3398 3005 ejus
3425 2936 3543 2993 imi.-

1959 3017 2209 3073 tationem
2245 3019 2374 3074 fiunt
2400 3021 2549 3091 justi,
2578 3038 2683 3078 non
2717 3039 2811 3093 per
2839 3024 3385 3083 subministrationem
3416 3029 3540 3099 Spi-

1959 3112 2090 3164 ritus
2127 3112 2315 3177 sancti,
2359 3122 2414 3167 nt
2443 3129 2563 3169 cum
2596 3115 2867 3170 imitentur
2895 3116 3145 3182 adducti;
3178 3134 3338 3188 quem
3368 3119 3537 3189 Spiri-

1962 3210 2068 3253 tum
2091 3216 2250 3271 super
2267 3204 2428 3257 suos'
2460 3204 2719 3260 ditissimc
2747 3206 2967 3262 eliudit:
2997 3217 3050 3262 et
3079 3210 3228 3280 quasi
3260 3193 3551 3279 vigilanter

1957 3289 2168 3355 additis,
2212 3311 2230 3345 ι
2262 3302 2374 3360 post
2411 3293 2827 3350 incarnationem
2869 3306 3044 3351 tamen
3083 3298 3235 3368 eius;
3269 3316 3287 3350 ι
3325 3308 3541 3368 propter

1956 3383 2202 3452 antiquos
2224 3384 2487 3452 videlicet,
2520 3402 2653 3456 quos
2680 3386 2797 3441 sine
2835 3389 3002 3458 gratia
3033 3388 3149 3458 ejus
3174 3388 3337 3444 fuisse
3363 3389 3539 3445 dicitis

1950 3477 2141 3547 justus,
2170 3492 2236 3532 co
2264 3478 2401 3548 quod
2449 3494 2552 3533 non
2582 3480 2862 3535 habuerint
2895 3480 3012 3551 ejus
3032 3483 3356 3551 exemplum.
3400 3481 3537 3550 Quid

1955 3569 1997 3621 si
2031 3585 2157 3639 ergo
2190 3579 2243 3624 et
2273 3580 2390 3641 post
2412 3572 2826 3627 incarnationem
2849 3572 3070 3642 Christi,
3100 3575 3335 3629 nondum
3359 3578 3539 3631 audito

1958 3662 2263 3732 Evangelia,
2292 3667 2666 3733 proposuerint
2695 3666 2793 3720 sibi
2822 3667 2980 3738 aliqui
3015 3667 3258 3723 homines
3295 3668 3540 3738 Superioo

1956 3767 2070 3803 rum
2101 3753 2342 3821 exempla
2368 3754 2655 3823 justorum,
2683 3756 2933 3826 justeque
2970 3758 3237 3813 vixerint?
3266 3759 3393 3828 quid
3421 3753 3543 3831 agi;

1955 3841 2067 3895 tis?
2095 3832 2180 3895 tibi
2222 3858 2318 3895 vos
2349 3844 2578 3899 videtis?
2623 3846 2769 3900 Itane
2807 3864 2935 3901 vero
2966 3848 3047 3901 isti
3081 3850 3291 3903 virtutis
3320 3851 3536 3918 pra-mia

1954 3946 2059 3985 non
2094 3936 2404 3986 merentur?
2442 3935 2496 3989 Si
2540 3950 2670 4005 ergo
2712 3950 2776 3990 ex
2811 3936 3076 4004 justorum
3110 3939 3405 3991 imitatione
3440 3939 3535 4008 ju~

1951 4022 2122 4085 stitia;
2165 4021 2407 4076 Christus
2445 4024 2611 4092 gratis
2656 4033 2898 4079 mortuus
2933 4035 3016 4080 cst
3057 4024 3254 4094 (Colat.
3299 4043 3353 4091 ιι,
3392 4027 3485 4097 21)
3517 4046 3529 4081 :

1951 4113 2071 4182 quia
2105 4112 2464 4183 t'uernntjusti
2505 4127 2558 4171 et
2599 4125 2721 4171 ante
2754 4116 2947 4187 ipsum,
2994 4134 3128 4187 quos
3173 4119 3365 4175 illliLll'i
3410 4136 3533 4190 post.

1951 4212 2089 4266 sent,
2122 4202 2210 4274 qui
2238 4203 2363 4272 justi
2401 4220 2522 4260 esse
2554 4207 2862 4262 voluissent.
2907 4209 3042 4276 Quid
3074 4219 3156 4263 est
3198 4209 3358 4263 etiam
3395 4212 3533 4282 quod

1949 4294 2238 4362 ApOStolus
2267 4312 2370 4348 non
2414 4297 2509 4362 ait,
2544 4298 2843 4354 lmitatores
2871 4308 3043 4354 estote
3068 4299 3286 4366 Christi,
3321 4302 3457 4355 sicut
3483 4314 3538 4357 et

1950 4399 2082 4453 ego;
2112 4386 2207 4441 sed
2234 4388 2329 4454 ait,
2362 4386 2645 4444 Imitatores
2686 4392 2781 4443 mei
2806 4400 2977 4454 estote,
3022 4393 3149 4446 sicut
3177 4403 3221 4445 et
3254 4409 3345 4464 ego
3388 4393 3537 4450 Chri-

1949 4476 2015 4528 sti
2041 4474 2081 4546 (l
2108 4475 2228 4531 Cor.
2264 4493 2342 4542 XI,
2376 4480 2465 4549 1)?
2507 4481 2642 4548 Ergo
2666 4496 2723 4534 se
2750 4481 2855 4534 illis
2883 4483 3045 4536 voluit
3084 4499 3204 4538 esse
3247 4500 3341 4562 pro
3378 4485 3534 4540 Chri—

1950 4566 2067 4619 sto?
2101 4567 2370 4623 Videtisne
2407 4586 2523 4638 qua:
2565 4572 2699 4624 mala
2746 4587 2841 4626 vos
2873 4585 3289 4644 consequantur,
3319 4580 3532 4648 quando

1950 4657 2118 4712 Adam
2155 4669 2208 4713 et
2248 4660 2516 4714 Christum
2560 4665 2593 4716 Α
2605 4665 2814 4734 postulo
2849 4678 3196 4736 proponcutc,
3228 4686 3320 4725 vos
3369 4672 3534 4727 imita-

1950 4748 2145 4802 tionem
2189 4751 2492 4815 imitationi,
2528 4754 2669 4809 nou'
2710 4758 3165 4826 regenerationem
3204 4763 3532 4834 generationi

1949 4843 2107 4895 vultis
2134 4846 2441 4910 opponere?

2019 4933 2264 4989 CXLVII.
2307 4935 2423 4991 JcL.
2462 4938 2744 4995 Pervenire
2788 4950 2964 4996 autem
3012 4951 3067 4998 ct
3110 4944 3174 4998 ad
3223 4945 3533 5001 innocentes

1945 5026 2166 5094 gratiam
2202 5025 2418 5093 Christi,
2460 5029 2523 5085 ad
2562 5046 2696 5097 quos
2736 5031 2864 5085 Adae
2905 5033 3057 5102 culpa
3101 5049 3207 5088 non
3250 5038 3528 5106 pervenit:

1949 5126 2165 5186 propter
2193 5119 2354 5187 quod,
2379 5120 2661 5190 vigiiauter
2691 5122 2991 5189 inculcavit,
3031 5124 3194 5181 Multo
3221 5131 3384 5201 magis
3408 5147 3531 5200 gra-

1947 5207 2018 5260 tia
2050 5207 2144 5262 Dei
2171 5221 2216 5262 et
2240 5210 2428 5264 (tonum
2463 5214 2612 5266 unius
2642 5213 2860 5270 hominis
2886 5213 3012 5271 Iesu
3052 5217 3241 5275 Christi
3278 5222 3329 5274 in
3360 5221 3532 5291 plures

1951 5299 2223 5353 abundavit
2254 5301 2427 5371 (Rom.
2462 5318 2514 5370 v,
2546 5303 2634 5373 15)
2666 5321 2678 5359 :
2717 5315 2773 5360 ut
2813 5307 2901 5362 illa
2949 5311 3193 5380 superior
3236 5311 3531 5381 coarquatio

2012 5434 2027 5505 ξ
2063 5432 2179 5505 {diti
2201 5469 2217 5494 ,
2238 5433 2388 5505 quasi
2411 5433 2573 5497 primi.
2601 5437 2773 5505 Abest,
2816 5440 2984 5505 quasi,
3007 5455 3035 5491 a
3066 5439 3314 5505 Mssaclar.
3340 5449 3394 5505 et
3415 5449 3514 5491 Mar

2009 5497 2029 5527 ί
2063 5496 2329 5568 atenardus,
2355 5496 2464 5560 qna:
2479 5513 2622 5562 super
2640 5496 2863 5568 spiritum
2879 5496 3023 5566 super
3042 5503 3429 5568 ros._\‘_ignierius,
3449 5504 3537 5568 qni

1944 5569 2084 5665 filum!
2105 5556 2328 5619 spiritum
2359 5556 2501 5623 super
2534 5556 2630 5611 eos.
2666 5556 2979 5628 'Cerriguutiir
3023 5576 3085 5612 ex
3119 5556 3223 5612 tide'
3253 5569 3377 5614 Port.

1964 5631 2061 5665 .ilr.

1964 5631 2061 5665 .ι;ιι“.

2011 5681 2030 5711 ³
2064 5679 2290 5751 Particulo
2328 5694 2515 5745 negans
2557 5685 2647 5735 hoc
2682 5686 2783 5736 loco
2822 5687 3090 5737 restituitur
3115 5693 3400 5743 auctoritate
3432 5706 3532 5745 ma-

1947 5749 2313 5803 nuseriptorum.

2009 5806 2080 5863 (rt)
2106 5810 2261 5864 l-‘orte,
2289 5816 2353 5855 re:
2369 5804 2463 5856 itus
