3962 6180
390 408 413 462 ί
429 406 530 460 2'03

388 522 507 586 ejus
552 516 725 571 :ctatis
752 530 870 585 qum
902 514 1103 567 ratione
1151 515 1318 568 utitur
1367 514 1417 567 in
1449 513 1732 569 contrariis
1772 509 1961 567 studiis

391 610 584 664 indicet
622 606 1006 669 imitationem;
1050 605 1163 659 bene
1209 614 1387 659 autem
1432 604 1480 658 in
1508 604 1691 675 gratiae
1723 602 1967 670 largitate

390 700 651 770 prmlatio,
700 704 1042 766 consecratos
1087 705 1141 751 et
1185 706 1468 766 provectos
1515 694 1772 764 approbet
1815 692 1968 747 inno-

387 803 586 846 centes.
619 791 748 855 Qum
772 803 893 842 cum
923 787 993 842 ita
1025 788 1153 854 sint,
1188 787 1302 855 tibi,
1338 802 1442 842 non
1474 787 1623 851 mihi,
1655 784 1967 856 Apostolum

386 883 603 938 obviare
646 881 804 947 senti,
836 889 1020 935 contra
1063 891 1115 936 te
1144 897 1263 935 eum
1292 896 1439 935 arma
1467 880 1607 936 ferre
1636 878 1965 951 cognoscito,

389 975 478 1044 qui
505 972 697 1042 dogma
721 979 891 1036 tuum,
916 973 1366 1041 prmeeptorisque
1394 972 1466 1025 tui
1495 970 1695 1037 Fausti,
1726 985 1754 1022 a
1780 983 1885 1040 quo
1909 984 1968 1023 es

390 1067 531 1121 velut
569 1066 737 1137 prima
768 1080 926 1119 manu
958 1064 1173 1129 tim-tus,
1218 1063 1320 1119 hoc
1346 1078 1473 1126 uno,
1520 1063 1564 1117 si
1596 1070 1789 1117 ctutera
1815 1060 1969 1115 dees-

390 1167 527 1223 sent,
562 1156 911 1212 vehementer
951 1163 1236 1217 everteret.
1267 1154 1387 1224 quia
1431 1153 1556 1208 dicit
1585 1168 1679 1225 per
1704 1151 1859 1206 unius
1890 1149 1972 1204 in-

401 1248 743 1303 tbcdicntiam
766 1246 984 1314 multos,
1001 1260 1105 1299 non
1133 1259 1343 1311 omnes,
1375 1251 1685 1313 peccatores
1711 1239 1971 1296 constitu—

396 1348 473 1391 tos
520 1337 713 1403 fuisse,
767 1344 821 1393 et
874 1351 967 1406 per
1013 1335 1172 1390 unius
1225 1334 1586 1390 obedientiam
1636 1332 1812 1403 justos
1863 1348 1967 1409 non

398 1443 578 1483 amnes
605 1428 922 1482 constitutos
965 1425 1148 1493 fuisse,
1191 1424 1288 1480 scd
1329 1425 1545 1479 multos.
1583 1421 1652 1479 Ut
1677 1422 1818 1477 enim
1853 1421 1974 1476 diii-

389 1528 574 1588 genter
593 1533 752 1590 quam
783 1515 874 1571 tibi
899 1531 1077 1573 sermo
1107 1515 1195 1571 hic
1231 1523 1507 1587 repugnet,
1539 1514 1751 1570 lectoris
1775 1512 1970 1567 intelli-

389 1609 581 1676 gentia:
602 1617 920 1679 suggeratur
945 1626 957 1661 :
988 1605 1277 1677 Apostolus
1306 1604 1632 1675 pronuntiat,
1657 1616 1760 1657 non
1784 1617 1972 1658 omnes

394 1712 488 1767 per
531 1696 700 1752 Adam
753 1706 1063 1767 peccatores
1102 1695 1421 1750 constitutos
1469 1692 1665 1759 fuisse;
1711 1701 1767 1747 tu
1815 1691 1969 1756 dicis,

392 1802 579 1843 omnes
618 1788 838 1843 omnino
884 1803 978 1859 per
1022 1786 1192 1843 Adam
1239 1794 1455 1856 peccato
1503 1784 1729 1839 naturali
1778 1783 1845 1838 ad
1883 1783 1973 1854 jus

392 1879 586 1933 diaboli
632 1879 901 1949 pertinere
940 1895 955 1932 :
998 1877 1194 1949 ambigi
1240 1893 1345 1931 non
1387 1885 1584 1946 potest,
1637 1875 1775 1930 inter
1822 1884 1875 1931 te
1918 1882 1973 1929 et

330 2004 348 2017 -
395 1971 703 2041 Apostolum
732 1984 975 2041 magnam
1006 1983 1126 2024 esse
1154 1983 1403 2039 pugnam.

464 2063 598 2115 Anc.
637 2058 836 2115 Omnes
858 2058 1007 2127 dicit,
1035 2058 1361 2129 eosdemque
1392 2058 1615 2123 multos;
1643 2073 1749 2113 non
1778 2058 1974 2113 multos

390 2151 616 2207 dicendo
646 2159 801 2222 negat
841 2151 1086 2217 omnes',
1133 2165 1202 2206 ne
1239 2149 1342 2205 sibi
1382 2149 1451 2203 sit
1496 2150 1609 2221 ipse
1650 2146 1969 2212 contrarius,

391 2244 528 2296 sicut
554 2252 725 2297 vestra
755 2250 846 2296 aut
868 2241 1000 2297 l'allit
1023 2240 1354 2311 improbitas,
1384 2247 1474 2294 aut
1518 2240 1716 2294 fallitur
1742 2239 1971 2294 caecitas.

391 2335 523 2404 Quia
563 2335 706 2390 enim
740 2343 1024 2404 utrumque
1061 2332 1197 2387 dixit
1235 2332 1538 2402 Apostolus,
1582 2340 1635 2385 et
1676 2346 1884 2396 omnes,
1923 2338 1978 2385 et

394 2425 623 2489 inultos;
662 2423 867 2477 ostendi
911 2438 1010 2493 ego
1045 2437 1149 2479 non
1180 2423 1321 2478 inter
1352 2437 1410 2477 se
1451 2422 1556 2476 duo
1581 2423 1678 2476 ista
1708 2436 1973 2492 pugnare;

392 2516 514 2584 quia
561 2515 660 2583 ipei
698 2529 914 2577 omnes,
959 2513 1080 2567 ideo
1107 2512 1267 2569 etiam
1310 2511 1458 2569 multi
1499 2522 1620 2566 sunt
1663 2511 1812 2578 dicti,
1855 2513 1977 2583 quia

394 2621 581 2661 "IIIIIOS
607 2604 888 2675 aliquando
912 2603 1161 2660 dicuntur
1180 2613 1232 2658 et
1257 2604 1405 2673 pauci
1430 2621 1442 2657 :
1466 2612 1520 2657 ιιι
1546 2613 1723 2659 autem
1752 2601 1977 2657 dicendo

394 2713 500 2752 non
530 2711 739 2762 omnes,
781 2710 916 2767 quos
939 2709 1126 2750 omnes
1152 2692 1287 2750 dixit
1314 2692 1623 2764 Apostolus,
1666 2692 1845 2763 procul
1882 2691 1981 2747 du-

394 2786 485 2843 bio
510 2785 845 2843 convinceris
868 2784 1123 2857 Apostolo
1143 2800 1262 2841 esse
1287 2785 1605 2840 cantrarius.
1765 2849 1776 2858 ,

464 2875 738 2933 CXLVIII.
779 2875 901 2932 .lue.
940 2875 1071 2931 Nam
1112 2889 1234 2930 cum
1265 2883 1318 2929 tu
1355 2885 1411 2931 et
1436 2873 1755 2930 Manichacus
1782 2875 1977 2941 dicitis,

395 2968 593 3023 Omnes
621 2975 745 3022 sunt
773 2966 1086 3022 naturaliter
1112 2975 1422 3037 peccatores
1449 2984 1462 3019 :
1489 2965 1773 3036 Apostolus
1802 2976 1980 3022 autem

397 3061 546 3127 dicit,
590 3060 736 3115 Multi
782 3068 925 3127 sunt,
972 3075 1076 3115 non
1119 3072 1325 3122 omnes.
1356 3068 1693 3130 peccatores;
1746 3069 1984 3116 removet

396 3151 783 3207 accusationem
813 3164 843 3204 a
890 3149 1182 3206 seminibus
1205 3164 1325 3221 quae
1359 3159 1594 3206 armatur
1616 3151 1669 3207 in
1692 3166 1888 3216 mores,
1921 3161 1975 3208 et

396 3242 624 3298 destruit
665 3242 920 3313 originale
950 3251 1243 3313 peccatum.
1274 3242 1448 3315 thue
1484 3243 1587 3299 hoc
1629 3244 1800 3316 ipsum
1840 3246 1982 3316 quod

397 3338 618 3407 egimus,
651 3351 931 3407 urgeamus
964 3353 975 3389 :
1004 3336 1300 3407 prmscribit
1326 3338 1633 3409 Apostolus,
1662 3339 1856 3395 multos
1884 3338 1981 3393 de-

399 3431 525 3483 bere
579 3427 798 3497 intelligi
846 3441 941 3496 per
1000 3427 1131 3481 Ada:
1183 3426 1598 3483 inobedientiam
1644 3437 1977 3497 peccatores;

398 3520 595 3573 inultos
639 3529 815 3572 autem
866 3533 959 3587 per
1000 3518 1197 3574 Christi
1237 3519 1594 3574 obedientiam
1631 3521 1836 3591 justos;
1886 3539 1978 3578 eos

400 3610 579 3675 ιιιίιιιιρ
608 3609 696 3680 qui
723 3608 850 3678 justi
880 3619 1020 3673 sunt,
1054 3610 1344 3665 ostendens
1374 3610 1442 3665 ab
1467 3612 1573 3667 illis
1594 3613 1681 3684 qui
1712 3615 1982 3671 criminosi

400 3707 545 3762 sunt,
574 3713 692 3754 esse
721 3698 979 3754 discretos
1005 3717 1017 3754 :
1048 3709 1101 3754 tu
1140 3715 1241 3771 qua
1274 3701 1596 3773 impudentia
1626 3707 1983 3777 argumentari

402 3791 607 3854 niteris,
650 3799 708 3846 ut
732 3805 796 3846 ex
835 3790 915 3845 his
941 3792 1277 3848 sermonibus
1305 3795 1497 3864 probes
1526 3797 1768 3855 naturale
1796 3814 1982 3868 pecca-

402 3885 549 3941 tum?
592 3885 721 3940 Nam
769 3900 889 3942 eum
937 3886 1070 3940 dicis
1119 3902 1305 3943 omnes
1350 3889 1493 3943 nasci
1534 3891 1848 3946 crituinosos
1893 3909 1987 3961 per

400 3977 589 4038 Adam.
620 3987 669 4032 et
701 3990 913 4049 propter
939 3978 1038 4034 hoc
1061 3979 1124 4033 ad
1155 3979 1422 4037 diabolum
1451 3986 1734 4052 pertinere,
1765 3985 1857 4040 sed
1885 3986 1983 4039 alio

401 4087 533 4138 quos
565 4070 685 4125 inde
712 4086 805 4140 per
825 4068 1093 4126 Christum
1122 4085 1304 4142 postea
1331 4073 1574 4139 liberari;
1605 4091 1708 4130 non
1739 4077 1839 4131 hoc
1865 4094 1986 4131 scn-

402 4165 467 4216 tis
496 4162 634 4232 quod
667 4163 969 4232 Apostolus,
998 4164 1085 4233 qui
1118 4164 1263 4229 dicit,
1301 4181 1404 4219 nott
1443 4181 1629 4221 omnes
1675 4184 1769 4236 per
1813 4168 1984 4224 Adam

405 4264 711 4324 jcccatores
737 4252 1055 4307 constitutos
1081 4267 1218 4320 esse,
1252 4254 1345 4309 sed
1374 4256 1585 4311 multos.

473 4348 605 4403 Ave.
638 4344 896 4415 Quoniam
924 4360 1029 4399 non
1046 4353 1127 4399 est
1147 4345 1493 4413 contrarium,
1518 4350 1655 4403 sicut
1676 4348 1784 4419 jam
1809 4361 1988 4407 osten-

400 4439 595 4501 dimus.
623 4448 676 4492 nt
699 4437 856 4492 iidem
880 4438 987 4492 sint
1017 4436 1182 4503 tnttlti,
1209 4437 1296 4509 qui
1321 4447 1447 4493 sunt
1466 4453 1681 4507 omnes;
1716 4442 1834 4499 ideo
1854 4461 1989 4515 quos

404 4530 617 4594 inultos,
647 4528 866 4583 eosdem
905 4544 1091 4583 onmes
1132 4529 1421 4598 Apostolus
1447 4530 1577 4587 dicit
1610 4550 1623 4586 :
1666 4549 1770 4587 non
1801 4551 1987 4591 omnes

402 4629 603 4678 autem.
638 4634 745 4672 non
776 4620 1080 4687 Apestolus,
1112 4621 1203 4676 sed
1235 4630 1286 4674 tu
1309 4622 1476 4689 dicis;
1505 4638 1565 4678 ac
1597 4639 1690 4694 per
1716 4625 1817 4680 hoc
1848 4628 1989 4694 Apo-

402 4707 539 4762 stoto
565 4707 906 4763 contradicis.
938 4708 1136 4764 Verum
1181 4721 1266 4767 est
1302 4722 1478 4768 autem
1521 4716 1661 4784 quod
1704 4716 1990 4786 Apostolus

404 4799 532 4853 dicit
563 4816 575 4854 :
611 4798 799 4853 falsum
841 4814 967 4865 ergo
1006 4801 1147 4869 quod
1190 4810 1243 4854 tu
1289 4800 1443 4859 dicis.
1482 4803 1547 4859 lit
1577 4806 1714 4875 quod
1743 4810 1989 4878 superius

407 4892 604 4955 dixisti,
642 4909 663 4963 ς
694 4891 971 4961 vigilanter
998 4891 1296 4947 inculcasse
1326 4895 1657 4964 Apostolum,
1691 4895 1856 4953 Mqu
1882 4916 1988 4953 nm-

407 4982 479 5050 gis
508 4984 671 5053 gratia
701 4981 796 5035 bri
839 4992 885 5036 et
914 4983 1100 5039 donum
1140 4986 1289 5038 unius
1319 4985 1535 5040 hominis
1562 4985 1685 5041 Iesu
1716 4988 1900 5044 Christi
1940 4992 1991 5045 in

410 5076 577 5143 plures
603 5074 874 5129 abundarit
903 5096 920 5127 ι
958 5076 1178 5146 (Supra,
1204 5093 1319 5147 cap.
1348 5077 1503 5149 N7);
1537 5079 1720 5135 volens
1751 5081 1989 5152 intelligi,

410 5166 525 5218 idm
567 5165 741 5234 plures
767 5165 956 5232 (licius,
987 5168 1107 5237 quia
1139 5170 1381 5238 pervenit
1409 5169 1576 5240 gratia
1615 5171 1732 5240 ejus
1769 5173 1835 5227 ad
1871 5188 1992 5242 par-

410 5259 577 5323 vulas,
610 5256 675 5309 ad
705 5271 840 5326 quos
876 5257 1100 5312 imitatio
1132 5259 1286 5328 primi
1329 5259 1559 5316 hominis
1586 5277 1692 5317 non
1727 5265 1988 5333 pertinet:

408 5360 491 5402 aut
524 5347 810 5403 ntemlosns
841 5347 1009 5402 eodex
1042 5349 1133 5403 tibi
1164 5352 1416 5409 mentitus
1446 5363 1549 5417 cst,
1582 5364 1671 5408 aut
1699 5355 1811 5423 ipse
1841 5371 1992 5409 men-

410 5441 545 5505 tiris,
575 5450 665 5494 aut
691 5441 760 5495 ab
786 5440 965 5507 aliqua
992 5439 1146 5503 falso,
1191 5444 1303 5497 sive
1334 5444 1570 5512 fallente,
1602 5455 1691 5503 aut
1727 5446 1994 5507 oblivione

409 5530 663 5599 deceptus
691 5546 769 5586 cs.
800 5529 913 5585 Non
944 5532 1084 5586 enim
1118 5533 1185 5586 ait
1218 5536 1498 5602 Λιιοδιιιιιις
1524 5537 1715 5607 plum,
1740 5539 1833 5592 sed
1862 5542 1994 5594 mul—

417 5632 507 5674 tos.
540 5621 781 5677 Grarcntn
827 5624 1043 5678 attende
1085 5624 1322 5678 audirem
1351 5667 1363 5690 ,
1402 5638 1454 5682 ct
1500 5628 1738 5683 invenies
1780 5640 1995 5695 ποὲὶεὲς,

417 5725 518 5765 ιιυιι
541 5720 802 5774 πλείστους.
831 5713 1132 5786 Dixitergo,
1165 5715 1329 5769 niulto
1358 5720 1521 5789 magis
1552 5720 1850 5776 abunlassc
1876 5737 1998 5789 gra-

481 5826 498 5860 ⁸
529 5824 611 5876 ttit.
634 5836 696 5877 rit
718 5831 820 5873 uss.
842 5826 1158 5887 restituimus,
1179 5839 1354 5881 omnes.

1065 400 1309 457 ΟἵδΕῆΙὸ
1348 397 1754 456 IMPERFEC'I‘I
1793 395 1974 453 CONT

2111 394 2470 468 JULIANUM,
2506 400 2564 458 S.
2602 400 2970 459 Αυουετυιι

3514 408 3649 468 I205

2078 509 2203 565 tiam
2231 510 2284 566 in
2311 512 2526 582 multos,
2557 505 2667 571 non
2683 516 2736 571 in
2763 518 2931 587 magis
2952 517 3168 587 multos,
3212 519 3320 581 hoc
3336 530 3440 590 est,
3467 537 3574 580 non
3600 526 3655 582 in

2074 598 2277 670 plures,
2321 600 2458 658 sicut
2499 603 2611 674 jam
2658 607 2990 663 ostendimus
3030 626 3044 663 :
3089 610 3342 681 quoniam
3382 610 3430 668 si
3472 613 3655 686 plures

2076 689 2317 759 dixisset,
2349 703 2565 775 propter
2591 696 2836 765 parvulos
2855 714 2989 769 quos
3019 708 3162 755 tenet
3190 701 3379 772 gratia,
3403 716 3526 758 cum
3551 706 3660 775 pri-

2076 781 2148 836 mi
2179 774 2409 837 hominis
2437 800 2541 841 non
2584 795 2762 842 teneat
2795 788 3051 855 imitatio;
3105 789 3294 846 falsum
3320 774 3564 858 dixisset,
3604 805 3660 850 et
3722 843 3749 852 .-

2075 884 2219 929 esset
2244 874 2434 930 similis
2461 876 2631 933 vobis.
2663 878 2720 934 Si
2757 879 2899 934 enim
2925 894 3113 937 omnes
3142 881 3438 939 imitatores
3464 882 3660 941 Christi

2080 975 2197 1035 post
2221 965 2336 1037 ejus
2363 966 2803 1037 incarnationem,
2831 973 3156 1042 regeneratis
3179 974 3411 1045 parvulis
3437 974 3654 1043 additis,
3714 972 3717 973 ⁷

2077 1054 2419 1111 conferantur
2434 1073 2554 1113 cum
2580 1061 2963 1131 peccatoribus,
2996 1078 3130 1134 quos
3152 1078 3340 1121 omnes
3354 1065 3512 1121 vultis
3539 1083 3665 1137 pro-

2077 1154 2196 1218 pter
2221 1148 2496 1206 arbitrium
2527 1151 2785 1209 libertatis
2822 1154 2888 1209 ad
2917 1155 3265 1213 imitationem
3296 1157 3452 1230 primi
3480 1157 3663 1213 homi-

2079 1239 2163 1293 nis
2189 1239 2489 1310 pertinere,
2534 1244 2602 1298 ab
2636 1243 2753 1314 ipso
2779 1244 2948 1300 Adam
2974 1261 3144 1320 usque
3181 1247 3235 1303 in
3278 1247 3438 1304 tinem
3481 1250 3665 1305 sazculi

2079 1329 2348 1387 voluntate
2372 1343 2681 1403 peccantes;
2708 1337 2798 1406 qui
2821 1351 3006 1393 eorum
3036 1337 3205 1393 multo
3226 1337 3405 1411 plures
3425 1340 3529 1395 sint
3548 1340 3665 1396 eri-

2078 1419 2270 1475 denter
2289 1432 2530 1492 apparet,
2559 1433 2616 1479 ut
2642 1434 2699 1481 et
2722 1435 2898 1482 vestra
2926 1425 3154 1485 falsitate
3178 1429 3484 1486 vincamini.

2149 1509 2377 1566 CXLIX.
2416 1513 2536 1569 .IcL.
2575 1514 2630 1571 Si
2651 1516 2793 1571 enim
2816 1518 2974 1588 quale
2994 1527 3068 1585 tu,
3093 1520 3196 1576 tale
3216 1520 3411 1591 aliquid
3435 1521 3524 1577 ille
3542 1538 3667 1578 sen-

2078 1600 2255 1668 sisset,
2287 1602 2469 1659 debuit
2500 1607 2680 1678 utique
2704 1607 2904 1674 dicere,
2935 1609 3038 1665 Per
3065 1610 3220 1667 unius
3249 1612 3665 1669 inobedientiam

2080 1700 2389 1761 peceatores
2403 1697 2675 1753 constituti
2705 1709 3049 1766 suntomnes,
3076 1700 3170 1756 sed
3197 1717 3292 1772 per
3309 1702 3667 1760 obedientiam

2077 1782 2273 1839 Christi
2300 1778 2363 1839 ex
2391 1785 2473 1841 bis
2494 1788 2652 1858 aliqui
2674 1788 2740 1843 ad
2758 1790 3015 1859 justitiam
3038 1800 3390 1848 reverterunt.
3419 1791 3495 1849 Ita
3520 1792 3669 1850 enim

2081 1888 2297 1945 prorsus
2324 1878 2370 1931 ei
2402 1878 2720 1948 loquendum
2751 1879 2939 1950 fuerat,
2976 1882 3022 1938 si
3066 1882 3168 1939 hoc
3210 1884 3353 1954 quod
3396 1893 3451 1939 tu
3491 1886 3665 1956 lingis,

2079 1967 2332 2022 Voluisset
2373 1969 2616 2041 intelligi.
2673 1972 3043 2028 Verumtamen
3094 1988 3213 2029 cum
3263 1974 3364 2030 hac
3407 1983 3672 2033 sententia

2080 2058 2206 2113 illud
2235 2060 2374 2113 aliud
2393 2062 2717 2131 nequivisset
2737 2080 2996 2129 asserere,
3029 2063 3194 2120 nutlto
3214 2068 3381 2138 magis
3407 2067 3673 2137 profuisse

2079 2149 2276 2203 Christi
2318 2152 2565 2220 gratiam,
2615 2170 2772 2225 quam
2816 2155 2944 2210 Adte
2990 2157 3214 2213 lassissct
3258 2157 3526 2228 iniquitas.
3558 2159 3673 2218 Etsi

2078 2254 2208 2308 ergo
2238 2241 2447 2309 penitus
2474 2243 2824 2310 nesciremus,
2852 2245 2938 2314 qui
2962 2262 3078 2302 mos
3099 2257 3258 2312 esset,
3288 2262 3395 2319 quo
3417 2249 3433 2281 ¹
3463 2265 3557 2319 per
3583 2249 3669 2303 in-

2081 2329 2438 2388 obedientiatn
2468 2332 2624 2389 unius
2656 2335 2885 2391 hominis
2908 2339 3058 2392 tnttiti
3089 2346 3393 2408 peccatores
3419 2340 3675 2395 constitui

2082 2421 2385 2476 dicerentur
2417 2440 2429 2475 :
2465 2431 2641 2477 tatnen
2672 2437 2911 2481 maneret
2947 2428 2999 2481 in
3032 2428 3221 2494 solido,
3254 2444 3359 2485 non
3398 2428 3499 2485 hoc
3540 2444 3674 2501 per-

2083 2511 2257 2568 tinere
2284 2513 2350 2568 ad
2377 2514 2634 2585 originale
2663 2527 2955 2586 peccatum,
2997 2519 3136 2589 quod
3166 2522 3450 2591 Apostolus
3496 2524 3675 2579 incul-

2082 2613 2315 2671 carerat,
2340 2605 2534 2669 multis,
2570 2621 2674 2661 non
2698 2608 2943 2663 omnibus
2958 2609 3267 2665 convenire.

2156 2693 2291 2750 Acs.
2333 2693 2407 2748 De
2433 2694 2616 2750 multis
2641 2704 2696 2751 et
2732 2697 3012 2764 omnibus,
3060 2700 3169 2768 jam
3215 2714 3530 2770 responsum
3564 2712 3675 2756 est.

2084 2781 2193 2839 Nec
2216 2784 2294 2839 sic
2320 2785 2550 2841 locutum
2571 2785 2735 2843 fuisse
2758 2790 3090 2860 Apostolum,
3112 2791 3561 2862 quemadmodum
3583 2795 3673 2848 di.

2083 2876 2164 2931 cis
2185 2893 2309 2937 eum
2337 2876 2480 2949 loqui
2501 2878 2770 2945 debuisse,
2792 2882 2835 2936 si
2865 2881 2968 2936 hoc
2990 2882 3191 2938 diceret
3216 2884 3354 2953 quod
3401 2901 3498 2937 nos
3534 2886 3672 2939 dici-

2085 2983 2225 3035 mus,
2252 2966 2378 3039 quid
2404 2968 2594 3024 mirum
2624 2970 2740 3025 est?
2763 2970 3201 3044 Quandoquidem
3226 2973 3455 3041 etiamsi,
3483 2991 3676 3029 secutis

2085 3057 2213 3113 dum
2254 3072 2367 3124 vos,
2416 3060 2704 3129 Apostolus
2754 3077 2850 3132 per
2884 3063 3041 3118 unius
3070 3062 3322 3118 delictum
3363 3064 3434 3118 ita
3479 3065 3677 3120 inultos

2087 3155 2397 3217 peccatores
2432 3149 2753 3205 constitutos
2780 3164 2902 3209 esse
2939 3151 3197 3220 dixisset,
3242 3162 3302 3208 ut
3330 3154 3489 3209 iidem
3522 3156 3676 3215 multi

2087 3253 2194 3293 non
2218 3246 2640 3308 possentomnes
2668 3240 2909 3314 intelligi,
2934 3243 3027 3298 sed
3054 3242 3104 3297 hi
3133 3252 3332 3299 tantum
3354 3246 3441 3315 qui
3463 3261 3524 3300 ex
3550 3246 3673 3300 inti-

2088 3329 2287 3384 tatione
2324 3330 2481 3399 primi
2524 3329 2755 3386 hominis
2800 3334 3011 3404 propria
3052 3334 3324 3389 voluntate
3352 3346 3670 3405 peccarunt;

2087 3436 2195 3476 non
2220 3420 2353 3476 dixit
2378 3435 2475 3492 per
2494 3421 2852 3479 obedientiam
2875 3412 3068 3480 Christi
3098 3440 3163 3481 ex
3192 3426 3274 3482 bis
3300 3427 3675 3497 aliquosjusti-

2050 3514 2057 3521 '
2088 3514 2291 3581 licatos,
2326 3513 2470 3584 quod
2512 3522 2690 3571 tamen
2718 3530 2901 3572 verum
2944 3526 3046 3573 est.
3077 3518 3213 3585 Quid
3246 3528 3328 3574 est
3364 3535 3491 3591 ergo
3529 3521 3677 3590 quod

2088 3606 2240 3674 dicis,
2274 3625 2294 3659 ι
2317 3606 2376 3662 Si
2404 3607 2507 3663 tale
2531 3606 2730 3680 aliquid
2758 3608 2915 3679 quale
2956 3624 3056 3665 nos
3088 3612 3342 3667 sensisset
3367 3613 3672 3683 Apostolus,

2088 3716 2209 3755 eum
2238 3699 2418 3756 dicere
2446 3699 2727 3765 debuisse,
2767 3701 2871 3756 Per
2908 3702 3067 3758 unius
3103 3704 3511 3759 inobedientiam
3545 3721 3672 3773 pec-

2088 3800 2299 3845 catores
2326 3790 2601 3847 constituti
2643 3799 2766 3847 sunt
2805 3808 3013 3862 omnes,
3050 3794 3143 3849 sed
3187 3809 3280 3864 per
3317 3795 3675 3851 obedientiam

2089 3881 2283 3938 Christi
2309 3898 2374 3939 ex
2404 3883 2486 3940 his
2516 3883 2674 3955 aliqui
2702 3882 3043 3954 adjustitiam
3075 3886 3441 3940 reverterunt?
3469 3907 3487 3937 ι
3513 3885 3677 3953 Quasi

2090 3988 2184 4027 vos
2215 3974 2436 4044 negetis,
2481 3988 2545 4028 ex
2590 3974 3084 4043 prtuvaricatorihus
3132 3975 3282 4043 legis,
3328 3976 3510 4045 quales
3554 3984 3674 4029 tau-

2092 4063 2364 4119 ttnnmodo
2391 4072 2696 4133 peccatores
2716 4064 2780 4120 ad
2805 4064 3200 4120 similitudinem
3228 4067 3677 4135 pra-varicationis

2090 4153 2220 4208 Adzc
2255 4154 2525 4225 pertinuere
2560 4156 2903 4223 contenditis,
2934 4156 3142 4227 aliquos
3182 4173 3280 4229 per
3319 4158 3677 4213 obedientiam

2089 4245 2288 4301 Christi
2317 4245 2382 4299 ad
2406 4246 2664 4313 justitiam
2696 4245 2857 4302 fuisse
2884 4263 3189 4301 conversos.
3235 4248 3521 4303 l‘ossumus
3549 4265 3679 4315 ergo

2090 4345 2144 4390 el
2170 4350 2267 4390 nos
2297 4336 2444 4390 vobis
2472 4333 2651 4390 dicere
2685 4337 2787 4390 τοδί
2819 4336 2924 4391 tale
2949 4337 3145 4407 aliquid
3175 4337 3331 4407 quale
3361 4352 3452 4391 Vos
3479 4340 3679 4392 sensiso

2092 4438 2172 4482 set
2201 4426 2507 4497 Apostolus,
2530 4425 2713 4482 debuit
2740 4428 2918 4497 utique
2944 4428 3142 4492 dicere,
3178 4428 3277 4482 l'er
3308 4432 3464 4483 unius
3492 4429 3677 4482 inobe-

2093 4519 2343 4573 tlientiam
2362 4526 2669 4588 peccatores
2690 4518 2965 4572 constituti
2983 4528 3106 4572 sunt
3133 4521 3285 4573 multt
3312 4520 3547 4591 quidem,
3572 4538 3677 4574 non

2094 4628 2297 4677 omnes,
2326 4610 2419 4666 sed
2445 4612 2604 4666 etiam
2627 4627 2690 4665 ex
2732 4611 2814 4665 his
2842 4628 2934 4682 per
2962 4611 3316 4666 obedientiam
3348 4612 3542 4667 Christi
3586 4616 3681 4666 ali-

2094 4706 2180 4772 qui
2202 4703 2267 4756 ad
2294 4702 2550 4771 justitiam
2574 4712 2926 4757 reverterunt.
2951 4702 3051 4756 Aut
3070 4704 3228 4757 etiam
3258 4705 3423 4759 multo
3448 4706 3682 4771 apertius

2097 4795 2164 4848 ita
2205 4795 2538 4862 loqueretur,
2589 4792 2631 4845 si
2661 4793 2856 4864 aliquid
2889 4794 2994 4851 tale
3029 4795 3317 4858 sensisset,
3352 4803 3411 4848 ιιι
3439 4793 3678 4849 diceret:

2098 4887 2240 4940 Multi
2267 4884 2479 4955 quidem
2510 4884 2813 4940 .Iutla‘ornm
2838 4901 2933 4956 per
2958 4886 3371 4942 inobedieutiatn
3401 4889 3555 4942 unius
3585 4887 3683 4942 ho-

2097 4978 2258 5032 minis
2304 4985 2611 5046 peeeatores
2649 4986 2774 5030 sunt
2817 4978 3111 5044 constituti,
3153 4979 3244 5048 qui
3294 4977 3409 5049 lege
3442 4989 3682 5048 accepta,

2097 5068 2256 5121 simili
2309 5067 2743 5136 praevaricatione
2788 5078 3106 5138 peccarunt,
3151 5069 3244 5123 sed
3287 5069 3447 5125 etiam
3484 5084 3550 5125 ex
3601 5070 3686 5124 bis

2098 5157 2306 5227 alzquos
2321 5157 2629 5226 justilicavit
2655 5157 2851 5213 Christi
2873 5159 3193 5214 obedientia.
3219 5159 3371 5227 Quod
3391 5160 3435 5213 si
3464 5159 3554 5214 tibi
3577 5177 3683 5214 non

2102 5248 2481 5318 pra-judicavit,
2515 5266 2617 5303 non
2649 5250 2718 5303 ita
2759 5249 3044 5320 loquendo,
3076 5251 3214 5305 sicut
3242 5250 3350 5306 dixi
3388 5266 3511 5305 eum
3541 5251 3686 5321 loqui

2098 5341 2367 5401 debuisse.
2401 5341 2443 5394 si
2485 5340 2585 5394 hoc
2625 5341 2847 5394 sentiret
2887 5340 3029 5409 quod
3074 5351 3127 5394 tu
3161 5356 3173 5393 :
3204 5356 3304 5396 nec
3337 5340 3467 5396 mihi
3505 5342 3689 5411 utique

2103 5430 2449 5499 przrjndicare
2471 5429 2649 5496 debet,
2676 5432 2797 5500 quia
2831 5446 2937 5485 non
2969 5432 3039 5485 ita
3064 5431 3271 5487 locutus
3292 5442 3396 5500 est,
3417 5433 3690 5502 quomodo

2102 5536 2222 5573 eum
2252 5521 2388 5573 dicis
2427 5519 2565 5589 loqui
2595 5517 2844 5575 debuisse
2870 5563 2883 5588 ,
2930 5520 2973 5575 si
3015 5520 3116 5575 hoc
3143 5522 3367 5577 sentiret
3394 5522 3534 5593 quod
3564 5537 3686 5593 ego.

2101 5613 2233 5663 ιῐιιιιι
2256 5625 2383 5679 ergo
2412 5612 2700 5679 Apostolus
2727 5612 2797 5666 ita
2823 5614 2893 5666 sit
2918 5613 3155 5678 loeutus,
3202 5614 3341 5669 sicut
3364 5614 3690 5684 loquendum

2103 5718 2221 5755 esse
2253 5701 2537 5755 arbitratus
2580 5714 2695 5767 cst;
2747 5703 3027 5759 videndam
3069 5712 3152 5760 est
3196 5705 3315 5776 quis
3358 5707 3406 5761 ei
3447 5721 3691 5770 (malum

2186 5835 2272 5893 ‘tn
2296 5837 2585 5903 assumed.
