4004 6190
305 360 434 417 1205

302 473 614 536 consentiat,
650 480 824 524 utrum
857 487 953 538 ego
977 469 1064 538 qui
1095 471 1212 523 dico
1240 486 1422 523 verum
1458 483 1577 523 esse
1603 470 1743 536 quod
1787 463 1886 528 ait,

306 565 402 618 Per
429 564 575 616 unius
606 561 843 614 delictum
869 561 920 614 in
949 577 1118 615 omnes
1154 561 1376 614 homines
1403 558 1468 612 ad
1503 557 1884 611 condcnmatio-

302 673 449 721 nem;
480 663 533 710 et
559 670 742 709 verum
768 670 885 710 esse
914 655 1052 725 quod
1079 656 1170 719 ait,
1200 652 1299 707 Per
1323 654 1468 707 unius
1496 650 1883 705 inobedientiam

303 756 585 817 peccatores
617 744 872 799 constituti
896 754 1010 798 sunt
1040 745 1186 798 multi
1213 743 1386 813 (Ilom.
1410 759 1461 808 γ,
1496 741 1582 807 18,
1618 741 1735 810 19);
1761 756 1884 810 que-

302 839 444 891 niam
488 852 596 891 non
635 846 891 906 repugnat
919 846 974 890 ut
1007 837 1094 906 qui
1126 837 1276 890 multi
1317 845 1441 890 sunt
1473 849 1659 889 onutes
1681 834 1805 896 sint,
1833 841 1888 886 et

300 928 390 998 qui
432 943 622 982 onmes
662 939 785 982 sunt
822 927 973 982 multi
1007 929 1112 982 sint
1137 945 1148 979 :
1176 943 1241 980 an
1281 937 1334 980 tu
1375 925 1464 996 qui
1503 925 1656 989 dicis,
1690 923 1787 979 Ubi
1815 923 1889 976 ait

299 1020 520 1087 multos,
545 1019 694 1074 multi
713 1030 863 1084 sum;
897 1019 984 1072 ubi
1002 1018 1076 1072 ait
1099 1015 1304 1083 omnes,
1336 1031 1440 1071 non
1459 1030 1644 1072 omnes
1673 1023 1816 1069 sunt.

374 1113 480 1168 CL.
519 1111 639 1168 JUL.
682 1112 946 1166 Patefacta
978 1112 1133 1184 igitur
1162 1112 1243 1166 vel
1289 1111 1550 1181 imperitia
1589 1110 1673 1164 vel
1711 1109 1886 1177 impu-

300 1206 482 1262 dentia
514 1214 620 1269 tua,
654 1220 772 1274 qua:
800 1213 891 1258 aut
919 1220 1022 1257 non
1051 1213 1200 1258 curat
1226 1213 1317 1257 aut
1349 1218 1452 1257 non
1492 1200 1632 1254 valet
1656 1199 1782 1271 quid
1806 1200 1890 1254 di-

297 1307 454 1350 catur
481 1311 769 1366 exponere,
800 1305 1120 1365 ostensoque
1148 1295 1383 1349 veritatis
1416 1293 1601 1362 ipsius,
1637 1307 1794 1364 quam
1832 1307 1893 1347 se

300 1402 422 1441 esse
451 1387 694 1440 Christus
724 1386 1018 1456 appellavit
1048 1385 1225 1456 (Joan.
1258 1402 1365 1452 xiv,
1398 1384 1479 1456 6),
1510 1383 1732 1450 lumine,
1759 1382 1892 1437 nihil

300 1477 368 1531 de
391 1478 616 1547 apostoli
640 1477 785 1531 Pauli
804 1477 1138 1532 sermonibus
1158 1477 1482 1543 Manichame,
1508 1474 1560 1530 id
1579 1484 1660 1531 est
1677 1486 1888 1542 vestrae,

301 1570 580 1624 coluerere
604 1569 884 1624 dementiae
906 1590 920 1625 :
943 1586 1085 1624 nunc
1108 1571 1422 1640 expositioni
1445 1585 1660 1640 operam
1683 1569 1890 1634 demus,

304 1671 359 1712 ut
393 1661 528 1713 sicut
557 1670 828 1715 ostensum
859 1670 940 1716 est
970 1661 1199 1731 qualiter
1226 1676 1331 1716 non
1365 1661 1550 1732 possit,
1591 1661 1662 1717 ita
1697 1661 1896 1716 clareat

300 1753 532 1821 qualiter
560 1762 612 1807 et
635 1749 826 1808 debeat
855 1753 1048 1808 Paulus
1075 1761 1128 1808 et
1159 1753 1324 1824 possit
1348 1755 1591 1824 intelligi.

377 1845 514 1897 Are.
567 1843 640 1896 Ita
686 1844 951 1898 desereris
1002 1844 1244 1909 veritate,
1288 1854 1341 1900 et
1382 1854 1567 1899 contra
1617 1844 1894 1900 manifesta

299 1935 549 2004 Apostoli
571 1935 730 1989 verba
759 1952 862 1990 non
895 1945 1044 2005 potes
1069 1935 1307 1991 invenire
1328 1936 1453 2006 quid
1483 1936 1648 2000 dicas,
1680 1937 1894 2008 utquod

298 2027 353 2078 in
394 2027 472 2080 eis
514 2027 890 2082 intellexerunt
926 2037 1000 2082 tot
1038 2029 1205 2082 Sancti
1237 2028 1472 2097 clarique
1497 2028 1764 2095 doctores,
1807 2029 1897 2098 qui

299 2117 411 2170 hoc
439 2117 490 2170 in
523 2118 760 2173 Ecclesia
787 2118 1046 2172 catholica
1078 2117 1379 2173 didicerunt
1406 2127 1565 2184 atque
1603 2117 1901 2174 docuerunt

299 2209 442 2281 (non
475 2212 618 2264 enim
641 2225 828 2264 sanum
867 2225 1082 2265 sensum
1115 2211 1370 2264 habentes
1400 2211 1452 2264 in
1475 2218 1580 2263 tam
1604 2209 1900 2264 manifestis

295 2301 493 2355 verbis
517 2299 658 2354 aliud
699 2302 996 2370 intelligere
1035 2302 1362 2374 potuerunt),
1397 2309 1449 2356 tu
1491 2301 1900 2356 Manichaiorum

293 2405 429 2445 esse
466 2391 646 2458 dicas,
684 2391 822 2460 quod
867 2393 987 2446 illos
1031 2410 1136 2447 non
1189 2393 1352 2449 fuisse
1393 2394 1600 2464 cogeris
1635 2393 1898 2458 confiteri,

293 2481 637 2550 qttantolibet
661 2498 866 2536 veneno
893 2483 1185 2552 Pelagiana:
1214 2485 1376 2554 pestis
1400 2483 1652 2540 insanias.

383 2571 514 2625 CLI.
559 2570 677 2625 JUL.
731 2572 981 2626 Scriberis
1027 2574 1204 2643 itaque
1249 2573 1316 2629 ad
1359 2574 1657 2641 Romanos,
1702 2590 1767 2630 eo
1791 2574 1900 2645 jam

299 2673 576 2731 tempore,
604 2678 707 2732 quo
733 2661 980 2717 Gentium
1008 2674 1242 2733 eruperat
1271 2678 1389 2719 esse
1415 2666 1717 2735 permixtio,
1745 2677 1902 2736 atque

301 2753 452 2825 ideo
467 2764 570 2806 tam
608 2770 674 2807 ex
703 2752 900 2807 Juda-is
928 2769 1084 2822 quam
1111 2771 1174 2810 ex
1203 2754 1459 2811 Gentibus
1499 2756 1903 2825 complebantur

304 2807 590 2910 Ecelisia‘,
625 2844 881 2899 tumultus
912 2846 1089 2916 pepuli
1118 2847 1392 2917 utriusque
1421 2849 1714 2917 componit,
1742 2849 1903 2903 incul-

301 2951 447 2990 eans
474 2936 720 3004 quoniam
751 2952 848 2990 nec
876 2944 1061 3006 gentes
1091 2938 1418 3006 impietatem
1447 2953 1620 3006 suam,
1650 2955 1752 3010 qua
1788 2956 1904 2994 mu-

307 3038 560 3082 taverant
598 3029 821 3098 gloriam
867 3029 961 3084 Dei
1005 3029 1056 3082 in
1101 3029 1504 3084 similitudinem
1535 3029 1778 3110 imaginis
1807 3030 1903 3084 ho-

307 3119 496 3182 minis,
522 3130 574 3173 et
602 3120 894 3186 volucrum,
925 3129 980 3176 et
1007 3119 1429 3190 quadrupedum,
1462 3129 1518 3176 et
1551 3122 1899 3191 serpentium,

309 3212 450 3280 Icgis
479 3212 685 3280 possint
709 3212 1042 3282 ignoratione
1066 3212 1289 3278 diluere,
1321 3228 1440 3283 quae
1468 3229 1563 3282 per
1595 3214 1700 3268 vim
1737 3215 1902 3267 ratio-

309 3302 401 3354 nis
428 3301 696 3370 ingenitae,
733 3303 832 3357 etsi
877 3320 981 3357 non
1015 3304 1172 3360 ritum
1197 3304 1622 3360 ceremoniarum
1652 3304 1903 3360 JudaiCa-

309 3411 457 3460 rum,
507 3407 682 3450 tamen
738 3397 902 3450 Deum
960 3397 1380 3454 inn0teseentem
1428 3401 1715 3470 Operibus,
1774 3401 1902 3456 sub-

313 3486 529 3540 stantia:
557 3501 686 3541 vero
717 3487 1074 3556 profunditate
1109 3499 1408 3556 secretum,
1440 3495 1790 3561 potucrintex
1823 3495 1904 3548 his

311 3578 386 3629 ab
414 3592 479 3630 eo
519 3593 638 3646 qua:
672 3588 796 3638 sunt
835 3578 968 3633 facta
990 3595 1336 3653 cognoscere.
1367 3582 1522 3654 Legis
1551 3597 1731 3641 autent
1776 3603 1903 3641 uor-

316 3686 484 3734 tuatn,
516 3681 770 3739 quantum
794 3671 858 3726 ad
888 3673 1006 3727 vita:
1046 3675 1360 3741 probitatem
1391 3676 1626 3745 res‘picit,
1658 3695 1905 3748 preprms

314 3762 604 3831 unicuique
635 3763 948 3832 suggerebat
975 3765 1225 3830 all'eclus;
1256 3766 1500 3824 videlicet
1536 3779 1592 3823 ut
1634 3771 1762 3824 nihil
1801 3773 1906 3826 tale

317 3852 540 3904 inferret
568 3853 829 3920 proximo,
858 3855 1016 3922 quale
1041 3855 1246 3925 perpeti
1273 3855 1529 3911 noluisset
1561 3874 1574 3912 :
1607 3870 1762 3930 atque
1787 3861 1906 3916 ideo

321 3942 697 4009 profanitatcm
723 3943 969 3996 Gentimu
1010 3943 1132 4012 jure
1174 3945 1375 4014 optimo
1415 3947 1562 4014 argui
1595 3962 1751 4016 posse
1778 3965 1922 4004 cum

318 4033 503 4096 vincit,
536 4032 638 4085 etsi
677 4048 780 4086 non
812 4049 903 4102 per
932 4034 1120 4103 legem,
1155 4050 1250 4104 per
1279 4051 1396 4089 e:un
1443 4046 1618 4092 tamen
1649 4037 1905 4107 justitiam

318 4140 436 4191 qua:
463 4122 700 4176 condidit
724 4122 916 4193 legem,
937 4134 990 4178 et
1013 4141 1113 4194 qua
1136 4124 1425 4194 judicantc,
1453 4128 1504 4180 hi
1534 4127 1625 4196 qui
1650 4128 1764 4182 sine
1794 4129 1907 4200 lege
1947 4144 1960 4175 ι

322 4222 700 4282 peccaverunt,
725 4215 840 4269 sine
869 4214 985 4285 lege
1007 4225 1059 4271 et
1079 4216 1343 4286 peribunt.
1371 4217 1742 4285 Judarosvcro,
1771 4237 1908 4289 quo-

321 4321 437 4358 rum
487 4305 659 4375 magis
699 4305 974 4372 intererat,
1020 4306 1142 4376 quia
1193 4307 1269 4378 in,
1304 4307 1610 4378 despectum
1659 4311 1906 4366 Gentium

322 4397 552 4450 niaxime
579 4398 964 4463 tumcscebant,
1001 4377 1382 4454 honorem-sibi
1407 4401 1473 4456 de
1501 4403 1630 4472 legis
1659 4403 1909 4472 purifica-

323 4489 555 4541 tionibus
585 4487 937 4552 vindicantes,
969 4505 1030 4544 ac
1071 4505 1165 4558 per
1191 4489 1290 4544 hoc
1315 4493 1637 4548 aestimantes
1680 4511 1784 4549 non
1809 4495 1907 4549 sibi

326 4578 391 4629 ita
420 4587 475 4629 ut
506 4577 766 4632 Gentibus
797 4577 1061 4648 profuisse
1092 4579 1286 4634 Christi
1314 4582 1533 4651 gratiam
1567 4593 1778 4651 peccata
1810 4584 1912 4639 do-

326 4677 562 4733 uzmtexn,
593 4668 1020 4739 quandoquidem
1043 4670 1174 4740 legis
1195 4687 1257 4726 ca
1284 4671 1613 4727 institutione
1634 4674 1907 4738 vitassent,

327 4776 512 4830 magna
545 4762 959 4829 disputationum
990 4764 1184 4817 virtute
1210 4763 1512 4834 confringit,
1543 4765 1801 4836 allegatis,
1832 4768 1910 4822 eis

328 4863 473 4905 tanto
489 4854 718 4920 amplius
736 4869 829 4922 per
847 4854 1227 4923 indulgentiam
1250 4855 1408 4909 fuisse
1423 4857 1692 4924 collatum,
1713 4868 1912 4928 quanto

330 4953 446 5010 post
477 4944 608 5012 legis
633 4943 1048 4998 admonitionem
1072 4945 1185 4998 sine
1215 4946 1314 4999 ulla
1344 4947 1671 5014 ignoratione
1699 4965 1914 5018 peccas-

329 5044 472 5096 m-ut;
505 5049 599 5100 per
627 5033 768 5102 quod
796 5034 1051 5103 approbat
1078 5051 1170 5088 eos
1201 5053 1319 5089 rcus
1339 5038 1519 5102 fuisse,
1550 5050 1602 5090 et
1629 5039 1913 5095 vehemen-

331 5136 411 5178 ter
439 5127 672 5192 potuisse
697 5125 938 5180 danmari
980 5127 1032 5181 in
1063 5127 1179 5196 ejus
1209 5127 1427 5196 jnstitia:
1460 5131 1734 5195 examine,
1773 5135 1910 5202 apud

330 5237 484 5286 quem
517 5222 605 5289 qui
637 5222 688 5274 in
725 5221 840 5293 lege
870 5236 1239 5293 peccaverunt,
1281 5241 1376 5294 per
1405 5229 1573 5297 legent
1600 5229 1914 5296 judicaban-

333 5320 415 5363 tnr
444 5329 455 5362 :
490 5312 608 5366 Non
637 5316 768 5367 enini
809 5315 1062 5370 auditores
1090 5316 1211 5384 leqis
1245 5318 1368 5386 justi
1408 5329 1524 5372 sunt
1554 5320 1692 5388 apud
1725 5319 1910 5384 Deum,

327 5403 416 5454 sed
451 5403 666 5471 {actores
693 5404 817 5476 legis
843 5407 1259 5476 justiﬁcubuntur
1301 5406 1474 5477 (liam.
1515 5425 1622 5475 t-tt,
1659 5411 1769 5481 15).
1805 5413 1914 5466 lloe

330 5509 455 5566 ergo
484 5499 776 5566 proposito,
806 5515 900 5567 per
931 5509 1098 5553 totum
1131 5500 1321 5554 librum
1352 5500 1646 5571 disputans,
1683 5517 1791 5560 tum
1819 5525 1912 5559 su-

332 5587 563 5652 perbiam
593 5588 834 5656 reprimit
856 5587 1181 5657 .Iudzeorum,
1212 5601 1319 5645 tum
1348 5594 1743 5652 excusationem
1770 5598 1915 5650 vani-

333 5679 449 5727 tatis
494 5677 754 5732 Gentibus
795 5679 993 5745 demit,
1038 5692 1093 5734 ut
1131 5682 1316 5735 doceat
1352 5686 1625 5754 mqualitcr
1656 5690 1912 5743 ainbobus

335 5771 536 5839 popidis
565 5770 763 5825 Christi
787 5774 1046 5840 profuisse
1079 5775 1412 5830 medicinam.

1633 337 1835 393 LIBER
1873 333 2243 389 SliLUTv'DIL-S.

3448 345 3588 403 tace

2070 460 2204 515 Anc.
2245 459 2391 516 lianc
2430 464 2740 518 medicinam
2780 461 3009 533 parvulis
3045 479 3138 518 vos
3183 466 3414 535 negatis,
3443 484 3576 536 quos

1993 551 2076 608 lex
2119 553 2229 624 ipsa
2278 554 2581 609 circumcidi
2626 564 2810 611 octava
2854 556 2942 611 die
2981 556 3159 626 jussit,
3196 557 3311 626 ejus
3349 559 3575 626 gratiam

1993 647 2356 716 pra:figurans,
2389 647 2540 717 cujus
2570 650 3014 704 resurrectionem
3043 649 3366 714 dominicus,
3393 652 3444 706 id
3471 665 3575 715 est,

1995 746 2113 806 post
2156 738 2437 805 Septimum
2485 739 2701 793 Sahbati
2745 740 2859 795 dies
2903 751 3122 796 octavus
3163 741 3402 796 ostendit
3435 763 3447 796 :
3477 760 3578 800 nec

1993 827 2181 880 valetis
2211 843 2271 880 ac
2310 828 2466 881 vultis
2495 828 2771 884 attendere
2792 872 2805 894 ,
2841 831 2906 884 ita
2940 833 3213 900 parvulum
3263 835 3576 890 morientem

1993 919 2107 972 sine
2129 917 2326 972 Christi
2358 921 2526 988 gratia
2553 921 2863 990 periturum,
2895 925 3352 992 quemadmodum
3376 925 3576 982 dictqu
3655 959 3664 965 κ

1994 1019 2094 1076 est,
2130 1011 2482 1066 iucircumcisi
2526 1013 2757 1068 animam
2800 1016 3001 1083 parvuli
3041 1015 3260 1072 interire
3291 1018 3358 1072 de
3388 1021 3582 1088 populo

1996 1117 2092 1156 suo
2119 1101 2269 1171 (Gen.
2301 1118 2432 1169 xvn,
2462 1102 2550 1171 l2,
2587 1105 2675 1176 14)
2707 1123 2720 1159 :
2749 1106 2901 1175 cujus
2928 1105 3174 1164 interitus
3202 1108 3439 1166 invenire
3469 1127 3583 1166 me—
3625 1099 3631 1136 ⁷

1995 1194 2153 1247 ritum
2185 1209 2288 1249 non
2318 1199 2540 1265 potestis
2569 1239 2584 1264 ,
2625 1197 2877 1266 quamdiu
2918 1215 3024 1254 non
3063 1202 3274 1258 trahere
3309 1215 3580 1273 peccatum

1997 1285 2215 1355 Originis
2243 1287 2495 1356 parvulos
2524 1287 2719 1344 dicitis.

2069 1377 2219 1430 GLII.
2274 1377 2392 1432 JUL.
2424 1379 2526 1445 Qui
2565 1388 2620 1434 et
2663 1383 2886 1436 crimina
2933 1384 3222 1448 voluntatis
3274 1386 3503 1457 ignovit,
3555 1407 3583 1442 a

1998 1467 2193 1536 quibus
2225 1469 2450 1524 liberum
2481 1470 2652 1526 fuerat
2690 1473 2997 1540 abstinere;
3039 1485 3094 1530 et
3135 1479 3213 1531 sui
3247 1478 3539 1534 imitatione
3567 1525 3581 1545 ,

2000 1561 2087 1632 qui
2113 1571 2225 1616 erat
2246 1565 2496 1619 virtutum
2529 1566 2695 1622 forma
2727 1579 3014 1638 ctnorma,
3037 1574 3329 1628 correctis‘
3361 1575 3584 1645 gloriam

2000 1653 2170 1707 beata:
2199 1656 2511 1711 mternitatis
2550 1656 2790 1713 indulsit.
2821 1659 2952 1714 Cum
3006 1678 3133 1732 ergo
3169 1674 3446 1736 utramque
3490 1685 3586 1720 na-

2003 1744 2198 1797 tionem
2231 1760 2326 1814 pro
2353 1746 2642 1803 voluminis
2669 1749 2751 1803 sui
2783 1758 3022 1819 tempore
3048 1762 3102 1806 et
3122 1752 3241 1822 jure
3261 1757 3537 1810 conveniat
3572 1777 3585 1811 :

2003 1836 2054 1889 in
2092 1836 2173 1890 bis
2198 1846 2372 1893 tamen
2401 1839 2532 1894 locis
2555 1882 2570 1907 ,
2599 1839 2667 1896 de
2688 1841 2878 1910 quibus
2894 1845 3116 1913 quaestio
3137 1854 3216 1899 est
3233 1889 3247 1911 ,
3271 1862 3389 1908 cum
3415 1847 3590 1902 Israe-

2002 1928 2108 1982 litis
2136 1929 2352 1984 outnino
2391 1946 2605 1985 manum
2633 1933 2898 1999 conserit,
2931 1936 3021 2004 qui
3067 1936 3333 1992 audebant
3359 1939 3425 1992 de
3453 1955 3590 2011 prm-

2005 2019 2322 2088 pntiatorum
2345 2023 2511 2092 stirpe
2535 2023 2838 2093 venientes,
2871 2041 2936 2082 eo
2983 2043 3155 2094 usque
3183 2027 3485 2098 deSpicerc,
3534 2039 3594 2082 ut

2003 2108 2331 2164 afﬁrmarent
2359 2127 2486 2176 eos,
2554 2129 2653 2168 nec
2707 2115 2959 2187 suffragio
2989 2117 3110 2172 lidci
3157 2117 3223 2172 ad
3263 2122 3590 2176 consortium

2004 2217 2159 2255 suum
2192 2204 2420 2259 transire
2445 2205 2681 2272 potuisse
2709 2223 2722 2258 :
2756 2218 2939 2262 contra
2973 2208 3112 2277 quod
3152 2211 3493 2279 supercilium
3519 2230 3596 2268 re-

2008 2291 2161 2361 plicat
2185 2291 2383 2347 Judzcaz
2409 2295 2584 2364 gentis
2622 2296 2840 2352 exordia
2861 2340 2875 2366 ,
2917 2309 2967 2354 et
3013 2299 3064 2353 in
3099 2301 3118 2331 ²
3147 2301 3259 2370 ipsa
3281 2301 3460 2358 radice
3487 2304 3593 2358 cir-

2007 2383 2383 2450 cumcisionis,
2437 2387 2672 2442 ostendit
2721 2403 2826 2466 non
2879 2391 3009 2443 tanti
3062 2405 3183 2446 esse
3231 2395 3544 2465 pra-putiqu
3575 2437 3588 2460 ,

2007 2481 2065 2527 ut
2099 2483 2190 2528 aut
2235 2475 2463 2545 injustos
2501 2477 2617 2548 ejus
2656 2478 2899 2548 relictio,
2931 2490 3023 2536 aut
3067 2475 3244 2553 justos
3294 2484 3452 2541 faciat
3481 2484 3596 2558 ejus

2005 2563 2222 2618 ablatio.

2076 2657 2213 2710 Acs.
2257 2657 2482 2722 Quando
2526 2659 2625 2714 ista
2653 2659 3208 2733 dicebatApostolns,
3252 2683 3356 2722 non
3405 2668 3471 2724 de
3501 2670 3601 2724 cir-

2006 2748 2364 2816 cumcisione,
2413 2752 2496 2806 vel
2526 2755 2785 2826 pra'putio
2814 2772 2827 2821 ;
2863 2756 2959 2813 sed
2986 2757 3051 2812 de
3083 2763 3361 2830 pnuceptis
3389 2762 3519 2833 legis
3547 2765 3597 2818 in

2007 2841 2200 2912 quibus
2229 2853 2311 2898 est
2349 2846 2506 2899 etiam
2530 2887 2546 2911 ,
2579 2845 2699 2901 Non
2720 2851 3042 2918 concupisces
3068 2849 3261 2924 (Exod.
3293 2869 3360 2906 xx
3381 2897 3394 2920 ,
3417 2855 3481 2910 l7
3504 2896 3520 2921 ,
3553 2866 3598 2910 et

2010 2931 2162 2987 Deut.
2213 2951 2278 3001 v,
2309 2935 2439 3004 ΕΙ),
2473 2938 2659 3006 agebat
2697 2955 2709 2992 :
2749 2939 2888 3011 quod
2918 2949 2971 2995 et
3008 2941 3121 3012 ipse
3156 2950 3599 3002 ('OItunemoravit

2011 3024 2183 3094 (Hom.
2215 3041 2311 3087 vn,
2359 3026 2433 3098 7).
2465 3026 2602 3094 Quid
2634 3032 3058 3100 tergiversatuini
3080 3032 3102 3085 2’
3128 3033 3345 3092 Priores
3374 3037 3556 3106 peritis
3579 3077 3594 3101 ,

2010 3114 2134 3166 dum
2166 3114 2444 3182 caliginem
2474 3117 2748 3173 oll'nnditis
2778 3121 3060 3189 imperitis.

2080 3204 2256 3259 CLIII.
2278 3204 2399 3260 JUL.
2433 3207 2552 3260 Non
2590 3226 2708 3280 ergo
2735 3227 2824 3279 per
2854 3213 3010 3282 legent
3049 3216 3314 3282 promissio
3343 3217 3558 3272 Abrulttt’
3581 3262 3593 3284 ,

2012 3305 2061 3347 ut
2090 3298 2249 3351 lateres
2287 3309 2412 3352 esset
2437 3301 2613 3354 mundi
2635 3344 2648 3364 ,
2677 3303 2764 3356 sed
2794 3321 2883 3374 per
2914 3305 3170 3373 justitiam
3198 3307 3336 3375 ﬁdei.
3368 3308 3430 3364 Si
3467 3312 3596 3362 enim

2008 3387 2093 3454 qui
2111 3398 2225 3440 sunt
2253 3405 2318 3443 ea:
2349 3389 2484 3459 lege,
2516 3390 2736 3446 lneredes
2761 3405 2909 3459 sunt;
2939 3406 3176 3450 evuruuta
3215 3406 3286 3452 est
3319 3400 3442 3466 ﬁdes
3463 3443 3476 3466 ,
3503 3401 3591 3454 de-

2009 3487 2196 3529 structa
2223 3490 2292 3531 est
2317 3480 2602 3548 promissio.
2636 3480 2740 3536 Lex
2761 3484 2894 3538 enim
2923 3485 3050 3538 iram
3078 3499 3315 3556 operatur
3344 3505 3363 3542 :
3393 3492 3473 3543 ubi
3501 3509 3595 3544 uu-

2010 3577 2107 3621 tcm
2133 3586 2231 3623 non
2262 3584 2332 3626 est
2361 3574 2443 3626 lca:
2463 3616 2476 3637 ,
2509 3591 2598 3627 nec
2626 3577 2992 3645 pra’varicatio.
3024 3577 3152 3634 Ideo
3177 3597 3240 3636 ea?
3266 3582 3365 3650 ﬁde
3390 3626 3404 3649 ,
3438 3597 3486 3636 ut
3517 3602 3597 3639 se-

2011 3665 2228 3718 cundum
2253 3667 2471 3737 gratiam
2509 3670 2657 3737 ﬁrma
2701 3672 2762 3724 sit
2813 3674 3077 3742 promissio
3102 3677 3237 3730 omni
3261 3679 3470 3742 smdni;
3503 3696 3601 3732 non

2010 3759 2057 3810 ei
2081 3769 2272 3812 turdum
2303 3764 2437 3830 quod
2462 3781 2523 3816 ex
2545 3763 2650 3836 lege
2669 3778 2742 3820 est
2762 3810 2774 3831 ,
2809 3769 2897 3822 sed
2916 3772 3050 3839 quod
3080 3789 3142 3826 ex
3157 3773 3258 3841 [ide
3273 3787 3344 3826 est
3362 3777 3598 3837 Abrnlza',

2010 3850 2096 3916 qui
2125 3861 2194 3902 est
2226 3863 2367 3918 pater
2387 3854 2611 3906 omnium
2634 3871 2862 3911 nostrum
2892 3860 3042 3928 (sicut
3072 3864 3314 3932 scriptum
3339 3877 3431 3928 est,
3470 3869 3600 3930 Quia

2013 3952 2204 4009 putrem
2236 3943 2510 3997 multm-unt
2533 3947 2753 4015 gentium
2783 3951 2927 4018 posui
2951 3950 3017 4020 te)
3041 3994 3052 4013 ,
3087 3963 3202 4010 ante
3222 3952 3379 4006 Deum
3400 3959 3606 4009 cuicre-

2012 4033 2172 4096 didit,
2215 4034 2301 4102 qui
2328 4034 2541 4104 eiriﬁcat
2585 4050 2807 4092 mortuos
2829 4083 2842 4100 ,
2871 4052 2915 4092 rt
2949 4054 3084 4094 vocnt
3112 4060 3168 4094 ea
3198 4062 3309 4112 qure
3346 4062 3444 4098 non
3485 4059 3601 4114 sunt

2013 4134 2251 4192 tanquam
2278 4142 2392 4194 qua:
2417 4137 2549 4180 sunt.
2587 4129 2688 4196 Qui
2715 4142 2898 4200 pra'ter
2937 4149 3075 4202 Spem
3106 4132 3158 4186 in
3187 4152 3325 4205 spem
3355 4140 3596 4204 credidit,

2014 4224 2065 4266 nt
2092 4215 2232 4282 ﬁeret
2261 4226 2402 4286 pater
2423 4219 2693 4274 multarum
2739 4222 2996 4293 gentium,
3019 4225 3294 4278 secnndmn
3342 4230 3477 4294 quod
3515 4231 3599 4281 di-

2013 4315 2147 4358 ctum
2174 4317 2266 4370 est,
2293 4306 2382 4362 Sic
2409 4309 2500 4362 erit
2521 4327 2686 4365 semen
2717 4322 2877 4366 tuum.
2907 4312 2969 4366 Et
3000 4331 3098 4367 mm
3117 4315 3403 4384 inﬁrnmtus
3427 4319 3478 4371 in
3501 4319 3603 4386 ﬁde

2015 4397 2346 4451 considerarit
2377 4396 2398 4430 ³
2427 4417 2609 4468 corpus
2651 4419 2797 4458 suum
2833 4404 2944 4474 jam
2995 4416 3307 4471 emortuum,
3339 4423 3453 4460 cum
3496 4411 3606 4478 fere

2015 4497 2212 4540 centum
2248 4506 2496 4544 annorum
2526 4503 2685 4556 esset,
2713 4503 2758 4545 ct
2784 4503 3062 4546 emortuum
3096 4495 3288 4548 vulvam
3312 4498 3490 4552 Sume
3512 4519 3527 4553 :
3550 4502 3602 4553 in

2016 4580 2402 4647 repromissione
2425 4594 2592 4636 autem
2623 4585 2715 4638 Dei
2743 4603 2842 4639 non
2887 4587 3133 4641 lm-sitarit
3183 4589 3484 4660 diffidentia,
3517 4594 3606 4644 sed

2015 4671 2342 4739 con/innatus
2393 4684 2465 4727 est
2493 4674 2628 4739 ﬁde,
2685 4677 2811 4730 dans
2858 4679 3071 4747 gloriam
3131 4679 3278 4743 Deo;
3320 4682 3607 4751 plenissime

2015 4762 2177 4816 sciens
2200 4763 2318 4832 quia
2346 4780 2670 4834 quascumque
2708 4769 2935 4836 promisit
2962 4812 2975 4834 ,
3007 4782 3184 4840 potens
3206 4783 3276 4824 est
3316 4785 3360 4825 et
3392 4777 3557 4842 facere
3584 4789 3605 4826 :

2017 4863 2222 4923 pmpter
2247 4856 2383 4926 quod
2407 4866 2452 4911 et
2479 4870 2764 4929 reputatum
2791 4872 2862 4916 est
2900 4863 2977 4916 illi
2995 4865 3062 4917 ad
3077 4865 3332 4935 justitiam
3369 4861 3482 4936 (Id.
3515 4881 3591 4930 tv,

2020 4943 2225 4996 13-22).

2091 5035 2221 5092 Arc.
2261 5035 2382 5090 lla-c
2408 5047 2456 5092 te
2494 5055 2916 5096 eotutnentorare
2940 5059 3042 5096 non
3074 5044 3232 5112 pudet
3256 5088 3267 5105 ,
3301 5045 3389 5116 qui
3431 5061 3594 5112 oppu-

2018 5139 2149 5192 guas
2177 5137 2399 5194 gratiam
2431 5143 2532 5195 qua
2563 5129 2660 5182 ista
2703 5133 2960 5197 promissa
3011 5137 3382 5205 cmnph-ntur?
3409 5138 3601 5190 (Lotitra

2027 5217 2188 5268 licunt
2214 5217 2354 5270 cuitu
2387 5219 2658 5287 loquimini
2683 5206 2955 5286 ,Idiccntlo
2975 5264 2990 5287 ,
3021 5224 3127 5280 Nos
3177 5227 3432 5281 lucinius:
3462 5232 3601 5297 qu-ul

2023 5309 2108 5360 ille
2132 5325 2190 5360 se
2226 5310 2623 5366 larturtuncssc
2674 5313 2936 5382 promisit.
2975 5316 3027 5369 lu
3068 5318 3209 5371 Isaac
3252 5319 3471 5390 quippe,
3517 5322 3600 5381 qui

2020 5401 2248 5456 Abraha:
2278 5405 2570 5471 prontissus
2601 5415 2679 5460 cst
2710 5408 2868 5473 lilius,
2901 5409 2953 5464 hi
2980 5413 3296 5480 pra-ligttrnlt
3325 5421 3469 5474 sunt,
3499 5424 3603 5464 ιιι-ει

2035 5612 2046 5619 _
2085 5553 2099 5586 ι
2141 5553 2389 5602 stenardns
2413 5561 2464 5604 et
2489 5556 2788 5618 t'ignierius,
2827 5566 2869 5609 et
2892 5573 3058 5608 norma
3077 5556 3405 5610 correctionis.
3431 5565 3594 5610 Emen.

2020 5623 2192 5663 (tantur
2219 5630 2279 5663 ex
2307 5622 2412 5664 uss.

2086 5680 2104 5740 ξ
2140 5677 2454 5737 ῑιῖιιιιιιδει·ἰιιιὶ,
2479 5685 2522 5727 et
2547 5679 2650 5740 ipsa
2676 5682 2853 5736 radice,
2876 5684 3066 5731 omisso.
3094 5681 3159 5728 in.

2087 5738 2106 5767 ³
2139 5740 2208 5785 >it.‘
2237 5748 2334 5805 uss.
2369 5738 2815 5805 Atﬁiguict'idsxj
2840 5757 2929 5791 tam
2965 5740 3051 5804 lil/i
3086 5751 3238 5792 mittis
3287 5755 3353 5795 (ιιι
3402 5745 3432 5795 i:

2021 5812 2070 5846 NL
2084 5812 2104 5846 ι’
2130 5811 2228 5846 Qui.
2243 5802 2463 5848 έιίιΤιίΓη.

3437 5745 3606 5810 ιίῑίίζ,
