3962 6180
403 387 427 441 9
437 387 537 442 20'!

399 500 571 572 quise
597 499 740 569 ipsos
762 497 935 568 justas
956 537 969 561 ,
1003 494 1096 551 sed
1125 509 1257 563 quos
1288 493 1426 548 Deus
1454 490 1625 547 fuerat
1665 492 1778 561 ipse
1807 490 1981 545 factu-

406 591 538 646 rus?
564 588 715 647 Unde
754 589 1014 643 universa:
1052 599 1147 656 per
1168 582 1478 654 prophetam
1509 582 1637 638 dicit
1688 581 1979 636 Ecclesium

403 682 515 754 Ego
540 684 670 738 enim
691 697 803 736 sum
830 678 1076 734 Dominus
1097 719 1111 742 ,
1140 678 1224 747 qui
1249 676 1381 746 facio
1403 688 1450 731 te
1470 674 1621 746 (Isai.
1648 692 1768 739 ιιι,
1797 676 1852 742 8,
1885 692 1984 730 sec.

400 774 590 845 LXX).
620 773 846 842 Propter
865 769 1005 843 quod
1049 779 1103 825 et
1158 769 1251 823 ﬁlii
1282 768 1649 839 promissionis
1679 776 1934 822 vocantur
1967 808 1980 833 ,

398 864 734 937 apertissime
758 861 974 917 dicente
998 860 1254 932 Apostolo
1287 877 1298 913 :
1344 858 1466 914 Non
1512 867 1673 928 potest
1699 867 1865 912 autem
1892 874 1985 911 ex-

398 956 566 1011 cidere
590 956 790 1009 verbum
810 952 906 1008 Dei
938 968 956 1008 :
984 969 1084 1007 non
1110 952 1241 1007 enim
1272 966 1441 1004 omnes
1467 951 1551 1020 qui
1590 966 1651 1003 ea:
1697 946 1892 1013 Israel,
1924 947 1979 1000 Iri

398 1054 512 1101 sunt
555 1043 751 1110 Israel;
779 1059 937 1112 neque
960 1043 1079 1114 quia
1126 1056 1292 1095 semen
1337 1040 1593 1107 Abrahae,
1640 1055 1811 1093 omnes
1848 1038 1981 1107 ﬁlii;

397 1137 487 1193 scd
507 1137 560 1191 in
580 1134 730 1190 Isaac
758 1136 1015 1190 vocabitur
1042 1132 1131 1187 tibi
1162 1149 1330 1188 semen
1357 1149 1377 1187 :
1401 1131 1494 1185 hoc
1521 1140 1629 1197 est,
1657 1147 1758 1185 non
1805 1130 1861 1183 lii
1895 1131 1983 1200 qui

400 1228 496 1297 flii
523 1228 721 1293 carnis,
752 1226 805 1278 hi
832 1227 927 1297 ﬁlii
950 1225 1043 1280 Dei
1065 1268 1080 1294 ,
1107 1224 1196 1279 sed
1218 1224 1313 1292 ﬁlii
1342 1223 1689 1293 promissionis
1730 1222 1980 1291 deputan-

398 1327 479 1374 tur
499 1318 550 1375 in
569 1318 756 1372 semine
775 1316 948 1387 (Rom.
982 1332 1032 1371 ix
1056 1358 1070 1384 ,
1106 1314 1244 1388 6-8).
1267 1315 1418 1383 Quod
1449 1318 1465 1349 ι
1490 1318 1664 1385 itaque
1693 1313 1837 1368 Deus
1862 1328 1984 1382 pro—

400 1411 575 1478 misit,
601 1411 740 1466 Deus
785 1408 933 1467 facit.
958 1409 1069 1466 iloc
1095 1425 1224 1480 ergo
1249 1419 1417 1466 totum
1444 1410 1579 1465 sicut
1618 1408 1844 1464 :ediﬁcat
1885 1422 1980 1462 eos

397 1517 621 1572 quorum
648 1517 771 1572 spes
799 1503 855 1559 in
885 1502 994 1556 Deo
1014 1511 1133 1568 est,
1155 1503 1232 1557 sic
1251 1502 1442 1558 evertit
1465 1516 1555 1557 eos
1578 1500 1666 1570 qui
1708 1494 1983 1553 conﬁdunt
2012 1568 2027 1575 κ

397 1591 451 1648 in
483 1592 673 1648 virtute
707 1607 801 1647 sua
836 1590 1006 1665 (Psal.
1040 1608 1237 1659 XLVIII,
1267 1593 1324 1662 ’1)
1356 1610 1369 1646 :
1408 1606 1471 1647 ac
1510 1607 1604 1662 per
1648 1591 1748 1646 hoc
1780 1633 1796 1658 ,
1845 1590 1985 1645 sicut

395 1681 712 1739 catholicam
732 1681 888 1738 ﬁdem
905 1681 1150 1750 aediﬁcat,
1173 1684 1250 1738 sic
1271 1682 1607 1754 Pelagianum
1626 1681 1816 1738 evertit
1836 1696 1983 1737 erro-

395 1791 531 1830 rem.

466 1867 643 1925 CLIV.
676 1867 792 1924 Jun.
813 1868 1076 1935 Quilocus
1095 1883 1250 1938 quam
1277 1868 1345 1923 sit
1368 1867 1604 1938 opinioni
1630 1875 1819 1921 vestrae
1842 1874 1982 1920 totus

398 1958 734 2023 inl'csms,et
761 1960 935 2029 primo
974 1973 1138 2028 Opere
1184 1957 1510 2027 disputatum
1530 1965 1637 2021 est,
1668 1963 1721 2011 et
1759 1955 1805 2009 si
1854 1954 1978 2025 quid

397 2049 520 2103 hinc
548 2049 710 2105 recoli
727 2048 1054 2120 Oportuerit,
1078 2047 1388 2105 disseretur.
1411 2045 1562 2101 Nunc
1579 2054 1754 2101 autem
1782 2044 1846 2100 ad
1857 2061 1980 2101 ver-

395 2124 537 2193 tatur
557 2180 573 2205 ,
606 2138 1013 2208 promissionem
1036 2179 1052 2206 ,
1082 2153 1201 2208 qua:
1239 2136 1374 2191 facta
1401 2145 1484 2192 est
1522 2136 1588 2190 ad
1614 2134 1882 2199 Abraham
1909 2136 1979 2190 ob

397 2230 881 2286 remunerationem
911 2228 1037 2284 ﬁdei
1057 2229 1205 2298 ejus,
1233 2230 1284 2286 ia
1306 2244 1411 2300 qua
1434 2227 1628 2283 dicitur
1647 2269 1663 2295 ,
1688 2228 1807 2299 quia
1832 2236 1981 2299 pater

396 2321 683 2376 multarum
737 2321 979 2391 gentium
1012 2320 1463 2387 constitueretur,
1504 2318 1831 2386 ostendisse,
1878 2333 1980 2373 nec

395 2411 551 2469 unius
572 2411 717 2466 illum
736 2411 912 2486 populi
935 2410 1229 2482 genitorem
1244 2409 1446 2465 debere
1464 2408 1697 2476 defendi,
1721 2410 1807 2480 qui
1840 2410 1977 2463 mul-

396 2511 568 2555 tarum
596 2501 831 2570 gentium
863 2510 1016 2571 pater
1054 2500 1123 2555 sit
1167 2499 1483 2570 prmdictus;
1538 2514 1638 2554 nec
1688 2500 1759 2553 ita
1804 2500 1976 2555 solum

394 2590 723 2648 credulitatis
751 2589 1018 2661 recepisse
1064 2589 1403 2656 mercedem,
1448 2598 1506 2644 ut
1547 2590 1680 2644 alios
1732 2588 1979 2645 similiter

396 2683 677 2739 credentes
703 2698 731 2738 a
760 2683 960 2754 prmmii
980 2682 1251 2738 consortio
1271 2688 1481 2753 putetur
1509 2681 1809 2737 excludere.
1862 2680 1979 2736 Non

395 2785 469 2831 est
490 2785 655 2831 autem
680 2777 922 2849 scriptum
939 2816 953 2841 ,
989 2775 1180 2846 inquit,
1207 2775 1550 2829 tantummodo
1572 2786 1773 2847 propter
1789 2775 1976 2848 ipsum,

399 2867 516 2935 quia
537 2875 820 2937 reputatum
842 2876 914 2921 est
940 2864 1056 2933 illi;
1102 2866 1190 2921 sed
1218 2875 1262 2920 et
1291 2873 1494 2937 propter
1533 2882 1624 2920 nos
1648 2908 1663 2930 ,
1692 2867 1869 2935 quibus
1893 2881 1978 2920 τες

404 2957 677 3028 putabitur,
700 2956 1012 3012 credentibus
1034 2956 1087 3011 in
1107 2972 1222 3010 eum
1260 2956 1346 3027 qui
1369 2957 1619 3011 suscitavit
1638 2954 1671 3010 .1
1677 2973 1815 3012 esum
1833 2955 1981 3012 Clari«

400 3060 533 3106 stum
571 3048 849 3105 Dominum
866 3058 1092 3104 nostrum
1117 3066 1149 3103 a
1174 3049 1415 3115 mortuis,-
1442 3049 1526 3118 qui
1550 3048 1763 3114 traditus
1783 3056 1853 3103 est
1869 3064 1981 3118 pro.

413 3148 510 3205 uer
535 3140 716 3196 delicta
744 3149 916 3196 nostra
936 3183 951 3206 ,
984 3149 1030 3195 et
1058 3140 1326 3195 resurrexit
1351 3149 1552 3212 propter
1565 3139 1980 3210 justi/irationem

396 3240 618 3288 nostram
654 3230 828 3304 (Rom.
852 3247 907 3287 tv
928 3274 943 3298 ,
968 3231 1180 3300 23-23).

470 3326 604 3381 Auc.
638 3325 808 3381 Dicite
834 3325 1026 3391 nobis,
1076 3340 1109 3379 ο
1153 3324 1308 3392 vani,
1342 3338 1447 3377 non
1495 3322 1841 3390 defensores,
1885 3324 1981 3379 sed

399 3415 672 3473 lnﬁatores
698 3415 848 3471 liberi
873 3415 1113 3482 arbitrii,
1144 3415 1233 3484 qui
1259 3416 1565 3485 ignorantes
1590 3414 1679 3469 Dei
1700 3414 1979 3484 justitiam,

401 3518 458 3565 et
485 3516 714 3564 vestram
731 3501 989 3577 justitiam
1011 3507 1248 3562 volentes
1269 3506 1592 3560 constituere
1611 3547 1626 3572 ,
1653 3506 1870 3576 Ῑιιειὶιίιη
1891 3507 1986 3562 Dei

402 3615 507 3653 non
530 3599 659 3653 estis
678 3598 902 3668 subjecti
925 3595 1037 3666 (Id.
1070 3612 1101 3651 χ
1123 3639 1137 3661 ,
1160 3593 1216 3669 3)
1237 3613 1250 3662 ;
1274 3596 1435 3651 dicite
1454 3640 1470 3661 ,
1516 3595 1728 3666 inquam
1747 3638 1761 3660 ,
1786 3597 1937 3650 nobis
1968 3616 1981 3650 :

402 3693 445 3747 si
474 3692 767 3747 uoluissent
786 3700 970 3762 gentes
995 3689 1213 3745 credere
1233 3689 1480 3759 justeque
1513 3688 1691 3744 vivere
1710 3730 1726 3754 ,
1758 3704 1983 3744 evacua-

406 3792 554 3837 retur
582 3782 865 3855 promissio
890 3797 1008 3853 quae
1050 3780 1184 3836 facta
1234 3789 1316 3834 est
1364 3780 1429 3834 ad
1474 3779 1780 3835 Abraham?
1821 3779 1933 3834 Non
1966 3820 1982 3847 ,

405 3875 632 3945 inquies.
665 3873 804 3943 Ergo
831 3883 889 3927 ut
909 3873 1173 3927 Abraham
1199 3870 1268 3927 ob
1288 3869 1608 3941 stipendium
1653 3870 1773 3926 ﬁdei
1793 3886 1984 3927 consc-

406 3973 660 4036 queretur
692 3964 1056 4020 dilatationem
1091 3962 1330 4028 seminis,
1346 3970 1635 4033 praeparata
1652 3972 1734 4016 est
1752 3964 1986 4033 gentium

404 4059 691 4113 voluntasa
715 4057 965 4123 Domino;
989 4064 1045 4112 et
1070 4066 1126 4111 ut
1153 4055 1353 4113 vellent
1374 4055 1515 4126 quod
1544 4062 1599 4110 et
1619 4054 1757 4109 nolle
1787 4056 1988 4125 potuiso

406 4158 558 4214 sent,
587 4149 655 4204 ab
678 4149 770 4204 illo
801 4148 993 4204 factum
1016 4154 1129 4215 est,
1158 4147 1248 4221 qui
1273 4161 1335 4202 ea
1365 4162 1482 4219 quae
1504 4146 1776 4217 promisit,
1802 4156 1990 4216 potens

406 4252 487 4295 est
511 4249 565 4297 et
588 4241 781 4295 facere.

476 4330 628 4387 CLV.
656 4331 776 4386 Jun.
806 4327 937 4385 Cum
968 4344 1094 4400 ergo
1126 4328 1211 4383 ille
1237 4327 1412 4383 adhuc
1443 4328 1493 4381 in
1545 4328 1801 4397 pt‘tepulio
1842 4328 1993 4383 testis

408 4427 479 4479 sit
526 4424 646 4479 litlei
678 4421 1081 4492 pronuntiatus,
1110 4429 1165 4475 et
1190 4418 1259 4473 ob
1308 4419 1421 4487 ejus
1449 4418 1769 4488 stipendium
1801 4419 1989 4472 dilata-

410 4518 608 4570 tionem
638 4514 795 4570 fuerit
817 4513 1039 4569 seminis
1065 4520 1417 4574 consecutus;
1449 4524 1571 4578 qua,
1602 4508 1790 4577 inquit,
1815 4509 1991 4578 regula

412 4614 466 4657 tu
493 4645 507 4669 ,
538 4602 742 4668 Judaze,
767 4619 870 4656 non
889 4612 1043 4675 putas
1058 4600 1122 4655 ad
1147 4597 1697 4668 consortiumjustitizn
1726 4597 1996 4669 pertinere

412 4693 679 4755 Gentiles,
707 4692 795 4763 qui
826 4692 981 4746 ﬁdem
1011 4689 1237 4744 Abrabaa
1256 4730 1271 4755 ,
1316 4689 1460 4760 paria
1496 4688 1562 4743 de
1593 4688 1685 4743 Dei
1713 4688 1993 4743 virtutibus

412 4781 681 4839 credendo
698 4824 711 4846 ,
741 4779 1074 4835 restituunt?

487 4876 618 4930 Avo.
645 4872 789 4928 Bene
815 4879 998 4927 contra
1020 4884 1117 4924 vos
1160 4870 1396 4939 loqueris
1428 4888 1440 4923 :
1479 4869 1599 4939 quia
1632 4870 1811 4940 utique
1853 4870 1896 4923 si
1929 4870 1997 4923 de

419 4966 512 5021 Dei
538 4964 819 5019 virtutibus
838 4962 1063 5019 credunt
1080 5003 1094 5026 ,
1130 4975 1235 5014 non
1258 4960 1395 5013 sicut
1411 4974 1502 5013 vos
1526 4960 1799 5014 conﬁdunt
1819 4961 1871 5014 iu
1894 4960 1999 5014 vir-

417 5065 526 5111 tute
548 5068 643 5109 sua
664 5094 680 5121 ,
707 5063 766 5108 ut
789 5052 1164 5123 jnstiﬁcentur,
1194 5048 1247 5105 id
1274 5057 1377 5117 est,
1400 5058 1458 5103 ut
1474 5048 1603 5125 justi
1634 5047 1797 5114 ﬁant;
1824 5050 1916 5103 sed
1947 5052 1997 5103 in

416 5146 561 5202 illius
579 5186 595 5210 ,
627 5145 719 5215 qui
744 5141 997 5213 justiﬁcat
1022 5139 1262 5211 impium.

487 5236 663 5294 CLVI.
692 5234 811 5291 IUL.
841 5234 946 5289 Cur
971 5242 1125 5304 putes
1144 5275 1158 5297 ,
1203 5233 1406 5302 inquit,
1437 5231 1553 5286 sine
1581 5230 1998 5285 consecmtioui-

418 5330 517 5387 bus
538 5329 669 5401 legis
687 5370 701 5391 ,
723 5325 789 5382 ad
819 5324 1045 5380 Abrahae
1066 5332 1289 5378 stemma
1313 5324 1558 5379 natiOnes
1579 5337 1683 5376 non
1710 5335 1871 5393 posse
1892 5336 1998 5390 per-

421 5423 574 5487 duci;
606 5435 725 5476 cum
772 5423 981 5472 constet
1009 5414 1412 5484 promissionem
1434 5456 1450 5481 ,
1496 5428 1614 5484 quae
1643 5410 1780 5467 facta
1815 5420 1897 5467 est
1935 5412 2001 5464 ad

437 5514 686 5574 lbraltam
709 5552 723 5575 ,
757 5509 1077 5562 anteriorem
1127 5504 1289 5561 fuisse
1312 5519 1468 5576 quam
1501 5503 1701 5573 legem,
1741 5518 1838 5556 nec
1884 5516 1999 5556 eam

419 5604 778 5661 sblutioaibns
807 5602 827 5633 ’
861 5600 1111 5656 tributam
1129 5598 1317 5662 fuisse,
1348 5596 1440 5652 sed
1472 5595 1712 5651 moribus
1728 5594 1753 5648 ἳ-

487 5759 503 5791 ι
540 5757 675 5812 ιιιιιι,
702 5767 830 5817 quos.
852 5760 960 5817 Mss.
980 5760 1097 5817 star.
1120 5751 1241 5817 _Clar.
1270 5755 1413 5808 l‘ort.,
1442 5745 1567 5810 quod
1577 5786 1585 5796 .

487 5820 508 5853 ³
530 5818 601 5869 sic
618 5811 722 5867 uss:
750 5816 885 5875 aditi,
909 5811 1155 5866 at-tutiuni.

1108 377 1351 436 OPEBIS
1389 378 1798 437 IMPERFECTI
1835 376 2106 436 CONTRA
2147 377 2505 446 JULIANUM,
2544 381 2600 437 S.
2635 382 3002 441 AUGUSTINI

3544 391 3565 445 ι
3576 390 3679 447 208

2166 492 2301 547 Acs.
2334 491 2439 547 llos
2472 509 2646 550 mores
2668 539 2681 562 ,
2713 512 2846 567 quos
2868 499 3048 568 procul
3078 498 3239 554 dubio
3291 500 3456 557 bonos
3487 503 3567 558 vis
3592 506 3674 560 in~

2096 582 2257 652 telligi
2285 624 2299 649 ,
2329 584 2372 637 si
2402 593 2457 639 ut
2484 588 2712 656 putatis,
2744 572 2903 642 homo
2932 590 3031 643 sibi
3066 589 3218 655 facit;
3268 593 3555 661 prmdicere
3578 596 3676 652 ista

2092 671 2274 729 debuit
2296 675 2433 730 Dens
2471 680 2866 746 pr:cscins,non
2895 683 3241 750 promittere;
3260 694 3317 739 nt
3346 700 3451 740 non
3479 686 3547 741 de
3589 688 3679 742 illo

2094 763 2145 816 in
2177 763 2274 818 hac
2315 780 2471 819 causa
2502 768 2801 833 diceretur,
2835 770 2963 838 Qua:
2991 773 3220 841 promisit
3243 815 3257 838 ,
3291 785 3467 845 potens
3506 787 3579 832 est
3631 791 3683 833 et

2092 859 2257 925 facere
2282 856 2454 926 (Rom.
2487 874 2537 913 tv
2557 902 2572 925 ,
2593 859 2685 932 2t)
2712 878 2728 927 ;
2758 861 2851 917 sed
2869 904 2884 929 ,
2911 854 3039 932 Quae
3065 866 3362 935 prtescivit,
3389 879 3577 939 potens
3592 883 3679 927 est

2091 954 2144 999 et
2164 948 2539 1014 prmnuntiare,
2569 961 2678 1015 aut,
2708 960 2899 1023 potens
2923 963 3004 1009 est
3029 964 3083 1011 et
3111 957 3417 1014 ostendere.
3448 960 3676 1028 Quando

2089 1046 2265 1091 autem
2295 1037 2472 1093 dicunt
2500 1040 2741 1098 homines
2760 1086 2775 1109 ,
2804 1043 2955 1112 Quod
2988 1046 3124 1101 Deus
3152 1048 3428 1117 promisit,
3467 1066 3567 1107 nos
3594 1052 3677 1106 fa-

2089 1127 2293 1190 cimus;
2326 1144 2388 1184 se
2432 1131 2574 1200 ipsos
2622 1131 2816 1189 faciunt
2853 1135 3110 1207 jactantia
3138 1137 3156 1169 ί
3194 1149 3474 1209 potentes,
3527 1143 3676 1201 illum

2088 1220 2389 1289 arrogantia
2420 1223 2789 1277 mentientem.

2159 1310 2353 1366 CLVII.
2382 1311 2499 1369 ἔοι.
2527 1310 2587 1368 Si
2611 1314 2743 1369 enim
2770 1319 2855 1387 qui
2876 1327 2993 1373 sunt
3018 1337 3081 1374 ex
3109 1321 3243 1390 lege,
3276 1321 3497 1377 lucredes
3521 1334 3677 1388 sunt:

2088 1413 2327 1457 evacuate
2354 1415 2426 1459 est
2454 1406 2602 1475 ﬁdes,
2630 1408 2884 1464 destructa
2913 1420 2986 1465 est
3016 1414 3334 1481 repromissio
3352 1412 3537 1485 (Ibid.,
3559 1417 3672 1488 Η).

2087 1492 2187 1560 Qui
2239 1510 2449 1559 sermo,
2482 1498 2581 1553 nisi
2610 1499 2935 1571 intelligatur
2955 1545 2968 1569 ,
2998 1504 3191 1573 ingerit
3211 1506 3493 1561 maximam
3524 1525 3675 1580 qua:-

2087 1582 2316 1639 stionem
2344 1602 2358 1640 :
2385 1585 2543 1641 dubio
2564 1589 2706 1643 enim
2736 1592 2953 1660 procul,
2986 1592 3114 1647 dicit
3148 1609 3242 1648 eos
3267 1610 3386 1650 esse
3423 1613 3487 1652 ex
3535 1600 3673 1670 lege,

2087 1689 2223 1743 quos
2249 1690 2408 1745 supra
2458 1676 2665 1734 dixerat
2691 1694 2755 1735 ex
2782 1679 3186 1739 circumcisione
3207 1727 3221 1750 ,
3252 1701 3383 1755 quos
3431 1687 3533 1743 sibi
3556 1698 3678 1744 tan-

2088 1776 2197 1820 tum
2221 1776 2445 1821 noverat
2465 1783 2746 1837 arrogare,
2771 1780 2827 1826 ut
2851 1782 3093 1842 putarent
3111 1784 3306 1846 prmter
3322 1792 3383 1832 se
3408 1779 3677 1835 neminem

2086 1859 2282 1914 as5umi
2330 1860 2395 1913 ad
2447 1861 2674 1917 Abrahae
2719 1865 2940 1920 seminis
2983 1865 3294 1936 dignitatem
3329 1887 3342 1922 :
3377 1878 3537 1941 atque
3566 1872 3669 1927 hoc

2084 1949 2439 2021 disputatione
2464 1952 2780 2023 collegerat,
2824 1965 2880 2009 ut
2900 1956 3020 2025 quia
3051 1972 3158 2012 non
3187 1958 3360 2013 solum
3399 1959 3449 2014 lii
3478 1961 3566 2031 qui
3597 1978 3671 2019 ex

2084 2042 2522 2109 circumcisiOne,
2551 2045 2647 2099 sed
2686 2055 2740 2101 et
2763 2047 2833 2101 illi
2856 2047 2946 2118 qui
2968 2063 3032 2103 ex
3064 2051 3323 2119 praeputio
3353 2053 3543 2109 sectari
3572 2069 3675 2109 vo-

2084 2132 2305 2188 luissent
2335 2136 2554 2205 vestigia
2586 2136 2706 2191 ﬁdei
2734 2136 2991 2206 Abrahze,
3020 2156 3124 2195 non
3155 2141 3423 2198 immerito
3444 2143 3675 2199 Abraba:

2084 2224 2176 2277 ﬁlii
2200 2233 2569 2281 censerentur.

2156 2318 2290 2374 Ave.
2321 2317 2489 2384 Quid,
2518 2320 2559 2373 si
2590 2320 2926 2377 noluissent?
2953 2334 3304 2379 evacuaretur
3339 2327 3620 2394 promissio
3650 2329 3678 2382 ?

2083 2407 2362 2463 Admoneo
2390 2418 2445 2463 ut
2473 2408 2781 2480 intelligatis
2805 2452 2821 2477 ,
2850 2412 2932 2466 cui
2958 2413 3144 2482 gratiae
3176 2415 3294 2468 sitis
3320 2416 3551 2483 inimici,
3575 2432 3680 2471 ne—

2084 2496 2261 2570 gando
2289 2499 2500 2569 operari
2552 2499 2717 2555 Deum
2746 2501 3045 2556 voluntates
3092 2503 3145 2556 in
3191 2504 3459 2559 mentibus
3497 2505 3682 2561 homi-

2083 2606 2209 2645 num
2241 2609 2253 2645 :
2285 2606 2387 2644 non
2418 2601 2474 2645 ut
2523 2592 2765 2647 nolentes
2804 2593 3057 2660 credant,
3095 2594 3239 2664 quod
3282 2595 3682 2652 absurdissima

2083 2682 2312 2748 dicitur;
2344 2682 2437 2737 scd
2466 2692 2524 2738 ut
2549 2683 2787 2739 volentes
2808 2699 2873 2739 ex
2906 2685 3207 2740 nolentibus
3226 2686 3370 2740 ﬁant.
3396 2685 3512 2741 Non
3531 2688 3683 2743 sicut

2083 2773 2210 2830 facit
2234 2773 2421 2829 doctor
2452 2776 2642 2843 homo,
2694 2775 2936 2831 docendo
2986 2785 3040 2831 et
3078 2776 3388 2843 hortando,
3417 2778 3684 2835 minando

2084 2875 2139 2923 et
2166 2867 2526 2938 promittendo.
2541 2867 2593 2923 in
2622 2882 2870 2924 sermone
2901 2868 2993 2924 Dei
3023 2868 3203 2940 :quod
3234 2870 3431 2925 frustra
3460 2870 3536 2934 ﬁt,
3568 2871 3678 2925 nisi

2086 2958 2227 3014 Deus
2251 2958 2393 3013 intus
2438 2969 2688 3028 operetur
2725 2968 2780 3015 et
2807 2959 2942 3014 velle
2980 2975 3076 3030 per
3121 2960 3517 3031 investigabiles
3559 2962 3682 3016 vias

2085 3064 2228 3105 suas.
2257 3046 2389 3105 Cum
2415 3049 2556 3105 enim
2583 3050 2759 3105 verbis
2784 3048 2972 3106 doctor
2994 3050 3197 3120 plantat
3244 3059 3298 3106 et
3336 3050 3502 3120 rigat,
3542 3065 3679 3121 pos-

2086 3155 2272 3199 sumus
2296 3140 2475 3197 dicere
2502 3184 2516 3207 ,
2550 3139 2710 3196 Forte
2734 3141 2937 3207 credit,
2968 3139 3103 3196 forte
3128 3156 3235 3195 non
3263 3141 3432 3196 credit
3457 3144 3477 3173 ¹
3521 3142 3679 3196 andi-

2088 3241 2173 3285 tor
2199 3244 2213 3283 :
2245 3247 2366 3286 cum
2389 3246 2516 3286 vero
2541 3231 2631 3286 dat
2660 3232 3048 3287 incrementum
3078 3231 3218 3286 Deus
3252 3232 3293 3304 (I
3319 3230 3436 3287 Cor.
3465 3248 3545 3297 ιιι,
3575 3233 3673 3304 6),

2087 3320 2203 3377 sine
2227 3320 2388 3377 dubio
2413 3322 2583 3377 credit
2603 3331 2654 3377 et
2678 3323 2903 3392 proﬁcit.
2930 3322 3068 3377 Ecce
3089 3321 3234 3392 quod
3267 3323 3489 3377 interest
3531 3323 3674 3378 inter

2088 3413 2257 3483 legem
2288 3421 2341 3467 et
2370 3414 2806 3483 promissionem,
2837 3415 2974 3469 inter
2998 3415 3230 3469 litteram
3256 3423 3310 3469 et
3334 3416 3597 3485 spiritum.

2158 3503 2382 3559 CLVIII.
2406 3503 2524 3558 .IUL.
2558 3500 2688 3558 Cum
2711 3519 2842 3575 ergo
2869 3505 3115 3575 superius
3137 3503 3189 3560 id
3218 3506 3453 3575 egisset,
3482 3514 3541 3560 ut
3587 3507 3677 3560 in-

2092 3596 2446 3666 telligeremus
2470 3611 2498 3649 a
2525 3596 2795 3651 consortio
2818 3596 3038 3666 justitiae
3064 3611 3169 3650 non
3198 3598 3434 3666 potuisse
3461 3598 3675 3652 excludi

2089 3684 2285 3742 Centes
2306 3727 2320 3751 ,
2376 3684 2468 3740 sed
2499 3700 2595 3757 per
2614 3686 2855 3741 eamdem
2899 3686 3054 3742 ﬁdem
3092 3702 3212 3741 cum
3244 3687 3365 3741 ﬁliis
3394 3688 3681 3743 circumci-

2091 3779 2258 3833 sionis
2283 3779 2333 3833 in
2366 3778 2591 3833 Abraha:
2618 3779 2783 3850 stirpe
2816 3779 3121 3844 numerari;
3163 3794 3303 3833 nunc
3332 3779 3543 3845 intulit,
3578 3796 3678 3834 ne-

2093 3872 2291 3927 minem
2316 3869 2383 3926 de
2412 3870 2814 3926 circumcisione
2839 3870 2904 3924 ad
2935 3885 3052 3925 eam
3080 3871 3484 3939 promissionem
3506 3913 3522 3937 ,
3554 3887 3678 3941 qua:

2093 3963 2322 4016 Abrahm
2343 3963 2463 4017 data
2487 3972 2569 4017 est
2589 4004 2602 4029 ,
2634 3963 2902 4032 pertinere
2934 3981 2947 4016 :
2977 3962 3079 4017 hoc
3104 3971 3283 4017 autem
3304 3964 3543 4027 omnino,
3575 3963 3679 4026 rtisi

2095 4053 2418 4123 intelligatur
2441 4096 2455 4120 ,
2489 4061 2767 4123 repugnat.
2797 4052 2950 4122 Quod
2981 4054 3157 4123 itaque
3183 4055 3284 4120 ait,
3338 4052 3400 4108 Si
3424 4055 3557 4108 enim
3591 4056 3683 4125 qui

2094 4155 2211 4198 sunt
2248 4161 2314 4198 ex
2336 4146 2469 4214 lege,
2501 4144 2721 4199 liwretles
2746 4154 2901 4209 sunt;
2927 4153 3167 4202 evacuate
3193 4155 3264 4199 cst
3291 4146 3417 4213 ﬁtles
3440 4186 3454 4209 ,
3486 4155 3533 4200 et
3585 4148 3679 4199 de-

2095 4244 2289 4289 structa
2318 4244 2390 4288 est
2416 4237 2717 4304 promissio;
2750 4252 2852 4289 non
2883 4236 2981 4290 hoc
3014 4238 3369 4307 pronuntiavit
3394 4280 3408 4300 ,
3437 4248 3494 4292 ut
3535 4238 3683 4291 vide-

2098 4329 2223 4383 licet
2248 4343 2404 4382 nemo
2425 4329 2491 4383 de
2533 4327 2729 4383 .Iudaﬁs
2757 4345 2850 4398 per
2896 4328 3050 4383 ﬁdem
3086 4329 3195 4385 ﬁeri
3229 4330 3480 4384 credatur
3509 4327 3684 4384 lurres

2099 4419 2467 4489 promissionis
2496 4420 2761 4489 antiquae:
2793 4420 2885 4473 sed
2913 4420 3062 4474 deest
3089 4435 3267 4474 sermo
3291 4461 3306 4485 ,
3333 4421 3484 4489 cujus
3512 4420 3682 4474 vicem

2100 4510 2286 4578 implet
2332 4508 2677 4579 intelligentia
2702 4551 2716 4574 ,
2749 4525 2852 4562 non
2900 4510 3041 4562 solos
3070 4508 3308 4564 hmredes
3334 4524 3455 4563 e5se
3496 4509 3583 4577 qui
3615 4526 3683 4563 ex

2102 4600 2218 4668 lege
2243 4610 2398 4664 sunt;
2431 4609 2485 4653 ιιι
2510 4599 2552 4652 si
2577 4598 2677 4653 hoc
2715 4599 2873 4652 modo
2894 4598 3091 4653 dictum
3125 4608 3267 4652 esset
3294 4617 3306 4651 :
3333 4598 3387 4653 Si
3419 4599 3561 4653 enim
3590 4600 3681 4668 qni

2102 4701 2225 4744 sunt
2256 4708 2319 4745 ex
2350 4691 2465 4760 lege
2485 4732 2499 4750 ,
2530 4689 2628 4744 soli
2661 4689 2901 4744 lneredes
2950 4699 3106 4756 sunt,
3132 4700 3385 4744 erat-nata
3416 4700 3493 4745 est
3527 4688 3681 4743 ﬁdes.

2105 4782 2242 4836 Vere
2267 4784 2406 4836 enim
2439 4783 2750 4852 prmputium
2780 4785 3047 4837 videretur
3075 4782 3281 4836 excludi
3305 4824 3319 4847 ,
3351 4783 3394 4837 si
3421 4782 3486 4836 ad
3511 4782 3689 4836 nullos

2106 4882 2298 4939 praeter
2322 4886 2415 4926 eos
2443 4873 2532 4941 qui
2559 4887 2621 4926 ex
2650 4873 3052 4927 circumcisione
3085 4880 3236 4925 erant
3260 4916 3272 4935 ,
3302 4871 3690 4926 benedictionis

2105 4962 2385 5016 lt.t‘rcdit:ts
2435 4962 2757 5033 perveniret.
2790 4963 2895 5016 Ιιιιι
2916 4961 3141 5030 lligenda
3171 4963 3330 5030 igitur
3358 4960 3692 5014 consuetudo

2105 5056 2497 5124 Seripturarum
2527 5063 2605 5109 est
2631 5096 2645 5116 ,
2677 5056 2798 5123 quia
2833 5070 2935 5106 non
2958 5054 3212 5107 continuo
3234 5053 3373 5123 quod
3401 5067 3504 5106 non
3548 5050 3689 5105 diei-

2108 5149 2193 5191 tur
2211 5181 2223 5200 ,
2251 5138 2543 5206 denegatur
2562 5179 2575 5197 .
2604 5147 2657 5190 ut
2693 5136 3055 5206 intelligentia:
3081 5150 3242 5205 opere
3272 5135 3554 5189 verborum
3578 5135 3689 5187 dis-

2107 5230 2296 5300 pendia
2325 5229 2691 5298 suppleantur.

2178 5322 2311 5375 Avo.
2342 5319 2432 5373 Sic
2455 5318 2792 5387 intelligunt,
2824 5318 2912 5386 qui
2942 5333 3047 5371 non
3080 5317 3400 5386 intelligunt.
3436 5316 3542 5370 Cur
3584 5331 3693 5367 non

2109 5410 2414 5472 attenditis,
2461 5423 2625 5476 rugo;
2664 5408 2786 5459 ideo
2833 5424 2937 5459 non
2968 5422 3086 5461 esse
3132 5406 3376 5460 lueredes
3421 5421 3483 5460 ex
3532 5405 3646 5473 lege
3675 5447 3693 5469 ,

2109 5502 2228 5570 quia
2259 5501 2340 5567 lex
2367 5500 2494 5551 iram
2548 5497 2829 5565 aperatur?
2864 5496 2960 5551 Ubi
3002 5497 3134 5549 enim
3180 5513 3279 5549 non
3317 5506 3390 5549 est
3434 5497 3551 5553 lex.
3604 5509 3697 5548 nec

2112 5592 2455 5663 praevaricatio
2483 5587 2655 5660 (Rom.
2690 5586 2779 5653 ιγ’,
2814 5589 2922 5658 15).
2956 5587 3079 5643 Ideo
3117 5597 3294 5642 autem
3343 5602 3406 5641 ex
3460 5585 3692 5657 pientis-

2178 5747 2191 5776 ⁸
2216 5743 2467 5793 Meuardus
2490 5751 2540 5791 et
2563 5748 2686 5798 uss,
2711 5739 2953 5790 instantia.

2178 5800 2194 5825 '
2222 5812 2287 5858 lix
2308 5813 2410 5853 \tss.
2438 5803 2722 5865 addidimus,
2744 5801 2867 5864 forte
2890 5812 2981 5853 non
3005 5800 3177 5853 credit.
