3962 6180
315 348 444 408 ηοθ

313 461 488 523 sione,
510 456 630 528 quia
657 454 796 510 Deus
816 452 950 523 quod
977 452 1226 523 promittit
1252 496 1264 519 ,
1299 452 1409 522 ip=e
1435 450 1576 505 fat-it.
1605 452 1704 519 Qui
1731 451 1870 503 enim

313 555 564 619 praecepta
594 545 726 615 legis
742 543 958 613 implere
984 558 1041 597 se
1062 552 1207 612 putat
1236 558 1327 613 per
1345 543 1616 597 at'liilt'iztttt
1649 542 1875 611 propria:

313 637 589 695 voluntatis
629 636 745 691 sine
794 635 981 704 spiritu
1029 634 1245 704 gratim,
1277 648 1424 687 suam
1472 635 1727 701 justitiam
1767 632 1874 684 vult

308 730 663 794 constituere,
706 741 810 780 non
829 725 1085 794 justitiam
1138 725 1230 780 Dei
1279 739 1511 797 sumere.
1552 722 1681 777 Nam
1737 722 1875 776 unde

306 821 431 878 dicit
456 820 595 875 idem
622 817 897 887 apostolus
921 860 934 883 ,
968 815 1033 872 Ut
1075 817 1301 871 inveniar
1324 817 1373 869 in
1410 815 1502 868 illo
1547 831 1646 868 non
1691 815 1874 867 habens

305 929 460 969 meam
479 911 766 983 justitiam,
790 923 901 978 qua:
919 924 980 962 ex
1006 908 1111 979 lege
1140 917 1244 973 est,
1276 907 1364 960 sed
1378 908 1624 978 justitiam
1655 921 1769 977 qua:
1802 915 1875 958 est

303 1019 364 1058 ea:
386 1001 488 1072 ﬁde
504 1045 518 1065 ,
532 1000 784 1072 justitiam
804 1015 866 1052 ea:
884 996 991 1051 Deo
1014 997 1269 1068 (Philipp.
1289 1013 1341 1050 ut
1367 1038 1381 1063 ,
1411 997 1464 1068 9)
1485 996 1507 1047 ?
1528 996 1701 1063 Quare
1724 1009 1871 1048 suam

302 1097 428 1153 dicit
456 1093 718 1165 justitiam
740 1134 755 1157 ,
782 1106 900 1161 qua:
929 1106 995 1146 ex
1048 1090 1161 1160 lege
1188 1099 1270 1143 est
1291 1130 1304 1152 ,
1359 1103 1584 1158 θητιιιμιο
1616 1087 1873 1157 justitiam

301 1185 584 1256 reprobat;
611 1198 718 1237 non
772 1190 947 1236 autem
981 1196 1162 1247 suam,
1203 1178 1296 1234 sed
1344 1195 1409 1233 ex
1440 1178 1548 1231 Deo
1571 1178 1826 1246 justitiam
1858 1217 1873 1239 ,

299 1293 415 1348 qua:
443 1284 530 1331 est
557 1290 620 1329 ex
644 1272 788 1328 ﬁde?
809 1271 1072 1342 Numquid
1106 1271 1186 1326 lex
1232 1285 1337 1325 non
1363 1280 1441 1324 est
1473 1285 1534 1322 ex
1566 1269 1711 1322 Deo?
1748 1267 1877 1334 Quis

298 1348 398 1423 nisi
427 1366 659 1422 inﬁdelis
684 1364 786 1418 hoc
809 1363 1039 1419 dixerit?
1068 1362 1170 1418 Sed
1198 1378 1263 1417 ex
1308 1362 1425 1431 lege
1450 1361 1578 1415 dicit
1615 1359 1872 1431 justitiam

294 1475 441 1515 suam
463 1499 483 1524 ,
512 1458 564 1513 in
594 1473 693 1528 qua
727 1455 885 1510 homo
923 1464 1070 1525 putat
1093 1453 1341 1509 sufﬁcere
1370 1453 1468 1506 sibi
1509 1453 1675 1519 legem
1703 1450 1768 1504 ad
1797 1449 1875 1504 l'a-

297 1551 489 1606 cicnda
520 1550 694 1605 divina
728 1547 973 1603 mandata
995 1589 1009 1613 ,
1043 1547 1319 1603 conﬁdens
1358 1548 1409 1601 in
1436 1548 1629 1601 virtute
1650 1562 1762 1601 sua.
1795 1545 1874 1599 Ex

297 1642 396 1696 ﬁde
425 1649 611 1696 autem
659 1639 954 1710 jusﬁtiam,
1006 1637 1128 1692 ideo
1154 1637 1282 1692 dicit
1311 1650 1429 1693 esse
1469 1652 1531 1692 ex
1578 1638 1684 1691 Deo
1707 1677 1721 1701 ,
1753 1636 1873 1706 quia

298 1733 436 1787 Deus
472 1730 756 1801 unicuique
783 1730 1006 1800 partitur
1032 1744 1334 1784 mensuram
1377 1728 1498 1783 ﬁdei
1528 1726 1702 1801 (lium.
1752 1743 1825 1782 xu
1858 1768 1872 1791 ,

293 1821 347 1895 3)
379 1842 393 1878 :
422 1834 481 1879 et
518 1823 583 1877 ad
617 1822 773 1877 ﬁdem
803 1820 1032 1890 pertinet
1052 1819 1274 1875 credere
1298 1819 1435 1889 quod
1460 1820 1510 1873 in
1549 1819 1701 1874 nobis
1739 1819 1876 1874 Dens

292 1924 551 1984 operetur
574 1921 626 1968 et
647 1912 780 1967 velle
811 1908 1071 1982 (Philipp.
1117 1924 1189 1977 Il,
1226 1908 1347 1980 13);
1396 1909 1531 1963 sicut
1558 1908 1879 1978 Operabatur

292 2007 344 2061 in
387 2007 478 2060 illa
520 2005 828 2075 purpuraria
852 2044 867 2069 ,
893 2003 1044 2073 cujus
1072 2010 1356 2072 aperuerat
1404 2016 1620 2057 sensum
1643 2044 1657 2067 ,
1691 2011 1749 2056 ut
1798 2001 1878 2055 in-

291 2097 544 2153 tenderet
567 2097 619 2151 in
648 2111 709 2152 ea
737 2111 854 2166 quae
880 2111 910 2149 a
928 2095 1091 2148 Paulo
1117 2094 1434 2149 dicebantur
1455 2094 1592 2165 (Act.
1625 2110 1710 2148 xvt
1727 2137 1740 2157 ,
1765 2094 1875 2163 II).

286 2191 366 2244 Ac
399 2205 502 2259 per
520 2189 656 2252 hoc,
681 2203 781 2241 nec
807 2188 906 2256 ipsi
949 2186 1118 2241 Judzci
1145 2186 1234 2256 qui
1266 2185 1608 2241 crediderunt
1641 2187 1693 2240 in
1724 2184 1882 2241 Chri-

282 2291 434 2335 stum
462 2319 480 2346 ,
510 2281 564 2334 in
584 2280 774 2349 quibus
796 2287 848 2334 et
880 2278 1075 2333 Paulus
1102 2277 1225 2342 l‘uit,
1258 2293 1322 2332 ex
1354 2276 1470 2348 lege
1499 2277 1738 2331 haerech
1765 2292 1880 2331 om-

285 2372 422 2427 nino
446 2370 658 2425 dicendi
678 2378 801 2425 sunt
823 2370 840 2401 ³
861 2408 878 2435 ,
908 2368 1001 2423 sed
1048 2368 1223 2438 potius
1248 2383 1310 2422 ex
1342 2368 1711 2437 promissione.
1755 2364 1881 2421 Ideo

287 2463 434 2518 enim
464 2462 667 2516 dictum
699 2471 779 2515 est
798 2502 812 2525 ,
841 2459 906 2514 In
928 2457 1080 2514 Isaac
1100 2460 1358 2513 vocabitur
1385 2460 1474 2513 tibi
1497 2477 1663 2513 semen
1683 2501 1698 2520 ,
1756 2461 1876 2528 quia

288 2569 388 2607 non
415 2552 510 2621 qui
536 2552 633 2620 ﬁlii
658 2552 852 2616 carnis,
884 2551 937 2603 lii
972 2550 1069 2619 ﬁlii
1099 2548 1231 2612 Dei;
1260 2549 1349 2603 sed
1392 2550 1488 2618 filii
1534 2550 1879 2621 promissionis

289 2644 601 2713 deputantur
624 2643 675 2696 in
696 2643 880 2696 semine
908 2641 1081 2710 (Rom.
1115 2656 1165 2695 lx
1187 2681 1202 2706 ,
1234 2641 1267 2694 7
1296 2650 1342 2695 et
1365 2640 1441 2710 8).

353 2733 545 2790 CLIX.
577 2733 693 2789 Jac.
720 2732 941 2802 Collegit
987 2732 1162 2801 itaque
1190 2731 1475 2801 Apostolus
1505 2741 1874 2802 argumentum

289 2826 393 2882 hoc
440 2824 610 2879 modo
659 2842 672 2878 :
714 2823 769 2879 Si
802 2822 930 2878 nulli
962 2831 1145 2877 essent
1174 2821 1413 2876 hmrcdcs
1457 2822 1838 2877 benedictionis
1860 2865 1874 2887 ,

290 2917 388 2973 nisi
414 2918 515 2989 qui
538 2932 602 2972 ex
630 2916 747 2987 lege
772 2924 923 2981 sunt;
954 2921 1011 2968 ut
1037 2914 1347 2984 prazputium
1377 2915 1651 2970 constabat
1695 2914 1880 2969 exclu-

289 3024 438 3074 sum,
497 3009 567 3061 ita
605 3020 940 3076 consequens
982 3012 1127 3071 erat,
1174 3004 1438 3059 neminem
1478 3005 1564 3074 qui
1602 3004 1787 3060 fuisset
1815 3021 1881 3060 ex

289 3099 437 3170 lege,
496 3096 864 3154 benedictione
905 3095 1103 3167 privari
1148 3111 1163 3148 :
1203 3094 1254 3149 id
1295 3102 1409 3155 est.
1458 3095 1500 3149 si
1549 3096 1883 3150 circumcisio

292 3198 503 3243 tantum
548 3189 781 3253 valeret,
825 3195 885 3241 ut
926 3186 1039 3241 sine
1068 3200 1129 3241 ea
1157 3184 1288 3240 ﬁdes
1332 3185 1459 3239 nihil
1508 3187 1743 3251 valeret;
1780 3186 1886 3242 sic-

292 3291 345 3337 ut
382 3281 594 3338 Gentes
631 3281 863 3350 liquebat
916 3278 1161 3349 repulsas
1184 3318 1199 3343 ,
1239 3279 1310 3331 ita
1341 3278 1659 3349 probabatur
1684 3279 1750 3333 de
1791 3279 1883 3333 Ju-

292 3374 415 3429 dzeis
457 3371 536 3426 ad
578 3370 970 3442 perditionem'
1000 3384 1267 3440 nunquam
1298 3384 1615 3441 queinquam
1660 3371 1737 3426 ire
1786 3387 1879 3441 po-

294 3465 479 3520 luisse.

358 3560 506 3615 Asc.
533 3556 811 3625 Quomodo
854 3564 967 3611 erat
995 3569 1358 3626 consequens,
1408 3573 1441 3611 o
1485 3571 1668 3624 grosse
1716 3554 1881 3610 diale-

292 3651 463 3707 ctice?
500 3648 768 3720 quomodo
794 3657 907 3704 erat
935 3663 1268 3718 consequens
1289 3688 1306 3713 ,
1332 3648 1375 3701 si
1416 3647 1543 3701 nulli
1567 3656 1744 3701 essent
1769 3645 1881 3699 Inc-

294 3743 444 3798 redcs
475 3741 866 3797 benedictionis
906 3782 923 3806 ,
953 3740 1052 3794 nisi
1081 3740 1169 3810 qui
1193 3755 1257 3794 ex
1288 3739 1402 3810 lege
1427 3749 1584 3803 sunt,
1618 3739 1881 3793 nemiuem

295 3837 379 3912 qui
425 3837 620 3892 fuisset
650 3851 715 3891 ex
764 3835 880 3907 lege
904 3877 919 3902 ,
948 3835 1315 3890 benedictione
1342 3835 1578 3905 privari?
1620 3833 1881 3904 Numquid

297 3930 412 3999 quia
440 3944 609 3984 nemo
634 3937 713 3984 est
754 3927 958 3994 haeres,
991 3927 1091 3982 nisi
1123 3927 1442 3999 baptizctnr,
1494 3936 1766 3997 propterea
1796 3926 1882 3996 qui

298 4020 671 4091 baptizantur,
703 4032 888 4074 omnes
913 4018 1156 4074 lirercdes
1181 4018 1345 4073 sunt?
1379 4017 1481 4073 Sed
1512 4017 1612 4073 hoc
1635 4017 1881 4083 dixerim,

300 4126 401 4166 non
428 4110 556 4182 quia
586 4109 655 4164 ibi
686 4117 768 4165 est
804 4124 923 4180 qur.
966 4109 1103 4165 inter
1142 4124 1239 4163 nos
1265 4109 1488 4164 vertitur
1512 4109 1765 4178 qtimstio;
1795 4124 1886 4164 ve-

299 4218 412 4256 rum
459 4210 525 4257 ut
568 4200 905 4257 ostenderem
949 4215 1105 4271 quam
1153 4201 1227 4254 sis
1266 4200 1379 4269 ipse
1408 4208 1621 4267 acutus,
1669 4200 1757 4269 qui
1799 4214 1885 4254 me

302 4295 667 4349 obtn'nsiorem
694 4291 827 4347 dicis
847 4307 966 4347 esse
996 4291 1193 4361 pistillo
1221 4290 1418 4363 (Supra
1437 4332 1451 4355 ,
1481 4308 1595 4361 cap.
1627 4291 1774 4361 “7).

355 4382 528 4459 .CLX.
556 4382 695 4452 .1υι..⁸
718 4380 867 4436 Nunc
890 4392 1065 4434 autem
1091 4394 1209 4433 cum
1239 4378 1596 4434 conﬁteamini
1633 4378 1884 4449 prmvari-

303 4483 514 4532 calores
539 4473 593 4528 in
623 4472 738 4541 lege
770 4485 877 4525 non
906 4484 1027 4525 esse
1053 4467 1436 4524 benedictionis
1466 4467 1737 4533 ltrcredes,
1764 4468 1884 4538 quia

306 4565 501 4619 talibus
525 4564 608 4618 lex
638 4563 772 4617 iram
802 4568 1085 4630 operatur;
1115 4566 1325 4615 constat
1351 4558 1371 4590 ³
1396 4559 1801 4628 promissionem
1828 4559 1888 4613 il—

306 4655 409 4710 lam
437 4669 549 4710 non
574 4651 963 4709 circumcisioni
993 4650 1306 4714 convenire,
1346 4648 1439 4703 sed
1468 4648 1607 4704 ﬁdei.
1633 4650 1885 4704 Destrue-

305 4758 454 4803 retnr
482 4755 658 4800 autem
685 4741 967 4814 promissio
988 4784 1001 4807 ,
1035 4743 1078 4796 si
1108 4749 1299 4812 prirter
1322 4741 1491 4811 legem
1538 4755 1693 4795 nemo
1716 4739 1886 4811 justus

306 4845 449 4892 esset
482 4855 497 4892 :
528 4833 952 4906 quandoquidem
982 4841 1100 4901 post
1142 4830 1552 4901 quadringentos
1595 4838 1648 4885 et
1679 4831 1885 4900 triginta

307 4942 477 4982 annos
520 4924 885 4996 promissionis
936 4923 1089 4976 allata
1145 4922 1228 4976 lex
1277 4921 1484 4991 (Galat.
1517 4937 1606 4985 III,
1653 4922 1791 4990 I7),
1835 4931 1889 4975 ct

308 5018 483 5086 ipsum
513 5014 803 5077 Abraham,
830 5022 884 5069 ct
913 5013 1074 5077 Isaac,
1103 5020 1156 5067 et
1182 5012 1366 5077 δειραὶ),
1395 5023 1446 5066 et
1473 5027 1657 5066 omnes
1690 5011 1739 5065 io
1778 5027 1889 5065 mc-

307 5109 505 5165 dictale
544 5109 567 5139 ⁸
614 5115 830 5162 sanctos
889 5114 1134 5174 expertes
1195 5103 1580 5158 benedictionis
1640 5103 1887 5157 ostende-

307 5209 423 5263 ret,
477 5216 594 5270 qua:
648 5213 752 5252 nou
800 5196 1056 5271 potuisset
1104 5195 1346 5265 cuiquam
1399 5194 1513 5248 sine
1580 5194 1693 5265 lege
1757 5209 1887 5247 coa-

309 5291 373 5345 l'ct
392 5292 456 5345 ri.

374 5407 465 5453 ⁸1η
489 5406 647 5463 editis,
695 5401 885 5453 omnino
919 5414 1009 5451 non
1050 5399 1246 5452 dicendi
1276 5406 1401 5450 sunt.
1445 5398 1674 5450 Particulo
1707 5412 1892 5462 negans

308 5467 595 5517 auctoritate
620 5466 1048 5526 manuscriptoruni
1068 5465 1380 5526 expungitur.

372 5532 393 5559 ²
421 5527 685 5585 Menardns,
708 5526 773 5575 ad
794 5520 1493 5587 pricdirtioneni.\‘iguierius,
1520 5520 1584 5571 ad
1608 5520 1891 5573 benedictio-

308 5598 436 5635 nem.
460 5590 772 5649 corriguntur
795 5586 857 5635 ex
884 5586 1233 5649 lilﬂltlISCI'ij‘llS.

372 5650 393 5680 ³
421 5649 553 5700 Fditi.
579 5647 836 5699 etranstttt.
856 5647 1254 5708 lixpnngetnlutn,
1277 5650 1339 5705 et,
1354 5652 1491 5708 juxta
1525 5647 1887 5708 manuScriptos.

316 5767 326 5777 υ
373 5708 394 5739 δ
425 5710 721 5777 tigrin-rtus,
756 5705 1039 5759 immediate.
1067 5714 1195 5768 Mss”
1220 5705 1269 5758 in
1313 5705 1563 5758 meditate
1593 5718 1609 5758 :
1636 5705 1757 5757 forte
1787 5721 1887 5771 (ro,

310 5772 358 5819 in
382 5772 541 5820 nim/ia
560 5779 716 5819 ιιίιιιε.

1632 340 1832 395 LIBER
1868 334 2236 392 SECUNDUS.

3433 350 3561 403 I230

2056 453 2191 507 Acc.
2222 452 2333 506 lino
2362 452 2724 508 destrueretur
2752 456 3062 523 promissio,
3096 456 3140 511 si
3167 473 3229 511 ex
3259 456 3374 528 lege
3416 460 3563 528 quis—

1984 556 2140 609 quam
2163 542 2336 611 justus
2357 552 2517 597 esset.
2552 542 2614 598 Si
2633 544 2761 598 enim
2787 545 2871 615 qui
2900 562 2961 599 ea:
2994 544 3131 617 lege,
3161 547 3378 601 Iiwredes
3410 557 3562 613 sunt;

1982 631 2238 684 exinanita
2278 642 2349 685 est
2397 633 2555 700 ﬁdes,
2588 643 2826 687 craticula
2862 645 2933 689 est
2965 637 3260 705 promissio;
3304 639 3384 691 lex
3429 639 3559 691 enim

1981 719 2109 772 iram
2136 731 2372 790 aperatur
2395 722 2570 791 (Rom.
2605 739 2657 776 tv
2676 765 2689 789 ,
2723 723 2820 789 Η,
2856 722 2942 797 I5)
2980 742 2991 779 :
3022 725 3087 779 ad
3135 726 3232 781 hoc
3261 727 3437 797 utique
3458 769 3472 793 ,
3502 737 3562 781 ut

1981 807 2048 863 ad
2076 808 2210 863 iram
2239 810 2564 865 evadendam
2586 855 2601 880 ,
2628 812 2719 867 Dei
2748 815 2913 883 gratia
2938 814 3254 884 requiratur.

2051 900 2229 955 CLXI.
2258 902 2376 956 JUL.
2401 901 2551 970 Quod
2581 904 2700 973 quia
2726 904 3003 959 manifesto
3031 906 3215 960 falsum
3243 916 3352 973 est;
3384 918 3435 962 et
3463 908 3559 960 sub

1982 992 2097 1062 lege
2125 994 2317 1063 quippe
2358 1005 2663 1063 peccatores
2702 1010 2912 1065 poenam
2954 998 3326 1064 merebantur,
3360 1009 3411 1053 et
3434 1011 3557 1053 ante

1982 1084 2150 1154 legem
2190 1086 2393 1154 justitia
2437 1096 2490 1141 et
2521 1088 2648 1142 ﬁdes
2692 1090 3131 1144 remunerationis
3157 1105 3266 1143 sua:
3301 1090 3557 1144 fructibus

1981 1178 2198 1246 privatae
2238 1194 2341 1231 non
2387 1188 2541 1243 sunt;
2591 1189 2827 1247 constat,
2870 1197 2973 1234 non
3018 1182 3083 1235 ad
3112 1190 3377 1235 truncatas
3417 1180 3558 1234 ferro

1981 1282 2168 1322 carnes
2190 1310 2202 1328 ,
2226 1268 2317 1322 sed
2348 1269 2412 1321 ad
2437 1270 2666 1325 ilIuStres
2697 1272 2955 1340 probitate
2983 1279 3186 1326 mentes
3206 1314 3220 1334 ,
3251 1272 3557 1342 promissio—

1983 1358 2063 1411 nis
2092 1358 2233 1413 illius
2280 1358 2497 1428 gloriam
2530 1362 2813 1430 pertinere.
2863 1363 3112 1432 Sequitur
3157 1372 3331 1416 autem
3377 1360 3556 1415 fulmi-

1982 1463 2079 1502 nea
2128 1459 2307 1503 contra
2357 1450 2625 1505 traducem
2671 1454 2930 1507 sententia
2966 1471 2977 1507 :
3010 1453 3114 1507 Lex
3156 1454 3318 1518 enim,
3353 1453 3554 1520 inquit,

1979 1541 2106 1593 iram
2149 1554 2383 1610 operatur
2412 1558 2431 1596 :
2469 1545 2553 1598 ubi
2571 1553 2735 1599 autem
2762 1563 2860 1600 non
2889 1558 2958 1600 est
2998 1548 3106 1612 lex,
3138 1564 3226 1601 nec
3256 1547 3557 1616 prwvarica—

1985 1632 2074 1683 tio.
2111 1632 2375 1689 Persuade
2414 1649 2542 1706 ergo
2587 1637 2754 1707 legem
2783 1639 2956 1693 datam
2996 1654 3112 1693 esse
3135 1640 3439 1709 conceptis,
3480 1640 3558 1692 Ie-

1980 1738 2098 1792 gcm
2125 1740 2283 1795 posse
2311 1725 2424 1779 dari
2477 1728 2849 1795 nascentibus;
2895 1739 2950 1784 ut
2984 1746 3078 1786 eos
3115 1730 3559 1800 praevaricationis

1981 1829 2101 1866 reos
2124 1815 2287 1884 possit
2307 1831 2549 1885 arguere.
2579 1817 2840 1874 Cteterum
2881 1836 2976 1874 nos
3005 1836 3124 1873 cum
3158 1821 3412 1889 Apostolo
3437 1833 3558 1873 cre-

1981 1904 2187 1973 dimus,
2227 1922 2383 1977 quem
2429 1907 2559 1962 nihil
2586 1919 2770 1964 contra
2813 1911 3068 1965 rationein
3114 1912 3344 1965 sensisse
3370 1910 3559 1965 dcl'cn-

1981 1997 2186 2063 dimus,
2211 2014 2314 2052 non
2342 2015 2462 2055 esse
2487 2000 2539 2054 in
2567 2017 2627 2056 ea
2652 2011 2806 2057 aetate
2830 2003 3317 2071 praevaricationem
3338 2045 3351 2068 ,
3382 2004 3432 2056 in
3458 2018 3560 2072 qua

1984 2090 2065 2144 lex
2094 2105 2212 2145 eSse
2242 2107 2344 2145 non
2373 2094 2582 2163 potuit;
2614 2095 2736 2163 quia
2759 2094 2841 2147 ubi
2862 2111 2960 2148 non
2992 2108 3065 2148 est
3106 2095 3217 2157 (ex,
3250 2110 3337 2149 nec
3365 2110 3561 2165 praeim-

1984 2183 2162 2236 riratio
2202 2199 2221 2237 :
2262 2200 2380 2253 qua:
2419 2184 2500 2238 lca:
2525 2186 2653 2238 iram
2691 2195 2960 2257 operatur,
3001 2202 3108 2240 non
3152 2187 3279 2240 vitio
3308 2202 3439 2251 suo,
3469 2186 3562 2242 scd

1985 2289 2167 2327 eorum
2230 2274 2536 2344 iniquitate,
2612 2276 2700 2346 qui
2746 2286 2960 2347 peccata
3015 2278 3296 2332 virtutibus
3342 2287 3562 2348 antepo-

1984 2374 2135 2419 nunt.
2801 2361 2819 2373 “

2055 2460 2189 2512 Acc.
2234 2456 2351 2511 Non
2380 2468 2614 2528 estergo
2660 2459 2743 2513 lex
2782 2458 3014 2523 Christi,
3058 2458 3177 2514 Nisi
3220 2460 3332 2529 quis
3361 2468 3565 2513 renatus

1983 2545 2131 2614 fuerit
2154 2562 2217 2599 ex
2250 2564 2381 2616 aqua
2403 2557 2449 2601 et
2478 2548 2677 2616 Spiritu
2695 2590 2709 2613 ,
2740 2566 2839 2602 non
2866 2558 3022 2617 potest
3048 2550 3237 2603 intrare
3269 2550 3320 2603 in
3358 2567 3565 2619 regnum

1984 2636 2079 2690 Dei
2109 2636 2285 2709 (Joan.
2313 2655 2399 2703 Ill,
2432 2639 2524 2709 5)?
2549 2656 2705 2710 quam
2749 2641 2919 2710 legem
2957 2641 3105 2695 vides
3125 2682 3138 2706 ,
3168 2643 3325 2695 etiam
3352 2641 3417 2695 ad
3444 2657 3568 2711 par-

1983 2729 2135 2784 vulos
2163 2731 2447 2800 pertinere.
2480 2730 2672 2785 Verum
2707 2740 2759 2786 tu
2786 2731 2871 2787 dic
2900 2735 3073 2802 potius
3093 2776 3107 2799 ,
3138 2735 3385 2803 parvulus
3413 2734 3565 2804 cujus

1983 2823 2157 2875 anima
2185 2822 2433 2876 interibat
2476 2822 2542 2878 de
2579 2839 2776 2893 genere
2802 2824 2946 2891 ejus,
2974 2824 3017 2878 si
3046 2825 3131 2879 die
3159 2840 3262 2879 n'on
3289 2825 3567 2879 circumci-

1984 2911 2201 2965 deretur
2229 2921 2417 2967 octavo
2448 2912 2599 2982 (Gen.
2633 2930 2738 2967 xvn
2760 2955 2773 2980 ,
2810 2915 2897 2982 lii)
2919 2954 2932 2976 ,
2973 2916 3124 2984 cujus
3168 2916 3565 2986 pricvaricatio~

1986 3004 2068 3057 nis
2117 3004 2469 3073 arguebatur,
2513 3014 2569 3059 ut
2618 3006 2704 3059 tali
2754 3007 3014 3076 supplicio
3059 3008 3417 3078 plecteretur?
3455 3007 3565 3062 Nisi

1986 3096 2107 3164 quia
2148 3096 2339 3164 ipsein
2374 3112 2430 3150 se
2475 3097 2589 3165 ipso
2636 3097 2766 3151 nihil
2815 3111 3074 3166 peccans,
3124 3098 3401 3152 tenebatur
3446 3113 3566 3153 reus

1985 3190 2038 3240 in
2080 3187 2408 3240 similitudine
2473 3188 2896 3253 pra'varicationis
2948 3188 3108 3255 Adin,
3157 3192 3209 3242 in
3257 3208 3353 3259 quo
3396 3206 3565 3243 omnes

1987 3287 2315 3347 peccaverunt
2337 3276 2511 3346 (Rom.
2540 3294 2602 3344 v,
2640 3279 2734 3343 l4,
2768 3278 2874 3347 I9).
2905 3279 3031 3347 Quin
3063 3280 3220 3333 verba
3251 3280 3563 3348 apostolica,

1989 3380 2093 3423 tam
2156 3369 2297 3423 clara
2350 3368 2665 3436 obscurare,
2717 3377 2822 3423 tam
2870 3380 3013 3424 recta
3062 3385 3313 3436 curvare,
3370 3371 3564 3441 iugi-nti

1986 3459 2197 3530 quidem
2225 3501 2238 3523 ,
2269 3459 2359 3513 sed
2392 3460 2532 3513 inani
2561 3460 2744 3514 labore
2769 3461 3000 3514 conaris.

2056 3550 2256 3605 CLXII.
2285 3550 2402 3606 Jun.
2448 3551 2773 3621 Approl'avit
2801 3567 2929 3622 ergo
2952 3551 3237 3621 Apostolus
3257 3595 3271 3619 ,
3300 3553 3419 3623 quia
3462 3568 3566 3605 non

1986 3643 2057 3696 sit
2102 3640 2466 3696 tantummodo
2512 3642 2764 3712 scriptum
2803 3652 3023 3713 propter
3070 3643 3372 3707 Abraham,
3423 3641 3564 3712 quod

1988 3742 2285 3802 reputatum
2316 3743 2399 3787 est
2436 3734 2507 3787 illi
2547 3733 2612 3787 ad
2652 3733 2931 3803 justitiam;
2978 3733 3068 3788 sed
3094 3744 3146 3787 et
3179 3743 3391 3801 propter
3434 3748 3565 3797 nos,

1986 3824 2178 3894 quibus
2220 3824 2335 3878 sine
2376 3823 2539 3877 dubio
2572 3832 2878 3891 reputatur,
2925 3839 3045 3877 cum
3092 3825 3142 3878 in
3194 3826 3359 3878 Dcutn
3391 3824 3565 3877 credi-

1990 3931 2137 3977 mus,
2186 3915 2275 3985 qui
2318 3914 2496 3969 JeSum
2550 3913 2818 3969 Christum
2867 3931 2930 3969 ex
2982 3916 3205 3969 mortuis
3252 3916 3500 3970 excitavit
3550 3932 3563 3968 :

1992 4004 2092 4069 Qui
2130 4004 2342 4057 traditus
2380 4014 2485 4067 est,
2524 4002 2730 4072 inquit,
2764 4013 2965 4074 praptcr
2987 4004 3169 4057 delicta
3202 4014 3389 4068 nostra,
3418 4014 3466 4057 et
3486 4021 3567 4057 re-

1988 4094 2206 4148 surrexit
2248 4104 2451 4163 praptcr
2484 4092 2901 4163 justiﬁcationem
2943 4102 3164 4148 nostram
3205 4092 3312 4165 (Id.
3344 4109 3426 4159 tv,
3471 4094 3567 4148 23-

1987 4185 2101 4257 25).

2060 4275 2194 4331 Ave.
2219 4273 2300 4329 Ab
2335 4274 2433 4330 hac
2478 4274 2643 4344 gratia
2675 4275 2932 4346 separatis
2976 4274 3255 4346 parvulos,
3283 4289 3416 4345 quos
3443 4273 3565 4330 nul-

1991 4369 2101 4423 lum
2127 4367 2378 4423 delictum
2415 4383 2481 4423 ex
2509 4369 2713 4440 origine
2739 4377 2963 4423 tractum
2991 4369 3186 4424 habere
3213 4369 3564 4435 contenditis;

1991 4459 2130 4513 unde
2159 4460 2215 4513 ﬁt
2239 4474 2572 4530 consequens
2592 4500 2606 4523 ,
2640 4467 2697 4513 ut
2743 4475 2848 4513 non
2874 4459 2938 4513 ad
2968 4475 3061 4515 eos
3090 4461 3348 4530 pertineat
3375 4461 3567 4516 beneﬁ-

1990 4551 2163 4617 cium,
2191 4566 2295 4620 quo
2334 4548 2552 4619 propter
2593 4549 2787 4604 delicta
2835 4558 3010 4604 nostra
3055 4560 3137 4605 est
3174 4550 3393 4606 traditus
3421 4552 3564 4607 Chri-

1991 4653 2104 4697 stus
2134 4661 2146 4694 :
2177 4651 2232 4698 et
2258 4642 2372 4697 hate
2402 4641 2693 4697 sentientes
2726 4651 2781 4695 et
2804 4641 3222 4713 dogmatizantes
3245 4643 3564 4700 christianos

1990 4735 2282 4789 catholicos
2312 4748 2406 4788 vos
2426 4734 2604 4789 dicere
2627 4733 2864 4789 audetis!

2061 4826 2281 4881 CLXIII.
2313 4825 2431 4881 JtiL.
2463 4824 2629 4892 Quam
2658 4825 2995 4881 vehementer
3036 4827 3294 4892 inculcat,
3334 4827 3471 4897 apud
3496 4830 3572 4897 ju-

1992 4927 2131 4972 stum
2167 4916 2396 4987 judicem
2424 4917 2589 4972 Deum
2615 4916 2785 4971 aliena
2812 4926 3025 4985 peccata
3050 4919 3168 4972 aliis
3206 4933 3307 4973 non
3340 4936 3532 4974 nocere
3554 4962 3569 4983 ,

1993 5010 2080 5079 qui
2111 5009 2490 5064 commendans
2518 5019 2741 5064 mortem
2767 5007 2964 5063 Christi
2991 5009 3272 5078 vigilanter
3296 5014 3531 5066 enuntiat
3555 5054 3568 5073 .

1993 5111 2210 5170 propter
2246 5110 2424 5154 nostra
2458 5101 2603 5154 illum
2634 5100 2858 5165 delicta,
2899 5110 3017 5171 qua:
3047 5111 3095 5157 et
3128 5103 3273 5173 plura
3301 5113 3449 5157 erant
3474 5146 3487 5168 ,
3519 5113 3571 5156 ct

1993 5199 2172 5244 nostra
2204 5200 2387 5251 erant.
2432 5200 2487 5244 et
2532 5206 2633 5243 non
2683 5202 2898 5260 propter
2938 5209 3097 5247 unum
3122 5203 3175 5247 et
3209 5195 3473 5257 alienum,
3518 5201 3569 5247 et

1994 5284 2118 5336 olim
2147 5282 2379 5337 defuncti
2408 5282 2636 5336 hominis
2657 5325 2669 5343 .
2706 5294 2927 5337 mortem
2959 5285 3285 5354 oppetiisse?

2068 5374 2201 5427 Are.
2237 5371 2594 5427 luobetlientia
2637 5372 2847 5442 quidem
2878 5374 3032 5433 "Ilius
3061 5373 3288 5426 hominis
3331 5386 3434 5424 non
3479 5372 3569 5425 ab-

1996 5464 2155 5517 surde
2181 5464 2363 5531 utique
2403 5461 2649 5517 delictum
2677 5463 2870 5517 dicitur
2895 5464 3122 5517 alienum
3144 5502 3158 5521 ,
3186 5462 3303 5527 quia
3332 5460 3568 5516 nondum

1998 5553 2105 5607 nati
2154 5553 2387 5607 nondum
2429 5567 2703 5622 cgerautus
2747 5553 2942 5621 aliquid
2977 5548 3278 5619 proprium,
3328 5549 3437 5603 sive
3473 5552 3566 5605 lio-

2000 5661 2159 5705 II‘lIIII,
2192 5644 2306 5699 sive
2346 5644 2541 5697 malum
2592 5661 2604 5697 :
2651 5644 2742 5697 sed
2792 5644 2910 5712 quia
2958 5641 3007 5694 in
3037 5639 3125 5691 illo
3167 5644 3255 5708 qui
3290 5642 3389 5692 hoc
3430 5641 3563 5708 t-git,

1999 5736 2208 5806 quando
2249 5735 2295 5790 id
2343 5736 2481 5805 egit,
2513 5751 2697 5789 omnes
2743 5747 2985 5797 eramus,
3022 5740 3331 5803 tantumque
3375 5733 3465 5786 fuit
3514 5749 3578 5786 ac
