4004 6190
321 327 453 384 ﬁll

321 441 428 495 tale
452 436 698 494 delictum
718 479 734 506 ,
757 445 816 494 ut
834 453 901 494 eo
924 447 1112 492 natura
1143 436 1387 491 universa
1414 435 1690 490 vitiaretur
1714 434 1901 488 huma-

321 545 423 594 na;
446 529 588 600 quod
618 528 747 584 satis
768 528 963 583 indicat
986 528 1146 583 etiam
1169 527 1280 597 ipsa
1306 526 1520 596 generis
1547 524 1765 581 humani
1794 508 1901 579 ta’tn

321 620 607 675 manifesta
663 619 906 683 miseria;
952 617 1054 672 hoc
1093 616 1348 673 delictum
1396 617 1631 672 alienum
1671 616 1908 673 obnoxia

323 712 663 766 successione
707 709 765 764 lit
807 720 1046 764 noswum
1079 726 1093 761 :
1133 718 1355 780 propter
1396 708 1537 779 quod
1576 708 1778 764 dictum
1821 716 1903 763 est

325 819 354 857 a
386 803 601 857 doctore
626 802 887 856 catholico
909 843 925 869 ,
966 801 1056 871 qui
1085 811 1233 856 recte
1262 801 1524 857 intellexit
1562 800 1899 872 Apostolum,

327 914 344 946 ι
376 894 575 949 Omnes
634 893 878 947 homines
919 894 1018 947 sub
1069 902 1287 962 peccato
1329 892 1629 958 nascimur,
1679 906 1904 962 quorum

323 986 438 1053 ipse
465 994 610 1039 ortus
658 984 710 1038 in
750 984 876 1038 vitio
906 992 987 1038 est
1018 1002 1036 1036 ι
1094 984 1440 1055 (Ambrosius,
1471 983 1537 1036 de
1566 981 1902 1046 Paenitentia,

322 1079 411 1132 lib.
446 1080 470 1133 I
496 1120 511 1145 ,
542 1094 657 1148 cap.
688 1076 723 1130 2
764 1078 840 1131 vel
870 1077 947 1145 ὅ).
996 1075 1157 1146 Cujus
1204 1076 1527 1131 intellectum
1549 1117 1563 1141 ,
1594 1084 1649 1130 et
1682 1075 1906 1129 aliormn

321 1187 438 1239 lelS
463 1170 514 1224 in
542 1169 801 1225 catholica
845 1169 1069 1223 veritate
1094 1168 1388 1233 sociorum,
1422 1167 1467 1220 si
1489 1166 1640 1236 sequi
1680 1164 1913 1221 volueri-

322 1263 390 1316 tis
412 1303 426 1327 ,
459 1277 564 1316 non
594 1260 858 1330 cogemini
885 1259 1123 1314 alienare
1146 1258 1394 1329 parvulos
1417 1274 1449 1313 a
1477 1257 1739 1312 beneficio
1760 1271 1908 1311 mor-

325 1353 391 1407 tis
412 1353 529 1421 ejus
553 1394 567 1416 ,
589 1353 676 1421 qui
705 1352 919 1406 traditas
943 1359 1015 1404 est
1046 1358 1249 1419 propter
1273 1349 1455 1404 delicta
1473 1356 1677 1415 nostra;
1706 1358 1759 1403 et
1783 1364 1914 1402 unus

324 1462 417 1514 pro
459 1446 687 1500 oumibus
733 1455 960 1498 mortuus
980 1454 1092 1498 est:
1130 1444 1221 1498 ubi
1264 1442 1409 1513 quod
1459 1442 1698 1512 sequitur
1720 1441 1917 1495 clamat

324 1539 645 1606 Apostolus,
689 1536 824 1606 Ergo
852 1553 1024 1590 omnes
1052 1536 1235 1590 mortui
1268 1544 1385 1591 sunt
1405 1555 1426 1604 ;
1460 1543 1505 1588 et
1548 1549 1640 1605 pro
1679 1532 1910 1585 onmibus

330 1641 556 1683 mortuus
575 1638 644 1683 est
671 1630 733 1701 (Il
759 1629 877 1684 Car.
896 1645 948 1692 ν,
980 1630 1047 1683 lt
1063 1639 1108 1682 et
1127 1628 1214 1699 15)
1236 1645 1250 1681 :
1273 1637 1326 1683 ct
1346 1642 1441 1682 vos
1463 1625 1781 1689 reclamatis,
1796 1622 1913 1678 Non

330 1731 453 1774 sunt
478 1722 672 1774 mortui
709 1721 951 1790 parvuli;
975 1721 1202 1775 clamate
1227 1728 1281 1774 et
1309 1718 1449 1790 quod
1476 1718 1718 1787 sequitur
1736 1757 1751 1781 ,
1776 1716 1915 1787 Ergo

333 1826 437 1864 non
470 1826 564 1878 pro
591 1810 718 1878 ipsis
763 1818 1008 1863 mortuus
1036 1819 1151 1874 est;
1178 1818 1232 1864 et
1257 1808 1432 1863 videte
1460 1817 1635 1861 utrum
1685 1821 1779 1860 vos
1808 1820 1914 1860 non

329 1900 521 1953 mortui
545 1900 769 1969 jaceatis
793 1903 808 1932 ι
831 1942 845 1966 ,
874 1901 964 1970 qui
994 1900 1218 1953 mortuis
1238 1938 1251 1961 ,
1280 1914 1348 1954 ne
1372 1898 1709 1953 vivilicentur
1726 1937 1740 1962 ,
1766 1894 1919 1952 Chri-

326 1991 391 2045 sti
421 2004 645 2044 mortem
678 1991 908 2060 negatis.
939 1991 1069 2058 Quia
1093 2006 1198 2044 non
1226 1990 1334 2053 eis,
1371 1990 1508 2045 sicut
1529 1989 1757 2059 putatis,
1792 2001 1915 2058 pec-

324 2092 498 2135 catmn
522 2082 679 2136 debet
705 2085 859 2138 unius
884 2084 903 2114 ³
932 2092 986 2137 et
1013 2082 1136 2136 olim
1164 2080 1398 2137 defuncti
1424 2080 1652 2134 hominis
1689 2080 1919 2148 imputa-

326 2174 391 2227 ri.
423 2173 531 2228 Nrc
559 2175 856 2241 attenditis,
886 2176 1113 2245 primum
1161 2173 1431 2229 hominem
1472 2170 1643 2227 Adam
1685 2171 1763 2226 sic
1787 2172 1915 2226 olim

324 2264 491 2320 fuisse
538 2264 887 2331 defunctum,
938 2274 996 2319 ut
1048 2274 1223 2321 tamen
1275 2271 1395 2334 post
1445 2264 1591 2319 illum
1648 2262 1918 2318 secundus

326 2349 484 2401 homo
531 2350 598 2401 sit
618 2348 895 2413 Christus;
927 2364 1050 2404 cum
1084 2358 1161 2403 tot
1187 2350 1459 2402 hominum
1489 2347 1651 2401 millia
1682 2345 1823 2402 inter
1855 2347 1919 2401 il-

324 2439 433 2494 lum
473 2448 525 2496 et
556 2440 695 2495 hunc
728 2451 844 2494 orta
882 2442 990 2495 sint
1022 2459 1035 2494 :
1064 2450 1115 2496 et
1146 2441 1267 2497 ideo
1315 2440 1652 2495 manifestum
1690 2449 1805 2507 est,
1849 2441 1918 2497 ad

324 2532 470 2585 illmn
500 2533 766 2602 pertinere
794 2547 1007 2586 onmem
1036 2532 1125 2602 qui
1152 2548 1218 2587 ex
1248 2532 1338 2587 illo
1365 2531 1387 2563 ³
1415 2532 1755 2587 successione
1789 2546 1916 2601 pro-

326 2623 532 2692 paginis
559 2622 792 2677 nascitur
810 2666 824 2687 ,
858 2624 994 2677 sicut
1014 2623 1080 2677 ad
1108 2623 1266 2679 istum
1294 2623 1522 2691 pertinet
1548 2624 1722 2680 omnis
1751 2624 1838 2694 qui
1863 2623 1917 2678 in

327 2713 416 2767 illo
440 2713 623 2784 gratiae
652 2714 896 2783 largitate
922 2714 1235 2768 renascitur.
1264 2712 1418 2770 Unde
1456 2713 1514 2769 lit
1553 2724 1610 2770 ut
1636 2722 1802 2770 totum
1826 2729 1918 2786 ge-

325 2817 426 2857 nus
454 2803 741 2858 Immamnn
767 2803 999 2875 quodam
1028 2803 1191 2860 modo
1229 2804 1337 2860 sint
1363 2804 1607 2861 homines
1634 2804 1769 2871 duo,
1801 2805 1917 2877 pri-

329 2909 449 2948 mus
491 2907 544 2949 et
572 2895 859 2950 secundus.

398 2984 627 3041 CLXIV.
673 2985 790 3040 ιω..
819 2984 922 3054 Qui
959 3000 1088 3056 ergo
1139 2985 1269 3041 dicit
1297 2986 1460 3042 multa
1504 2984 1695 3041 delicta
1720 3024 1737 3052 ,
1782 2983 1917 3040 nihil

327 3074 394 3129 de
440 3092 547 3131 uno
600 3076 1052 3146 Manichaeorum,
1099 3075 1155 3132 id
1205 3085 1323 3145 est,
1392 3075 1625 3134 traducis
1674 3075 1916 3147 suspica-

262 3176 271 3181 ’
330 3176 435 3222 llﬂ'.

397 3259 532 3314 Anc.
582 3257 687 3314 Sed
727 3260 940 3330 utique,
993 3260 1156 3315 homo
1196 3259 1564 3325 contentiose,
1608 3259 1777 3314 multa
1815 3258 1916 3316 de-

326 3349 449 3403 Iicta
477 3361 693 3417 essent,
720 3368 840 3423 quae
870 3353 1022 3407 multi
1044 3353 1333 3417 haberent,
1365 3353 1524 3408 etiam
1552 3352 1760 3424 singula
1805 3352 1916 3408 sin-

326 3439 430 3505 guli
450 3482 465 3505 ,
489 3443 719 3512 propria:
744 3443 1034 3498 voluntatis
1054 3485 1069 3507 ,
1098 3445 1144 3498 si
1171 3444 1237 3498 ad
1260 3445 1526 3499 lavacrum
1552 3444 1919 3514 regeneratio-

329 3530 413 3585 nis
444 3532 718 3597 venirent,
747 3549 868 3587 cum
906 3534 1135 3602 primum
1170 3548 1390 3603 peccare
1419 3534 1743 3603 coepissent;
1783 3550 1918 3605 quos

329 3634 520 3674 omnes
562 3621 854 3675 secundum
884 3624 1073 3685 istam,
1106 3638 1215 3678 non
1257 3624 1546 3690 rationem,
1588 3623 1681 3678 sed
1723 3624 1919 3679 distor-

332 3716 530 3767 tionrm
555 3722 696 3768 tuam
718 3755 732 3778 ,
764 3714 832 3768 ab
858 3715 955 3769 hac
994 3715 1194 3787 gratia,
1226 3731 1347 3786 qua:
1389 3732 1454 3771 ex
1486 3716 1667 3771 multis
1705 3715 1917 3772 delictis

328 3803 621 3873 justiﬁcat,
669 3805 838 3885 faciti/9
885 3807 1117 3872 alienos;
1162 3807 1410 3877 quoniam
1460 3823 1565 3862 non
1611 3808 1769 3863 vultis
1795 3808 1915 3878 ejus

332 3910 451 3950 esse
496 3897 777 3965 participes
821 3898 1087 3968 quoslibet
1128 3897 1401 3965 homines,
1454 3914 1678 3968 quorum
1720 3898 1916 3955 delicta

331 3996 454 4042 sunt
482 3987 709 4056 singula.
734 3987 943 4057 Quanto
980 3988 1149 4059 magis
1178 4003 1304 4058 ergo
1332 3989 1495 4043 multa
1519 3998 1676 4053 sunt,
1704 3989 1782 4044 eis
1825 3989 1921 4044 ad-

331 4078 455 4132 ditis
482 4094 599 4146 quin
628 4077 822 4133 habent
866 4078 953 4132 alii
999 4079 1145 4147 plura
1166 4119 1182 4145 ,
1230 4079 1318 4132 alii
1346 4078 1634 4148 pauciora?
1658 4094 1688 4134 a
1723 4078 1916 4149 quibus

332 4178 507 4222 tamen
565 4168 811 4222 omnibus
864 4168 1055 4223 liberat
1093 4170 1190 4222 ista
1233 4169 1431 4238 gratia,
1480 4168 1547 4223 de
1575 4183 1678 4238 qua
1718 4168 1918 4224 dictant

331 4271 413 4316 est
431 4302 445 4325 ,
480 4261 562 4316 Ea:
585 4261 757 4314 multis
783 4260 976 4314 delictis
1004 4261 1058 4313 in
1078 4261 1498 4329 justi/irationem
1529 4258 1703 4333 (Rom.
1729 4277 1780 4327 v,
1805 4259 1915 4332 16).

338 4372 357 4404 ι
390 4353 509 4408 Fuit
536 4354 678 4409 enim
723 4352 929 4419 Adam,
968 4353 1105 4407 etin
1146 4352 1236 4406 illo
1279 4351 1471 4407 luimus
1497 4367 1718 4419 omnes;
1761 4353 1919 4423 periit

330 4445 502 4499 Adam
524 4485 539 4507 ,
567 4454 621 4499 et
662 4445 712 4498 in
746 4444 835 4497 illo
864 4458 1052 4498 omnes
1092 4443 1381 4513 perierunt.
1418 4460 1438 4497 ι
1473 4440 1789 4497 Ambrosius
1816 4440 1919 4498 hoc

332 4533 472 4587 dixit
499 4532 635 4603 (Lib.
658 4533 690 4587 7
718 4535 769 4586 in
798 4531 923 4586 Luc.
956 4547 1062 4598 xv,
1092 4531 1185 4603 21)
1221 4550 1235 4586 :
1261 4530 1621 4596 calumniose,
1656 4546 1760 4585 non
1804 4540 1921 4586 erat

337 4625 686 4680 Manichzrus.
717 4624 970 4679 Parvulos
998 4625 1305 4694 contagium
1332 4624 1517 4677 mortis
1544 4622 1778 4692 antiqurc
1803 4623 1918 4693 pri-

339 4734 423 4772 ma
448 4717 725 4771 nativitate
750 4717 1097 4783 contrahere,
1128 4716 1423 4787 Cyprianus
1444 4716 1579 4771 dixit
1609 4715 1801 4789 (Epist.
1826 4717 1917 4784 64,

336 4810 405 4863 ad
448 4807 654 4878 Fidum)
692 4826 703 4861 :
733 4807 1062 4863 calumniose
1085 4848 1099 4872 ,
1132 4822 1238 4862 non
1290 4817 1404 4861 erat
1426 4807 1765 4864 lllaniclmus.
1794 4808 1923 4864 0m-

337 4915 432 4955 nes
461 4900 511 4954 in
554 4916 661 4969 uno
695 4898 863 4954 Adam
898 4914 1179 4970 peccasse,
1228 4897 1458 4955 Hilarius
1504 4898 1638 4953 dixit
1670 4916 1682 4953 :
1714 4898 1921 4954 calum-

337 4994 486 5047 niose
507 5034 519 5055 ,
551 5008 655 5047 non
704 5001 818 5048 erat
847 4990 1168 5046 Manichtcus
1208 4988 1304 5062 (a).
1339 4989 1394 5044 In
1422 5005 1527 5060 qua
1556 4990 1792 5045 Ecclesia
1821 4991 1919 5046 ista

337 5083 666 5149 didicerunt,
694 5083 1054 5147 calumniose,
1088 5097 1191 5136 non
1214 5091 1331 5137 erat
1356 5080 1647 5137 Manichata
1679 5098 1691 5134 :
1725 5082 1919 5152 etquia

336 5172 596 5228 (alltolica
652 5181 799 5240 erat,
869 5184 1028 5243 atque
1073 5173 1336 5229 catholica
1399 5180 1733 5242 perseverat,
1799 5172 1921 5227 ideo

337 5281 430 5321 vos
482 5275 667 5320 contra
716 5265 814 5319 ista
870 5266 1160 5321 sentientes
1226 5277 1281 5321 et
1325 5266 1714 5322 contendentes
1781 5265 1920 5321 ferre

399 5375 414 5438 ξ
439 5382 512 5425 Sic
529 5382 634 5425 Mss.
663 5381 717 5425 Αι
740 5373 875 5432 editi,
902 5380 1061 5438 utrum
1081 5388 1161 5426 vos
1182 5375 1328 5429 etiam
1346 5375 1524 5426 mortui
1537 5374 1763 5438 jacentis.

335 5501 353 5545 ι
446 5438 715 5499 vignierius
746 5439 942 5497 omittit,
965 5437 1124 5496 unius,
1150 5438 1282 5501 quod
1316 5452 1383 5488 ex
1416 5435 1756 5500 manuscriptis
1773 5438 1921 5488 resti-

355 5510 402 5544 ut
426 5510 500 5545 ur.

355 5510 500 5545 Ulllll'.

400 5558 419 5589 ³
443 5560 578 5619 (aditi,
602 5558 689 5624 qui
702 5573 767 5624 ex
809 5560 914 5612 illa.
938 5566 990 5612 Et
1014 5558 1157 5620 infra,
1182 5558 1263 5623 qui
1286 5558 1336 5611 iu
1358 5557 1461 5611 illa.
1482 5562 1782 5624 ttanuscripti
1803 5574 1922 5612 vero

335 5621 632 5679 constanter,
652 5621 755 5671 illo.

396 5680 477 5788 (ἃ
492 5681 835 5788 ὶὲιιεξιιιὲξιιὲιῖι
874 5697 997 5746 Opus
1019 5690 1185 5734 contra
1221 5682 1458 5732 Julianum
1478 5719 1491 5745 ,
1516 5683 1600 5733 lib.
1634 5684 1672 5746 l,
1701 5698 1748 5733 ιι.
1772 5684 1878 5734 5-H
1902 5721 1916 5745 ,

335 5747 386 5788 ct
411 5741 493 5788 lib.
516 5741 563 5802 2,
589 5741 641 5790 n.’
662 5741 839 5803 22,-3l.

1008 324 1253 381 OPERIS
1288 321 1695 379 llll’liliFECTl
1733 319 2003 376 CONTRA
2045 320 2384 377 JULIANUM
2415 364 2428 386 ,
2471 321 2528 377 S.
2572 319 2937 378 AUGUSTINI

3462 325 3615 381 1212

2015 447 2120 486 ιιοιι
2183 433 2387 501 potuit;
2421 441 2476 488 et
2509 442 2568 487 ut
2614 433 2873 488 catholica
2907 442 3271 502 permaneret,
3315 434 3597 494 Infrunita.

2016 531 2120 579 tem
2162 523 2500 593 parvulorum
2530 540 2750 581 suorum
2774 533 2949 580 vestra
2975 524 3319 582 damnatione
3345 527 3602 589 munivit.

2084 614 2286 671 CLXV.
2318 615 2438 671 JUL.
2487 615 2764 686 Justiﬁcati
2810 617 2979 687 itaque
3007 634 3070 672 ea:
3112 618 3246 688 ﬁde,
3289 636 3467 691 pacem
3505 622 3600 677 ha-

2016 710 2215 764 beamus
2253 708 2322 762 ad
2361 708 2529 764 Deum
2574 726 2661 779 per
2685 708 2962 765 Dominum
2992 720 3222 765 nostrum
3246 710 3425 767 Iesum
3449 712 3609 770 Chri-

2014 809 2145 854 stum
2166 842 2180 864 ,
2231 816 2320 869 per
2378 816 2522 870 quem
2574 811 2622 855 et
2667 818 2922 856 accessum
2985 801 3225 858 habemus
3266 804 3320 858 in
3384 805 3613 875 gratiam

2014 890 2197 956 istam,
2234 891 2285 945 in
2322 907 2421 962 qua
2453 901 2670 954 stamus,
2701 902 2749 946 et
2786 893 3066 964 gloriantur
3107 894 3159 947 in
3189 911 3279 964 spe
3306 894 3484 967 glorite
3511 897 3614 952 Dei

2017 977 2191 1050 (Rom.
2211 995 2274 1043 v,
2305 981 2329 1034 1
2362 989 2408 1033 ct
2436 978 2515 1053 2).
2549 981 2648 1047 Qui
2674 982 2826 1038 vobis
2857 982 3046 1038 videtis
3066 1025 3082 1051 ,
3112 982 3317 1053 inquit,
3342 984 3607 1057 justilica-

2019 1069 2216 1123 tionem
2250 1085 2344 1140 per
2393 1079 2728 1140 peccatorum
2770 1072 2979 1129 veniam
3010 1070 3176 1128 fuisse
3209 1074 3489 1141 collatam,
3520 1078 3600 1132 tiro

2018 1174 2159 1214 mam
2196 1167 2371 1216 tenete
2397 1160 2735 1217 concordiam
2755 1203 2770 1229 ,
2811 1172 2864 1217 et
2891 1162 3109 1232 paribus
3132 1164 3327 1220 animis
3352 1165 3609 1223 llediato-

2017 1251 2092 1306 ris
2116 1251 2255 1306 dona
2305 1252 2554 1320 laudate,
2580 1254 2734 1324 cujus
2768 1238 3003 1310 munere
3040 1255 3291 1313 collatum
3324 1258 3479 1329 nobis
3524 1269 3611 1317 est

2019 1354 2079 1399 ut
2126 1346 2180 1399 in
2226 1345 2367 1400 hanc
2412 1345 2637 1416 gratiam
2681 1345 3004 1402 haberemus
3050 1346 3361 1415 introitum;
3412 1361 3468 1409 et
3512 1366 3608 1407 eos

2018 1449 2153 1505 quos
2185 1435 2388 1504 justitia
2439 1451 2562 1492 reos
2592 1437 2840 1503 tenebat,
2881 1438 3003 1508 quia
3041 1454 3164 1494 reos
3222 1455 3321 1495 nos
3361 1457 3469 1497 non
3515 1458 3612 1499 na-

2020 1532 2136 1580 tura
2200 1524 2436 1593 fecerat,
2500 1526 2594 1581 sed
2641 1528 2916 1593 voluntas,
2965 1528 3195 1585 libertati
3235 1531 3497 1599 reddidit,
3556 1543 3613 1590 et

2019 1617 2216 1687 eripuit
2255 1617 2482 1681 ultioni;
2542 1619 2927 1689 przestititque,
2986 1628 3046 1675 ut
3106 1620 3198 1691 qui
3262 1623 3614 1692 sperabamus

2019 1717 2220 1763 :eterna
2262 1708 2564 1779 supplicia,
2618 1709 2779 1765 modo
2824 1710 3119 1781 gloriemur
3164 1712 3217 1769 in
3266 1728 3362 1785 spe
3426 1714 3613 1787 εισι-ιω

2022 1802 2138 1858 Dei.

2091 1893 2227 1950 Aac.
2294 1893 2410 1950 Non
2468 1909 2564 1965 per
2619 1895 2789 1950 solam
2840 1904 3179 1965 peccatorum
3242 1896 3610 1954 dimissionem

2014 1985 2323 2055 justilicatio
2365 1986 2463 2041 ista
2509 1985 2812 2053 confertur,
2845 1987 2946 2042 nisi
2971 1990 3278 2046 auctoribus
3309 1990 3480 2045 vobis.
3507 1990 3605 2046 Ju-

2019 2075 2215 2131 stilicat
2238 2076 2434 2147 quippe
2481 2076 2701 2147 impium
2729 2078 2904 2144 Deus,
2947 2094 3053 2133 non
3093 2079 3268 2134 solum
3294 2081 3610 2137 dimittendo

2020 2180 2140 2237 qua:
2180 2165 2318 2221 mala
2362 2165 2514 2232 facit,
2544 2167 2640 2223 sed
2682 2170 2841 2225 etiam
2884 2168 3134 2226 donando
3172 2170 3519 2237 charitatem,
3552 2183 3610 2228 ut

2019 2254 2252 2312 declinet
2289 2271 2320 2311 a
2363 2257 2526 2324 malo,
2549 2266 2603 2314 et
2644 2258 2798 2313 faciat
2843 2258 3042 2314 bonum
3087 2275 3183 2331 per
3201 2260 3456 2332 Spiritum
3494 2276 3610 2317 sau-

2020 2357 2200 2414 ctum,
2261 2348 2413 2417 cujus
2457 2347 3005 2405 subministrationem
3050 2351 3069 2382 ί
3112 2350 3295 2421 jugem
3355 2354 3611 2423 poscebat

2021 2437 2310 2507 Apostolus
2365 2439 2477 2505 eis,
2534 2438 2727 2509 quibus
2774 2438 3018 2507 dicebat,
3074 2440 3294 2495 Oramus
3338 2453 3508 2496 autem
3540 2443 3611 2497 ad

2023 2527 2219 2597 Deum,
2245 2530 2452 2603 nequid
2491 2530 2692 2599 faciatis
2736 2531 2858 2591 mali
2904 2531 3113 2604 (IICor.
3142 2533 3364 2605 xm,7).
3405 2533 3608 2591 Contra

2022 2619 2174 2673 istam
2204 2621 2425 2690 gratiam
2449 2620 2632 2691 geritis
2661 2620 2896 2687 bellum;
2934 2631 2990 2677 ut
3017 2623 3240 2677 liberum
3268 2638 3371 2678 non
3399 2638 3609 2679 sermo-

2021 2725 2091 2765 ne
2115 2709 2433 2777 defendatis,
2465 2709 2559 2767 sed
2579 2713 2994 2783 prmsumptione
3021 2712 3294 2785 decipiatis
3314 2714 3611 2770 voluntatis

2020 2802 2318 2857 arbitrium.

2103 2891 2332 2948 CLXVI.
2403 2892 2522 2950 Ιιιι..
2593 2894 2788 2950 Verum
2856 2902 2915 2951 ut
2986 2895 3155 2967 magis
3219 2897 3610 2966 exprimeretur

2021 2983 2189 3039 virtus
2255 2984 2412 3041 istius
2478 2986 2843 3057 securitasque
2916 2988 3211 3054 doctrinm,
3287 2989 3412 3061 quid
3476 3005 3606 3045 con-

2020 3075 2154 3131 ferat
2196 3074 2446 3132 ﬁdelibus
2491 3076 2824 3149 philosophia
2867 3077 3157 3135 christiana
3214 3081 3550 3152 persequitur
3590 3099 3606 3134 :

2022 3165 2144 3222 Non
2164 3166 2328 3222 solum
2354 3177 2542 3236 autem,
2570 3170 2660 3225 sed
2684 3179 2730 3224 et
2755 3170 3036 3242 gloriamur
3058 3173 3111 3226 in
3141 3174 3425 3243 pressaris;
3449 3175 3611 3228 scien-

2020 3266 2091 3311 tes
2129 3259 2370 3327 quoniam
2396 3260 2651 3314 tribulatio
2702 3262 2996 3331 patientiam
3042 3272 3316 3334 operatur,
3366 3265 3610 3334 patientia

2021 3358 2187 3403 autem
2225 3348 2607 3419 probationem,
2643 3351 2871 3421 probatio
2897 3362 3066 3407 autem
3099 3370 3276 3425 spem;
3301 3372 3415 3427 spes
3441 3366 3610 3410 autem

2022 3456 2123 3494 non
2141 3441 2425 3512 confundit,
2458 3442 2577 3511 quia
2595 3442 2815 3496 cltaritas
2840 3442 2934 3498 Dei
2961 3442 3152 3511 di/rusa
3193 3455 3267 3500 est
3293 3445 3345 3499 iu
3375 3446 3610 3501 cordibus

2022 3533 2208 3587 nostris
2249 3549 2338 3603 per
2382 3533 2638 3598 Spiritum
2689 3544 2919 3589 sanctqu
2945 3577 2960 3603 ,
3011 3536 3098 3607 qui
3146 3537 3295 3592 datus
3351 3547 3425 3593 est
3468 3537 3611 3595 nobis

2023 3625 2043 3697 (
2065 3626 2215 3680 Rom.
2242 3641 2278 3681 γ
2298 3666 2314 3693 ,
2342 3625 2491 3698 5—5).
2520 3625 2577 3681 Id
2602 3634 2684 3682 est
2704 3668 2719 3694 ,
2750 3626 2867 3683 Non
2904 3629 3075 3683 solum
3111 3628 3265 3684 nobis
3295 3628 3411 3685 lucc
3442 3629 3609 3685 bene-

2024 3715 2139 3770 ﬁcia
2166 3716 2528 3783 contulerunt,
2573 3727 2633 3772 ut
2666 3717 3019 3789 amplitudine
3053 3719 3374 3790 quandoque
3416 3736 3609 3775 mune-

2021 3822 2142 3861 rum
2170 3806 2535 3878 gaudeamus:
2568 3806 2665 3864 scd
2688 3807 2800 3878 jam
2841 3810 2893 3863 in
2943 3814 3371 3880 praesentiarum,
3415 3811 3466 3865 in
3497 3827 3612 3866 nte-

2022 3896 2124 3952 diis
2155 3912 2413 3969 angorum
2443 3898 2660 3954 testibus
2680 3900 2973 3967 constituti,
2996 3900 3203 3956 alacres
3229 3916 3415 3955 sumus
3436 3902 3603 3973 ipsius

2023 3990 2360 4059 possessione
2416 3990 2665 4057 virtutis,
2716 3998 2770 4045 et
2822 3990 2890 4047 de
2930 3993 3369 4062 persequentium
3432 3992 3614 4048 furore

2022 4081 2281 4146 ridemus,
2335 4080 2619 4150 impiorum
2666 4081 3078 4150 crudelitatem,
3128 4081 3483 4138 eruditionem
3517 4099 3614 4154 pa-

2023 4171 2221 4226 tientia:
2270 4171 2469 4241 magis,
2525 4185 2684 4242 quam
2730 4171 3183 4241 perturbationem
3230 4171 3432 4227 laetitia:
3474 4172 3617 4240 judi-

2023 4272 2235 4329 cantes;
2268 4270 2325 4318 ut
2346 4278 2450 4317 non
2482 4263 2655 4317 solum
2677 4272 2893 4333 propter
2919 4264 3139 4333 prtemia
3167 4280 3271 4320 non
3300 4280 3610 4336 peccemus,

2023 4355 2117 4410 sed
2146 4355 2247 4410 hoc
2268 4355 2437 4425 ipsum
2466 4370 2571 4409 non
2598 4370 2818 4425 peccare
2858 4356 3138 4429 prtemium
3170 4372 3506 4414 censeamus.

2095 4446 2229 4501 Anc.
2261 4444 2316 4501 Si
2365 4446 2642 4517 prmmium
2670 4453 2752 4500 est
2796 4461 2900 4499 non
2943 4461 3164 4515 peccare
3190 4488 3205 4512 ,
3247 4446 3366 4517 quis
3396 4446 3487 4501 dat
3515 4448 3617 4503 hoc

2024 4536 2347 4606 primulum?
2394 4535 2529 4590 Puto
2580 4534 2703 4607 quia
2760 4551 2867 4591 non
2919 4536 3155 4591 dicturus
3212 4551 3297 4603 cs,
3354 4535 3471 4608 Ipse
3515 4538 3618 4597 sibi

2026 4627 2187 4681 homo
2211 4644 2224 4680 :
2250 4626 2497 4698 quamvis
2517 4626 2620 4683 hoc
2647 4636 2696 4682 te
2716 4637 2870 4699 cogat
2888 4629 3067 4684 dicere
3097 4630 3417 4699 perversitas
3444 4631 3618 4688 luere-

2025 4720 2100 4773 sis
2146 4728 2361 4775 vestrm.
2406 4718 2462 4775 Si
2488 4734 2615 4791 ergo
2639 4720 2780 4774 Deus
2810 4719 2901 4774 dat
2927 4719 3027 4774 hoc
3049 4722 3349 4791 praemium,
3379 4729 3434 4776 ut
3457 4723 3619 4778 homo

2025 4827 2133 4866 non
2174 4819 2395 4881 peccet;
2449 4809 2648 4865 donum
2704 4811 2881 4881 potius
2930 4810 3089 4865 video
3141 4810 3423 4868 dicendum
3461 4829 3615 4880 esse,

2024 4918 2183 4973 quam
2204 4901 2503 4973 praemium,
2530 4916 2596 4956 ne
2617 4901 2792 4973 aliqua
2822 4902 3009 4956 merita
3026 4903 3366 4973 prwccssisse
3392 4903 3616 4959 videan—

2028 5000 2113 5046 tur
2141 5010 2154 5047 :
2181 5006 2301 5047 cum
2333 5005 2427 5046 eos
2456 4992 2544 5062 qui
2584 4991 2769 5046 dicunt
2797 4992 3020 5062 gratiam
3055 4991 3146 5047 Dei
3177 4990 3470 5047 secundum
3502 5008 3618 5046 mc-

2025 5082 2126 5138 rita
2155 5091 2336 5136 nostra
2356 5082 2493 5147 dari,
2525 5082 2770 5153 Pelagius
2790 5097 2999 5152 quoque
3021 5082 3135 5151 ipse
3151 5082 3479 5137 damnaverit
3511 5084 3607 5156 (ιι).

2025 5173 2303 5242 Quomodo
2328 5183 2507 5228 autem
2537 5173 2694 5228 detur
2733 5174 2835 5229 hoc
2865 5173 3088 5241 donum,
3115 5174 3167 5229 id
3195 5183 3279 5229 est
3300 5215 3313 5237 ,
3350 5190 3455 5227 non
3488 5190 3587 5245 pec

2026 5281 2170 5331 care,
2199 5273 2253 5321 ct
2282 5273 2339 5319 ιιι
2360 5264 2517 5336 paulo
2539 5273 2663 5320 ante
2687 5263 2890 5330 dixisti,
2920 5264 3162 5336 Apostoli
3191 5266 3354 5320 verba
3382 5280 3621 5320 comme—

2031 5372 2249 5412 morans
2267 5374 2279 5409 :
2300 5356 2559 5419 Quoniam
2579 5354 2810 5406 clmritas
2836 5351 2932 5405 Dei
2962 5351 3068 5419 ili/1'
3066 5368 3157 5403 usa
3189 5358 3264 5402 est
3287 5350 3339 5401 in
3366 5346 3609 5399 cordibus

2033 5452 2222 5506 nostris
2256 5467 2345 5519 per
2367 5446 2628 5517 Spiritum
2654 5453 2916 5507 sanctum,
2946 5443 3034 5513 qui
3057 5444 3212 5494 datus
3240 5448 3312 5492 est
3338 5438 3485 5489 nobis
3531 5436 3608 5488 At:

2096 5570 2111 5600 ι
2150 5566 2264 5616 λιες.
2306 5564 2423 5613 Mar.
2461 5561 2595 5609 l‘ort.
2620 5558 2764 5611 ('Iar..
2801 5556 2938 5618 rujus
2975 5550 3372 5618 ministratiouem
3399 5561 3416 5596 :
3445 5550 3608 5595 ῐηὶιιυτέ

2035 5615 2189 5677 reetc.
2230 5626 2348 5674 Nam
2372 5624 2543 5686 alludit
2566 5624 2624 5686 ad
2646 5623 2764 5686 iltnd
2793 5615 3017 5686 l'Iiilipp._
3050 5617 3090 5674 l,
3134 5615 3190 5686 l9
3229 5627 3239 5660 :
3270 5615 3367 5686 ἐρίου
3397 5621 3607 5686 rasuram

2034 5673 2267 5740 ratioucm
2296 5673 2339 5737 et
2368 5673 3093 5747 subministrationem§piritus
3128 5679 3247 5747 Jesu
3274 5673 3484 5747 ⁵(Ἶριςξδέι,

2098 5752 2168 5811 (ιι)
2216 5750 2335 5798 Vide
2371 5749 2544 5798 IiLr.:m
2573 5747 2633 5794 de
2669 5748 2835 5795 (restis
2862 5740 3070 5804 Pelagii,
3096 5753 3182 5787 tta.
3220 5741 3301 5794 Li",
3341 5740 3420 5782 till.
