3962 6180
304 330 438 388 ἱῗῖὂ

302 459 395 515 per
420 444 539 508 hoc,
570 440 625 495 in
667 435 996 513 pli'losophia
1031 442 1339 505 christiana,
1388 449 1447 496 ut
1487 437 1779 508 gloriemur
1820 437 1872 492 in

301 532 741 597 tribulationibus,
770 546 873 586 non
903 538 987 586 est
1015 540 1276 594 nostrum,
1307 530 1464 600 quia‘
1494 538 1548 585 et
1588 529 1691 584 hoc
1715 544 1877 584 acce-

298 628 473 698 pimus
507 643 521 680 :
546 623 777 694 alioquin
802 630 1048 693 tanquam
1073 623 1141 677 de
1180 637 1279 675 suo
1306 638 1334 674 a
1362 636 1420 676 se
1446 621 1548 676 sibi
1578 630 1728 690 parto
1753 622 1869 691 διο.

296 718 453 773 tianti
487 715 684 770 homini
712 713 925 776 dicitur,
959 712 1096 779 Quid
1120 712 1253 765 enim
1274 711 1427 767 habes
1448 711 1583 782 quod
1602 728 1705 766 non
1724 728 1873 765 acce-

294 808 415 884 pisti
441 806 468 860 ?
493 805 553 862 Si
579 816 745 859 autem
768 813 814 857 ct
843 803 1082 871 accepisti
1102 843 1119 868 ,
1147 802 1270 873 quid
1310 803 1548 873 gloriaris
1585 802 1732 874 quasi
1772 818 1877 856 non

294 897 542 967 acceperis
584 896 631 967 (l
673 894 790 949 Cor.
824 909 901 960 tv,
945 892 1053 965 7)?
1085 894 1151 948 Et
1189 902 1364 948 tamen
1410 893 1736 963 gloriamur,
1767 907 1876 946 non

293 989 368 1044 sic
412 988 561 1056 quasi
614 1002 718 1041 non
764 985 1210 1054 acceperimus’;
1241 984 1334 1038 sed
1380 983 1670 1053 gloriamur
1698 983 1879 1039 in'illo

296 1081 379 1153 (ισιί
409 1079 514 1133 hoc
538 1077 700 1142 dedit,
760 1086 817 1131 ut
858 1076 947 1146 qui
976 1074 1256 1146 gloriatur,
1307 1074 1361 1130 in
1421 1075 1645 1130 Domino
1673 1074 1874 1144 glorie-

296 1172 415 1241 tur(
448 1169 537 1223 Id.
571 1185 607 1232 ι,
637 1170 700 1224 3t
726 1170 766 1239 ).
790 1168 916 1222 llaec
935 1176 1017 1221 est
1042 1167 1233 1247 gratia,
1261 1180 1419 1235 quam
1450 1164 1712 1219 catholica
1738 1163 1874 1220 lides

292 1262 546 1333 pia-dicat
576 1279 588 1314 :
615 1259 794 1330 utquid
815 1273 956 1322 eam,
976 1272 1180 1327 quaeso,
1204 1266 1387 1312 vester
1404 1270 1559 1311 error
1582 1263 1871 1326 oppugnat,

291 1368 408 1407 cum
436 1353 598 1405 etiam
629 1363 807 1406 chtro
832 1364 926 1403 vos
952 1363 1046 1403 ore
1066 1348 1392 1404 convincat?

356 1442 617 1499 CLXVII.
649 1442 768 1498 Jun.
815 1440 1019 1496 Deinde
1039 1455 1161 1495 cum
1202 1441 1255 1495 in
1294 1440 1627 1495 testamentis
1656 1453 1737 1506 agt
1766 1453 1827 1493 ea
1854 1480 1871 1503 ,

288 1548 404 1602 qua!
426 1542 556 1586 sunt
579 1532 835 1601 promissa
856 1573 871 1596 ,
903 1531 1298 1600 conSpicimus;
1338 1529 1618 1599 prmentis
1646 1528 1769 1583 vita:
1791 1529 1875 1582 in-

290 1632 366 1677 ter
391 1622 605 1678 ludicra
621 1623 837 1676 omnino
864 1621 1041 1675 omnia
1071 1621 1205 1675 bona
1232 1621 1475 1691 malaque
1502 1635 1871 1685 numeramus,

291 1714 449 1769 fidem
476 1715 875 1785 pollicitationis
906 1714 997 1768 Dei
1023 1715 1090 1769 de
1115 1714 1477 1784 magnitudine
1494 1714 1546 1768 in
1573 1729 1672 1768 nos
1698 1713 1868 1767 chari-

289 1806 409 1859 talis
439 1805 586 1860 illius
607 1806 950 1860 aestimatos.
982 1804 1162 1875 Neque
1177 1804 1320 1860 enim
1350 1803 1641 1861 confutabit
1669 1802 1690 1834 ³
1718 1818 1870 1873 spem

287 1907 529 1951 nostram
572 1907 897 1953 retentorum
930 1897 1201 1953 frustratio
1236 1898 1639 1954 commodorqu
1666 1914 1679 1963 ;
1712 1913 1875 1968 quan-

285 1985 576 2054 doquidem
606 1986 791 2042 vadem
821 1987 1161 2042 beatitudinis
1192 1985 1382 2042 futura:
1418 1987 1512 2043 Dei
1555 1986 1871 2041 charitatcm

287 2090 559 2147 tenemus,
587 2097 705 2153 qua:
730 2081 894 2135 cil‘usa
917 2090 1000 2136 est
1027 2082 1079 2134 in
1107 2080 1359 2136 cordibus
1378 2080 1574 2134 nostris
1588 2095 1687 2151 per
1713 2079 1875 2149 Spiri-

282 2178 396 2226 tum
436 2181 703 2237 sauctum,
747 2171 837 2241 qui
864 2170 1022 2225 datus
1052 2178 1135 2225 est
1162 2171 1318 2225 nobis
1344 2187 1358 2223 :
1386 2169 1441 2224 id
1467 2178 1549 2225 est
1571 2212 1585 2234 ,
1620 2184 1719 2239 per
1736 2169 1875 2225 dona

281 2264 467 2319 sancti
495 2263 744 2333 Spiritus,
775 2278 1011 2319 amorem
1037 2278 1192 2319 suum
1223 2263 1365 2319 Deus
1386 2262 1528 2318 circa
1555 2277 1722 2334 genus
1752 2276 1877 2333 pro-

282 2356 433 2411 bavit
466 2356 779 2429 humanum.

352 2447 499 2500 Are.
523 2445 637 2499 Non
666 2446 743 2499 vis
763 2460 883 2500 esse
910 2446 1047 2501 inter
1070 2446 1182 2500 lucc
1205 2444 1344 2500 dona
1364 2485 1379 2511 ,
1405 2445 1565 2498 etiam
1597 2458 1703 2499 non
1742 2458 1873 2515 pec—

286 2548 411 2590 care
442 2552 456 2587 :
485 2536 580 2590 sed
622 2535 896 2589 conlidens
925 2536 976 2589 in
1006 2535 1203 2588 virtute
1230 2543 1351 2598 tua,
1388 2532 1491 2587 hoc
1529 2533 1620 2587 tibi
1663 2540 1717 2586 tu
1758 2532 1873 2602 ipse

290 2628 365 2681 ris
390 2626 541 2680 dare.
592 2626 707 2680 Noli
739 2626 894 2680 irasci
941 2625 1167 2680 obsecro
1197 2641 1211 2678 :
1238 2623 1543 2677 Malcdictus
1585 2622 1746 2678 omnis
1785 2623 1872 2693 qui

286 2732 423 2783 spem
445 2714 596 2768 habet
624 2716 677 2768 in
704 2716 904 2768 homine
933 2713 951 2783 (
965 2715 1158 2768 Jerent.
1187 2729 1318 2779 xvn,
1349 2709 1445 2784 5

354 2806 634 2861 CLXVIII.
664 2805 783 2861 ius.
813 2805 1077 2860 Restituet
1100 2819 1235 2875 ergo
1251 2812 1416 2858 totum
1449 2804 1697 2869 ﬁdeliter,
1727 2803 1872 2875 quod

288 2896 537 2953 fidelibus
568 2896 895 2966 repromisit.

355 2995 496 3047 nec.
540 2990 806 3044 RcslilllCl
834 2990 992 3059 plane
1035 2989 1195 3043 etiam
1240 2987 1340 3042 hoc
1370 2987 1578 3057 ipsum,
1603 2996 1661 3042 ut
1686 2987 1873 3046 ﬁdeles

287 3084 418 3147 sint;
448 3082 574 3151 quia
591 3080 745 3135 (idem
767 3082 999 3151 gentium
1022 3079 1268 3149 promisit
1293 3078 1522 3133 Abrahze
1545 3096 1559 3130 :
1584 3088 1638 3133 et
1653 3078 1871 3149 quidam

288 3187 513 3239 magnus
543 3171 712 3226 fidelis
733 3171 880 3233 dicit,
915 3169 1323 3225 Misericordiam
1346 3178 1639 3224 consecutus
1657 3185 1790 3235 sum,
1819 3179 1874 3223 ut

290 3266 448 3334 ﬁdelis
471 3279 635 3318 essent
661 3263 713 3332 (l
741 3262 858 3317 Cor.
884 3278 976 3326 vn,
1002 3260 1075 3316 25

353 3353 590 3410 CLXIX.
621 3353 737 3408 ιω..
769 3352 870 3418 Qui
912 3351 1057 3407 enim
1099 3349 1237 3406 Filio
1262 3365 1356 3405 suo
1384 3365 1488 3403 non
1521 3348 1760 3421 pepercit,
1783 3348 1874 3403 sed

291 3464 376 3515 pro
404 3445 557 3499 nobis
586 3443 814 3498 erunibus
841 3443 1050 3497 tradidit
1078 3458 1211 3507 eum,
1242 3457 1338 3512 per
1366 3456 1525 3511 quem
1549 3455 1647 3496 nos
1684 3455 1875 3512 opera-

293 3536 463 3592 tione"
493 3516 667 3591 sancti
696 3535 927 3606 Spiritus
953 3534 1324 3601 consecravit,
1354 3533 1542 3603 procul
1566 3533 1730 3588 dubio
1758 3550 1873 3589 cum

290 3628 373 3681 illo
398 3628 577 3682 omnia
601 3627 742 3682 nobis
766 3627 973 3681 donavit
991 3627 1012 3658 ⁸
1034 3625 1206 3695 (Rom.
1234 3641 1347 3688 vnt,
1370 3625 1486 3697 32).
1518 3624 1723 3695 thuid
1742 3624 1876 3681 enim

292 3721 538 3783 Christus,
568 3737 681 3773 cunt
711 3720 877 3773 adhuc
907 3717 1099 3788 inﬁrmi
1121 3734 1362 3785 essemus,
1389 3718 1661 3773 secundum
1679 3728 1874 3787 tempus

294 3829 378 3882 pro
403 3812 580 3881 impiis
605 3823 830 3865 mortuus
852 3819 922 3864 est
945 3811 964 3883 (
984 3808 1068 3863 Id.
1100 3823 1157 3875 ν,
1184 3808 1218 3862 6
1235 3808 1295 3878 )7

359 3906 496 3962 Anc.
516 3904 839 3960 Testimonia
863 3903 1038 3958 divina
1057 3916 1469 3968 cetmneutoras,
1489 3901 1678 3970 quibus
1696 3910 1875 3957 vester

293 4010 435 4050 error
458 3994 738 4049 evertitur.
770 3993 886 4049 Non
917 3995 1059 4048 enim
1079 3994 1281 4048 dictum
1310 4002 1411 4059 cst,
1447 3991 1692 4047 Christus
1711 3993 1872 4048 etiam

292 4102 382 4156 pro
410 4086 627 4157 impiis;
655 4085 771 4151 scd,
816 4102 907 4156 pro
935 4086 1126 4156 impiis,
1181 4085 1389 4155 inquit,
1418 4094 1646 4138 mortuus
1674 4094 1765 4138 est.
1808 4083 1874 4140 Ut

262 4168 274 4179 ⁷
293 4191 467 4235 autem
494 4188 549 4234 et
573 4181 685 4250 ipse
710 4179 833 4233 alibi
850 4176 1126 4232 confessus
1154 4191 1216 4230 cs
1240 4176 1336 4248 (α),
1366 4175 1526 4231 etiam
1557 4191 1655 4245 pro
1683 4191 1873 4244 parvu-

296 4271 356 4326 lts
368 4284 611 4327 mortuus
627 4282 710 4325 est
734 4287 747 4323 :
773 4278 828 4325 ct
845 4280 1041 4336 tamen,
1062 4284 1164 4340 qua
1188 4268 1362 4324 fronte
1377 4270 1575 4332 nescio,
1597 4269 1873 4325 transiisse

295 4363 344 4416 in
370 4379 464 4419 eos
486 4362 813 4432 originaliter
834 4360 1159 4430 impietatem
1189 4360 1343 4429 primi
1370 4359 1391 4391 ⁸
1421 4357 1659 4413 hominis
1685 4374 1868 4429 negas.

294 4452 569 4519 Quomodo
598 4468 724 4524 ergo
754 4452 1021 4522 pertinent
1045 4450 1113 4505 ad
1141 4465 1286 4519 eum,
1316 4450 1403 4521 qui
1428 4466 1520 4520 pro
1544 4450 1713 4521 impiis
1739 4467 1874 4504 mor-

297 4553 405 4598 tuus
439 4555 510 4599 est
528 4545 555 4598 ?

360 4636 571 4692 CLXX.
596 4636 714 4691 JUL.
752 4634 851 4690 Vix
875 4636 1008 4688 enim
1034 4650 1128 4704 pro
1147 4636 1290 4707 justo
1320 4634 1430 4702 quis
1455 4634 1670 4689 moritur
1691 4649 1710 4687 :
1748 4650 1870 4688 nam

295 4744 384 4797 pro
403 4729 531 4782 bono
558 4727 771 4796 forsitan
816 4727 927 4797 quis
956 4728 1140 4779 audeat
1167 4726 1313 4779 mori.
1342 4724 1674 4780 Commendat
1699 4735 1872 4780 autem

302 4821 431 4878 Deus
461 4823 754 4875 charitatent
780 4837 925 4875 suam
952 4821 1003 4874 in
1027 4819 1167 4873 nobis
1189 4834 1208 4873 :
1236 4818 1470 4889 quoniam
1503 4819 1548 4873 si
1566 4835 1680 4873 cum
1703 4819 1872 4873 adhuc

299 4926 575 4982 peccatores
612 4930 850 4976 essemus,
900 4911 1128 4967 Christus
1170 4928 1262 4981 pro
1310 4912 1450 4965 nobis
1485 4922 1707 4965 mortuus
1759 4920 1871 4975 est;

301 5005 451 5058 multo
494 5005 655 5075 magis
687 5004 958 5075 jastiﬁcati
1001 5020 1133 5058 nunc
1168 5003 1504 5073 iasaaguine
1529 5003 1712 5072 ipsius,
1743 5004 1873 5059 salvi
1936 5060 1949 5073 ,

361 5182 376 5211 ί
400 5181 538 5238 mni,
563 5182 662 5243 qui.
690 5188 743 5230 Αι
763 5188 890 5241 uss.,
918 5180 1047 5242 quia.

359 5243 483 5291 'llic
531 5240 962 5305 inanuseripterum
1009 5241 1295 5305 auctoritate
1342 5240 1495 5305 verba
1537 5241 1616 5290 illa
1658 5243 1876 5305 restitui-

300 5315 403 5352 mus
417 5337 432 5360 ,
464 5309 518 5353 ει
549 5310 709 5355 tamen
754 5300 1018 5367 g'ltnr'amur
1037 5340 1051 5365 ,
1086 5315 1180 5354 non
1210 5300 1281 5353 sic
1314 5301 1452 5367 quasi
1501 5315 1593 5353 non
1625 5302 1867 5365 acceperi-

307 5376 424 5413 tuus.

324 5378 480 5491 “gusto
502 5434 607 5477 Mss.
636 5435 689 5477 Αι
712 5426 844 5491 Fditi,
869 5426 1141 5491 conmorit.

360 5487 381 5551 ἔ
414 5489 481 5537 sic
506 5497 609 5539 uss.
632 5497 686 5539 At
718 5488 852 5551 editi,
878 5488 926 5551 in
950 5487 1286 5551 apet'atimtem.

362 5550 381 5576 ³
415 5556 460 5597 tu
480 5557 608 5609 διάει,
631 5548 822 5599 donabit
836 5587 849 5608 ,
870 5548 1009 5659 iuxta
1031 5565 1258 5614 grweum,
1291 5550 1548 5601 «Ἰωνίδιίοεί

363 5609 383 5638 ⁶
417 5616 492 5659 Ιιέιε
514 5628 577 5659 ex
605 5615 856 5659 veteribus
894 5614 1010 5659 ibris
1030 5614 1244 5659 addimus
1262 5649 1276 5659 .
1294 5611 1455 5659 mimi.

363 5609 383 5675 ξ
417 5616 492 5675 the
514 5628 577 5675 et
605 5615 856 5661 veteribus
875 5609 1010 5660 libris
1030 5609 1276 5672 addimus,
1293 5611 1455 5675 primi.

362 5674 431 5731 la)
454 5680 499 5721 In
525 5674 646 5721 liLru
680 5675 831 5733 trimo
856 5675 916 5721 ad
940 5675 1246 5724 turbantem
1293 5674 1404 5723 κως
1448 5675 1528 5723 liii.
1548 5674 1583 5725 5
1608 5683 1771 5723 contra
1798 5680 1871 5722 Ju-

307 5732 489 5783 lzenutu
510 5750 540 5782 tt
583 5737 663 5785 Ξέὅ.
683 5732 734 5785 el
761 5733 841 5784 lib.
871 5738 921 5791 li.
949 5750 995 5785 It.
1020 5738 1066 5785 ὃ.

1596 323 1795 380 LIBER
1834 322 2212 384 SECUNDUS.

3425 326 3560 383 {2h

1985 443 2170 496 erimus
2196 459 2285 511 per
2313 458 2424 496 eum
2452 445 2513 497 ab
2553 446 2650 498 ira.
2681 446 2742 500 Si
2767 444 2896 499 enim
2935 468 3054 507 cum
3077 452 3274 505 inimici
3293 462 3516 501 aestiuus
3546 487 3562 513 ,

1983 534 2291 588 reconciliati
2324 549 2497 588 sumus
2540 532 2650 589 Deo
2691 552 2779 606 per
2818 548 3027 591 mortem
3060 536 3182 590 Filii
3209 536 3359 606 ejus;
3403 537 3565 593 multo

1983 626 2147 696 magis
2167 627 2493 692 reconciliati,
2523 626 2653 680 salri
2673 628 2858 682 erimus
2883 628 2934 682 in
2965 630 3065 682 vita
3093 629 3222 700 ejus.
3254 626 3373 681 Non
3396 629 3561 683 solum

1983 729 2152 770 autem
2173 718 2287 785 hoc,
2316 717 2404 773 sed
2429 729 2476 771 et
2505 716 2775 788 gloriantes
2811 720 2865 774 in
2893 719 2996 775 Deo
3036 739 3125 791 per
3151 720 3421 775 Dominum
3462 738 3561 776 no—

1982 816 2141 861 strum
2165 805 2343 860 Iesum
2366 805 2643 874 Christum,
2675 825 2762 874 per
2779 825 2923 878 quem
2946 827 3077 864 nunc
3102 811 3559 866 reconciliationem

1983 901 2266 968 accepimus
2301 899 2492 972 (Rom.
2517 915 2572 965 v,
2596 901 2650 964 7,
2686 901 2829 970 etc.).
2876 902 3100 971 Aperuit
3142 914 3334 972 quanta
3389 913 3558 959 totum

1982 987 2225 1046 Christus
2267 992 2460 1061 pietate
2490 991 2765 1061 gessisset,
2803 993 2890 1063 qui
2919 994 3052 1047 mori
3078 993 3330 1064 dignatus
3352 1003 3433 1050 est
3462 1009 3559 1065 pro

1983 1081 2115 1136 nihil
2146 1082 2266 1137 boni
2297 1082 2646 1137 merentibus.

2053 1175 2185 1230 Anc.
2222 1175 2346 1233 lla-e
2372 1173 2531 1228 verba
2563 1184 2649 1229 tua
2678 1173 2756 1228 sic
2788 1182 3078 1246 temperata
3122 1184 3242 1230 sunt
3269 1217 3283 1240 ,
3313 1186 3370 1231 ut
3398 1176 3557 1231 etiam

1981 1266 2241 1335 parvulos
2287 1275 2504 1335 tangere
2535 1266 2850 1333 vidcantur;
2890 1265 3138 1336 quoniam
3171 1277 3226 1321 et
3257 1266 3401 1335 ipsos
3429 1264 3563 1320 nihil

1981 1356 2108 1410 boni
2164 1356 2425 1411 meruisse
2479 1356 2794 1424 conceditis,
2853 1370 2989 1425 quos
3040 1355 3172 1411 nihil
3221 1356 3347 1410 boni
3388 1357 3564 1423 egisse

1981 1447 2220 1502 fatemini
2248 1465 2261 1500 :
2287 1447 2379 1502 sed
2401 1448 2688 1517 Apostolus
2708 1464 2814 1503 non
2838 1449 2906 1503 ita
2929 1448 3137 1503 locutus
3164 1458 3266 1514 est,
3296 1449 3384 1519 qui
3405 1447 3558 1511 dixit,

1980 1538 2245 1593 Christum
2275 1555 2370 1608 pro
2400 1539 2576 1609 impiis
2601 1548 2657 1595 et
2689 1540 3056 1609 peccatoribus
3080 1549 3346 1594 mortmnn
3376 1537 3562 1594 fuisse.

1979 1628 2199 1684 Frustra
2218 1644 2344 1699 ergo
2369 1637 2423 1683 tu
2455 1644 2701 1699 magnam
2731 1627 2927 1685 Christi
2959 1628 3375 1685 misericordiam
3401 1638 3557 1683 exte—

1980 1720 2244 1775 nuandam
2295 1724 2488 1790 putasti
2522 1740 2536 1775 :
2569 1722 2658 1779 ille
2712 1724 2854 1777 enim
2904 1737 2999 1791 pro
3043 1722 3185 1777 male
3231 1722 3563 1776 merentibus

1977 1815 2219 1860 mortuus
2244 1815 2360 1861 est:
2391 1822 2421 1861 a
2446 1821 2552 1876 quo
2582 1816 2727 1861 tanto
2754 1804 3013 1861 beneficio
3052 1805 3345 1861 Salvatoris
3372 1820 3404 1875 p
3422 1821 3564 1859 :rru—

1977 1895 2058 1951 los
2090 1899 2382 1966 separatis,
2411 1898 2659 1968 quoniam
2686 1897 2865 1953 salvos
2890 1912 2985 1953 eos
3010 1896 3186 1951 dicitis
3219 1915 3232 1952 :
3259 1896 3350 1951 ille
3378 1906 3559 1950 autem

1977 1984 2126 2050 dicit,
2178 1984 2300 2041 Non
2325 1997 2397 2042 est
2440 2003 2568 2057 opus
2610 1988 2748 2042 sanis
2779 1986 2999 2040 medicus
3026 1985 3044 2058 (
3069 1985 3255 2040 Matth.
3311 2002 3387 2051 Ix,
3420 1985 3515 2054 l2)
3545 2003 3559 2038 :

1979 2093 2085 2135 non
2136 2088 2218 2133 est
2270 2093 2400 2149 ergo
2443 2093 2579 2147 opus
2615 2079 2850 2147 parvulis
2896 2078 3162 2144 Christus,
3217 2076 3410 2148 quibus
3455 2078 3560 2131 uti-

1980 2183 2086 2238 que
2112 2168 2401 2223 secundum
2429 2183 2525 2222 vos
2550 2183 2655 2222 non
2677 2175 2760 2222 est
2785 2166 2941 2223 Jesus
2970 2185 2983 2221 :
3016 2167 3208 2237 quibus
3225 2175 3401 2231 autem
3422 2180 3559 2235 Opus

1980 2269 2081 2322 est,
2112 2257 2196 2312 bis
2223 2258 2409 2327 procul
2432 2257 2593 2313 dubio
2618 2267 2700 2313 est
2725 2257 2901 2313 Jesus.
2942 2257 3049 2313 Sed
3080 2256 3340 2319 discedite
3370 2258 3413 2325 ‘,_
3442 2272 3555 2310 tua-

1977 2348 2102 2417 ligni
2140 2366 2155 2402 :
2199 2364 2334 2418 opus
2376 2359 2460 2403 est
2502 2349 2757 2418 parvulis.
2790 2350 2855 2404 Et
2894 2349 3039 2419 ipsos
3066 2363 3195 2419 ergo
3241 2364 3271 2403 τι
3327 2349 3561 2418 peccatis

1977 2453 2165 2493 eorum
2204 2439 2382 2494 salvos
2413 2438 2556 2504 facit,
2600 2439 2852 2509 quoniam
2884 2449 3167 2509 propterea
3216 2440 3324 2493 tale
3363 2454 3557 2494 nomen

1976 2532 2179 2597 accepit
2204 2547 2217 2583 :
2238 2529 2323 2584 ubi
2346 2530 2565 2600 angelus
2583 2530 2736 2596 dixit,
2776 2530 2988 2585 Vocabis
3008 2547 3193 2587 nomen
3211 2529 3320 2600 ejus
3344 2529 3563 2590 Jesunt;

1976 2620 2084 2688 ipse
2111 2620 2246 2674 enim
2273 2624 2468 2675 salvum
2504 2622 2653 2694 faciet
2701 2622 2942 2693 populum
2970 2639 3116 2676 suum
3157 2640 3189 2677 a
3220 2622 3434 2692 peccatis
3472 2637 3560 2676 co-

1974 2711 2280 2781 rum(ld.t,
2310 2711 2374 2766 2i
2400 2712 2445 2784 ).

2047 2803 2278 2860 CLXXI.
2309 2805 2429 2861 Jun.
2457 2804 2668 2877 Quippe
2694 2806 2784 2878 qui
2812 2807 3077 2863 rationem
3106 2816 3161 2864 et
3181 2807 3353 2877 legem
3382 2806 3565 2862 crimi-

1976 2913 2104 2953 num
2127 2912 2313 2955 amere
2336 2898 2697 2967 calcaverunt,
2746 2908 2937 2956 euntes
2966 2908 3084 2971 post
3109 2899 3375 2957 desideria
3422 2915 3518 2955 sua
3544 2939 3561 2965 ,

1974 3006 2093 3061 quae
2124 2991 2237 3059 ipsa
2262 2990 2606 3056 conscientia,
2636 2991 2791 3060 cujus
2834 3002 2920 3048 est
2941 2993 3178 3048 maxima
3206 2993 3308 3056 vis,
3338 2993 3561 3061 castiga-

1975 3080 2089 3135 bat.
2122 3080 2324 3136 Verum
2350 3080 2471 3151 quia
2492 3082 2792 3147 constabat,
2825 3084 2985 3138 etiam
3012 3084 3308 3153 Prophetas
3343 3094 3561 3152 prepter

1971 3169 2232 3240 justitiam
2257 3172 2451 3227 crebro
2496 3172 2684 3227 mortis
2710 3172 2966 3228 enituisse
2990 3184 3322 3242 contemptu,
3355 3182 3408 3228 et
3438 3174 3525 3241 plu
3543 3202 3559 3215 -

1976 3261 2142 3318 rimos
2168 3276 2265 3332 pro
2284 3262 2488 3332 magnis
2506 3261 2802 3334 quibusque
2826 3261 3371 3333 rebusdigniuttisque
3393 3263 3563 3316 insita:

1977 3352 2187 3423 Fulgore
2209 3352 2549 3409 rutilantibus
2568 3367 2759 3409 securo
2777 3351 2846 3409 ad
2874 3352 3143 3408 interitum
3167 3354 3346 3407 animo
3373 3368 3560 3408 cucur-

1975 3444 2129 3512 risse,
2157 3459 2228 3501 ne
2247 3461 2355 3501 non
2373 3447 2395 3477 ²
2417 3445 2754 3517 singularitas
2783 3444 2996 3501 virtutis
3015 3442 3212 3500 Christi
3235 3444 3517 3499 dilucidior
3538 3445 3559 3479 ³

1973 3539 2236 3612 ejusmodi
2261 3545 2405 3593 esset
2428 3536 2712 3608 exemplis,
2741 3536 2920 3591 intulit
2946 3536 3257 3606 Apostolus,
3292 3550 3386 3606 per
3412 3535 3556 3605 quod

1974 3630 2279 3705 ostenderet
2304 3628 2620 3685 cbaritatem
2670 3638 2727 3684 et
2780 3627 3146 3684 fortitudinem
3207 3628 3350 3682 illius
3398 3629 3561 3685 unico

1975 3722 2212 3777 eminere
2239 3720 2486 3790 fastigio:
2518 3719 2768 3775 Assentio
2792 3729 2846 3774 et
2892 3734 3014 3790 ego,
3048 3719 3171 3774 licet
3222 3734 3346 3773 raro
3368 3759 3382 3783 ,
3434 3718 3560 3772 licet

1974 3813 2084 3876 vis,
2131 3822 2308 3867 tamen
2341 3825 2439 3881 pro
2477 3811 2638 3866 rebus
2687 3810 2846 3880 iustis
2893 3821 2950 3865 et
2989 3810 3143 3864 bonis
3171 3812 3303 3864 inuri
3334 3810 3566 3878 elegisse

1976 3902 2287 3968 nonnullos;
2315 3900 2410 3956 scd
2434 3900 2541 3955 illis
2570 3900 2906 3970 negotiorum
2931 3899 3179 3968 dignitas,
3215 3900 3390 3966 idest,
3424 3899 3563 3967 ipsa-1

1976 4011 2093 4051 rum
2122 4010 2300 4050 rerum
2327 4007 2427 4065 pro
2449 3992 2644 4063 quibus
2667 3991 3051 4047 dimicaverant
3090 3989 3349 4046 claritudo
3371 4032 3385 4055 ,
3419 3991 3560 4059 peri-

1976 4086 2218 4143 culorum
2263 4085 2580 4156 temperavit
2622 4083 2862 4139 dolorem
2890 4102 2903 4139 :
2933 4082 3178 4137 Christus
3221 4092 3397 4137 autem
3429 4080 3561 4145 nihil

1975 4177 2161 4235 habuit
2200 4175 2343 4248 quod
2369 4184 2572 4231 amaret
2598 4175 2650 4229 in
2680 4173 2869 4230 studiis
2903 4174 3207 4243 impiorum,
3238 4182 3294 4227 ct
3338 4187 3435 4241 pro
3479 4172 3563 4227 his

1975 4270 2066 4343 qui
2093 4279 2245 4325 erant
2265 4269 2476 4340 propria
2501 4268 2770 4323 voluntate
2796 4264 3066 4322 deformes
3088 4308 3103 4332 ,
3137 4281 3243 4320 non
3270 4274 3351 4319 est
3375 4279 3560 4333 asper-

1976 4376 2133 4422 natus
2160 4363 2393 4436 impendi
2426 4382 2440 4418 :
2470 4372 2689 4434 apparet
2730 4371 2906 4417 autem
2934 4361 3083 4416 illum
3114 4359 3350 4414 omnium
3390 4358 3559 4411 virtu-

1977 4458 2122 4513 tibus
2150 4455 2513 4520 anteccllere;
2553 4454 2676 4524 quia
2716 4453 2818 4507 etsi
2856 4452 2911 4505 in
2940 4449 3216 4505 tolerantia
3245 4462 3439 4517 paucos
3463 4488 3476 4509 ,
3508 4448 3560 4507 in

1974 4564 2133 4605 causa
2155 4557 2330 4603 tamen
2348 4546 2521 4601 nullos
2541 4552 2717 4615 potest
2737 4541 2934 4597 habere
2947 4547 3240 4596 consortes.
3256 4538 3395 4593 Nihil
3408 4537 3561 4608 igitur

1976 4641 2045 4698 de
2073 4641 2187 4711 ejus
2233 4637 2595 4695 muniﬁcentia
2631 4635 2977 4705 desperemus
3008 4632 3167 4703 :quia
3198 4633 3241 4687 si
3282 4647 3380 4702 pro
3403 4631 3558 4685 nobis

1977 4741 2224 4789 mortuus
2267 4739 2351 4785 est
2375 4744 2495 4784 cum
2517 4726 2692 4782 adhuc
2733 4740 2976 4782 essemus
3006 4734 3345 4794 peccatores;
3393 4724 3561 4777 inulto

1979 4820 2434 4892 magisjustilicati
2453 4835 2593 4875 nunc
2622 4819 2671 4873 in
2698 4818 2956 4889 sanguine
2983 4816 3168 4886 ipsius,
3197 4815 3327 4869 salvi
3355 4814 3560 4868 erimus

1980 4931 2075 4987 per
2103 4931 2224 4970 eum
2252 4914 2320 4967 ab
2346 4914 2442 4968 ira.

2050 5008 2184 5063 Anc.
2231 5004 2405 5061 Nolite
2454 5017 2585 5074 ergo
2631 5003 2871 5056 eximere
2923 4998 3178 5067 parvulos
3223 4997 3292 5052 de
3340 5006 3562 5050 tttnnem

1980 5109 2315 5171 peccatorum
2372 5114 2384 5150 :
2440 5097 2561 5166 quia
2614 5103 2668 5149 et
2719 5106 2814 5161 pro
2840 5090 2970 5160 ipsis
3014 5098 3278 5144 mortuum
3322 5082 3560 5143 fatemini

1979 5188 2271 5247 Christum.

2050 5275 2301 5335 CLXXII.
2332 5275 2450 5331 JUL.
2478 5275 2542 5329 Et
2561 5282 2681 5344 post
2713 5272 3220 5335 reconciliationem,
3253 5281 3409 5338 quam
3439 5278 3589 5327 cnm_

1983 5375 2092 5428 Deo
2140 5371 2337 5427 habere
2386 5368 2812 5438 promeruimus,
2861 5381 2955 5437 per
3008 5368 3271 5435 operam‘
3315 5356 3559 5411 videlicet

2046 5486 2059 5516 ί
2097 5485 2169 5534 sic
2191 5490 2296 5532 Mss.
2323 5481 2441 5530 Edtti
2466 5487 2654 5539 autem,
2681 5478 2870 5530 discite.

2043 5548 2061 5577 ³
2096 5545 2376 5595 t'articulam
2415 5537 2678 5606 negantem
2723 5542 2800 5592 hic
2840 5539 3141 5591 restituimus
3192 5546 3255 5589 ett
3452 5539 3559 5581 ttat.

1979 5608 2265 5716 mar'tsasius
2289 5675 2338 5715 et
2358 5664 2487 5715 alii).
2515 5673 2614 5726 .\lS.,
2641 5665 2855 5718 dilutior.

2048 5736 2064 5761 ‘
2101 5736 2150 5787 ιιι
2180 5739 2299 5788 t£55.,
2332 5742 2418 5791 per
2450 5742 2613 5792 opera.
