4004 6190
376 347 513 404 1215

373 460 708 526 Mediatoris;
759 459 1020 516 debemus
1075 460 1348 528 percipere
1411 458 1591 512 animo
1632 459 1954 526 sempiterna

370 551 587 623 gaudia,
612 560 666 607 et
694 566 801 607 non
829 550 999 605 solum
1023 550 1250 604 salutem
1284 562 1521 620 sperare,
1542 548 1636 603 sed
1660 548 1817 602 etiam
1845 549 1961 618 glo-

375 647 530 699 riam.

450 736 583 790 Anc.
610 735 758 804 Rogo
778 742 849 799 te,
871 733 1084 789 attemle
1111 734 1249 803 quod
1268 733 1395 788 dicit
1415 734 1724 804 Apostolus,
1748 742 1963 802 propter

376 824 517 895 quod
546 823 736 877 factum
760 831 841 882 est
868 833 924 877 ut
962 823 1029 878 de
1056 823 1227 893 primo
1258 823 1470 877 homine
1516 824 1819 892 loqueretur
1848 838 1860 876 :
1895 821 1963 876 de

378 916 815 972 reconciliatione
841 916 1051 986 agebat,
1078 931 1237 985 quam
1268 925 1321 969 tu
1344 930 1555 985 quoque
1585 931 1679 984 per
1701 915 1961 970 mediato-

382 1024 496 1062 rem
512 1007 779 1061 Christum
801 1022 867 1060 ex
892 1006 1199 1070 inimicitiis,
1224 1021 1354 1075 quas
1382 1021 1502 1060 cum
1525 1006 1631 1060 Deo
1649 1005 1958 1071 habuimus,

382 1099 573 1152 tactam
614 1112 732 1151 esse
783 1097 1053 1151 concedis.
1115 1096 1254 1150 Ecce
1300 1096 1419 1150 vide
1467 1097 1627 1150 verba
1674 1097 1958 1166 Apostoli:

378 1187 659 1256 Iusti/irati
695 1188 847 1258 igitur
875 1203 936 1240 ex
974 1187 1111 1255 ﬁde,
1151 1186 1351 1256 inquit,
1388 1202 1568 1257 pacem
1597 1186 1870 1240 habeamus
1895 1187 1963 1239 ad

381 1278 578 1344 Deum,
623 1296 711 1350 per
759 1277 1033 1331 Dominum
1081 1288 1306 1331 nostrum
1350 1277 1525 1332 Jesum
1566 1278 1843 1334 Christum.
1899 1280 1966 1334 Et

385 1373 543 1441 paulo
577 1380 694 1439 post
724 1390 736 1424 :
783 1370 843 1426 Si
870 1372 1001 1424 enint
1022 1370 1252 1426 Christus
1274 1414 1287 1437 ,
1322 1387 1434 1425 cum
1479 1373 1668 1440 in/irmi
1710 1389 1961 1440 essemus,

381 1464 550 1517 adhuc
585 1464 737 1534 juxta
802 1472 995 1529 tempus
1044 1479 1134 1530 pro
1186 1462 1352 1531 impiis
1404 1474 1631 1517 mortuus
1681 1474 1772 1517 est.
1835 1463 1965 1520 Item

386 1555 542 1623 paulo
591 1562 710 1621 post
760 1571 772 1605 :
814 1553 1137 1607 Commendat
1183 1563 1367 1619 autent,
1430 1554 1616 1623 inquit,
1674 1556 1969 1609 charitatem

387 1662 530 1700 suam
559 1644 694 1698 Deus
738 1645 789 1697 in
837 1645 998 1707 nobis,
1041 1645 1277 1713 quoniam
1319 1660 1432 1696 cum
1477 1644 1643 1697 adhuc
1687 1655 1969 1715 peccatores

389 1753 604 1791 essemus
622 1777 637 1801 ,
666 1735 893 1788 Christus
924 1751 1014 1803 pro
1042 1736 1181 1788 nobis
1220 1747 1446 1788 mortuus
1480 1746 1549 1789 est
1575 1752 1594 1789 :
1625 1737 1783 1790 multo
1809 1738 1969 1806 magis

389 1845 521 1881 nunc
534 1828 806 1897 justi/ictui
830 1827 881 1879 in
906 1827 1149 1896 sanguine
1176 1827 1335 1895 ipsius
1362 1867 1375 1890 ,
1409 1827 1533 1880 salui
1574 1828 1757 1881 erimus
1799 1829 1861 1880 ab
1893 1829 1971 1881 ira

392 1937 479 1991 per
503 1922 688 1990 ipsum.
723 1919 909 1973 Adhuc
942 1918 1155 1972 attende
1185 1937 1197 1972 :
1233 1919 1296 1973 Si
1319 1920 1450 1972 enim
1477 1936 1591 1972 cum
1618 1921 1807 1974 inimici
1835 1938 1971 1976 esse-

390 2029 521 2078 mus,
548 2012 717 2081 inquit
743 2055 757 2077 ,
786 2011 1097 2066 reconciliati
1134 2028 1307 2065 smnus
1350 2011 1456 2065 Deo
1483 2030 1572 2083 per
1602 2024 1812 2067 mortem
1846 2013 1972 2068 Filii

387 2106 536 2175 ejus;
589 2105 746 2158 multo
794 2104 955 2173 magis
1003 2105 1352 2171 reconciliati,
1393 2106 1521 2158 salvi
1553 2107 1740 2160 erimus
1778 2108 1830 2160 in
1868 2107 1971 2160 vita

388 2194 568 2263 ipsius.
600 2193 745 2247 llanc
773 2193 1287 2259 reconciliationem,
1319 2209 1478 2263 quam
1507 2196 1663 2250 toties
1691 2210 1969 2250 commen-

390 2287 532 2340 davit
556 2327 570 2351 ,
598 2285 756 2340 etiam
786 2284 837 2338 in
870 2285 1160 2339 novissimo
1186 2285 1365 2354 posuit
1394 2328 1407 2350 ,
1437 2284 1621 2339 dicen:
1643 2326 1659 2352 ,
1696 2284 1796 2340 Per
1821 2302 1969 2357 quem

396 2386 443 2431 et
472 2392 606 2429 nunc
620 2376 1075 2429 reconciliationem
1094 2378 1413 2443 accepimus:
1443 2389 1505 2428 ac
1531 2374 1724 2429 deinde
1752 2375 1969 2442 intulit,

394 2465 615 2536 Pmpter
634 2467 745 2528 hoc,
776 2466 906 2519 sicut
930 2481 1020 2534 per
1040 2482 1193 2517 unum
1223 2465 1472 2518 hominem
1511 2476 1771 2535 peccatum
1803 2468 1970 2521 intra-

390 2560 459 2611 rit
477 2558 531 2610 in
562 2558 803 2610 mundum
831 2555 1019 2627 (liam.
1048 2571 1102 2620 v,
1136 2556 1265 2609 1-12
1285 2553 1327 2627 ).
1358 2555 1504 2611 Sicut
1537 2571 1666 2626 ergo
1698 2573 1794 2627 per
1831 2557 1975 2613 hunc

394 2666 557 2705 unum
582 2650 891 2713 inimicitia},
920 2649 998 2703 sic
1035 2664 1129 2719 per
1167 2665 1328 2702 unum
1358 2648 1627 2703 Christum
1660 2650 1973 2704 reconcilia-

398 2742 491 2795 tio.
515 2739 771 2811 Quisquis
804 2739 965 2808 igitur
989 2753 1017 2791 a
1044 2749 1262 2808 peccato
1294 2738 1343 2791 in
1374 2754 1479 2807 quo
1508 2738 1795 2793 inimicitia:
1821 2738 1973 2795 facta:

393 2839 540 2897 sunt,
570 2831 767 2884 liberos
808 2845 929 2883 esse
959 2830 1210 2898 parvulos
1239 2828 1407 2895 dicit,
1433 2829 1669 2898 profecto
1700 2846 1793 2884 eos
1818 2840 1975 2900 negat

391 2920 460 2974 ad
504 2920 640 2973 hanc
682 2920 1204 2983 reconcdiationem,
1251 2928 1467 2988 propter
1518 2935 1678 2989 quam
1733 2921 1975 2977 Christus

391 3010 653 3064 mediator
685 3009 853 3063 factus
879 3019 958 3064 est
979 3052 993 3075 ,
1020 3010 1290 3079 pertinere
1323 3026 1337 3062 :
1369 3010 1589 3079 proinde
1631 3023 1844 3080 separat
1879 3029 1974 3069 eos

393 3112 447 3155 et
472 3118 497 3155 a
547 3103 925 3170 justiticalione
966 3118 1083 3171 qua:
1110 3103 1167 3155 tit
1197 3103 1248 3155 in
1277 3102 1468 3155 Christi
1505 3104 1793 3172 Sanguine,
1820 3105 1974 3175 cujus

393 3195 643 3249 i'undendi
668 3210 828 3249 causa
852 3237 865 3260 ,
905 3194 1118 3264 quando
1148 3211 1268 3249 eum
1300 3194 1587 3249 bibendum
1625 3197 1974 3252 commenda-

395 3290 508 3351 vit,
565 3289 706 3342 nulia
748 3290 846 3342 nisi
890 3289 939 3342 in
983 3290 1351 3342 remissionem
1401 3290 1540 3343 dicta
1591 3299 1675 3344 est
1725 3299 1975 3360 peccato-

394 3395 508 3433 rum
556 3381 573 3446 (
597 3380 781 3433 Matth.
828 3396 977 3446 xxvi,
1020 3380 1148 3450 9.8).
1193 3380 1346 3434 Unde
1398 3380 1453 3435 lit
1498 3396 1855 3451 consequens,
1918 3389 1976 3435 ut

394 3471 622 3539 parvulis
654 3481 864 3539 pet-cata
906 3487 1009 3523 non
1046 3472 1359 3524 habentibus
1406 3486 1550 3525 mors
1601 3472 1796 3527 Christi
1845 3472 1975 3527 nihil

395 3563 560 3628 prosit
613 3564 862 3615 onmino:
906 3577 1001 3630 per
1028 3561 1166 3615 hanc
1208 3563 1352 3615 enim
1416 3563 1743 3617 reconciliati
1788 3578 1976 3618 sumus

398 3653 525 3715 lico,
559 3668 677 3705 cum
703 3653 897 3705 inimici
935 3667 1207 3716 essrmns;
1236 3652 1374 3722 quod
1419 3652 1644 3721 parvuli,
1683 3654 1975 3708 secumlum

396 3758 510 3807 γωδ,
542 3760 644 3796 non
665 3743 893 3796 inerunt.
919 3743 983 3799 Ut
1008 3744 1147 3798 enim
1180 3753 1393 3814 propter
1416 3744 1552 3798 hanc
1582 3746 1975 3801 reconciliatio-

394 3854 427 3890 ιι
452 3856 514 3889 an
549 3852 881 3889 llltll‘t'l‘t‘liiiil'
907 3845 1155 3906 peccato,
1186 3837 1236 3890 in
1268 3854 1371 3906 quo
1405 3838 1695 3894 inimicitia:
1722 3840 1931 3894 luerunt
1958 3858 1972 3906 ;

392 3928 689 3996 quicumque
717 3926 957 3995 baptizati
986 3930 1224 3981 sumusin
1257 3928 1455 3982 Christo
1475 3970 1488 3994 ,
1517 3930 1650 3984 sicut
1682 3931 1820 3985 idem
1847 3931 1977 3988 dicit

395 4020 691 4089 apostolus,
717 4020 767 4072 in
791 4029 948 4073 morte
974 4020 1113 4074 illius
1142 4020 1381 4089 baptizati
1408 4039 1601 4076 sumus.
1633 4024 1712 4078 Ad
1742 4024 1855 4079 hcce
1884 4040 1979 4079 au-

396 4120 499 4166 tem
522 4112 680 4166 verba
710 4121 763 4164 ιιι
793 4114 1091 4181 perveniret
1126 4130 1139 4164 :
1174 4114 1237 4167 Si
1265 4114 1397 4167 enim
1428 4117 1615 4168 mortui
1652 4133 1824 4170 sumus
1843 4158 1857 4184 ,
1892 4118 1977 4172 in-

395 4205 527 4271 quit,
561 4216 761 4272 pecrato
789 4244 802 4266 ,
834 4204 1082 4271 quomodo
1103 4205 1319 4257 vivemus
1348 4206 1400 4257 in
1438 4207 1538 4258 eo?
1573 4205 1873 4277 Statimque
1922 4219 1978 4263 ut.

394 4296 699 4350 ostenderet
736 4305 972 4349 nmrtuos
1003 4311 1098 4349 nos
1149 4312 1269 4350 esse
1301 4307 1554 4365 peccato:
1587 4299 1664 4352 An
1709 4300 1973 4370 ignoratis,

395 4388 582 4456 inquit,
627 4387 862 4455 quoniam
892 4388 1190 4455 quicumque
1222 4388 1462 4458 baptizati
1499 4407 1671 4444 sumus
1695 4392 1746 4445 in
1776 4390 1976 4448 Christo

393 4479 536 4545 Jesn,
560 4482 611 4533 in
644 4490 799 4534 morte
826 4481 984 4550 ipsius
1009 4481 1248 4549 baptizati
1271 4498 1443 4534 suntus
1472 4480 1655 4552 (Rom.
1679 4499 1752 4547 Vl,
1777 4484 1831 4549 2,
1858 4485 1892 4539 5
1914 4484 1978 4557 )?

395 4570 493 4625 libi
519 4581 599 4625 est
626 4572 838 4625 libertas
868 4582 921 4626 et
966 4572 1215 4626 fortitudo
1255 4573 1415 4626 animi
1461 4572 1662 4627 vestri?
1686 4574 1860 4641 Quare
1882 4578 1981 4630 “ti-

398 4661 552 4715 metis
581 4660 779 4726 dicere,
820 4661 959 4731 quod
1010 4662 1230 4717 credere
1282 4678 1384 4716 non
1437 4662 1668 4727 timetis,
1730 4665 1978 4733 parvulos

396 4754 449 4807 in
504 4751 718 4805 Christo
766 4751 1017 4821 baptizari
1064 4768 1166 4807 non
1204 4762 1484 4822 oportere,
1518 4770 1650 4824 quos
1678 4765 1974 4825 peccatum,

395 4845 477 4898 cui
506 4844 818 4907 moriantur,
842 4843 1014 4898 dicitis
1045 4859 1149 4897 non
1174 4844 1413 4899 habere?

466 4933 744 4989 CLXXIII.
775 4934 894 4990 JUL.
928 4934 1206 5006 Pr0pterea
1226 4938 1353 4990 sicut
1385 4954 1474 5006 per
1520 4956 1676 4992 unum
1723 4941 1977 4995 hominem

397 5029 447 5081 in
474 5029 609 5082 hunc
638 5030 878 5084 nmmlum
920 5041 1177 5101 peccatum
1224 5033 1447 5097 intrarit,
1491 5045 1536 5087 et
1585 5052 1673 5105 per
1720 5048 1976 5105 peccatum

394 5139 565 5188 mors;
594 5132 640 5176 et
666 5123 736 5176 ita
764 5124 815 5177 in
837 5141 1005 5179 onmes
1026 5125 1250 5179 homines
1278 5143 1410 5179 mors
1438 5128 1451 5158 ¹
1477 5130 1784 5196 pertransiit,
1812 5129 1863 5181 in
1881 5145 1977 5198 quo

395 5231 566 5267 omnes
605 5226 927 5284 peccaverunt
954 5216 972 5285 (
1002 5216 1084 5268 Id.
1117 5232 1168 5279 v,
1207 5218 1267 5270 1'2
1292 5217 1328 5285 ).
1383 5218 1461 5271 Ad
1504 5218 1853 5272 cdomamlam
1891 5236 1975 5272 su-

358 5340 363 5343 -
396 5306 631 5371 peritiam
663 5304 988 5372 Jlld'JBOl‘Ulll,
1021 5306 1109 5376 qni
1140 5308 1236 5361 sibi
1268 5310 1617 5364 necessariam
1646 5319 1977 5378 peccatorum

395 5398 601 5453 veniam
659 5414 762 5453 non
813 5408 1047 5466 tantum,
1100 5412 1350 5470 quantum
1397 5401 1696 5456 Gentilibus
1744 5405 1976 5457 a-stima-

462 5616 474 5643 ¹
513 5618 828 5679 Mannscripti,
852 5624 895 5667 et
913 5615 979 5667 ita
995 5616 1044 5666 in
1062 5629 1222 5666 omnes
1247 5614 1456 5666 homines
1475 5615 1766 5679 pertransiit.
1786 5620 1975 5674 iniussu,

397 5685 539 5721 mets.
562 5684 612 5739 at
638 5678 776 5738 paulo
801 5689 922 5739 post,
946 5682 990 5726 in
1009 5679 1225 5736 ejusdem
1242 5678 1502 5726 sententia'
1524 5680 1833 5739 repetitione,
1861 5681 1978 5727 Itzlm'

397 5744 563 5783 vocem
583 5737 757 5783 trahent
785 5737 1090 5805 iinnntscripti
1115 5748 1165 5787 et
1187 5741 1409 5789 omittunt
1436 5741 1568 5787 editi.

1048 341 1288 401 OPERIS
1328 340 1734 399 [MPERFECTI
1774 338 2043 395 CONTRA
2086 339 2441 409 JULIANUM,
2482 341 2537 398 S.
2580 343 2946 400 AUGUSTINI

3509 345 3643 401 1216

2069 455 2210 521 bant,
2240 460 2587 528 prmrogativa
2616 460 2744 529 legis
2765 462 3099 515 sanctitatem
3126 474 3224 514 suo
3251 461 3436 529 generi
3470 462 3643 516 vindi.

2066 559 2280 612 cantes;
2314 551 2365 603 in
2402 550 2644 605 morbum
2673 553 2916 607 humana:
2952 551 3373 606 conversationis
3412 552 3641 620 invadit,

2067 650 2120 696 et
2147 641 2538 697 multitudinem
2558 643 2980 712 delinquentium
3020 652 3165 699 retro
3195 643 3327 711 petit
3356 660 3368 694 :
3393 650 3450 697 ut
3479 659 3644 713 quan-

2070 742 2179 787 tum
2201 734 2578 788 dominationis
2605 735 2655 788 in
2685 734 2787 789 hoc
2829 733 3025 788 mundo
3067 733 3313 803 iniquitas
3359 749 3642 804 occupave-

2068 824 2157 889 rit,
2204 825 2533 894 antiquitatis
2573 826 2738 895 ipsius
2781 825 2967 895 prodat
3028 825 3343 888 auctoritas;
3390 840 3653 896 quamque

2069 915 2231 968 multa
2278 926 2332 969 et
2370 925 2650 971 veternosa
2689 916 2934 980 crimina,
2987 918 3055 971 ab
3081 917 3410 972 obscenitate
3458 934 3649 989 pra‘ce-
3695 912 3701 917 ’

2077 1004 2315 1059 dentium
2355 1021 2452 1075 per
2489 1020 2679 1061 manus
2719 1017 2916 1061 mutua:
2957 1007 3265 1062 imitationis
3294 1011 3522 1077 posteris
3552 1018 3655 1064 tra-

2069 1096 2199 1160 dita,
2232 1097 2426 1151 Christi
2446 1099 2612 1166 gratia
2649 1099 2974 1165 sustulisset,
3003 1099 3333 1155 ostenderet.
3385 1102 3560 1171 Atque
3587 1106 3655 1157 ob

2069 1187 2173 1241 hoc
2208 1187 2627 1245 recordationem
2669 1191 2793 1245 facit
2840 1191 2999 1259 primi
3044 1191 3294 1256 hominis;
3346 1208 3450 1247 non
3493 1209 3657 1264 aquo

2071 1288 2347 1349 peccatum
2369 1291 2626 1349 cmperat,
2656 1290 2867 1337 constat
2893 1281 3035 1336 enim
3068 1282 3212 1352 prius
3242 1283 3520 1337 mulierem
3561 1284 3656 1339 de.

2072 1371 2308 1441 liquisse;
2338 1372 2429 1426 sed
2458 1372 2546 1441 qui
2592 1388 2685 1441 per
2713 1374 3041 1443 privilegium
3070 1388 3255 1440 sexus,
3296 1375 3656 1444 magisterium

2072 1472 2384 1531 occupasset
2409 1464 2588 1518 delicti
2620 1483 2633 1518 :
2669 1481 2761 1534 per
2792 1464 2934 1519 hunc
2953 1480 3102 1535 ergo,
3138 1465 3344 1518 intrarit
3373 1476 3656 1534 peccatum,

2073 1563 2119 1607 et
2141 1571 2228 1625 per
2254 1565 2514 1625 peccatum
2540 1571 2694 1619 mors,
2735 1555 2851 1609 sine
2878 1555 3041 1609 dubio
3078 1555 3167 1609 illa
3213 1571 3333 1625 qua:
3366 1557 3659 1624 peccatori-

2074 1644 2193 1709 bus,
2234 1644 2285 1697 id
2336 1654 2452 1709 est,
2502 1656 2718 1708 a‘tcrna,
2755 1643 3079 1713 promittitur
3108 1654 3190 1698 :et
3235 1646 3328 1709 ita,
3370 1644 3558 1713 inquit,
3609 1646 3663 1699 in

2075 1753 2244 1790 omnes
2271 1737 2498 1790 homines
2520 1754 2655 1789 mors
2680 1737 2991 1806 pertransiit,
3014 1736 3068 1790 in
3104 1753 3202 1807 quo
3229 1752 3399 1790 omnes
3425 1752 3664 1806 peccave-

2074 1837 2210 1882 runt.
2250 1829 2472 1897 Aperuit
2518 1843 2735 1897 prorsus
2783 1829 3012 1898 qualiter
3050 1826 3167 1881 haec
3188 1841 3333 1882 mors
3360 1828 3667 1883 transiisset

2075 1919 2141 1972 ad
2193 1928 2469 1989 posteros,
2517 1918 2588 1974 ob
2633 1919 2979 1974 imitationem
3005 1919 3239 1984 scilicet,
3290 1933 3397 1973 non
3440 1933 3665 1989 genera-

2078 2010 2297 2063 tionem.
3195 2080 3201 2085 .

2149 2101 2286 2157 Anc.
2318 2100 2435 2155 Jam
2465 2099 2677 2171 quidem
2702 2116 3015 2171 responsum
3045 2100 3268 2165 esttibi,
3297 2115 3393 2156 cur
3409 2118 3513 2156 non
3543 2118 3663 2156 mu-

2078 2188 2263 2246 lierem
2293 2193 2668 2253 nominaverit,
2700 2207 2764 2248 ex
2796 2208 2897 2260 qna
2921 2192 3017 2246 fuit
3054 2192 3267 2247 initium
3298 2194 3522 2263 peccati,
3565 2194 3662 2248 sed

2077 2296 2242 2337 unum
2286 2282 2588 2348 hominem;
2615 2293 2705 2337 aut
2733 2291 2788 2337 ut
2815 2283 2923 2352 ipsa
2956 2298 3167 2353 quoque
3197 2284 3248 2337 in
3279 2285 3369 2337 illo
3399 2284 3660 2354 intellige-

2077 2386 2227 2428 retur
2258 2385 2478 2443 propter
2506 2390 2664 2427 uuam
2702 2390 2939 2439 carnem,
2964 2375 3217 2445 autquod
3247 2390 3276 2429 a
3328 2376 3444 2430 viro
3483 2377 3669 2446 incipit

2078 2467 2372 2535 generatio,
2406 2483 2501 2536 per
2532 2483 2690 2536 quam
2723 2468 2937 2521 volebat
2979 2466 3263 2522 ostendere
3314 2468 3365 2521 in
3407 2468 3666 2522 mundum

2080 2556 2306 2612 intrasse
2328 2567 2626 2628 peceatum.
2649 2557 2754 2612 Sed
2784 2558 3045 2622 homines,
3076 2560 3162 2627 qui
3204 2558 3382 2613 dicitis
3428 2568 3669 2614 mortem

2078 2664 2197 2717 qua:
2241 2648 2292 2702 in
2342 2659 2558 2718 peccato
2613 2657 2715 2712 est,
2748 2650 2817 2703 ob
2860 2650 3228 2716 imitationem,
3279 2666 3386 2705 non
3435 2666 3667 2720 genera—

2081 2740 2302 2806 tionem,
2336 2741 2400 2794 ad
2428 2750 2672 2809 posteros
2704 2743 3002 2804 transiissc,
3046 2757 3141 2797 cur
3168 2757 3275 2796 non
3301 2753 3486 2812 aperte
3533 2744 3670 2798 diei-

2081 2831 2149 2886 tis
2175 2832 2430 2900 baptizari
2455 2833 2506 2885 in
2529 2833 2744 2888 Christo
2774 2834 2902 2889 Jesu
2939 2833 3189 2903 parvulos
3211 2849 3313 2888 non
3348 2833 3585 2889 debere?
3610 2835 3666 2890 Si

2079 2923 2220 2976 enim
2251 2922 2551 2991 baptizandi
2582 2932 2705 2976 sunt
2731 2925 2782 2976 in
2809 2922 3044 2991 Christo,
3065 2923 3315 2993 quoniam
3347 2924 3669 2994 quicumque

2079 3014 2416 3083 baptizantur
2446 3016 2497 3068 in
2524 3013 2760 3082 Christo,
2802 3016 2853 3069 in
2899 3015 3259 3084 morlcipsius
3305 3014 3665 3085 ικιρξὶιιιιιιιπς

2082 3106 2263 3177 procul
2294 3106 2454 3161 dubio
2482 3116 2701 3176 peccato
2728 3116 2779 3161 et
2811 3107 2907 3177 ipsi
2945 3108 3244 3161 moriuntur
3271 3124 3284 3159 :
3315 3107 3441 3162 hinc
3475 3109 3668 3178 quippe

2081 3200 2653 3272 probavitApostolus,
2683 3211 2897 3269 peccato
2932 3215 3031 3255 nos
3072 3215 3192 3255 esse
3234 3210 3493 3265 mortuos,
3546 3203 3666 3271 quia

2081 3292 2133 3346 in
2164 3300 2334 3345 morte
2363 3291 2561 3345 Christi
2593 3291 2839 3360 baptizati
2868 3306 3072 3345 sumus.
3096 3291 3228 3347 Cum
3253 3292 3396 3346 enim
3426 3291 3663 3353 dixisset,

2082 3382 2143 3437 Si
2172 3382 2353 3436 mortui
2376 3398 2549 3436 sumus
2578 3392 2801 3453 peccato,
2833 3382 3083 3452 quomodo
3111 3383 3326 3436 vivemus
3352 3383 3404 3435 in
3426 3382 3523 3435 eo?
3546 3398 3663 3435 mox

2082 3482 2138 3527 ut
2166 3474 2472 3527 ostenderet
2492 3483 2730 3527 mortuos
2755 3489 2853 3527 nos
2878 3488 2997 3528 esse
3026 3483 3262 3542 peceato,
3292 3472 3370 3526 An
3405 3473 3665 3540 ignoratis,

2082 3564 2269 3634 inquit,
2297 3565 2535 3634 quoniam
2563 3566 2863 3633 quicumque
2887 3565 3129 3634 baptizati
3158 3576 3336 3618 sumus
3377 3562 3429 3617 in
3469 3561 3669 3619 Christo

2080 3656 2223 3721 Jcsu,
2271 3656 2323 3709 in
2352 3666 2511 3709 morte
2534 3656 2674 3710 illius
2715 3657 2959 3729 baptizati
2983 3656 3193 3710 sumus?
3221 3654 3472 3724 Quisquis
3517 3655 3671 3725 igitur

2082 3756 2355 3816 peccatum
2384 3764 2487 3801 non
2515 3747 2691 3811 habet,
2722 3763 2827 3801 non
2858 3758 2940 3802 est
2967 3748 3055 3802 cui
3082 3748 3096 3778 ί
3128 3748 3387 3802 moriatur
3413 3748 3466 3801 in
3498 3747 3670 3815 Bapti-

2081 3854 2200 3893 smo
2230 3843 2251 3892 :'
2275 3839 2514 3909 quisquis
2542 3847 2742 3905 autem,
2787 3853 2908 3893 cum
2938 3839 3252 3908 baptizatur,
3301 3855 3406 3894 non
3455 3849 3669 3908 peccato

2082 3931 2324 3997 moritur,
2355 3946 2459 3984 non
2486 3930 2783 3999 baptizatur
2807 3932 2857 3984 in
2887 3938 3057 3983 morte
3079 3928 3307 3996 Christi;
3333 3945 3397 3984 ac
3411 3945 3506 4000 per
3539 3929 3667 3993 hoc,

2083 4038 2189 4075 non
2212 4022 2504 4091 baptizatur
2524 4020 2573 4073 in
2592 4019 2823 4074 Christo.
2849 4019 2984 4085 Quid
3000 4020 3458 4090 tergiversamini?
3481 4020 3670 4076 Libero

2083 4113 2286 4181 aperite
2314 4110 2515 4166 inferos
2532 4119 2737 4165 vestros
2766 4128 2779 4163 :
2806 4112 2976 4164 libere
2997 4111 3062 4164 ad
3090 4126 3184 4165 vos
3211 4111 3428 4175 intrent,
3457 4111 3543 4180 qui
3573 4126 3669 4163 no.

2084 4202 2268 4255 luntin
2296 4200 2491 4256 delicto
2518 4212 2777 4266 mortuos,
2809 4203 2864 4256 in
2897 4202 3167 4272 Baptismo
3189 4201 3445 4257 viviticari
3478 4216 3669 4272 parvu~

2084 4293 2166 4347 los
2191 4302 2336 4347 suos.

2153 4383 2430 4441 CLXXIV.
2464 4383 2581 4439 ιω..
2610 4385 2897 4454 Postquam
2951 4386 3094 4438 enim
3142 4384 3370 4451 dixerat,
3412 4385 3465 4437 in
3501 4400 3673 4437 omnes

2084 4478 2309 4532 homines
2336 4477 2626 4547 pertransiit
2646 4492 2664 4540 ;
2687 4477 2921 4531 subdidit
2943 4476 3142 4535 statim,
3165 4476 3216 4529 in
3238 4492 3337 4547 quo
3365 4492 3536 4529 omnes
3557 4490 3674 4545 pec-

2084 4578 2318 4622 caverunt
2348 4586 2367 4624 :
2396 4569 2515 4635 hoc,
2545 4571 2597 4622 in
2626 4585 2725 4637 quo
2757 4585 2928 4621 omnes
2956 4575 3303 4636 peccaverunt,
3356 4567 3486 4620 nihil
3533 4566 3672 4621 aliud

2085 4659 2301 4719 indicat,
2331 4675 2488 4729 quam
2540 4660 2659 4728 quia
2715 4674 2904 4714 omnes
2955 4665 3329 4727 peccaverunt,
3380 4656 3673 4712 secundum

2085 4750 2213 4805 illud
2246 4751 2551 4805 Davidicum
2589 4769 2602 4805 τ
2637 4750 2700 4804 ln
2731 4767 2828 4820 quo
2879 4751 3085 4821 corrigit
3130 4750 3494 4804 adolescentior
3546 4750 3676 4801 viam

2040 4853 2047 4861 '
2082 4860 2228 4899 suam
2244 4845 2269 4897 .9
2296 4844 2346 4899 id
2371 4854 2472 4911 ρει,
2496 4844 2765 4914 quomodo
2790 4844 3009 4913 corrigit
3036 4843 3175 4897 viam
3203 4842 3391 4897 suam?
3416 4840 3479 4895 In
3504 4851 3675 4894 custo-

2084 4937 2266 4991 diendo
2291 4953 2543 4992 sermones
2579 4947 2688 4991 (nos
2709 4936 2879 5007 (Psal.
2902 4952 3083 5002 cxvnt,
3109 4936 3186 5005 9).
3214 4934 3269 4989 In
3301 4950 3366 4989 eo
3395 4950 3523 5004 ergo
3552 4949 3674 4988 cor-

2085 5028 2181 5097 rigi
2211 5029 2420 5094 dicitur,
2452 5044 2547 5099 per
2565 5029 2702 5099 quod
2732 5037 2787 5082 et
2809 5028 3112 5098 corrigitur.
3133 5025 3206 5080 lta
3230 5035 3284 5081 et
3312 5027 3604 5096 Apostolus
3627 5028 3675 5080 in

2083 5137 2148 5177 eo
2199 5122 2330 5176 dixit
2356 5123 2723 5190 pertransiisse
2753 5130 2999 5185 mortem,
3026 5121 3077 5174 in
3121 5135 3227 5189 quo
3249 5135 3434 5174 ounies
3467 5122 3676 5191 propria

2085 5212 2358 5266 voluntate
2386 5222 2743 5281 peccaverunt
2768 5231 2781 5266 :
2813 5229 2916 5267 non
2946 5221 2997 5266 ut
3019 5212 3138 5275 hoc,
3169 5212 3219 5265 in
3236 5228 3357 5279 quo,
3377 5210 3675 5273 autAdam,

2084 5312 2174 5357 aut
2203 5314 2475 5374 peccatum
2507 5304 2746 5357 videatur
2768 5304 3079 5369 osmndere;
3129 5302 3224 5357 sed
3256 5303 3307 5356 in
3350 5319 3448 5373 quo
3492 5315 3678 5354 Otones

2085 5402 2365 5462 pet-cantes
2392 5392 2709 5463 intelligatur
2732 5393 3056 5462 exprimere.

2158 5483 2476 5551 Ano.Apcri
2530 5482 2718 5536 oculos
2750 5500 2761 5534 :
2793 5484 2844 5536 in
2902 5482 3071 5537 Adam
3119 5496 3306 5537 on'tnes
3355 5482 3674 5545 moriuntur,

2086 5572 2137 5625 in
2168 5588 2271 5640 quo
2298 5573 2340 5626 si
2375 5589 2476 5625 non
2507 5580 2627 5626 sunt
2655 5573 2848 5626 mortui
2877 5574 3109 5642 parvuli,
3146 5590 3241 5628 nee
3273 5574 3322 5628 in
3351 5573 3566 5628 ChriSto
3595 5589 3675 5626 Vt-

2153 5750 2163 5779 ι
2202 5748 2338 5804 mliti,
2370 5761 2470 5798 rur.
2518 5750 2681 5799 uellus
2708 5759 2783 5799 ηδ.
2811 5758 2942 5809 λιιι..
2967 5752 3060 5803 cui.
