3962 6180
322 325 447 381 I217

320 438 603 497 rilicanlur,
626 433 813 503 utquid
834 448 954 488 cum
980 432 1058 487 eis
1080 432 1146 487 ad
1166 430 1494 499 Baptismum
1522 425 1864 480 viviﬁcatoris

315 541 364 584 et
387 527 662 582 salvatoris
690 525 1029 580 simulatione
1057 523 1340 578 damnabili
1367 520 1606 581 curritis,
1636 532 1771 586 quos
1794 514 1869 567 vi-

263 641 271 647 -
319 637 405 674 vos
448 634 711 687 sanesque
740 615 1017 671 clamando
1058 616 1073 645 ¹
1109 612 1368 674 vivificari
1419 610 1706 678 sanarique
1752 623 1859 661 non

322 712 512 766 milis?

370 797 707 855 CLXXV'.——
730 796 846 852 JUL.
875 794 1075 850 Omnes
1117 804 1299 849 autem
1330 809 1429 864 pro
1481 790 1668 845 multis
1705 789 1864 859 poni,

304 891 576 945 innumera
591 888 990 959 Scripturarum
1003 887 1245 956 exempla
1270 893 1559 946 testantur,
1575 882 1868 937 secundum

304 978 445 1041 illud,
473 975 661 1030 Omnes
688 974 1092 1039 declinaverunt,
1114 974 1271 1028 simul
1306 972 1518 1028 inutiles
1553 972 1680 1042 facti
1707 978 1870 1023 sunt:

302 1078 353 1123 et
377 1076 696 1137 postpauca,
714 1065 816 1133 Qui
830 1065 1097 1132 devorant,
1114 1067 1307 1135 inquit,
1337 1064 1534 1135 plebem
1566 1078 1752 1125 meam,
1769 1061 1868 1113 sic-

307 1167 357 1211 ut
389 1158 561 1211 cibum
588 1157 739 1228 panis
763 1154 933 1227 (Psal.
964 1170 1061 1208 xm
1082 1195 1095 1220 ,
1126 1154 1180 1219 5,
1208 1153 1295 1224 4);
1336 1151 1624 1223 ostendens
1662 1151 1730 1203 ab
1761 1147 1865 1201 illis

303 1251 566 1311 omnibus,
594 1263 729 1317 quos
763 1246 965 1301 malum
988 1247 1429 1316 pronuntiaverat
1461 1242 1696 1314 Operari,
1726 1241 1869 1295 hanc

296 1338 495 1406 plebem
525 1335 686 1389 fuisse
711 1333 1017 1388 discretam.
1050 1329 1105 1383 In
1164 1329 1451 1395 Evangelii)
1501 1325 1752 1386 refertur,
1808 1320 1870 1373 Et

293 1427 537 1480 clamabat
588 1424 749 1478 omnis
791 1420 1007 1491 populus
1040 1416 1365 1487 :Cruci/ige!
1388 1414 1624 1482 cruci/ige
1657 1410 1867 1484 (Matth.

293 1533 451 1580 xxvn,
503 1516 596 1581 25,
636 1524 686 1567 et
712 1512 1012 1577 Luc.x.\m,
1039 1508 1163 1579 2|)!
1206 1507 1271 1561 Et
1306 1516 1481 1561 tamen
1528 1502 1872 1573 generalitate

294 1608 432 1660 verbi
456 1606 615 1675 hujus
647 1616 974 1673 nequaquam
1005 1610 1093 1653 aut
1133 1597 1395 1667 Apostoli,
1418 1603 1507 1647 aut
1529 1592 1868 1655 Nicodemus,

291 1710 376 1754 aut
401 1700 601 1753 sancti:
628 1698 878 1751 mulieres
902 1692 1255 1748 includuntur.
1290 1689 1385 1742 Hic
1413 1687 1524 1755 ipse
1560 1682 1869 1753 Apostolus,

292 1809 422 1863 quos
453 1807 597 1847 nunc
645 1791 774 1846 dixit
806 1802 1011 1845 omnes,
1041 1786 1198 1856 paulo
1230 1792 1348 1853 post
1391 1781 1585 1836 multos
1612 1777 1869 1831 nominat.

360 1887 496 1941 Anc.
532 1883 610 1938 Ad
634 1880 858 1950 hocjam
899 1890 1210 1948 responsum
1266 1882 1368 1938 est,
1422 1886 1529 1925 non
1579 1882 1875 1937 repugnare

291 1977 540 2030 omnibus
594 1975 809 2037 multos,
852 1971 973 2041 quia
1029 1964 1135 2037 ipsi
1176 1981 1363 2021 omnes
1412 1980 1516 2018 non
1565 1961 1738 2032 pauci,
1782 1959 1875 2013 sed

292 2069 440 2121 multi
465 2075 607 2121 sunt.
641 2063 865 2133 Ethnod
896 2062 962 2116 de
987 2061 1195 2115 Psalmo
1216 2054 1665 2118 commemorasti,
1694 2052 1878 2105 Omnes

290 2160 712 2220 declinaverunt,
792 2152 943 2207 simul
990 2150 1196 2203 inutiles
1248 2148 1370 2216 {acti
1443 2154 1592 2207 sunt;
1665 2155 1880 2210 prorsus

289 2263 483 2301 verum
529 2244 812 2299 estzlilios
855 2240 1049 2310 quippe
1098 2238 1393 2296 hominum,
1436 2234 1525 2303 qui
1573 2231 1879 2285 declinave-

292 2346 426 2389 runt
467 2347 673 2396 omnes,
729 2329 978 2384 discrevit
1022 2341 1052 2380 a
1097 2326 1219 2380 filiis
1268 2324 1400 2389 Dei,
1454 2336 1588 2392 quos
1641 2335 1744 2374 non
1785 2320 1881 2372 de-

289 2427 558 2482 clinantes
621 2421 985 2484 devorabam;
1035 2420 1175 2472 Deus
1225 2416 1367 2472 enim
1432 2414 1666 2482 respexit
1720 2426 1883 2478 super

294 2520 430 2573 lilios
486 2512 891 2570 hominum:hi
951 2524 1137 2563 omnes
1192 2507 1628 2566 declinaverunt;
1684 2502 1750 2556 ab
1803 2502 1883 2555 eis

297 2609 493 2680 quippe
523 2604 729 2675 excepti
756 2614 875 2658 sunt
896 2601 984 2655 lilii
1007 2599 1119 2653 Dei.
1147 2599 1220 2652 Ex
1251 2596 1331 2649 his
1353 2609 1479 2665 ergo
1499 2591 1882 2647 declinantibus

296 2699 550 2754 omnibus
581 2695 1013 2759 liliishominum,
1038 2698 1154 2746 crat
1175 2688 1332 2743 etiam
1350 2687 1436 2741 ille
1457 2685 1630 2740 omnis
1660 2682 1882 2752 populus

295 2796 378 2864 qui
424 2784 1046 2855 clamabat:Cruciﬁge!
1092 2781 1363 2851 cruci/iga!
1386 2778 1465 2831 Ad
1510 2776 1649 2831 hunc
1690 2776 1883 2845 quippe

296 2885 554 2956 populum
584 2882 726 2936 nullo
756 2878 915 2933 modo
942 2876 1039 2941 illi,
1071 2870 1377 2944 quijam.in
1406 2867 1673 2923 Christum
1713 2864 1887 2919 credi-

297 2953 511 3041 derant,
566 2970 922 3044 pertinebant.
956 2967 1089 3020 llinc
1147 2975 1196 3017 te
1233 2972 1385 3023 exue,
1425 2959 1467 3013 si
1509 2965 1675 3026 potes,
1743 2953 1886 3025 quod

299 3086 422 3123 unus
455 3084 553 3138 pro
596 3064 825 3119 omnibus
869 3068 1097 3113 mortuus
1125 3062 1231 3119 est;
1261 3060 1316 3107 et
1357 3048 1492 3104 aude
1540 3048 1734 3109 dicere,
1781 3059 1886 3098 non

302 3137 493 3216 omnes
523 3166 781 3220 mortuos,
814 3167 912 3222 pro
969 3148 1160 3218 quibus
1204 3151 1446 3198 mortuus
1484 3148 1563 3193 est
1612 3137 1886 3199 Christus;

301 3270 416 3309 tum
450 3252 638 3306 statim
666 3246 760 3304 tibi
781 3241 1067 3315 Apostolus
1094 3238 1271 3292 fauces
1298 3239 1522 3303 premat,
1551 3238 1602 3284 et
1628 3228 1893 3297 opprimat

312 3342 726 3401 audacissimam
778 3348 985 3399 vocem,
1050 3328 1173 3400 quid
1228 3330 1539 3394 sequeretur
1582 3316 1898 3391 ostendens,

305 3447 356 3492 et
382 3437 595 3497 dicens,
630 3431 762 3501 Ergo
788 3442 958 3482 omnes
1001 3420 1186 3476 mortui
1205 3426 1342 3472 sunt.
1387 3413 1506 3469 Noli
1555 3412 1633 3467 sic
1677 3409 1895 3464 laudare

310 3494 660 3598 Apostolurn;
700 3494 821 3574 ⁷ηοιὶ
872 3516 948 3570 sic
992 3525 1281 3582 exponere,
1331 3514 1388 3560 ut
1418 3504 1554 3558 nolis
1598 3496 1800 3563 audire,
1832 3494 1893 3551 δί

309 3587 432 3671 unus
496 3629 586 3685 pro
634 3608 863 3666 omnibus
916 3614 1141 3659 mortuus
1193 3609 1283 3664 est,
1341 3613 1456 3666 ergo
1501 3608 1670 3647 omnes
1712 3587 1896 3643 mortui

312 3721 421 3764 sunt
452 3706 520 3777 (Il
550 3705 666 3760 Cor.
688 3719 744 3770 v,
776 3701 864 3767 l4,
891 3694 1082 3769 lS}.In
1128 3694 1224 3746 hos
1256 3703 1440 3744 omnes
1468 3689 1488 3717 '
1522 3699 1640 3739 cum
1683 3689 1899 3751 peccato

317 3774 473 3855 mors
495 3782 819 3868 pertransiit,
843 3805 938 3860 per
964 3788 1108 3840 illum
1137 3784 1188 3837 in
1219 3795 1325 3851 quo
1354 3791 1540 3831 omnes
1562 3774 1859 3828 moriuntur
1882 3787 1913 3833 τη

317 3892 385 3947 ibi
398 3867 531 3948 sunt
552 3898 606 3944 et
631 3884 855 3955 parvuli,
883 3879 1004 3951 quia
1035 3886 1087 3931 et
1118 3887 1212 3945 pro
1243 3870 1369 3941 ipsis
1397 3867 1639 3922 Christus
1664 3870 1902 3916 mortuus

319 3992 440 4037 rst:
481 3980 569 4050 qui
610 3951 891 4047 propterea
937 3982 1035 4039 pro
1077 3963 1324 4020 omnibus
1365 3966 1607 4013 mortuus
1645 3962 1745 4011 est.
1779 3951 1899 4021 quia

320 4040 515 4128 omnes
539 4040 729 4124 mdrtui
757 4071 898 4120 sunt.
926 4054 1188 4129 Quidquid
1217 4047 1625 4122 argumentcris,
1647 4040 1903 4114 quidquid

325 4160 700 4236 tergiverseris
721 4157 762 4223 ³,
785 4149 1039 4225 quidquid
1063 4144 1478 4218 apostolicorum
1499 4137 1780 4192 verborum
1810 4145 1903 4185 co-

326 4228 469 4312 neris
490 4261 731 4309 evertere
757 4248 870 4302 sive
894 4248 1215 4314 pervertere,
1245 4251 1274 4289 a
1295 4241 1464 4288 morte
1480 4244 1596 4299 quae
1618 4228 1670 4280 in
1690 4230 1905 4295 peccato

327 4359 424 4413 est,
457 4343 708 4416 parvulos
729 4353 833 4393 non
865 4313 1099 4389 ostendis
1127 4329 1387 4381 immunes
1425 4337 1438 4374 :
1469 4319 1590 4390 quia
1612 4328 1665 4372 et
1703 4329 1797 4386 pro
1827 4313 1906 4399 eis

327 4414 599 4493 Christum
629 4439 895 4485 mortuum
927 4435 1121 4492 negare
1149 4432 1252 4472 non
1285 4414 1467 4468 audes.

398 4522 678 4584 LLXXVI.
737 4519 856 4573 .lttL.
918 4511 1051 4581 Quid
1114 4523 1240 4576 ergo
1293 4504 1559 4574 egerimus
1621 4502 1904 4564 appareat;

333 4635 525 4681 omnes.
554 4613 807 4686 plurimos
836 4602 1119 4674 Apostolus
1145 4598 1306 4658 dixit;
1339 4605 1471 4662 quos
1499 4590 1618 4643 ideo
1645 4586 1717 4640 ait
1744 4585 1910 4638 obno-

337 4713 452 4764 xios
479 4682 657 4770 morti,
696 4699 945 4771 quoniam
981 4692 1251 4745 voluntate
1284 4682 1497 4753 pmpria
1535 4682 1908 4748 peccaverunt.

339 4802 449 4856 Non
480 4798 638 4870 igitur
657 4788 932 4861 originale.
952 4782 1047 4838 sed
1064 4775 1417 4834 voluntarium
1436 4771 1638 4826 crimen
1666 4772 1911 4821 accusat:

342 4903 391 4946 et
417 4858 600 4945 revera
632 4858 761 4938 nihil
790 4875 931 4931 aliud
953 4872 1189 4927 indicant
1208 4866 1388 4929 verba,
1421 4862 1463 4916 si
1496 4874 1678 4915 eorum
1711 4858 1840 4909 lides
1861 4863 1916 4908 et

346 4980 637 5050 proprietas
661 4968 1008 5041 expendatur.
1036 4961 1166 5015 Nam
1197 4959 1240 5013 si
1267 4962 1540 5028 peccatum
1564 4949 1806 5003 crederet
1849 4945 1913 4997 ad

346 5036 585 5143 posieros
604 5060 944 5137 generatione
972 5052 1265 5112 transiisse,
1290 5047 1341 5101 id
1366 5055 1468 5109 est,
1497 5042 1562 5097 ad
1590 5056 1683 5095 eos
1709 5039 1796 5107 qui
1846 5036 1917 5089 ibi

346 5130 449 5221 non
513 5130 750 5220 fuerant,
793 5153 861 5207 ab
928 5150 1019 5204 illo
1052 5145 1213 5200 fuisse
1263 5139 1578 5210 jaculatum,
1640 5130 1919 5183 falsissime

347 5270 534 5313 omnes
562 5261 811 5323 peccasse
835 5238 1220 5314 pronuntiaret.

420 5314 801 5402 Aue.'Posscni
838 5334 929 5388 tibi
956 5331 1155 5385 dicere.
1179 5318 1454 5389 Quomodo
1476 5314 1643 5371 secuti
1677 5320 1799 5366 sunt
1828 5323 1925 5379 po-

352 5439 476 5495 steri
508 5435 672 5491 Adam
699 5424 965 5501 peccantis
994 5417 1316 5488 exemplum,
1341 5411 1428 5481 qui
1462 5424 1565 5463 non
1585 5405 1665 5459 ibi
1692 5405 1920 5464 fuerunt,

1926 5219 1987 5228 δῇ

422 5606 437 5636 ¹
471 5604 546 5652 sic
564 5604 673 5648 I53.
697 5592 819 5643 ιεᾱίιὶ
843 5596 1024 5643 autem,
1049 5576 1343 5652 liminando.

421 5633 440 5698 δ
833 5633 1039 5705 additur,
1055 5633 1146 5709 qui
1178 5636 1354 5693 mortui
1375 5639 1498 5686 sum.
1528 5633 1674 5681 Abest
1711 5643 1739 5679 a
1761 5640 1931 5677 manu-

361 5728 561 5783 milus'
785 5779 796 5783 _
856 5777 866 5783 .
959 5772 971 5783 ι.
992 5771 1018 5783 ι.
1039 5769 1067 5783 ν
1088 5780 1177 5783 ﬂ.--
1249 5757 1479 5783 _-.:,l,....’.l
1508 5750 1805 5783 σαι-νήπιονρῃγὸ

426 5757 896 5838 ίιέῗίηειιλυισὶιτιίε
917 5769 1209 5821 addidimus.
1244 5757 1479 5827 quidquid
1506 5757 1847 5818 tergiversaris.

1585 309 1783 368 LIBlill
1823 304 2199 361 SECUNDUS.

3410 312 3543 366 ωε

1981 435 2077 473 nec
2098 422 2268 490 ipsum
2297 430 2568 490 pecudum
2607 423 2687 477 vel
2717 423 2979 487 viderunt,
3002 423 3081 478 vel
3117 406 3419 492 audierunt,
3465 426 3548 480 vel

1978 512 2349 568 crediderunt?
2377 513 2480 569 Sed
2503 532 2607 568 non
2636 515 2736 570 hoc
2761 515 2882 570 dico
2910 533 2922 567 :
2961 535 2979 566 ‹
3017 516 3138 569 Fuit
3179 515 3322 569 enim
3346 515 3546 579 Adam,

1978 614 2029 656 et
2053 604 2103 657 in
2136 604 2222 657 illo
2246 604 2443 660 fuimus
2471 620 2684 669 omnes;
2712 606 2867 674 periit
2891 606 3079 671 Adam,
3107 608 3229 661 etin
3257 606 3347 660 illo
3364 622 3550 662 omnes

1978 696 2246 765 perierunt
2274 698 2286 727 ¹
2324 713 2337 748 :
2365 706 2579 765 propter
2609 699 2749 766 quod
2784 699 2834 751 in
2872 699 2962 753 illo
2988 714 3174 753 omnes
3196 699 3493 753 moriuntur
3522 719 3540 750 ι

1981 786 2308 856 (Ambrosius,
2338 787 2424 840 lib.
2454 790 2482 839 'i
2516 789 2566 840 in
2615 787 2735 841 Luc.
2765 804 2852 852 xv,
2895 788 3010 859 9-4).
3051 790 3358 859 Apostolum
3395 789 3551 842 audi-

1976 879 2306 946 apertissime
2329 879 2652 948 loquentem,
2688 894 2790 932 non
2823 888 2873 932 te
2898 880 3286 934 tortuosissime
3317 879 3554 949 garrienv

1978 978 2103 1022 lem.
2920 994 2936 1004 ρ

2047 1058 2349 1113 CLXXHI.
2374 1058 2490 1113 .IL'L.
2515 1058 2664 1126 Quod
2701 1060 2842 1113 enim
2872 1075 3010 1113 unus
3038 1059 3179 1123 facit,
3210 1068 3262 1114 et
3303 1058 3367 1113 ad
3421 1060 3553 1113 alios

1977 1149 2174 1218 dirigit,
2212 1165 2316 1202 non
2371 1164 2498 1203 vcre
2534 1149 2635 1202 hoc
2681 1163 2869 1203 oumes
2923 1148 3113 1203 fecisse
3153 1148 3438 1202 dicuntur:
3467 1159 3556 1201 aut

1978 1242 2119 1295 enim
2152 1240 2455 1310 pertransiit
2478 1241 2544 1293 ad
2569 1255 2682 1311 eos,
2706 1240 2880 1308 etipsi
2913 1256 3017 1293 non
3044 1250 3432 1308 peccaverunt;
3463 1250 3556 1292 aut

1981 1332 2077 1402 ipsi
2107 1340 2478 1401 peccaverunt,
2509 1344 2613 1401 quo
2635 1346 2881 1385 sermone
2918 1331 3184 1397 negotium
3223 1329 3555 1398 operationis

1978 1422 2312 1491 exprimitur,
2339 1430 2393 1476 et
2417 1422 2483 1475 ad
2504 1436 2598 1476 eos
2639 1437 2742 1476 non
2773 1421 3077 1492 pertransiit
3118 1420 3217 1475 nisi
3262 1420 3557 1474 imitatione

1979 1515 2111 1569 sola.

2050 1606 2186 1660 Anc.
2209 1603 2264 1659 Si
2286 1604 2405 1674 quis
2454 1603 2859 1672 intemperantia
2894 1603 2994 1656 sibi
3047 1602 3332 1672 podagram
3378 1600 3555 1665 faciat,

1980 1711 2203 1764 eamque
2230 1694 2549 1749 transmittat
2588 1695 2639 1748 in
2665 1693 2820 1756 (ilios,
2866 1693 3007 1762 quod
3045 1708 3185 1761 smpe
3226 1692 3484 1760 contingit
3509 1691 3555 1753 ’ς

1982 1801 2159 1840 nonne
2186 1797 2329 1840 recte
2373 1785 2584 1850 dicitur,
2628 1786 2677 1837 in
2718 1800 2812 1839 eos
2843 1784 2971 1838 illud
3002 1784 3183 1837 vitium
3227 1783 3294 1837 de
3344 1792 3560 1852 parente

1985 1877 2292 1932 transiisse?
2322 1876 2468 1947 Ipsos
2489 1892 2698 1946 quoque
2726 1875 2829 1930 hoc
2859 1874 2909 1930 iu
2944 1883 3163 1945 parente
3187 1873 3402 1936 fecisse,
3427 1887 3562 1940 quo-

1985 1971 2125 2023 niam
2156 1969 2367 2037 quando
2397 1971 2511 2037 ipse
2556 1967 2704 2027 fecit,
2732 1969 2783 2020 in
2830 1967 2920 2021 illo
2950 1966 3191 2030 fuerunt;
3244 1979 3306 2018 ac
3331 1964 3408 2018 sic
3461 1960 3561 2031 ipsi

1985 2061 2255 2129 atqueille
2280 2059 2454 2112 adhuc
2502 2072 2637 2112 unus
2694 2056 2940 2110 fuerunt?
2986 2059 3222 2110 fecerunt
3259 2070 3407 2123 ergo,
3455 2068 3560 2105 non

1987 2152 2194 2204 actione
2219 2150 2513 2213 hominum,
2550 2147 2643 2200 sed
2691 2148 2893 2201 ratiOne
2915 2146 3023 2214 jam
3076 2146 3361 2199 seminum.
3411 2143 3561 2211 Quod

1988 2259 2115 2314 ergo
2142 2243 2423 2312 aliquoties
2453 2241 2718 2294 invenitur
2749 2240 2799 2292 in
2831 2239 3072 2307 corporis
3098 2237 3318 2300 morbis,
3373 2235 3474 2289 hoc
3511 2237 3564 2288 in

1990 2336 2080 2390 illo
2111 2335 2268 2388 unius
2294 2333 2315 2362 ³
2354 2333 2506 2402 primi
2538 2330 2792 2400 genitoris
2841 2329 3055 2397 antiquo
3100 2341 3393 2397 magnoque
3450 2340 3570 2393 pec-

1989 2438 2132 2490 cato,
2166 2442 2270 2494 quo
2293 2434 2480 2478 natura
2515 2422 2741 2475 humana
2772 2422 3015 2475 universa
3042 2419 3222 2472 vitiata
3249 2427 3346 2483 est,
3376 2417 3569 2470 factum

1990 2533 2109 2571 esse
2140 2522 2385 2577 noverat,
2416 2513 2504 2583 qui
2555 2512 2878 2565 lucidissima
2911 2511 3200 2574 locutione,
3261 2525 3420 2579 quam
3464 2523 3570 2583 _vos

1990 2607 2253 2663 conamini
2279 2606 2571 2669 tenebrare,
2592 2602 2821 2668 diccbat,
2851 2603 2951 2654 Per
2980 2617 3135 2653 unum
3173 2600 3422 2655 hominem
3449 2575 3571 2666 pec-

1982 2708 2156 2752 'calum
2182 2697 2385 2750 intrarit
2409 2694 2429 2725 ‘
2457 2696 2508 2747 in
2541 2695 2804 2758 mundum,
2832 2702 2877 2746 et
2904 2709 2990 2761 per
3019 2700 3276 2761 peccatum
3325 2707 3488 2753 mors;
3519 2698 3565 2741 et

1989 2790 2061 2843 ita
2088 2790 2141 2841 in
2168 2804 2339 2842 omnes
2364 2785 2586 2839 homines
2607 2784 2891 2856 petransiit,
2932 2783 2984 2835 in
3019 2798 3115 2852 quo
3138 2796 3310 2833 omnes
3340 2795 3575 2849 peccare-

1991 2890 2107 2935 runt
2134 2880 2306 2947 (Rom.
2336 2895 2389 2944 v,
2419 2879 2528 2947 l2).
2553 2876 2786 2932 Gratiam
2832 2876 3027 2945 quippe
3052 2872 3250 2926 Christi
3297 2887 3573 2926 commen-

1994 2976 2123 3030 dare
2153 2972 2472 3037 intenderat,
2499 2986 2529 3024 a
2578 2968 2845 3025 contrario
2887 2968 3108 3020 formam
3136 2964 3491 3026 constituens,
3524 2967 3578 3015 et

1994 3062 2416 3135 regenerationis
2449 3061 2742 3131 principem
2782 3056 3007 3127 principi
3058 3053 3423 3125 generationis
3479 3065 3575 3120 op—

1997 3168 2222 3225 pauens.

2069 3240 2388 3299 CLXXVIII.
2419 3240 2538 3295 JUL.
2575 3237 2703 3292 Illud
2726 3245 2899 3291 autem
2929 3235 3069 3305 quod
3093 3243 3143 3288 te
3168 3248 3435 3302 opponere
3456 3246 3575 3285 cre-

1999 3337 2179 3392 didisti
2200 3377 2215 3403 ,
2249 3336 2332 3390 vel
2363 3335 2413 3387 in
2444 3333 2545 3386 isto
2575 3332 2742 3395 libro,
2775 3328 2860 3384 cui
2888 3342 3028 3381 nunc
3059 3324 3356 3395 respondeo
3378 3366 3390 3387 ,
3421 3324 3501 3376 vel
3525 3323 3579 3375 in

2003 3429 2083 3484 bis
2129 3442 2262 3498 quos
2299 3425 2366 3479 ad
2406 3423 2768 3478 Marcellinum
2800 3420 3124 3488 scripseras,
3153 3425 3263 3471 tum
3309 3414 3583 3469 transiisse

2001 3527 2307 3590 peccatum,
2345 3533 2364 3568 ι
2401 3514 2614 3586 quando
2649 3526 2837 3567 omnes
2872 3510 3151 3573 homines,
3190 3525 3208 3559 ι
3245 3516 3299 3561 ut
3331 3507 3433 3560 tuis
3457 3520 3580 3558 ver-

2001 3608 2082 3664 bis
2108 3615 2260 3670 utar,
2298 3624 2317 3658 ι
2356 3606 2443 3660 ille
2468 3618 2606 3658 unus
2632 3602 2843 3658 fuerunt
2879 3620 2897 3653 ι
2935 3598 3033 3682 (De
3066 3598 3391 3651 Peccalorum
3426 3594 3584 3647 Meri-

1999 3702 2085 3765 tis,
2114 3709 2158 3753 et
2185 3697 2515 3761 Remissione,
2546 3695 2634 3750 lib.
2668 3695 2715 3759 l,
2748 3711 2802 3748 η.
2836 3692 2959 3763 ll);
2987 3692 3104 3746 sine
3145 3690 3459 3745 difficultate
3489 3703 3582 3741 ve-

2005 3791 2131 3842 ritas
2157 3788 2383 3853 deterit,
2414 3797 2468 3841 et
2496 3785 2729 3840 irrisioni
2752 3784 2963 3853 cujusce
2986 3783 3007 3815 ⁸
3038 3782 3314 3852 prudentis
3340 3778 3582 3849 exponit.

2005 3879 2137 3934 Nam
2183 3880 2270 3934 tali
2310 3884 2623 3947 argumento
2670 3884 2864 3944 praeter
2905 3874 3228 3940 impietatem
3274 3881 3416 3924 tuam
3456 3867 3588 3923 nihil

2007 3966 2149 4024 aliud
2180 3969 2473 4031 indicatur;
2503 3965 2827 4033 impietatem
2847 4004 2861 4029 ,
2894 3966 3106 4031 inquam
3127 4001 3142 4027 ,
3173 3975 3274 4029 qua
3310 3959 3485 4014 credis
3514 3958 3587 4012 ita

2010 4077 2128 4118 esse
2149 4061 2442 4115 animarum
2483 4055 2790 4119 traducem,
2818 4054 2871 4107 in
2900 4052 3212 4107 Tertulliani
3243 4049 3368 4103 olim
3395 4060 3449 4104 et
3476 4049 3588 4103 Ma-

2012 4154 2198 4209 nichaei
2226 4151 2541 4224 profanitate
2565 4148 2863 4201 damnatam
2884 4187 2898 4210 ,
2929 4144 3064 4197 sicut
3089 4151 3169 4197 est
3193 4142 3353 4196 etiam
3395 4156 3589 4209 corpo-

2012 4262 2129 4301 rum
2159 4245 2342 4319 tradux
2379 4260 2391 4297 :
2424 4240 2564 4313 quod
2610 4250 2713 4293 tam
2750 4237 3008 4292 nefarium
3036 4243 3150 4299 est,
3184 4244 3240 4288 ut
3277 4249 3397 4287 cum
3428 4249 3457 4287 a
3488 4248 3589 4286 no-

2013 4341 2094 4395 bis
2134 4340 2185 4393 iu
2216 4354 2276 4393 ea
2304 4337 2522 4406 epistola
2544 4377 2557 4400 ,
2590 4349 2745 4404 quam
2777 4333 2842 4386 ad
2883 4331 3151 4385 Orientem
3186 4330 3460 4393 misimus,
3492 4342 3589 4382 v0—

2017 4432 2098 4485 bis
2126 4422 2309 4484 fuisset
2350 4427 2611 4497 objectnm
2633 4466 2649 4490 ,
2675 4434 2727 4478 tn
2756 4424 2809 4477 in
2836 4422 2917 4476 his
2940 4422 3116 4488 libris,
3150 4436 3283 4490 quos
3322 4436 3491 4489 nuper
3526 4420 3591 4472 ad

2017 4522 2343 4578 Bonifacium
2377 4518 2587 4581 misisti,
2615 4512 2855 4584 negando
2884 4528 2913 4565 a
2946 4521 2998 4566 te
3023 4511 3331 4580 prepulsare
3363 4509 3589 4563 coneris.

2018 4613 2112 4667 Ais
2141 4612 2279 4666 enim
2303 4652 2317 4674 ,
2355 4627 2374 4660 ‹
2412 4608 2603 4661 Dicunt
2637 4613 2811 4657 autem
2844 4617 2942 4656 nos
2987 4601 3281 4655 animarum
3323 4599 3591 4654 traducem

2018 4701 2295 4763 conﬁteri;
2330 4696 2468 4767 quod
2496 4697 2547 4749 in
2575 4694 2724 4764 cujus
2746 4692 2895 4747 libris
2924 4691 3147 4762 legerint
3170 4691 3349 4745 nescio
3386 4708 3404 4741 ι
3445 4690 3595 4759 (Con-

2019 4806 2098 4848 tra
2142 4792 2267 4845 duas
2298 4787 2556 4858 Epistolas
2589 4782 3132 4855 Pelagianorum,lib.
3173 4782 3237 4845 5,
3273 4798 3325 4835 η.
3366 4780 3455 4849 ‘26)
3493 4796 3505 4831 :
3542 4789 3597 4833 ut

2021 4900 2049 4938 a
2082 4893 2132 4938 te
2159 4881 2404 4936 videlicet
2430 4878 2558 4932 nihil
2606 4876 2707 4931 dici
2749 4875 2851 4929 tale
2879 4874 3089 4942 dejeres
3108 4872 3149 4924 ⁸.
3184 4872 3350 4925 Porro
3370 4913 3384 4937 ,
3416 4880 3471 4924 ut
3501 4872 3594 4923 lid-

2023 4977 2151 5029 sitas
2172 4983 2257 5025 tua
2295 4980 2501 5025 tuorum
2524 4968 2807 5022 verborum
2834 4963 3117 5017 collatione
3143 4961 3396 5031 prodatur
3418 5002 3431 5023 ,
3462 4977 3594 5029 quo-

2025 5065 2183 5120 modo
2209 5061 2481 5117 traducem
2521 5059 2848 5119 animarum,
2878 5051 3153 5123 profanam
3181 5066 3364 5107 revera
3388 5052 3595 5120 Opinio-

2029 5172 2148 5211 nem
2172 5198 2186 5220 ,
2217 5154 2320 5208 tuis
2359 5151 2493 5206 dicis
2522 5146 2767 5202 sensibus
2806 5159 2911 5198 non
2940 5143 3140 5209 teneri;
3182 5159 3302 5199 cum
3351 5142 3597 5212 proﬁtea-

2094 5311 2112 5344 ι
2148 5297 2740 5377 εόὶιξνρεεςαυξζᾲέάῃ,
2776 5303 2827 5370 et
2840 5296 2891 5349 in
2908 5295 2992 5348 illo
3009 5308 3170 5377 anne;
3191 5297 3518 5377 ρξςςςίιξνέιμι.
3546 5299 3601 5343 At

2030 5353 2371 5430 mantistiripti,
2395 5371 2450 5414 ut
2471 5360 2594 5430 apud
2620 5353 3474 5430 Ambrosium,_pefiit..,."pe[‘ierunt.

2095 5412 2548 5497 δ”ἷῖξξῖξξξςεὴὸι-ρο
2572 5430 2624 5472 et
2646 5412 3000 5492 \‘ignierioifth
3024 5425 3093 5479 3.,
3116 5412 3325 5477 centigit.
3390 5419 3448 5459 Iit.

2099 5497 2120 5529 ³
2153 5492 2288 5548 Editi,
2313 5487 2458 5539 illius.
2483 5494 2612 5548 Mss,
2636 5487 2794 5534 unius.

2100 5559 2121 5590 δ
2154 5541 2226 5622 sic
2245 5541 2352 5622 Mss.
2379 5556 2435 5598 At
2455 5547 2569 5597 Editi
2587 5541 2607 5607 ,⁷
2627 5555 2717 5596 ρει·
2741 5541 2880 5594 tutius
2900 5541 3101 5593 hominis
3124 5542 3368 5604 peccatum
3386 5575 3399 5598 ,
3432 5550 3604 5603 pecca-

2039 5629 2137 5672 tum
2163 5618 2370 5682 intrarit.
2388 5672 2398 5682 .
2590 5676 2628 5682 __
2666 5681 2675 5682 ί
2808 5665 2818 5676 _

2106 5684 2125 5714 ⁸
2161 5678 2294 5733 Editi,
2319 5676 2564 5734 cujusque.
2590 5676 2719 5730 δίει,
2737 5677 2945 5729 cujus“.

2109 5744 2129 5773 ο
2162 5748 2208 5787 tu
2235 5746 2359 5793 διέβη
2385 5734 2592 5793 (Mures.
