3962 6180
330 302 466 358 1219

325 420 431 482 ris,
460 431 649 473 attines
667 414 913 473 homines
937 416 1083 471 illum
1122 430 1283 471 unum
1314 416 1514 471 fuisse?
1538 416 1595 471 Si
1627 417 1767 470 enim
1800 433 1904 470 non

323 508 497 566 credis
527 517 730 581 partem
773 508 966 563 animte
1008 507 1301 562 seminibus
1344 507 1632 579 illigatam;
1665 523 1771 577 quo
1815 524 1910 563 ore

322 608 512 663 scribis
538 649 552 674 ,
584 605 772 662 omnes
822 603 1067 659 homines
1112 602 1281 658 Adam
1328 603 1501 658 solum
1551 602 1751 669 fuisse,
1782 616 1906 656 cum

322 698 485 755 homo
530 699 710 769 utique
753 697 857 752 nisi
884 696 1064 751 anima
1111 704 1166 751 et
1193 710 1389 763 corpus
1429 696 1587 750 simul
1631 710 1753 752 esse
1799 710 1906 751 non

321 796 490 864 possit
509 793 533 847 ll
1390 821 1413 827 -
1574 813 1618 824 ···
1876 834 1891 838 α

391 888 527 940 Anc.
554 884 711 939 Putas
736 883 1008 939 hominem
1038 898 1143 940 non
1169 898 1328 953 posse
1357 883 1458 939 dici
1480 883 1650 943 solum
1675 880 1906 937 hominis

319 991 514 1045 corpus
542 992 556 1029 :
587 990 707 1029 cum
737 975 875 1029 scias
902 975 1072 1044 ipsum
1103 974 1295 1028 Filium
1325 974 1417 1027 Dei
1443 974 1656 1028 unicum
1678 1013 1694 1037 ,
1726 972 1909 1026 Domi-

321 1083 446 1122 num
470 1075 711 1121 nostrum
730 1066 912 1121 Jesum
933 1066 1223 1130 Christum,
1256 1066 1356 1120 sub
1386 1065 1573 1118 Pontio
1596 1064 1765 1118 I’ilato
1785 1078 1904 1117 cru-

319 1159 555 1221 cifixum,
589 1166 644 1211 et
663 1156 927 1227 sepultum
946 1198 960 1221 ,
983 1157 1119 1211 sicut
1140 1165 1246 1211 tota
1271 1155 1387 1225 ejus
1412 1153 1652 1210 Ecclesia
1678 1155 1898 1209 conme-

321 1262 442 1317 tur,
483 1258 537 1304 ct
576 1249 812 1305 hzereses
848 1249 1064 1314 multae,
1106 1248 1158 1302 in
1203 1247 1393 1317 quibus
1422 1254 1476 1301 et
1504 1255 1676 1301 vestra
1716 1254 1827 1311 est;
1852 1253 1907 1299 et

320 1353 496 1398 tamen
518 1344 690 1397 solum
711 1356 903 1411 corpus
927 1339 1120 1396 Christi
1151 1341 1416 1410 sepultum
1443 1347 1544 1394 est.
1570 1338 1757 1393 Debuit
1778 1352 1905 1408 ergo

317 1435 607 1491 secundum
628 1445 686 1490 te
713 1434 871 1489 Jcsus
893 1433 1136 1489 Christus
1161 1431 1328 1486 Filius
1356 1430 1450 1485 Dei
1472 1430 1658 1485 unicus
1681 1430 1697 1461 ⁸
1726 1429 1905 1484 Domi-

318 1544 419 1584 nus
454 1537 634 1582 noster
667 1542 773 1582 non
810 1526 913 1580 dici
955 1525 1222 1595 sepultus;
1251 1522 1500 1593 quoniam
1541 1536 1645 1575 non
1685 1536 1751 1575 cx
1789 1519 1905 1574 solo

317 1636 562 1690 corpore,
596 1618 689 1673 sed
720 1632 786 1673 ex
812 1616 987 1671 Verbo
1018 1615 1111 1669 Dei
1146 1624 1198 1669 et
1222 1615 1397 1667 anima
1427 1611 1670 1666 rationali
1700 1619 1756 1666 et
1779 1625 1902 1666 cor-

318 1727 447 1782 pore
470 1720 553 1766 est
579 1710 824 1765 Christus
854 1709 947 1764 Dei
972 1707 1138 1763 Filius
1168 1706 1356 1761 unicus
1386 1705 1647 1760 Dominus
1667 1714 1851 1759 noster
1885 1722 1899 1759 :

317 1805 409 1859 scd
432 1820 551 1858 eum
581 1804 819 1859 venisset
842 1802 907 1858 ad
934 1801 1049 1856 hac
1075 1800 1235 1855 verba
1262 1798 1549 1863 confessio,
1569 1796 1682 1854 Sub
1708 1798 1902 1852 Pontio

316 1896 485 1950 Pilato
522 1895 806 1950 crucifixus
845 1902 953 1960 est;
996 1891 1184 1962 subjici
1218 1890 1437 1957 debuit,
1470 1898 1526 1945 et
1564 1904 1756 1959 corpus
1785 1888 1903 1958 ejus

214 2024 219 2027 ν
314 1989 600 2057 sepultum.
632 1986 740 2041 Nec
765 1986 832 2042 de
866 1986 982 2054 ipso
1011 1985 1184 2054 primo
1218 1981 1455 2046 homine,
1481 1981 1550 2037 de
1576 1995 1681 2051 quo
1701 1981 1898 2051 agitur,

313 2081 492 2137 dicere
529 2080 801 2150 Scriptura
829 2079 1043 2145 debuit,
1071 2076 1246 2131 Finxit
1275 2075 1414 2130 Deus
1449 2074 1704 2128 hominem
1729 2074 1902 2144 pulve-

312 2190 418 2228 rem
453 2183 600 2228 terra:
621 2172 772 2245 (Gen.
802 2188 861 2234 ιι,
895 2172 948 2242 7)
974 2188 987 2224 :
1011 2169 1132 2241 quia
1158 2168 1332 2225 solum
1358 2166 1591 2223 hominis
1610 2179 1805 2236 corpus
1831 2179 1898 2220 ex

312 2276 452 2320 terra
487 2275 588 2321 est.
616 2263 791 2335 Ipsum
828 2263 1060 2332 denique
1089 2262 1253 2316 Deum
1290 2272 1499 2314 errasse
1523 2258 1785 2323 clamate,
1807 2255 1897 2326 qui

311 2366 536 2411 inertem
568 2355 840 2421 minando,
864 2354 997 2408 dixit
1025 2351 1249 2416 homini,
1280 2349 1442 2405 Terra
1461 2366 1534 2416 es,
1555 2358 1607 2404 et
1631 2350 1683 2403 in
1712 2357 1898 2402 (errant

309 2450 407 2502 ibis
434 2447 540 2516 (Id.
566 2464 642 2511 III,
668 2447 754 2519 I9)
786 2464 801 2501 :
825 2461 945 2500 cum
973 2444 1149 2515 potius
1173 2459 1237 2498 ex
1271 2451 1357 2496 tua
1381 2441 1621 2497 doctrina
1653 2438 1898 2495 debuerit

309 2540 509 2603 dicere,
537 2537 703 2593 Terra
728 2544 812 2591 est
838 2550 1032 2606 corpus
1061 2543 1231 2599 tuum,
1254 2535 1381 2589 etin
1409 2540 1603 2587 terram
1625 2531 1741 2586 ibit.
1763 2531 1897 2599 Quia

308 2646 437 2700 ergo
470 2648 490 2681 ι
536 2629 632 2683 fuit
660 2627 849 2692 Adam,
877 2634 932 2682 et
960 2625 1015 2681 in
1053 2625 1144 2681 illo
1179 2624 1375 2679 fuimus
1402 2637 1593 2678 omnes
1620 2642 1640 2675 ι
1667 2621 1890 2692 (Anton,

310 2722 399 2776 lib.
432 2722 498 2789 7,
526 2721 579 2774 in
606 2719 733 2773 Luc.
769 2715 984 2789 xv,24)
1005 2758 1020 2783 ,
1047 2715 1187 2788 quod
1214 2724 1341 2772 ante
1377 2728 1477 2769 nos
1512 2713 1758 2770 catholici
1794 2712 1894 2769 do-

307 2824 485 2869 ctores
506 2811 796 2867 secundum
816 2810 1118 2880 Scripturas
1137 2817 1349 2863 sanctas
1374 2806 1426 2861 in
1447 2816 1629 2862 sancta
1656 2805 1893 2861 Ecclesia

308 2904 629 2966 didicerunt,
661 2910 822 2973 atque
848 2901 1178 2966 docuerunt;
1214 2898 1337 2955 ideo
1360 2896 1497 2964 dixi,
1526 2915 1546 2950 ι
1575 2895 1777 2953 Omnes
1803 2895 1894 2951 ille

309 3010 445 3049 unus
472 2995 716 3059 fuerunt;
749 3012 767 3045 ι
799 2994 923 3063 quia
945 3001 1000 3048 et
1034 2991 1109 3047 illi
1141 2991 1269 3058 duo,
1294 2988 1562 3045 masculus
1587 2997 1642 3045 et
1669 2987 1888 3055 femina,

306 3102 411 3141 non
429 3086 539 3156 jam
566 3086 673 3141 duo
699 3092 887 3153 erant,
915 3084 1012 3140 sed
1035 3099 1141 3138 una
1170 3097 1295 3139 caro
1322 3080 1534 3152 (Matth.
1556 3097 1648 3136 XIX
1667 3122 1683 3148 ,
1712 3079 1790 3154 6).
1822 3080 1893 3136 Et

304 3194 404 3249 ego
428 3177 496 3233 de
521 3177 771 3232 omnibus
789 3177 983 3248 genitis
1006 3175 1154 3244 dixi,
1183 3177 1432 3247 quoniam
1457 3174 1671 3247 quando
1696 3188 1893 3245 pecca-

304 3281 417 3325 tum
458 3282 577 3338 est,
605 3284 794 3325 omnes
821 3269 909 3325 ille
946 3282 1085 3323 unus
1123 3266 1337 3323 fuerunt
1376 3284 1392 3322 :
1431 3265 1667 3321 nondum
1694 3265 1891 3336 quippe

306 3364 429 3418 inde
468 3362 638 3418 fuerat
666 3363 806 3417 ullus
838 3362 889 3417 in
915 3372 1142 3418 matrem
1170 3360 1527 3416 scminatione
1555 3356 1886 3423 transfusus;

305 3465 358 3510 ct
380 3456 560 3525 utique
591 3454 683 3509 filii
720 3469 750 3508 a
779 3453 907 3508 viris
933 3451 1372 3507 transfuudunlur
1394 3451 1445 3506 in
1483 3449 1730 3505 feminas.
1766 3450 1830 3504 Et
1866 3451 1888 3482 ¹

303 3546 540 3616 qualibet
563 3560 712 3615 ergo,
743 3551 799 3599 et
817 3543 1146 3614 quantalibet
1172 3549 1341 3613 parte,
1372 3554 1560 3596 omnes
1584 3540 1674 3612 qui
1703 3555 1767 3596 ex
1794 3538 1889 3595 illo

303 3640 409 3694 nati
451 3647 590 3703 sunt,
638 3638 726 3692 ille
768 3651 909 3690 unus
951 3634 1184 3701 fuerunt,
1232 3637 1346 3690 sive
1384 3632 1676 3689 secundum
1715 3632 1887 3687 solum

304 3743 535 3798 corpus,
579 3728 692 3783 sive
733 3726 1026 3781 secundum
1068 3740 1350 3797 utramque
1377 3724 1609 3781 hominis
1638 3733 1885 3795 partem;

302 3821 442 3889 quod
469 3834 555 3874 me
584 3820 790 3874 nescire
817 3817 1098 3883 conﬁteor,
1122 3832 1220 3873 nec
1241 3832 1327 3871 me
1355 3816 1538 3888 pudet,
1566 3825 1629 3872 ut
1653 3831 1771 3884 vos,
1805 3813 1887 3870 fa-

302 3910 402 3966 teri
430 3911 639 3967 nescire
662 3909 804 3981 qnod
834 3910 1014 3966 nescio
1046 3926 1063 3966 :
1096 3924 1196 3966 nec
1234 3909 1354 3965 ideo
1381 3918 1556 3965 tamen
1589 3908 1793 3974 nescio,
1819 3906 1888 3964 de

301 4001 445 4057 omni
479 4003 693 4057 homine
716 4003 973 4072 scriptum
999 4017 1139 4066 esse,
1171 4000 1341 4056 Homo
1360 4001 1568 4056 vanitati
1594 4000 1776 4056 similis
1800 3998 1887 4071 [a-

302 4106 411 4148 ctus
437 4103 550 4157 est;
579 4095 685 4149 dics
712 4095 820 4164 ejus
846 4092 984 4149 velut
1022 4093 1198 4147 umbra
1227 4102 1528 4161 prwtereunt
1555 4091 1670 4163 (Ps.
1703 4106 1883 4159 chtn,

300 4185 391 4257 4);
421 4185 545 4255 quia
565 4194 619 4239 et
641 4184 768 4239 alibi
794 4184 980 4238 eadem
1002 4192 1184 4238 sancta
1205 4182 1476 4252 Scriptura
1496 4182 1642 4248 dicit,
1673 4180 1887 4237 Verum-

301 4285 468 4330 tamen
498 4276 726 4329 universa
753 4275 947 4328 vanitas
972 4274 1135 4327 omnis
1163 4273 1312 4326 Itomo
1331 4273 1498 4327 vivens
1521 4272 1637 4345 (Ps.
1663 4288 1882 4339 xxxvm,

302 4367 357 4439 ὑ)
391 4385 403 4419 :
436 4366 575 4437 quod
597 4366 741 4436 justo
772 4365 880 4421 Deo
909 4372 1126 4421 creante
1156 4378 1262 4418 non
1290 4363 1476 4430 fleret,
1518 4363 1563 4418 si
1604 4374 1881 4434 peccatum

301 4460 558 4529 originale
587 4474 690 4512 non
720 4469 884 4514 esset.

373 4547 653 4604 CLXXIX.
694 4550 810 4617 Iun.
852 4550 1058 4606 Deinde
1085 4549 1292 4605 etiamsi
1330 4548 1432 4606 hoc
1462 4550 1635 4606 solum
1662 4548 1728 4604 ad
1762 4564 1885 4606 car-

303 4658 425 4697 nem
469 4639 698 4706 referas;
740 4656 840 4696 nec
881 4643 959 4697 sic
1003 4651 1176 4712 potest
1218 4643 1334 4699 lucc
1370 4642 1735 4714 intelligentia:
1783 4655 1885 4700 tua:

300 4735 514 4790 fatuitas
540 4735 782 4792 excusari
804 4776 819 4801 ,
850 4751 949 4806 qua
990 4737 1155 4802 dicis,
1192 4754 1211 4788 ‹
1241 4737 1439 4793 Omnes
1478 4739 1568 4793 ille
1597 4754 1733 4794 unus
1771 4738 1886 4794 fuc-

302 4838 461 4893 runt;
492 4846 512 4880 ι
542 4842 660 4883 cum
683 4842 749 4882 eo
776 4837 1013 4897 tempore
1034 4842 1139 4898 quo
1162 4830 1398 4898 peccavit
1422 4830 1614 4894 Adam,
1636 4831 1745 4901 jam
1777 4831 1885 4887 duo

300 4929 480 4973 essent
510 4919 777 4984 homines,
810 4934 915 4975 non
948 4934 1087 4975 unus
1106 4960 1121 4986 ,
1150 4918 1202 4974 id
1232 4928 1333 4986 est,
1359 4920 1472 4991 ipse
1496 4930 1551 4976 et
1580 4938 1712 4976 uxor
1731 4923 1880 4993 ejus;

300 5011 368 5065 de
395 5027 616 5081 quorum
644 5013 938 5068 substantia
957 5054 973 5079 ,
1007 5028 1111 5067 non
1141 5012 1295 5083 culpa
1319 5054 1335 5089 ,
1359 5027 1527 5083 genus
1557 5015 1832 5071 hominum
1862 5057 1878 5085 ,

300 5103 591 5159 secundum
612 5104 751 5175 quod
782 5105 920 5162 Deus
949 5107 1269 5175 instituerat,
1298 5108 1594 5178 pullulavit.

370 5195 506 5252 Ato.
546 5191 664 5250 iam
711 5195 840 5262 dixi,
886 5203 940 5250 et
972 5211 1097 5253 ecce
1134 5198 1325 5253 iterum
1361 5199 1523 5255 dico:
1558 5218 1657 5274 ego
1702 5203 1771 5259 de
1802 5204 1884 5261 his

299 5287 407 5341 dixi
433 5328 449 5354 ,
477 5305 496 5339 ε
529 5285 727 5343 Omnes
756 5286 845 5343 ille
867 5300 1004 5343 unus
1034 5289 1265 5356 fuerunt,
1303 5309 1324 5344 ι
1354 5306 1490 5361 quos
1515 5292 1687 5349 fuerat
1717 5296 1882 5351 semi-

300 5387 552 5446 naturus,
579 5377 633 5435 id
655 5386 768 5445 est,
795 5386 1145 5448 generaturus
1174 5380 1365 5437 Adam.
1392 5378 1477 5437 Ex
1503 5382 1596 5438 illo
1623 5401 1750 5454 ergo
1777 5402 1883 5442 uno

301 5469 662 5543 principaliter
683 5479 836 5527 erant
862 5471 1078 5526 tracturi
1104 5481 1384 5529 nascentes
1408 5475 1664 5546 originale
1693 5492 1884 5548 pecca-

362 5645 381 5714 ξ
418 5643 562 5716 aditi,
616 5644 782 5716 pebuit
803 5660 906 5700 esse
927 5649 1190 5716 semiudum
1221 5648 1328 5712 ejus
1351 5645 1646 5702 divinitatem
1666 5654 1883 5708 Christus

299 5703 439 5778 [iii-ns
456 5703 732 5778 Dei‘unictts
756 5718 850 5778 etc.
878 5715 1082 5761 ﬁnienda
1104 5723 1196 5763 :tur
1220 5703 1284 5763 ex
1311 5718 1566 5778 tnauuscrij
1584 5720 1663 5767 tis.

366 5766 385 5798 ⁸
417 5772 489 5817 Sic
513 5774 617 5817 Mss.
641 5775 692 5816 Αι
718 5768 858 5829 editi,
896 5785 974 5821 ex.

997 303 1241 360 OPERIS
1279 254 1693 358 IMPEDFECTI
1732 301 2007 358 CONTRA
2047 300 2413 368 JULIANUM,
2456 302 2512 358 S.
2557 302 2924 361 AUGUSTINI

3466 314 3599 372 12ἰο

2026 446 2134 491 tum
2158 478 2173 503 ,
2206 439 2294 506 qui
2319 440 2515 508 genuit.
2551 438 2639 496 Illa
2665 452 2843 498 autem
2872 446 3011 516 (qua
3037 446 3318 518 conjuncta
3345 447 3452 504 duo
3491 450 3606 506 fuc-

2020 530 2178 598 ruut)
2219 529 2359 598 quod
2395 532 2622 600 excepit,
2654 535 2935 605 concepit,
2985 538 3296 609 peperitque
3348 542 3607 610 posterior

2017 619 2256 688 quamvis
2282 621 2585 687 peccaverit
2613 623 2777 691 prior.
2802 623 2953 682 Unde
2978 637 3032 681 et
3055 638 3238 683 sancta
3260 626 3534 700 Scriptura
3556 634 3607 687 in

2017 707 2211 763 lumbis
2263 709 2429 780 patris
2456 711 2724 767 Abraham
2786 715 2915 771 dicit
2968 716 3132 773 fuisse
3170 718 3309 775 filios
3348 720 3510 788 Levi,
3554 734 3608 778 et

2017 797 2074 853 in
2125 798 2217 854 illo
2253 815 2283 853 a
2328 802 2607 858 sncerdote
2666 804 3057 864 Melchisedech
3101 809 3266 867 fuisse
3310 812 3605 871 decimatas

2020 888 2203 958 (Hebr.
2231 906 2324 958 vn,
2352 892 2552 964 5-10):
2598 894 2666 951 ad
2704 895 2960 954 Hebraeos
3012 898 3302 971 Epistulam
3356 902 3472 975 lege
3495 946 3512 971 ,
3549 919 3581 959 c

2015 978 2248 1051 linguam
2278 983 2511 1054 corrige.

2084 1071 2340 1128 CLXXX.
2379 1072 2498 1130 ιω..
2538 1074 2783 1147 Denique
2808 1079 2961 1137 Abeli
2993 1081 3011 1114 ί
3042 1081 3149 1137 filio
3176 1094 3458 1155 parentum
3480 1102 3604 1157 pec-

2010 1172 2187 1219 catum
2219 1164 2351 1220 nihil
2381 1167 2628 1225 nocuisse
2645 1209 2660 1236 ,
2684 1172 2937 1230 sanctitas
2971 1173 3087 1245 ejus
3114 1174 3401 1248 Scripturis
3424 1183 3601 1237 omni-

2011 1256 2111 1312 bus
2137 1257 2405 1315 eelebrata
2434 1269 2681 1319 testatur.

2080 1350 2217 1406 Anc.
2256 1350 2366 1407 Cur
2390 1369 2519 1426 ergo
2540 1369 2648 1412 non
2679 1357 2851 1428 ipsum
2876 1359 3053 1430 posuit
3078 1363 3366 1432 Apostolus
3389 1363 3600 1421 imitan—

2010 1439 2172 1509 dum,
2203 1443 2292 1513 qui
2323 1446 2524 1514 primus
2542 1447 2721 1518 justus
2746 1450 2875 1517 fuit;
2906 1452 3000 1507 sed
3021 1469 3142 1508 cum
3168 1453 3237 1510 de
3262 1455 3470 1511 duobus
3501 1459 3601 1512 hn-

2011 1531 2240 1588 miuibus
2286 1546 2499 1605 ageret,
2546 1554 2775 1609 quorum
2818 1557 2955 1598 unus
3000 1543 3052 1598 in
3097 1545 3599 1606 condemnationem

2008 1623 2266 1686 mitteret,
2292 1624 2429 1680 alter
2453 1627 2505 1680 in
2530 1627 2985 1698 jtistiflcationcm,
3020 1634 3189 1691 Adam
3215 1635 3349 1691 dixit
3371 1637 3601 1694 etChri-

2007 1712 2188 1766 stum?
2210 1713 2265 1769 Si
2305 1725 2481 1771 autem
2507 1718 2636 1775 Abel
2664 1720 2834 1791 legem
2865 1737 2970 1778 non
2998 1724 3227 1780 habebat
3264 1726 3317 1783 in
3343 1729 3600 1786 membris

2007 1813 2392 1873 repugnantem
2419 1806 2520 1877 legi
2552 1809 2747 1864 mentis
2777 1809 2952 1882 (Rom.
2986 1828 3094 1881 vn,
3125 1813 3249 1886 25),
3277 1831 3434 1887 quam
3458 1818 3599 1874 sicut

1999 1890 2175 1962 justus
2200 1894 2501 1953 debellabat
2525 1899 2789 1958 interiore
2807 1905 3101 1962 certamine
3124 1948 3140 1976 ,
3169 1918 3221 1963 et
3247 1910 3292 1964 si
3317 1926 3441 1966 caro
3474 1912 3595 1981 ejus

2006 1998 2110 2073 non
2138 1988 2549 2058 concupiscebat
2576 1992 2831 2048 adversus
2855 1995 3101 2065 spiritum
3132 1997 3330 2069 (Galat.
3365 2016 3397 2055 v
3418 2042 3435 2068 ,
3464 2003 3555 2073 i7)
3575 2043 3591 2069 ,

2003 2072 2136 2128 nihil
2176 2076 2226 2131 ei
2269 2088 2531 2135 nocuerat
2556 2090 2833 2151 peccatum
2873 2096 3176 2155 parentum.
3205 2088 3309 2145 Sed
3354 2072 3593 2161 quisquis

2004 2163 2162 2219 talem
2192 2164 2320 2222 dicit
2358 2167 2522 2225 fuisse
2551 2169 2718 2238 Abel,
2749 2171 2892 2229 dicat
2936 2191 3060 2231 eum
3089 2192 3306 2236 carnem
3348 2195 3455 2237 non
3495 2182 3593 2236 ha-

2002 2250 2185 2310 buisse
2213 2258 2451 2325 peccati:
2488 2274 2611 2314 cum
2650 2264 2833 2330 procul
2858 2263 3022 2320 dubio
3050 2267 3306 2325 Dominus
3349 2271 3592 2329 Christus

2001 2358 2109 2400 non
2138 2345 2410 2404 habuisset
2438 2349 2837 2410 similitudinem
2867 2357 3044 2413 carnis
3068 2361 3295 2429 peccati,
3324 2362 3426 2418 nisi
3448 2363 3591 2420 alio-

2000 2452 2118 2492 rum
2146 2440 2384 2495 omnium
2410 2439 2686 2498 hominum
2713 2455 2856 2503 esset
2888 2461 3017 2502 caro
3040 2451 3266 2520 peccati.

2070 2525 2350 2585 CLXXXI.
2386 2530 2511 2588 ιω..
2549 2531 2594 2588 Ε
2616 2534 2840 2606 regione
2864 2535 3012 2605 Cain,
3040 2538 3269 2608 invidus,
3298 2542 3585 2613 parricida,

1997 2616 2066 2673 de
2093 2618 2279 2675 eadem
2316 2630 2506 2679 natura
2544 2626 2881 2696 progenitus,
2922 2642 3031 2684 non
3079 2629 3268 2686 eadem
3312 2632 3592 2692 voluntate

1996 2718 2282 2778 provectus
2303 2754 2321 2780 ,
2360 2713 2771 2772 excarnificante
2792 2717 3025 2774 animum
3063 2730 3300 2778 tremore
3323 2733 3585 2780 vastatur.

1995 2797 2139 2870 Ergo
2167 2800 2216 2854 in
2246 2801 2389 2858 hunc
2414 2803 2668 2860 mundum
2696 2816 2970 2878 peccatum
3002 2810 3230 2867 intrasse
3245 2828 3351 2884 per
3377 2829 3540 2870 unum
3565 2857 3581 2881 ,

1995 2893 2284 2963 Apostolus
2308 2894 2477 2964 dixit,
2507 2906 2563 2953 et
2603 2912 2697 2970 per
2728 2908 3004 2970 peccatum
3032 2910 3262 2959 mortem
3286 2944 3302 2972 ,
3330 2914 3386 2960 et
3428 2905 3499 2962 ita
3528 2907 3586 2963 in

1992 2997 2182 3042 omnes
2229 2985 2475 3045 homines
2516 2998 2742 3047 mortem
2781 2994 3137 3062 pertransisse
3188 2996 3281 3067 qui
3329 3013 3585 3069 peccave-

1993 3086 2154 3133 runt:
2198 3094 2319 3151 quas
2352 3083 2616 3156 sententia
2641 3082 2905 3141 catholico
2941 3084 3177 3157 dogmati
3214 3090 3540 3147 conveniens
3563 3132 3581 3160 ,

1992 3167 2125 3224 nihil
2153 3168 2307 3225 vobis
2335 3169 2569 3242 impertit
2596 3173 2799 3230 auxilii.

2063 3260 2199 3317 Anc.
2256 3261 2480 3321 Mortem
2526 3278 2648 3320 cum
2682 3273 2909 3335 peccato
2954 3269 3306 3337 pertransisse
3353 3270 3587 3329 ostendit

1992 3350 2300 3422 Apostolus,
2326 3353 2577 3422 dicendo,
2607 3354 2676 3410 Et
2701 3356 2775 3411 ita
2800 3358 2853 3412 in
2882 3373 3053 3414 omnes
3076 3359 3304 3417 homines
3324 3373 3582 3433 pertrans-

1992 3443 2072 3499 iit.
2100 3443 2327 3515 Propter
2355 3445 2458 3502 hoc
2496 3456 2552 3503 et
2590 3446 2819 3505 infantes
2846 3463 2971 3505 cum
2993 3450 3350 3523 baptizantur,
3382 3470 3580 3512 eruun-

1994 3544 2079 3590 tur
2113 3535 2182 3592 de
2218 3545 2480 3608 potestate
2528 3540 2907 3598 tenebrarum:
2953 3543 3187 3616 alioquin
3225 3562 3349 3603 cum
3389 3564 3582 3621 magna

1992 3627 2182 3696 injuria
2210 3628 2324 3695 Dei,
2352 3629 2489 3685 sicut
2510 3630 2622 3701 jam
2646 3630 2900 3700 diximus,
2923 3642 2978 3689 et
3001 3649 3145 3706 sa‘pe
3169 3636 3450 3694 dicendum
3473 3650 3578 3709 est,

1991 3718 2324 3773 cxorcizatur
2361 3729 2416 3774 et
2456 3721 2768 3777 exsufflatur
2807 3722 2983 3796 imago
3013 3725 3141 3793 Dei,
3166 3729 3214 3783 si
3246 3744 3348 3784 non
3391 3731 3463 3787 ibi
3492 3732 3583 3789 ille

1991 3808 2323 3863 exorcizatur
2347 3818 2402 3865 et
2425 3811 2737 3868 exsufflatur
2766 3814 3012 3887 princeps
3038 3818 3258 3884 mundi,
3290 3821 3378 3891 qui
3412 3823 3582 3878 mitti-

1992 3905 2078 3953 tur
2101 3897 2245 3954 foras
2265 3898 2446 3969 (Joan.
2477 3918 2570 3968 xu,
2603 3903 2694 3976 3i)
2718 3945 2734 3972 ,
2764 3913 2823 3960 ut
2843 3906 2913 3961 sit
2937 3907 3046 3963 illic
3075 3907 3329 3966 habitatio
3353 3911 3584 3983 Spiritus

1988 3991 2178 4046 sancti.
2227 3991 2415 4049 Scelus
2455 4003 2634 4050 autem
2682 3996 2825 4066 quod
2868 3996 2998 4055 fecit
3043 3999 3196 4069 Cain,
3248 4002 3317 4058 ad
3362 4004 3584 4076 originis

1990 4097 2203 4138 causam
2234 4098 2339 4139 non
2367 4085 2617 4156 pertinet,
2646 4087 2897 4157 quoniam
2931 4088 3207 4148 voluntate
3232 4096 3580 4152 commissum

1988 4183 2070 4229 est
2091 4175 2133 4229 ⁸.

2056 4264 2359 4325 CLXXXII.
2402 4266 2520 4324 Jun.
2562 4268 2820 4339 Ilisenim
2848 4279 2930 4326 est
2958 4271 3200 4329 ordinata
3228 4274 3425 4341 verbis,
3457 4278 3580 4349 qui-

1988 4356 2088 4412 hus
2121 4358 2425 4428 exemplum
2467 4359 2774 4429 praecedens
2794 4401 2809 4427 ,
2839 4370 2895 4417 et
2929 4362 3160 4419 studium
3204 4381 3435 4438 sequens
3462 4370 3583 4425 imi-

1990 4446 2150 4502 tantis
2176 4448 2494 4503 ostenditur.

2057 4538 2193 4595 Aoo.
2233 4537 2351 4595 Jam
2394 4540 2488 4594 tibi
2534 4538 2736 4597 dictum
2777 4553 2903 4599 est:
2954 4544 3085 4601 Abel
3130 4562 3258 4619 ergo
3294 4549 3347 4604 ei
3394 4549 3583 4607 debuit

1987 4631 2180 4702 opponi
2205 4646 2235 4686 a
2265 4634 2528 4687 contraria
2563 4645 2734 4704 parte,
2764 4651 2871 4691 non
2896 4636 3161 4693 Christus.

2018 4761 2022 4765 ‹
2056 4722 2386 4780 CLXXXIII.
2427 4725 2548 4780 Jun.
2577 4726 2843 4782 Cmterum
2870 4730 2912 4783 si
2936 4733 3336 4801 generationem
3360 4746 3581 4804 peccato

1986 4824 2077 4869 aut
2106 4814 2377 4881 infectam,
2409 4826 2500 4872 aut
2524 4819 2807 4875 nlutoviam
2840 4821 3098 4878 voluisset
3120 4826 3441 4895 ostendere;
3470 4845 3576 4883 non

1987 4906 2208 4961 dixisset
2233 4922 2326 4976 per
2352 4923 2513 4963 unum
2554 4909 2825 4966 hominem
2861 4912 3089 4970 intrasse
3122 4927 3400 4987 peccatum
3424 4958 3444 4987 ,
3482 4919 3578 4974 Sed

1987 5012 2084 5066 per
2112 4997 2263 5054 duos.

2059 5090 2191 5146 Anc.
2232 5089 2348 5145 iam
2394 5106 2708 5161 responsum
2756 5104 2859 5150 est.
2907 5095 3046 5150 Nihil
3094 5096 3255 5165 dicis,
3305 5108 3360 5155 et
3400 5108 3579 5158 uimen

1987 5181 2120 5237 dicis
2161 5190 2215 5235 et
2259 5182 2413 5248 dicis,
2449 5185 2699 5255 quoniam
2742 5196 2944 5242 rectum
2992 5205 3101 5246 non
3149 5201 3302 5263 potes
3340 5194 3581 5252 invenire
3678 5216 3691 5225 ·

1985 5270 2126 5342 quod
2157 5272 2324 5326 dicas.

2058 5361 2386 5419 CLXXXIV.
2424 5364 2542 5421 JcL.
2583 5366 2693 5423 Nec
2717 5367 2971 5435 dixisset,
3005 5369 3070 5423 In
3097 5387 3156 5425 eo
3184 5374 3385 5428 transiit
3416 5391 3575 5444 mors,

2053 5536 2073 5609 ξ
2104 5538 2358 5609 genardus
2379 5546 2433 5591 et
2454 5541 2747 5605 vlgnierius,
2770 5541 2897 5609 μέθαι.
2962 5550 3021 5594 st.

2049 5597 2073 5629 ³
2105 5600 2380 5667 κίὶειιίφςῂιδ
2394 5638 2409 5663 ,
2429 5597 2703 5667 quanquam
2725 5597 2962 5656 voluntate
2983 5604 3288 5659 conmissum
3310 5610 3399 5660 est.
3425 5615 3479 5659 t-It
3504 5611 3576 5660 in-

1985 5657 3116 5744 ἷὲ,τεὲῐὶ;.,¹.⁸ἔι.ςθὲιξῐιίιιιέιπξ,Ιςςψηεμτθαφ·
3142 5657 3266 5744 ’ίθξέτ
3306 5657 3578 5744 eam

1989 5720 2282 5797 negligentes
2564 5729 2694 5797 (miti
2712 5742 2831 5780 vero
2852 5728 2933 5781 alii
2956 5743 3007 5782 et
3028 5720 3338 5797 manus-nimi
3355 5720 3580 5784 coagmn-

1995 5782 2069 5834 ω’
2095 5782 2168 5833 his
2193 5782 2325 5845 locis,
2351 5782 2593 5845 quoniam.
