3962 6180
346 313 400 332 ι·ιῖ

344 355 404 368 ~-

304 428 352 478 in
375 437 472 490 quo
497 435 671 478 omnes
691 425 1047 485 peccaverunt;
1074 412 1189 480 sed,
1220 413 1275 466 In
1305 427 1370 467 eo
1402 412 1453 466 in
1485 425 1589 481 quo
1619 410 1684 466 de
1724 411 1877 479 primi

301 513 523 566 hominis
555 518 605 559 et
645 508 710 560 de
751 507 934 575 primre
975 505 1209 558 mulieris
1235 502 1496 557 diabolica
1525 501 1794 570 voluptate
1822 509 1878 554 et

303 616 455 654 carne
489 597 793 652 ﬂuxerunt:
836 597 976 666 quod
1015 597 1060 650 si
1101 595 1583 665 pronuntiavisset,
1631 608 1736 646 non
1781 607 1878 646 ve-

302 701 460 744 strutn
501 688 690 757 dogma
728 689 1011 744 firmasset.
1061 687 1155 741 sed
1197 701 1383 740 omnes
1423 699 1548 738 suas
1583 682 1878 738 sententias

301 780 586 832 subruisset
613 777 920 848 Apostolus.
945 776 1084 845 Ergo
1104 776 1438 846 peccantium
1469 773 1795 826 voluntatem
1823 779 1878 825 et

302 871 493 939 peccati
528 876 741 924 accusat
767 868 1073 936 exemplum
1101 883 1115 918 :
1157 881 1220 920 ac
1247 880 1340 936 per
1365 866 1496 931 hoc,
1525 880 1618 918 vos
1662 874 1715 917 et
1746 864 1878 916 ratio

301 963 650 1030 deprmlialur,
679 972 733 1016 et
759 963 973 1017 Paulus.

365 1057 494 1109 Anc.
539 1055 681 1124 Ergo
736 1055 786 1108 in
843 1055 978 1109 Abel
1030 1055 1200 1123 primo
1247 1054 1392 1123 justo
1444 1067 1644 1122 ponere
1699 1050 1881 1104 debuit

296 1145 680 1214 iustificationis
705 1147 1028 1217 exemplum,
1053 1148 1187 1199 sicut
1217 1146 1268 1198 in
1295 1144 1463 1199 Adam
1491 1145 1660 1213 primo
1689 1157 1879 1212 pecca—

302 1247 408 1289 tore
430 1237 655 1304 positum
685 1238 878 1306 putatis
903 1251 1020 1290 esse
1048 1237 1269 1306 peccati.
1292 1236 1400 1290 Cur
1425 1238 1565 1290 enim
1589 1250 1684 1288 nos
1707 1234 1881 1302 pigeat

298 1328 476 1382 eadem
521 1329 614 1381 tibi
661 1328 1022 1398 respondere,
1057 1344 1176 1382 cum
1220 1338 1270 1383 te
1312 1343 1415 1381 non
1459 1326 1650 1396 pudeat
1692 1324 1878 1380 eadem

299 1422 446 1475 toties
475 1422 674 1475 frustra
704 1420 996 1490 repetere?

361 1512 666 1568 CLXXXV.
706 1513 825 1567 JUL.
871 1512 1040 1583 Usque
1075 1511 1143 1565 ad
1171 1513 1328 1581 legem
1369 1513 1498 1564 enim
1533 1519 1788 1580 peccatum
1829 1510 1881 1560 in

299 1608 384 1658 hoc
408 1607 598 1659 mumlo
623 1623 636 1657 :
671 1614 926 1674 peccatum
956 1615 1120 1658 autem
1148 1621 1246 1657 non
1275 1605 1636 1673 imputabntur,
1660 1619 1773 1655 eum
1803 1602 1883 1654 (ea:

296 1709 388 1747 non
409 1705 574 1761 esset;
594 1696 682 1749 sed
707 1697 930 1763 regnavit
953 1711 1087 1748 mors
1109 1697 1170 1747 ab
1191 1694 1356 1747 Adam
1382 1710 1538 1761 usque
1557 1693 1623 1745 ad
1647 1693 1877 1762 Moysen,

297 1788 437 1838 etiam
482 1787 536 1841 in
583 1803 667 1841 eos
709 1789 798 1858 qui
844 1804 946 1841 non
990 1795 1352 1857 peccaverunt,
1399 1785 1452 1838 in
1500 1785 1881 1837 similitudinem

293 1879 722 1942 pra'vartcntionis
771 1877 929 1944 Adae,
979 1878 1067 1948 qui
1108 1885 1179 1930 est
1220 1876 1385 1946 {arma
1425 1875 1582 1946 futuri
1623 1875 1796 1945 (Rom.
1824 1888 1878 1939 v,

298 1969 359 2020 l3
383 1977 430 2020 et
454 1969 569 2040 M).
603 1969 926 2036 Qualitatcm
956 1968 1156 2037 peccati
1186 1966 1601 2036 appellationum
1629 1965 1882 2018 varietate

292 2057 566 2121 discernit,
602 2071 656 2112 ut
681 2058 823 2112 aliud
844 2059 1090 2112 ostendat
1118 2072 1236 2110 esse
1262 2065 1558 2124 peccatum,
1587 2055 1728 2108 aliud
1751 2070 1884 2122 pra:-

291 2149 672 2202 varicationem
699 2165 712 2214 ;
739 2150 954 2218 vultque
983 2149 1034 2201 in
1073 2148 1174 2202 hoc
1200 2146 1463 2200 duntaxat
1490 2145 1638 2211 loco,
1669 2159 1883 2198 omnem

288 2241 508 2308 quidem
539 2240 1025 2309 prievarieationem
1051 2247 1332 2308 peccaturo
1361 2237 1563 2302 videri,
1592 2251 1700 2290 non
1725 2250 1885 2290 omne

289 2342 473 2386 autem
501 2342 776 2401 peceatum
808 2331 1330 2401 prmi-aricationem;
1361 2338 1420 2384 ut
1447 2344 1544 2398 per
1570 2327 1884 2382 vocabulum

292 2425 724 2491 pi-nn-arientionis
757 2433 974 2493 peccato
1009 2431 1220 2477 crescat
1244 2421 1460 2486 invidia,
1501 2421 1774 2490 magisque
1805 2419 1884 2474 rei

294 2530 408 2568 esse
431 2515 734 2582 vidcantur,
750 2516 839 2584 qui
864 2515 1056 2569 fuerint
1077 2521 1339 2583 prmcepta
1358 2512 1697 2581 transgressi,
1721 2525 1881 2580 quam

296 2605 379 2675 qui
412 2606 531 2660 sine
559 2606 689 2676 legis
718 2606 991 2660 admonitu
1020 2606 1036 2636 ³
1063 2605 1288 2659 rationis
1313 2603 1560 2672 ingenita:
1587 2604 1607 2633 ²
1633 2602 1885 2656 dissimu-

297 2695 487 2749 latione
533 2695 873 2765 deliquerint.
915 2697 1055 2750 Ante
1083 2709 1201 2750 eam
1241 2709 1370 2763 ergo
1397 2693 1566 2763 legem
1593 2733 1608 2757 ,
1639 2709 1756 2763 qua:
1786 2708 1882 2762 per

296 2787 505 2858 Moysen
529 2787 651 2841 data
671 2795 773 2853 est,
797 2797 850 2841 et
870 2787 1175 2854 consignata
1197 2784 1410 2851 litteris,
1434 2784 1585 2853 cujus
1602 2785 1881 2839 sanctione

296 2889 500 2932 actuum
530 2877 701 2933 forma
737 2879 1042 2947 pratscripla
1069 2885 1151 2931 est
1173 2917 1190 2941 ,
1222 2891 1381 2946 quam
1415 2875 1658 2945 ignorare
1685 2875 1883 2946 populo

296 2971 388 3022 Sub
409 2986 468 3024 ea
497 2970 710 3040 degenti
741 2985 844 3024 non
876 2969 1022 3023 licuit
1042 2969 1084 3033 ⁸,
1109 2969 1344 3023 medium
1363 2966 1492 3023 illud
1514 2975 1722 3036 tempus
1745 2967 1885 3020 inter

300 3063 456 3117 Adam
485 3073 543 3118 et
568 3064 807 3134 Moysen,
839 3062 1092 3116 mortales
1125 3061 1270 3114 varia
1301 3057 1595 3113 studiorum
1629 3059 1886 3126 pravitate

298 3155 518 3220 pollutos
540 3195 556 3219 ,
589 3154 788 3221 peccati
815 3152 1134 3221 Apostolus,
1163 3163 1270 3204 non
1289 3145 1750 3219 prtevaricationis
1788 3159 1884 3200 ac-

298 3253 456 3298 cusat.

360 3339 488 3391 Anc.
529 3335 666 3403 Quid
697 3346 779 3390 est
814 3351 974 3406 ergo,
1008 3332 1254 3404 Regnavit
1281 3347 1416 3386 mors
1439 3331 1502 3384 ab
1528 3330 1693 3384 Adam
1731 3346 1887 3402 usque

299 3429 358 3478 ad
384 3427 637 3500 Moysen,
666 3438 712 3481 et
739 3429 792 3481 in
819 3444 903 3481 eos
927 3426 1012 3497 qui
1036 3442 1137 3478 non
1166 3432 1526 3494 peccaverunt,
1557 3423 1611 3475 in
1639 3422 1884 3474 similitu-

299 3520 452 3573 dinem
474 3519 906 3591 prtevaricationis
926 3517 1085 3571 Adte?
1103 3514 1514 3582 Quomodolibet
1531 3512 1672 3569 enim
1690 3513 1886 3568 distin-

301 3613 480 3680 gnatis,
502 3621 693 3666 contra
716 3627 808 3665 vos
832 3610 1028 3664 dixisse
1051 3607 1337 3676 Apostolus
1359 3605 1641 3659 invenitur.
1667 3603 1796 3658 Nam
1815 3604 1880 3670 si,

301 3702 548 3774 Regnavit
581 3719 715 3757 mors
745 3713 792 3756 ct
816 3703 868 3755 in
889 3717 972 3754 eos
993 3701 1078 3768 qui
1104 3715 1203 3752 non
1228 3705 1576 3768 peccaverunt,
1627 3696 1885 3750 distinxe-

303 3795 414 3848 ritis
437 3794 478 3860 ‘;
509 3794 782 3864 quomodo
833 3792 903 3847 sit
941 3791 1145 3860 justum
1170 3830 1184 3854 ,
1215 3788 1318 3843 nisi
1361 3795 1581 3857 propter
1627 3785 1886 3857 originale

303 3895 571 3951 peccatum
594 3885 618 3938 ‘i
643 3886 709 3939 Et
731 3884 851 3939 ideo
879 3893 1124 3953 tanquam
1146 3887 1492 3951 qurereretur,
1517 3893 1680 3948 quare
1696 3892 1900 3947 regnas

303 3975 424 4028 vrrit
450 3985 507 4029 et
531 3977 584 4029 in
607 3991 701 4032 eos
723 3975 810 4046 qui
839 3989 943 4029 non
971 3980 1361 4044 peccaverunt:
1381 3968 1658 4038 responsio
1680 3967 1884 4022 reddita

303 4083 375 4126 est
395 4111 410 4139 ,
440 4071 506 4126 In
537 4068 922 4124 similitudinem
945 4064 1378 4138 prwvnricntionis
1395 4062 1557 4126 Adw;
1579 4061 1627 4114 id
1652 4069 1752 4124 est,
1776 4069 1883 4114 non

307 4178 512 4235 propter
535 4180 630 4217 sua
653 4161 867 4232 pmpria
891 4167 1127 4228 peccata,
1155 4155 1249 4211 sed
1277 4155 1526 4225 quoniam
1556 4152 1640 4206 sui
1682 4151 1885 4206 similes

305 4265 476 4327 genuit
511 4255 891 4327 praevaricator
930 4249 1139 4316 Adam;
1183 4247 1320 4303 sicut
1363 4253 1726 4314 exposuerunt
1767 4243 1883 4298 hazc

305 4351 453 4405 verba
478 4350 644 4404 etiam
665 4346 753 4417 qui
776 4354 902 4398 ante
935 4357 1034 4396 nos
1061 4339 1308 4395 catholici
1349 4337 1600 4392 doctores
1647 4335 1880 4390 fuerunt.

305 4442 551 4509 Quamvis
571 4439 711 4494 enim
742 4445 1014 4506 peccatum
1061 4431 1190 4486 illud
1233 4430 1460 4500 primum
1487 4437 1647 4498 atque
1675 4441 1837 4481 unum
1864 4468 1880 4492 ,

306 4534 435 4600 quod
461 4549 560 4603 per
584 4545 750 4584 uuutn
777 4528 1050 4581 hominem
1078 4522 1296 4578 intravit
1323 4521 1374 4574 in
1402 4519 1658 4573 mundum
1686 4559 1700 4583 ,
1728 4532 1882 4573 com-

308 4639 458 4678 mune
487 4623 558 4677 sit
586 4620 849 4682 omnium,
874 4624 1093 4687 propter
1117 4611 1258 4683 quod
1283 4610 1482 4664 dictum
1529 4617 1612 4663 est
1633 4650 1648 4676 ,
1681 4606 1750 4661 In
1784 4624 1884 4678 quo

307 4728 468 4767 omnes
495 4718 848 4784 peccaverunt;
877 4717 1056 4761 tamen
1086 4717 1181 4758 sua
1211 4700 1422 4771 propria
1449 4698 1652 4768 parvuli
1668 4705 1902 4767 peccata.

307 4821 402 4859 non
433 4805 651 4861 habent.
677 4803 742 4856 Et
770 4799 892 4855 ideo
929 4798 995 4852 de
1021 4796 1128 4851 illis
1154 4795 1316 4849 etiam
1346 4792 1448 4846 hoc
1479 4791 1742 4844 veraciter
1775 4787 1882 4842 dici

311 4898 486 4964 potuit,
517 4895 658 4966 quod
689 4909 794 4948 non
841 4895 1233 4962 peccaverunt;
1267 4885 1360 4940 sed
1406 4883 1648 4953 regnavit
1688 4882 1740 4935 in
1790 4896 1885 4935 eos

309 5006 443 5044 mors
467 4991 520 5043 in
550 4985 951 5051 similitudinem,
976 4993 1034 5037 ut
1078 4981 1279 5035 dictum
1302 4986 1422 5042 est,
1457 4973 1885 5043 prwvaricationis

312 5082 444 5136 Adae.
481 5080 534 5136 Si
565 5088 741 5134 autem
772 5119 787 5145 ,
823 5074 1067 5146 Regnavit
1107 5088 1247 5126 more
1295 5071 1358 5122 ab
1400 5067 1568 5120 Adam
1610 5081 1766 5134 usque
1817 5063 1886 5116 ad

311 5173 534 5243 Moysen,
562 5184 606 5228 et
631 5173 686 5226 in
716 5187 798 5225 eos
823 5170 908 5240 qui
929 5185 1029 5223 non
1060 5169 1403 5238 peccaverunt,
1433 5160 1486 5212 in
1505 5156 1886 5212 similitudinem

367 5287 384 5321 ³
422 5298 467 5336 tn
489 5294 615 5344 .‘ttss.,
651 5279 1082 5344 adudnisﬂqtiene,

366 5350 385 5380 ¹
422 5335 468 5396 In
493 5335 636 5398 editis
653 5382 668 5406 ,
695 5343 894 5396 actionis
912 5340 1136 5406 nigrante:
1164 5351 1183 5389 :
1205 5335 1457 5408 mendos}
1505 5396 1518 5408 ,
1547 5406 1558 5408 ᾼ
1585 5400 1617 5408 γ,

369 5411 389 5441 ³
420 5390 634 5460 sicis-ss.”
653 5390 1027 5465 rditi've—ropi'o
1045 5390 1065 5463 ,ί
1100 5415 1193 5450 non
1209 5397 1371 5465 licuit,
1397 5396 1654 5465 ferebant,
1681 5390 1886 5465 liberm"

311 5484 394 5520 non
417 5454 633 5522 Eiii'i'éi
655 5454 976 5526 iniri-tetes;
999 5454 1122 5526 loco,
1146 5454 1387 5512 mortales.
1424 5465 1564 5507 Forte
1600 5454 1778 5518 legend
1787 5467 1884 5513 am,

313 5547 392 5602 tm:
415 5532 1035 5602 enditmtilludlsmpusz-
1509 5587 1551 5602 ..
1577 5577 1882 5602 “unum.

371 5595 391 5626 ⁸
425 5596 536 5645 Editi
552 5631 566 5655 ,
593 5595 700 5645 licet
723 5585 1040 5655 distiiu'azritis
1059 5621 1075 5645 ,
1097 5599 1188 5655 non
1217 5585 1477 5635 invenietis.
1497 5585 1884 5655 ΔΜ.,ιιιξιιιιιεριξιριι

313 5641 624 5716 przmereunt,
636 5641 844 5716 uilem,
856 5665 946 5716 non
956 5641 1175 5716 inueniat
1185 5663 1216 5716 ι.
1232 5655 1393 5716 Itaque
1401 5652 1531 5714 post.
1545 5641 1884 5716 distet-teritis.

312 5706 701 5777 Stiliaudicndum,
721 5706 778 5765 ai)
792 5706 894 5765 iulia
910 5710 1078 5763 verbis.
1091 5719 1145 5759 In
1162 5706 1886 5777 sinuiitndittent,nrqn-ni'ieqtiu-

313 5790 381 5828 ms
407 5781 534 5830 Adw.
564 5790 626 5829 Ac
649 5769 772 5830 torte
815 5777 1075 5839 legentum
1095 5813 1108 5837 ,
1133 5771 1366 5835 quomodo
1405 5769 1496 5817 erit
1529 5769 1559 5828 j
1575 5772 1726 5820 istum,
1777 5769 1871 5810 (λιιι.

1649 290 1850 346 LIBER
1891 292 2266 348 SECUNDUS.

3432 301 3566 354 13ἓέ

1987 413 2413 481 prtetvnricatienis
2442 415 2586 482 Δάαι,
2623 417 2672 471 id
2688 426 2790 482 est,
2823 429 2876 474 et
2897 417 2949 473 in
2977 434 3070 476 eos
3093 421 3188 491 qui
3216 433 3568 490 peccaverunt

1986 503 2240 572 quidem,
2269 506 2361 560 sed
2410 522 2512 560 non
2563 508 2612 561 in
2661 510 3061 564 similitudinem
3115 512 3566 580 prasvaricationis

1985 594 2114 648 Atla:
2144 607 2523 664 peccaverunt;
2554 600 2823 654 neminem
2851 601 3140 654 secundum
3171 616 3265 669 vos
3293 601 3566 662 invenitis,

1984 689 2104 756 quia
2131 704 2318 743 omnes
2344 691 2431 759 qui
2474 706 2834 760 peccaverunt
2885 695 2934 746 in
2985 694 3389 748 similitmlinent
3448 692 3567 758 ejus

1984 795 2254 850 peccasse,
2287 782 2336 836 id
2367 793 2466 848 est,
2497 785 2797 852 exemplum
2830 785 2945 855 ejus
2964 796 3174 840 sccntos
3199 802 3317 840 esse
3339 796 3565 839 centen-

1984 871 2128 925 ditis.
2159 872 2330 926 Fovea
2360 872 2518 942 igitur
2542 873 2835 942 vulpeculae
2862 891 2926 929 ex
2979 888 3200 944 utraque
3245 885 3393 944 parte
3437 891 3568 929 con--

1984 963 2127 1016 clusa
2151 973 2231 1016 est
2266 981 2278 1016 :
2308 979 2413 1018 non
2443 974 2526 1017 est
2563 981 2664 1034 qua
2699 967 2893 1033 intret,
2919 979 2973 1020 ut
3002 969 3199 1033 lateat;
3230 977 3321 1022 aut
3367 967 3411 1021 si
3455 967 3567 1036 jam

1984 1052 2056 1104 ibi
2085 1053 2302 1116 latebat,
2336 1070 2443 1108 non
2474 1069 2555 1110 c5t
2575 1072 2675 1124 qua
2704 1067 2877 1119 exeat,
2904 1068 2960 1110 ut
2985 1059 3194 1111 evadat.

2054 1142 2382 1198 CLXXXVI.
2416 1146 2533 1200 Jun.
2567 1147 2636 1202 Ut
2661 1149 2852 1216 quibus
2880 1149 2963 1202 lex
2990 1149 3111 1202 data
3141 1156 3382 1213 nonest,
3415 1149 3572 1202 intel-

1985 1235 2214 1303 ligantur
2237 1253 2340 1289 non
2363 1252 2481 1291 esse
2507 1249 2769 1308 prmeepta
2792 1241 3077 1310 trangressi
3100 1257 3114 1305 ;
3146 1244 3221 1294 rei
3245 1249 3420 1294 autem
3443 1256 3570 1294 cou-

1983 1327 2282 1393 vincantur,
2304 1329 2555 1398 quoniam
2582 1333 2908 1401 negligentes
2943 1334 3224 1396 rationem,
3255 1349 3412 1403 quam
3445 1350 3569 1402 pro-

1985 1417 2083 1485 prii
2113 1419 2166 1470 in
2197 1434 2514 1489 unoquoque
2543 1431 2905 1488 protestantur
2930 1422 3151 1476 alicctus
3171 1464 3186 1489 ,
3215 1425 3296 1476 vel
3327 1424 3570 1477 humanm

1984 1507 2253 1562 societatis
2275 1511 2360 1563 vel
2401 1511 2617 1579 pudoris
2655 1512 2774 1579 jura
2815 1515 3225 1579 temeraverint;
3254 1524 3409 1582 atque
3452 1514 3570 1567 ideo

1985 1609 2164 1653 mutua
2192 1600 2405 1671 quidem
2432 1602 2745 1669 imitatione,
2779 1620 2882 1656 non
2912 1613 3087 1658 tamen
3119 1605 3268 1674 legis,
3298 1621 3414 1673 qum
3447 1620 3570 1658 nec-

1985 1688 2111 1743 dum
2142 1691 2247 1744 lata
2276 1700 2412 1759 erat,
2442 1693 2690 1747 dicuntur
2712 1695 3136 1762 transgressione
3167 1709 3432 1763 peccasse.
3471 1695 3570 1749 Us-

1985 1795 2088 1848 que
2115 1781 2180 1834 ad
2211 1782 2379 1851 legem
2406 1799 2533 1854 ergo
2563 1794 2837 1854 peccatum
2867 1786 2998 1849 fuit,
3028 1801 3132 1839 non
3165 1786 3527 1854 j)!‘:l!\'al'i('lllltl
3555 1803 3566 1837 :

1985 1880 2106 1940 post
2134 1872 2302 1941 legem
2343 1883 2520 1928 autem
2541 1917 2555 1938 ,
2600 1891 2704 1928 non
2746 1876 2915 1930 solum
2950 1887 3224 1944 peccatum
3245 1917 3260 1941 ,
3290 1877 3383 1931 sed
3412 1878 3570 1929 etiam

1985 1963 2372 2030 praevaricatio.
2421 1964 2680 2034 Regnavit
2722 1977 2898 2020 autem
2944 1983 3090 2020 mors
3134 1978 3366 2033 :uterna,
3412 1983 3569 2036 quam

1987 2053 2116 2106 Adae
2135 2095 2150 2118 ,
2174 2055 2218 2107 si
2258 2065 2564 2124 peccasset,
2594 2057 2985 2125 adscripturum
3011 2073 3069 2112 se
3101 2059 3248 2112 Dens
3270 2060 3571 2128 spoponde-

1987 2154 2090 2199 rat.
2138 2145 2300 2214 lgitur
2330 2147 2417 2202 illa
2450 2164 2594 2203 mors
2627 2159 2842 2218 peccato
2886 2149 3066 2204 debita
3089 2191 3102 2214 ,
3137 2166 3280 2204 mors
3308 2153 3531 2220 punialis
3557 2193 3570 2215 ,

1988 2237 2228 2307 regnavit
2254 2247 2308 2292 et
2335 2248 2459 2294 ante
2489 2241 2654 2310 legem
2678 2283 2690 2306 ,
2725 2241 2776 2295 in
2805 2257 2897 2295 eos
2917 2243 3005 2312 qui
3028 2253 3413 2311 peccaverunt,
3441 2244 3575 2296 sicut

1988 2327 2042 2382 in
2066 2329 2374 2398 Sodomitis,
2393 2341 2447 2386 et
2469 2332 2552 2386 his
2572 2333 2659 2402 qui
2676 2333 2861 2386 diluvii
2886 2343 3124 2402 tempore
3145 2345 3360 2402 propter
3379 2335 3538 2400 iniqui
3554 2363 3572 2372 -

1989 2427 2172 2484 tatem,
2202 2422 2556 2475 voluntariam
2585 2432 2780 2487 tamen,
2812 2424 2898 2477 vel
2928 2427 3068 2477 varia
3097 2435 3219 2477 sunt
3255 2433 3411 2478 :utate
3441 2440 3572 2477 con-

1986 2513 2203 2580 sumpti,
2224 2514 2460 2583 regnavit
2485 2532 2496 2566 :
2518 2524 2567 2568 et
2591 2522 2711 2584 post
2736 2515 2928 2585 legem,
2951 2514 3000 2567 in
3027 2514 3108 2568 his
3137 2529 3272 2585 quos
3298 2530 3419 2569 reos
3437 2531 3573 2584 pra:-

1985 2604 2324 2660 varicationis
2363 2606 2584 2661 invenit.

2057 2695 2190 2750 Ave.
2233 2695 2494 2762 Quoniam
2526 2705 2751 2751 mortem
2785 2697 2883 2752 nisi
2916 2705 3167 2752 aeternam
3197 2713 3302 2752 non
3331 2699 3412 2753 vis
3456 2713 3576 2753 esse

1987 2785 2286 2857 panalem;
2315 2787 2362 2842 si
2388 2802 2534 2842 mors
2565 2788 2791 2857 poenalis
2819 2803 2925 2842 non
2962 2797 3077 2853 est,
3119 2805 3236 2857 quae
3279 2804 3306 2840 a
3352 2804 3578 2857 corpore

1987 2879 2221 2933 animam
2254 2887 2487 2948 separat,
2516 2893 2612 2932 cur
2635 2889 2750 2932 eam
2781 2878 2929 2933 timet
2954 2889 3162 2944 natura,
3191 2895 3347 2947 quam
3375 2879 3450 2931 sie
3474 2879 3578 2930 lau-

1987 2971 2105 3039 das,
2135 2981 2192 3026 ut
2216 2987 2380 3043 neges
2411 2986 2530 3026 esse
2556 2969 2828 3024 vitiatam?
2853 2970 2988 3038 Quid
3019 2985 3193 3024 causm
3215 2979 3297 3024 est
3322 2981 3378 3023 ut
3404 2969 3577 3024 infans

1987 3063 2080 3117 ubi
2111 3062 2380 3132 paululum
2411 3062 2478 3116 ab
2509 3061 2728 3116 infantia
2769 3061 3016 3132 progredi
3045 3063 3285 3130 cceperit,
3327 3060 3435 3130 jam
3469 3060 3578 3114 for-

1989 3153 2156 3206 midet
2181 3151 2393 3206 occidi?
2442 3151 2550 3205 Cur
2598 3167 2704 3204 non
2759 3151 2828 3203 ita
2891 3160 2947 3203 ttt
2976 3151 3030 3204 in
3078 3165 3350 3214 somnum,
3385 3163 3578 3204 sensus

1990 3256 2073 3302 est
2119 3244 2368 3315 proclivis
2398 3244 2450 3298 in
2507 3244 2770 3297 mortem?
2807 3242 2913 3297 Cur
2974 3242 3147 3310 magni
3179 3241 3439 3295 habentur
3487 3242 3575 3307 qui

1990 3345 2217 3391 mortem
2273 3351 2379 3389 non
2426 3341 2707 3398 metuunt,
2754 3332 2916 3402 hique
2971 3342 3075 3385 tam
3122 3331 3227 3385 rari
3274 3331 3432 3384 sunt?
3471 3331 3578 3384 Cur

1990 3430 2148 3485 etiam
2202 3428 2315 3499 ipse
2367 3427 2453 3498 qui
2519 3424 3002 3496 concupiscentiam
3071 3438 3132 3477 se
3189 3422 3326 3476 dixit
3378 3421 3576 3476 habere

1989 3520 2230 3584 dissolvi,
2283 3528 2337 3574 et
2395 3533 2516 3574 esse
2563 3533 2683 3572 cum
2723 3516 2940 3572 Chrism
2970 3515 3230 3586 (Philipp.
3258 3530 3293 3581 ι,
3316 3513 3442 3583 25),
3471 3529 3575 3567 non

1990 3614 2104 3669 vult
2160 3622 2336 3668 tamen
2398 3611 2657 3680 spoliari,
2717 3608 2810 3664 scd
2873 3607 3237 3677 snpervestiri,
3291 3615 3348 3659 nt
3390 3606 3577 3658 absor-

1989 3704 2176 3759 beatur
2205 3701 2431 3756 mortale
2457 3716 2485 3753 a
2518 3701 2620 3753 vita
2657 3698 2738 3770 (ll
2785 3697 2905 3754 Cor.
2937 3714 2992 3764 v,
3021 3699 3054 3751 4
3079 3697 3136 3766 )?
3182 3694 3377 3765 thuid
3422 3696 3580 3749 Petro

1991 3794 2189 3850 dictum
2216 3802 2295 3848 est
2321 3793 2388 3847 de
2417 3793 2533 3862 ipso
2563 3791 2795 3860 glorioso
2824 3789 2949 3854 line,
2978 3789 3116 3842 Alter
3137 3798 3182 3840 te
3209 3789 3391 3858 cinget,
3424 3796 3470 3838 ct
3499 3789 3578 3854 fe-

1991 3897 2064 3942 ret
2092 3903 2189 3958 quo
2231 3895 2283 3938 tu
2314 3901 2415 3938 non
2441 3885 2513 3937 eis
2555 3880 2747 3951 (Jonn.
2779 3895 2874 3934 ΠΙ
2895 3921 2908 3943 ,
2958 3878 3024 3932 18
3046 3880 3099 3948 )?
3129 3878 3185 3930 Si
3227 3891 3353 3945 ergo
3386 3875 3577 3928 frustra

1993 3993 2140 4034 mors
2171 3977 2407 4038 timetur,
2437 3973 2554 4042 ipse
2599 3972 2758 4024 timor
2785 3971 2900 4038 ejus
2939 3976 3022 4023 est
3065 3982 3258 4036 pmna:
3310 3967 3353 4018 si
3401 3975 3577 4018 autem

1994 4069 2172 4122 anima
2203 4065 2437 4134 separari
2467 4079 2496 4115 a
2526 4076 2752 4129 corpore
2778 4059 3090 4113 naturaliter
3123 4071 3228 4110 non
3275 4055 3422 4120 vult,
3467 4055 3578 4122 ipsa

1991 4174 2138 4215 mors
2165 4172 2320 4229 pmna
2351 4165 2464 4219 est,
2490 4149 2734 4223 quamvis
2762 4167 2878 4229 eam
2917 4150 2967 4203 in
3001 4163 3155 4202 usum
3186 4146 3380 4201 bonum
3412 4146 3580 4216 gratia

1991 4245 2168 4306 divina
2196 4255 2491 4302 convertat.
2797 4226 2814 4238 ’

2062 4339 2414 4400 CLXXXVII.
2457 4339 2578 4394 101..
2618 4335 2878 4402 Quoniam
2926 4347 2987 4388 ea
3025 4331 3296 4402 judicante
3335 4327 3536 4398 justilia
3564 4368 3578 4392 ,

1990 4454 2109 4509 quae
2139 4452 2243 4491 non
2276 4435 2500 4502 imputat
2532 4439 2806 4502 peccatum
2829 4469 2842 4492 ,
2883 4426 2983 4481 nisi
3024 4441 3053 4478 a
3085 4439 3190 4494 quo
3232 4424 3454 4478 liberum
3500 4431 3582 4476 est

1991 4530 2278 4590 abstinere,
2310 4525 2363 4579 hi
2389 4523 2477 4594 qui
2507 4523 2624 4576 sine
2653 4521 2770 4589 lege
2800 4525 3174 4588 peccaverunt,
3210 4514 3326 4568 sine
3353 4514 3468 4582 lege
3489 4515 3582 4581 ju-

1991 4624 2326 4684 dicabantur,
2355 4628 2409 4674 et
2440 4617 2491 4671 hi
2519 4615 2610 4686 qui
2640 4615 2692 4668 in
2723 4613 2840 4682 lege
2869 4618 3242 4681 peccaverunt,
3287 4623 3383 4678 per
3410 4607 3580 4677 legent

1985 4717 2365 4787 judicabuntur
2395 4710 2586 4784 (Rom.
2615 4726 2674 4774 ιι,
2705 4705 2835 4776 12).
2863 4705 3015 4774 Quod
3047 4713 3226 4758 autem
3257 4701 3332 4756 ait
3358 4704 3584 4770 Aposto-

1992 4811 2091 4872 lus,
2130 4806 2236 4862 Sed
2282 4803 2503 4874 regnavit
2550 4817 2683 4854 mors
2727 4798 2788 4852 ab
2832 4797 2999 4850 Adam
3046 4811 3202 4862 usque
3231 4793 3299 4845 ad
3331 4792 3575 4862 Moysen,

1993 4901 2143 4952 etiam
2169 4901 2223 4950 in
2247 4913 2333 4952 eos
2358 4895 2442 4964 qui
2473 4910 2572 4947 non
2601 4896 2954 4963 peccaverunt,
2974 4887 3024 4939 in
3047 4883 3428 4939 similitmlinent
3453 4897 3590 4951 prw-

1993 4988 2311 5043 earicationis
2347 4984 2506 5047 Λάιι’;
2543 4982 2666 5036 fecit
2695 4979 3024 5034 translueere
3053 4973 3192 5045 quod
3229 4981 3490 5034 senserat,
3525 4972 3575 5025 id

1993 5091 2096 5144 est,
2136 5078 2349 5134 Judatos
2389 5075 2488 5128 sub
2535 5073 2650 5142 lege
2696 5076 2978 5138 peccantes
3025 5066 3270 5121 similiter
3312 5074 3367 5118 ut
3413 5063 3580 5117 Adam

1993 5173 2367 5243 przcvaricatos
2397 5167 2560 5220 fuisse
2588 5160 2868 5226 definiens,
2906 5161 3029 5230 quia
3071 5167 3124 5214 et
3165 5156 3240 5214 illi
3283 5157 3452 5227 primo
3483 5153 3580 5205 bo-

1995 5264 2155 5332 mini,
2184 5263 2308 5317 licet
2335 5274 2437 5314 non
2468 5255 2636 5321 libris,
2658 5253 2874 5308 auribus
2905 5263 3079 5308 tamen
3107 5247 3472 5306 commendata
3496 5244 3583 5299 lex

1994 5359 2164 5412 fuerat
2189 5350 2488 5409 abstinendi
2520 5363 2548 5402 a
2584 5355 2740 5417 gustu
2769 5344 3010 5400 arboris:
3050 5343 3101 5396 in
3136 5355 3240 5411 quo
3267 5336 3583 5392 0brdienli1‘

1995 5446 2289 5520 exploratio
2316 5443 2440 5507 luit;
2473 5440 2540 5496 de
2585 5454 2686 5509 qua
2731 5447 2914 5492 contra
2962 5440 3286 5505 prmeeptum
3327 5425 3577 5490 edendo,

1995 5517 2444 5612 praevaricationis
2473 5532 2675 5586 crimen
2705 5527 2948 5584 incurrit.
2978 5525 3119 5592 Ergo
3143 5530 3198 5574 et
3237 5527 3354 5587 post
3399 5517 3580 5571 datam

1998 5609 2168 5702 legem
2197 5623 2497 5682 ministerio
2521 5622 2708 5694 Moysi,
2736 5633 2964 5691 peccans
2989 5612 3235 5684 populus,
3258 5611 3308 5663 in
3336 5609 3583 5663 similitu-

1999 5727 2176 5780 dinem
2211 5712 2672 5796 prtcvaricationis
2724 5709 2850 5761 ΑιΙιιι
2880 5703 3165 5772 deliquisse
3212 5703 3581 5763 cenvincitur;
