4004 6190
338 292 352 346 I
365 288 469 343 225

335 403 480 474 quia,
507 400 579 455 ita
608 406 664 452 ut
692 396 811 463 ille,
860 395 990 465 legis
1037 389 1456 461 transgressione
1503 387 1754 458 peccabat
1792 403 1804 439 :
1859 386 1915 441 in

334 492 509 549 media
539 498 714 544 autem
743 494 901 556 relate
926 484 1145 538 duarum
1172 483 1367 551 legum,
1403 480 1587 550 primm
1617 479 1776 544 datm,
1809 495 1914 533 non

336 586 569 655 scriptzc,
597 577 845 637 secunda:
872 591 998 631 vero
1023 584 1079 631 et
1104 563 1222 629 latae
1249 583 1303 630 ct
1332 573 1524 628 litteris
1556 571 1760 626 tradita:
1781 613 1796 637 ,
1826 571 1915 641 qui

336 680 707 746 peccaverunt,
734 684 840 724 non
870 683 900 722 a
939 676 1155 737 peccato
1194 663 1546 720 ostenduntur
1588 663 1777 725 alieni,
1822 661 1917 717 sed

339 782 443 820 non
488 765 540 818 in
585 759 980 816 similitudinem
1010 754 1464 827 przevaricationis
1491 752 1641 818 Adae,
1673 753 1796 823 quia
1841 752 1919 807 le-

334 874 452 929 gem
481 872 584 910 non
611 860 948 924 acceperant,
983 849 1326 919 perhibentur
1351 861 1579 902 errasse.

409 951 541 1005 Anc.
565 946 666 1004 Ubi
691 960 853 1015 negas
873 940 1275 998 similitudinem
1296 938 1745 1009 prtevaricatiouis
1762 937 1913 1005 Δάαι,

339 1050 389 1094 te
413 1039 524 1108 ipse
548 1035 835 1099 com-iacis,
864 1031 1006 1104 quod
1052 1030 1105 1085 hi
1132 1030 1222 1101 qui
1251 1029 1368 1084 sine
1396 1029 1513 1099 lege
1540 1037 1916 1098 peccaverunt,

342 1149 447 1186 non
478 1129 633 1200 primi
666 1126 897 1183 hominis
924 1123 1171 1195 exemplo
1200 1130 1322 1177 sunt
1349 1122 1459 1184 rei:
1491 1135 1596 1175 non
1636 1129 1719 1175 est
1763 1121 1920 1190 igitur

340 1224 584 1285 imitatio,
618 1220 712 1275 sed
742 1218 1034 1290 generatio,
1082 1230 1183 1286 qua
1230 1230 1324 1285 per
1362 1221 1636 1283 peccatum
1682 1226 1828 1266 mors
1867 1213 1919 1265 in

339 1329 526 1368 ontncs
557 1311 800 1366 homines
828 1306 1151 1378 pertransiit.
1182 1305 1365 1375 Neque
1390 1305 1554 1368 enim,
1582 1305 1625 1357 si
1659 1313 1762 1358 tam
1800 1316 1922 1372 pro-

342 1406 446 1461 lixa
480 1414 716 1473 tempora
744 1416 864 1471 qua:
891 1407 1015 1453 ante
1057 1398 1227 1467 legem
1277 1395 1525 1460 fuerunt,
1572 1393 1923 1449 lransiluisset

343 1498 458 1551 haec
485 1509 649 1559 mors,
678 1508 795 1565 qua:
823 1507 916 1562 per
941 1497 1221 1560 peccatum
1253 1486 1409 1556 primi
1441 1484 1671 1540 hominis
1709 1483 1925 1538 intravit

343 1590 396 1644 in
428 1585 702 1650 mundum,
734 1592 787 1638 et
823 1599 850 1637 a
878 1580 1076 1637 Iudaeis
1106 1593 1320 1648 serpere
1360 1577 1636 1646 inciperet,
1667 1573 1758 1644 qui
1785 1589 1926 1645 prte-

342 1678 665 1732 varicatores
694 1673 823 1744 legis
866 1670 1039 1725 effecti
1065 1677 1207 1732 sunt,
1238 1665 1296 1721 tit
1338 1674 1577 1720 servaret
1620 1663 1924 1719 similitudi-

349 1784 470 1823 nem
500 1762 950 1836 praevaricationis
970 1758 1118 1824 Δάαι,
1139 1758 1405 1812 diceretur
1424 1755 1491 1811 de
1518 1755 1626 1821 illa,
1656 1753 1756 1808 Per
1771 1770 1925 1807 unum

349 1860 598 1913 hominem
642 1855 867 1917 intravit,
914 1861 963 1906 et
1006 1868 1094 1921 per
1134 1867 1303 1903 omnes
1342 1849 1566 1903 homines
1615 1848 1923 1916 pertransiit.

343 1950 439 2003 Cui
469 1949 632 2013 enim,
658 1961 762 2000 non
793 1943 911 1998 dico
953 1942 1133 2005 stulto,
1174 1939 1267 1995 sed
1315 1938 1476 2005 fatuo,
1511 1936 1924 2007 persuadebitis,

345 2047 569 2093 mortem
601 2052 698 2107 per
734 2050 895 2089 unum
926 2032 1193 2086 hominem
1241 2031 1492 2095 intrasse,
1523 2037 1577 2082 et
1607 2043 1702 2098 per
1740 2042 1929 2082 omnes

346 2130 588 2185 homines
620 2124 1004 2197 pertransisse;
1035 2136 1190 2191 quam
1222 2119 1397 2173 dicitis
1438 2127 1515 2171 tot
1541 2124 1729 2189 gentes
1757 2124 1810 2173 et
1851 2124 1931 2170 tot

345 2220 538 2275 sarcula
566 2214 970 2289 prmtermisisse
991 2212 1030 2277 ¹,
1058 2220 1112 2266 ct
1148 2210 1213 2265 ad
1242 2225 1334 2264 eos
1362 2210 1450 2279 qui
1494 2209 1664 2279 legem
1706 2221 1928 2277 accepe-

347 2320 486 2375 rant,
520 2309 730 2363 intactis
757 2304 989 2369 creteris,
1015 2301 1341 2372 pervenisse,
1370 2313 1490 2354 cum
1520 2307 1575 2353 et
1601 2298 1652 2351 in
1678 2312 1772 2377 eos
1798 2311 1931 2351 mur-

349 2413 458 2457 tem
486 2412 737 2470 regnasse
761 2396 969 2459 dicatis,
1002 2393 1090 2463 qui
1121 2406 1226 2446 non
1255 2391 1307 2444 in
1346 2390 1693 2444 similitudine
1725 2402 1930 2457 prmva-

344 2489 620 2548 ricationis
658 2486 823 2552 Adae,
867 2484 961 2539 sed
992 2483 1106 2536 sine
1142 2480 1599 2551 praevaricatione,
1647 2480 1771 2550 quia
1817 2479 1934 2534 sine

346 2585 498 2654 lege,
541 2575 929 2651 peccaverunt?
970 2575 1197 2629 Prorsus
1242 2586 1346 2625 non
1395 2579 1475 2626 est
1512 2570 1651 2625 unde
1697 2580 1931 2624 vestrum

350 2672 627 2742 corrigatis
653 2682 912 2733 errorem,
939 2665 1042 2720 nisi
1072 2663 1303 2719 redeatis
1321 2662 1385 2716 ad
1409 2660 1722 2716 catholicam
1748 2660 1931 2728 fidem,

347 2779 467 2836 qua:
493 2760 692 2816 homini
719 2759 888 2829 primo
917 2755 1138 2827 principi
1166 2754 1521 2825 generationis
1548 2753 1816 2808 hominem
1846 2767 1934 2808 se-

348 2854 581 2909 cundum
610 2849 898 2921 principem
930 2844 1349 2916 regenerationis
1375 2844 1616 2916 opponit.

418 2942 792 3001 CLXXXVIII.
833 2940 951 2996 Jun.
993 2939 1091 3005 Qui
1118 2937 1285 2991 Adam
1318 2936 1489 2991 forma
1519 2935 1711 2990 dicitur
1735 2934 1931 3001 futuri,

351 3037 404 3094 id
433 3045 535 3102 est,
561 3034 757 3091 Christi
782 3050 794 3085 :
822 3046 1007 3086 verum
1035 3031 1204 3083 forma
1232 3042 1260 3081 a
1291 3027 1582 3089 contrario,
1605 3036 1662 3080 ut
1683 3026 1818 3081 sicut
1846 3025 1935 3080 ille

353 3125 573 3197 peccati,
605 3125 677 3178 ita
705 3123 789 3176 hic
808 3119 1027 3192 justititn
1058 3118 1227 3172 forma
1257 3117 1524 3171 credatur.
1549 3114 1653 3171 Sed
1683 3115 1820 3171 sicut
1850 3115 1934 3169 in-

350 3217 587 3274 carnatio
610 3214 826 3280 Christi,
851 3212 1066 3282 justitiae
1094 3209 1191 3263 fuit
1216 3208 1407 3276 forma,
1440 3224 1543 3262 non
1584 3208 1753 3277 prima
1778 3248 1793 3275 ,
1835 3207 1933 3263 sed

353 3302 589 3367 maxima
611 3326 626 3373 ;
650 3308 770 3378 quia
796 3314 851 3361 et
875 3314 1158 3374 antequam
1181 3302 1408 3358 Verbum
1432 3316 1556 3356 caro
1588 3299 1755 3364 fieret,
1780 3315 1844 3355 ex
1871 3315 1935 3364 ea

353 3406 459 3461 fide
485 3419 607 3475 qum
632 3403 683 3456 in
716 3402 879 3456 Deum
910 3406 1044 3461 erat,
1072 3407 1127 3452 et
1152 3397 1205 3451 in
1244 3394 1525 3466 Prophetis
1567 3403 1619 3448 et
1660 3394 1712 3448 in
1755 3393 1936 3449 multis

354 3497 472 3551 aliis
500 3494 699 3550 sanctis
728 3491 923 3545 fulsere
957 3489 1209 3553 virtutes;
1236 3486 1481 3541 veniente
1509 3494 1685 3539 autem
1727 3491 1934 3554 tempo-

355 3603 476 3644 rum
523 3583 849 3656 plenitudine
874 3623 889 3646 ,
936 3589 1117 3635 exacta
1162 3580 1213 3632 in
1247 3578 1457 3632 Christo
1493 3576 1708 3646 justitia:
1749 3591 1935 3631 norma

354 3674 701 3745 resplenduit,
732 3682 787 3728 et
813 3671 903 3741 qui
941 3668 1224 3739 praedictus
1263 3666 1431 3721 fuerat
1471 3675 1620 3736 pater
1649 3664 1806 3719 futuri
1837 3680 1938 3720 sa:-

354 3768 481 3834 culi,
512 3777 618 3820 tam
650 3761 1060 3835 prmcedentium
1091 3766 1430 3825 sanctorum,
1476 3771 1633 3826 quam
1663 3756 1822 3810 etiam
1852 3770 1937 3811 se-

351 3856 626 3929 quentium
655 3860 1024 3909 remuneratur
1043 3848 1268 3904 eminuit
1295 3849 1315 3878 ²
1342 3863 1356 3900 :

394 3952 558 4006 -Avc.
588 3945 937 4019 Agnoscitnus
964 3942 1209 3998 hmresim
1234 3950 1460 3996 vestram
1484 3958 1496 3994 :
1522 3938 1764 3995 definivit
1791 3939 1936 3994 enim

351 4040 618 4110 Pelagius,
650 4036 789 4107 quod
830 4052 935 4090 non
966 4051 1029 4089 ex
1060 4032 1164 4087 fide
1204 4032 1580 4086 incarnationis
1609 4030 1806 4086 Christi
1835 4046 1933 4085 an-

354 4132 483 4201 tiqui
509 4129 737 4184 vixerint
761 4126 923 4197 jnsti;
956 4124 1076 4194 quia
1118 4122 1363 4177 videlicet
1393 4122 1627 4176 nondum
1677 4124 1728 4175 in
1774 4137 1937 4177 carne

356 4230 573 4276 venerat
597 4218 859 4274 Christus.
886 4215 1017 4268 Cum
1047 4212 1290 4284 profecto
1315 4213 1364 4266 id
1392 4211 1623 4267 futurum
1658 4229 1761 4267 non
1798 4229 1936 4283 prro-

352 4311 698 4373 nuntiassent,
746 4306 845 4360 nisi
886 4304 1089 4375 priores
1119 4304 1297 4372 utique
1322 4303 1686 4357 credidissent.
1733 4304 1838 4358 Sed
1882 4305 1935 4358 itt

354 4403 491 4457 hanc
541 4400 920 4455 absurditatcm
971 4394 1270 4458 cecidistis,
1315 4393 1442 4447 dum
1490 4393 1771 4449 defenditis
1817 4409 1937 4450 esse

352 4495 587 4565 potuisse
615 4507 710 4561 per
731 4499 973 4544 naturam
1002 4487 1275 4555 legemque
1300 4485 1555 4553 justitiam
1585 4503 1597 4539 :
1633 4484 1937 4539 utrumlibet

354 4594 529 4643 autem
554 4583 597 4637 si
628 4594 809 4634 verum
836 4587 938 4643 est,
969 4592 1097 4647 ergo
1118 4577 1362 4631 Christus
1381 4576 1543 4645 gratis
1571 4585 1807 4629 mortuus
1833 4586 1933 4630 est.

423 4668 757 4729 CLXXXIX.
791 4669 908 4723 IUL.
945 4668 1017 4720 Ita
1047 4667 1204 4721 etiam
1232 4667 1283 4719 in
1313 4676 1460 4735 parte
1481 4665 1743 4720 contraria
1765 4664 1933 4720 Adam

352 4765 544 4822 dicitur
571 4763 739 4818 forma
769 4760 989 4831 peccati,
1015 4775 1116 4812 non
1148 4758 1334 4826 printa,
1358 4758 1449 4812 sed
1476 4759 1723 4812 maxima.

426 4859 559 4911 Atto.
591 4853 742 4910 Unde
780 4856 908 4922 ergo
964 4865 1066 4902 non
1101 4847 1265 4917 prima
1296 4888 1310 4913 ,
1343 4848 1435 4902 sed
1482 4848 1747 4902 maxima?
1772 4864 1938 4918 quan-

362 4946 643 5016 doquidem
670 4953 886 5014 propter
909 4939 1183 4996 exordium
1211 4938 1419 5009 generis
1446 4936 1679 4999 humani,
1709 4955 1814 4993 non
1841 4955 1935 4993 ne-

358 5055 452 5111 gas
476 5038 724 5108 primam,
754 5051 852 5088 nec
880 5032 1085 5088 invenis
1113 5047 1208 5087 cur
1230 5029 1376 5085 dicas
1403 5029 1708 5093 maximam,
1734 5029 1832 5083 nisi
1862 5029 1937 5083 fa-

359 5134 520 5186 tearis
547 5136 691 5181 tanto
719 5118 1121 5195 gravius‘Adam
1151 5136 1420 5192 peccasso,
1442 5130 1639 5190 quanto
1667 5120 1735 5174 ibi
1767 5122 1937 5189 major

359 5237 462 5276 non
493 5214 746 5291 peccandi
775 5214 997 5268 facilitas
1020 5222 1155 5279 erat,
1186 5214 1273 5267 ubi
1299 5213 1475 5266 vitiata
1500 5222 1681 5265 natura
1701 5210 1933 5264 nondum

358 5323 488 5378 erat,
534 5325 631 5366 nec
671 5309 756 5363 lex
800 5305 999 5376 peccati
1047 5306 1097 5359 in
1146 5304 1400 5359 membris
1452 5302 1779 5373 repugnabat
1829 5301 1933 5370 legi

361 5406 553 5459 mentis
578 5422 590 5458 :
618 5417 738 5457 cum
765 5414 865 5470 qua
893 5413 1048 5469 paena
1077 5398 1250 5451 omnis
1277 5397 1437 5451 homo
1464 5397 1715 5461 nascitur,
1745 5394 1937 5464 peritu-

361 5511 453 5550 rus
476 5497 530 5548 in
558 5503 839 5558 aeternum,
870 5505 915 5545 SI
946 5505 1052 5543 non
1084 5497 1422 5553 renascatur;
1451 5498 1505 5543 et
1534 5487 1791 5559 perditus,
1834 5484 1934 5539 nisi

423 5608 439 5638 ³
475 5614 580 5657 uss.
599 5604 719 5655 clar.
745 5614 797 5654 et
811 5610 1075 5671 Marqpost,
1099 5610 1142 5653 et
1166 5601 1425 5671 tutamenta
1442 5600 1833 5665 prmtermt'sissc;
1857 5615 1937 5652 re-

363 5673 619 5734 petttnt._et
644 5677 907 5734 pereuntes
926 5664 1136 5734 imagines
1158 5664 1486 5727 pertrtmsisse.

424 5729 444 5759 ⁸
468 5729 538 5775 sic
553 5727 651 5774 vss
682 5727 816 5784 miti,
842 5727 1049 5775 emicuit.

994 276 1234 335 OPEllIS
1273 272 1683 330 IIIPEliFEC'I‘I
1724 272 1994 327 CONTRA
2035 268 2398 338 JULIANbM,
2441 270 2499 325 S.
2543 266 2903 326 AUGUSTINI

3467 267 3604 327 1221

2025 388 2091 441 ab
2115 403 2182 442 eo
2221 388 2475 458 qumsitus
2516 389 2832 457 inveniatur,
2877 387 2965 459 qui
2993 386 3138 443 venit
3178 403 3422 459 qumrcre
3460 389 3605 461 quod

2023 479 2250 546 perierat
2275 479 2421 550 (Luc.
2459 495 2577 547 ιιι,
2606 479 2715 553 ιθ).

2095 567 2250 624 CXC.
2278 569 2394 624 ιω..
2426 571 2705 625 Maximam
2731 580 2906 625 autem
2935 570 3055 639 dico
3076 612 3089 631 ,
3129 586 3233 624 non
3265 571 3385 640 quia
3416 570 3606 625 diabo~

2023 659 2129 713 Iunt
2159 660 2327 730 magis
2358 676 2505 714 reum
2536 660 2697 715 fuisse
2721 661 2949 716 dillitcar
2974 679 2989 716 :
3014 660 3107 714 sed
3136 660 3259 730 quia
3297 676 3417 714 cum
3456 662 3609 715 iusti-

2023 750 2241 804 tutiouis
2285 751 2421 805 ratio
2464 760 2771 820 peteretur,
2823 752 3275 807 acconnuodatius
3317 754 3606 821 Apostolus

2024 841 2294 907 hominis,
2356 858 2515 913 quem
2580 842 2863 913 plurimum
2930 844 3199 898 successio
3261 844 3609 898 humanitatis

2023 935 2268 1002 aspexit,
2326 950 2481 1004 quam
2537 934 2699 989 aeriae
2748 933 3058 989 substantiae
3125 936 3310 990 fecerit
3372 937 3608 990 mentio-

2025 1039 2168 1078 nem.
2205 1025 2397 1079 Verum
2429 1025 2480 1078 in
2526 1025 2638 1094 ipsa
2687 1021 3015 1079 humanitate
3055 1025 3279 1095 primam
3327 1027 3606 1081 mulierem

2024 1115 2311 1184 deliquisse
2353 1116 2658 1181 constabat;
2700 1115 2795 1171 sed
2843 1117 2963 1185 quia
3012 1126 3218 1186 patrum
3264 1117 3316 1171 in
3362 1120 3610 1173 ontnilnts

2025 1205 2297 1262 efficacior
2318 1216 2400 1261 est
2439 1215 2493 1262 et
2521 1207 2690 1277 major
2713 1207 3020 1272 auctoritas,
3048 1224 3170 1262 cum
3206 1207 3340 1263 dixit
3383 1210 3609 1263 formant

2025 1298 2190 1354 fuisse
2218 1300 2442 1368 peccati,
2485 1315 2589 1354 non
2631 1314 2659 1354 a
2700 1316 2807 1370 quo
2849 1301 3014 1370 coepit
3057 1301 3332 1368 delictum,
3377 1303 3472 1357 sed
3521 1306 3612 1374 qui

2028 1406 2123 1460 per
2157 1398 2475 1461 potestatem
2506 1408 2665 1448 sexus
2692 1394 2858 1447 virilis
2882 1435 2896 1458 ,
2943 1393 3109 1465 magis
3153 1394 3315 1450 fuisse
3358 1397 3614 1464 probatur

2029 1482 2319 1538 imitabilis.
2348 1484 2510 1539 Vides
2539 1500 2753 1556 nempe,
2799 1494 2855 1539 ut
2894 1488 3271 1557 consequentia
3314 1488 3615 1544 intelieetus

2028 1573 2305 1628 veritatem
2328 1573 2428 1629 sibi
2456 1575 2632 1631 inesse
2659 1585 2901 1631 testetur.

2099 1663 2234 1720 Anc.
2274 1663 2390 1719 Non
2419 1665 2766 1722 imitationem
2794 1667 3095 1734 imitationi,
3138 1668 3232 1725 sed
3258 1671 3615 1740 regeneratio-

2029 1771 2153 1813 nem
2182 1757 2509 1827 gcnerationi
2537 1759 2850 1828 opposuisse
2883 1760 3219 1829 Apostolum,
3261 1761 3374 1830 ipsa
3413 1760 3613 1817 Christi

2030 1849 2197 1903 forma
2217 1847 2577 1916 demonstrat;
2604 1850 2693 1919 qui
2712 1851 2727 1881 ⁸
2751 1849 2951 1905 homini
2974 1851 3146 1920 primo
3170 1851 3329 1906 homo
3349 1853 3614 1908 secundus

2030 1940 2334 2011 opponitur.
2359 1941 2414 1996 Si
2443 1955 2571 2011 ergo
2605 1957 2709 1996 non
2742 1941 3009 2011 pertinent
3034 1943 3100 1999 ad
3117 1943 3375 2012 justitiam
3391 1945 3612 2012 Christi,

2032 2030 2122 2098 qui
2141 2038 2525 2094 renascuntur;
2550 2046 2655 2087 non
2678 2034 2947 2101 pertinent
2959 2033 3025 2088 ad
3046 2044 3317 2103 peccatum
3336 2036 3486 2101 Adae,
3522 2038 3611 2107 qui

2033 2129 2359 2186 nascuntur;
2398 2130 2453 2176 et
2481 2136 2588 2176 non
2614 2130 2698 2176 est
2722 2122 2965 2176 Christus
3001 2121 3174 2178 forma
3216 2139 3245 2178 a
3291 2127 3557 2180 contrario
3596 2143 3611 2179 :

2032 2209 2127 2264 sed
2157 2211 2281 2280 quia
2312 2210 2481 2266 forma
2510 2220 2613 2278 est,
2640 2212 2829 2282 procul
2857 2211 3018 2268 dubio
3056 2214 3194 2269 sicut
3220 2216 3387 2271 renati
3425 2216 3491 2272 ad
3532 2216 3618 2286 ju-

2035 2302 2233 2357 Stitiam
2278 2303 2475 2359 Christi
2519 2313 2828 2372 transeunt,
2873 2305 3034 2361 etiam
3083 2306 3327 2377 parvuli,
3373 2309 3618 2379 quamvis

2036 2396 2247 2467 operari
2271 2395 2534 2466 justitiam
2562 2412 2667 2452 non
2694 2398 2963 2463 valentes;
2996 2398 3067 2452 ita
3095 2413 3216 2453 cum
3239 2401 3464 2454 transitu
3485 2416 3616 2470 pec-

2035 2487 2140 2545 cati
2169 2502 2234 2542 ex
2260 2487 2428 2542 Adam
2451 2489 2558 2543 nati
2580 2497 2724 2555 sunt,
2757 2489 2868 2544 sive
2893 2499 3197 2557 nascuntur,
3238 2494 3478 2561 quamvis
3511 2510 3618 2549 nec

2038 2586 2311 2648 peccatum
2332 2579 2506 2634 adhuc
2528 2580 2735 2635 valeant
2757 2582 2989 2651 operari.
3017 2582 3257 2652 Agnosce
3281 2585 3532 2651 formam,
3560 2596 3619 2642 et

2037 2671 2143 2725 noli
2174 2685 2294 2726 csse
2317 2672 2738 2729 contradictione
2762 2674 3034 2730 deformis.

2107 2759 2283 2816 CXCI.
2323 2761 2443 2817 Jun.
2484 2763 2634 2819 Nunc
2670 2764 2897 2832 intuere,
2940 2775 3197 2836 quantum
3226 2782 3254 2821 a
3287 2776 3372 2824 tua
3401 2772 3621 2840 exposio

2040 2849 2185 2907 tione
2211 2850 2540 2919 discordent,
2572 2861 2628 2908 ut
2652 2864 2845 2909 cmtcra
2872 2854 3111 2925 ejusdem
3137 2857 3262 2923 loci,
3294 2858 3362 2912 ita
3390 2860 3478 2913 illa
3499 2875 3622 2915 ver¢

2038 2940 2137 3007 ba,
2183 2942 2378 3011 quibus
2411 2943 2700 3012 Apostolus
2737 2946 3065 3015 pronuntiat,
3103 2949 3266 3003 etiam
3307 2949 3360 3004 in
3396 2965 3491 3005 cos
3529 2967 3621 3006 re-

2035 3046 2230 3102 gnasse
2272 3042 2520 3099 mortem,
2563 3034 2650 3104 qui
2687 3051 2788 3089 non
2830 3047 3155 3105 peccaverunt
3196 3040 3251 3093 in
3291 3039 3621 3096 similitudine

2039 3123 2468 3193 prmaricationis
2496 3123 2640 3194 Λάαν,
2680 3125 2770 3197 qui
2794 3136 2867 3180 est
2891 3126 3058 3196 forma
3086 3128 3265 3198 futuri.
3293 3129 3351 3185 Si
3379 3131 3521 3185 enim
3552 3131 3620 3187 de

2038 3217 2269 3297 naturali
2310 3225 2530 3288 peccato
2556 3227 2757 3289 ageret,
2805 3218 2873 3275 de
2909 3235 3016 3290 quo
3057 3220 3286 3290 dixerat,
3328 3231 3385 3276 ut
3411 3223 3620 3278 videtur

2039 3310 2164 3377 tibi,
2191 3309 2259 3365 In
2296 3328 2395 3380 quo
2422 3328 2591 3367 omnes
2626 3325 2956 3383 peccauerunt
2980 3331 2999 3369 :
3037 3317 3129 3386 qui
3158 3328 3340 3372 essent
3378 3318 3455 3384 hi,
3485 3331 3621 3389 quos

2038 3400 2218 3455 statim
2272 3403 2619 3472 pronuntiat,
2679 3418 2785 3458 non
2841 3405 3015 3461 solum
3072 3408 3125 3460 in
3181 3409 3621 3478 praevaricatione

2039 3489 2245 3545 Adte’?
2288 3491 2384 3545 sed
2423 3507 2493 3547 ne
2530 3492 2583 3546 in
2629 3493 2973 3551 similitudine
3008 3494 3222 3566 quidem
3263 3497 3434 3569 culpa:
3480 3498 3623 3555 illius

2039 3580 2298 3637 obnoxios
2318 3582 2685 3653 deprehendi?
2994 3586 2997 3589 λ

2109 3674 2245 3732 Anc.
2287 3675 2392 3731 Sed
2416 3686 2468 3731 tu
2496 3677 2576 3732 sic
2601 3677 2870 3749 intelligis,
2897 3679 3005 3750 qui.
3027 3695 3133 3735 non
3163 3680 3411 3753 intelligis
3436 3701 3449 3737 :
3479 3684 3624 3753 Apo-

2014 3767 2208 3831 stolus
2243 3776 2421 3823 autem
2460 3771 2718 3825 rationem
2755 3770 3009 3838 reddidit,
3051 3788 3218 3842 quare
3254 3789 3398 3829 mors
3432 3791 3624 3846 regna-

2041 3861 2182 3916 verit
2209 3872 2263 3918 ct
2301 3863 2355 3918 in
2390 3878 2486 3918 eos
2515 3864 2605 3935 qui
2634 3880 2739 3920 non
2770 3877 3145 3935 peccaverunt,
3184 3866 3430 3922 addendo
3459 3879 3512 3923 et
3541 3870 3625 3923 di-

2039 3953 2228 4017 cendo,
2272 3954 2324 4007 in
2364 3955 2742 4013 similitudinem
2771 3958 3199 4027 pratenricatimtis
3223 3958 3349 4013 Δάας
3368 3975 3389 4024 ;
3433 3961 3480 4015 id
3513 3973 3614 4027 est,

2040 4053 2323 4114 propterea
2365 4060 2616 4116 regnasse
2654 4048 2942 4104 ostendens
2971 4056 3200 4105 mortem
3241 4060 3293 4106 et
3321 4050 3372 4104 in
3401 4065 3494 4107 eos
3528 4054 3622 4122 qui

2040 4152 2145 4192 non
2203 4146 2574 4207 peccaverunt,
2624 4140 2874 4208 quoniam
2922 4141 3205 4211 quamdam
3258 4142 3623 4198 similitudinis

2040 4230 2263 4285 formam
2314 4247 2383 4287 ex
2433 4230 2564 4287 Adze
2614 4234 3046 4302 prtevaricatione
3099 4246 3392 4291 traxerunt.
3449 4238 3620 4293 Adam

2040 4323 2237 4393 quippe
2277 4321 2506 4376 induunt
2551 4324 2638 4392 qui
2688 4331 2997 4391 nascuntur,
3045 4325 3182 4380 sicut
3225 4326 3495 4382 Christum
3539 4329 3624 4383 in-

2041 4413 2207 4468 duunt
2237 4414 2325 4482 qui
2352 4422 2720 4468 renascuntur.

2110 4505 2313 4563 CXCII.
2350 4507 2468 4562 Jun.
2513 4505 2789 4577 Regnavit,
2816 4506 3003 4576 inquit,
3027 4522 3160 4563 mors
3183 4508 3331 4562 etiam
3354 4509 3407 4563 in
3426 4525 3511 4563 eos
3534 4510 3624 4579 qui

2042 4618 2140 4654 non
2172 4609 2497 4670 peccauerunt
2538 4599 2591 4651 in
2629 4598 2957 4653 similitudine
2995 4601 3419 4669 praevaricationis
3447 4602 3572 4655 Ade
3601 4617 3622 4655 :

2020 4693 2189 4759 ,vidcs
2215 4708 2335 4747 cum
2360 4691 2754 4746 distinctionem
2779 4691 2965 4746 fecisse
2991 4693 3343 4762 perspicuam,
3370 4695 3505 4749 inter
3527 4711 3623 4751 eos

2041 4787 2130 4856 qui
2170 4785 2412 4840 similiter
2450 4793 2507 4838 ut
2543 4783 2735 4851 Adam,
2766 4792 2820 4839 ct
2846 4784 3067 4855 eos‘qui
3107 4785 3438 4842 dissimiliter
3476 4803 3624 4841 erra-

2043 4887 2244 4935 verant.

2110 4969 2247 5023 Auc.
2289 4966 2345 5021 Si
2375 4965 2705 5020 dissimiliter
2732 4972 3059 5032 erraverunt,
3102 4966 3191 5021 ubi
3232 4976 3313 5021 est
3337 4982 3464 5037 ergo
3499 4967 3622 5023 imi-

2043 5059 2256 5113 tationis
2295 5058 2636 5126 exemplum?
2676 5058 3150 5127 Regenerationem
3197 5057 3364 5114 redde
3400 5074 3624 5129 genera-

2045 5151 2193 5214 tioni,
2244 5164 2349 5204 non
2393 5149 2735 5203 imitationem
2786 5147 3101 5214 imitationi;
3142 5160 3195 5205 et
3237 5150 3475 5206 invenies
3512 5151 3623 5206 for-

2043 5256 2204 5305 mam,
2247 5254 2406 5309 quam
2455 5238 2845 5294 commendavit
2884 5240 3169 5307 Apostolus
3210 5243 3467 5309 veritatis,
3512 5259 3621 5299 non

2042 5346 2197 5401 quam
2230 5329 2379 5382 finxit
2407 5329 2646 5393 Pelagius
2668 5329 2834 5382 vestri
2865 5339 3051 5382 auctor
3071 5331 3289 5385 erroris.

2112 5418 2338 5475 CXCIII.
2380 5419 2497 5474 Jun.
2541 5419 2669 5487 Qua:
2719 5417 2909 5473 divisio
2960 5420 3187 5476 naturali
3242 5433 3461 5492 peceato
3514 5442 3619 5478 non

2108 5600 2121 5628 ί
2150 5595 2439 5639 γιριιίιξιείιις.
2463 5595 2591 5639 mliti.

2108 5600 2121 5628 ί
2150 5595 2439 5657 \‘tguierius,
2463 5591 2591 5655 quia.

2105 5661 2125 5690 ι
2147 5662 2221 5707 sic
2253 5666 2359 5704 MSS.
2386 5665 2441 5703 At
2464 5656 2596 5720 editi.
2619 5665 2712 5720 non
2745 5653 2897 5720 solum
2938 5656 3349 5719 ρνωυωιίεαιίσηιε
3368 5656 3490 5720 (ψει⁹
3527 5669 3627 5711 non

2048 5721 2199 5772 solum
2221 5732 2310 5768 non
2334 5715 2733 5781 jn-a'rariratiatti)
2761 5717 2891 5767 Λάαν.
