3962 6180
251 317 368 370 ιω

247 451 404 517 potest
421 441 702 496 convenire
726 456 738 491 :
762 435 901 507 quod
928 436 974 492 si
994 443 1156 502 esset,
1180 446 1367 487 omnes
1388 443 1602 501 prorsus
1623 441 1801 497 aequa-

245 538 351 592 liter
367 532 670 602 colligaret;
705 543 862 582 nemo
891 541 1018 596 ergo
1055 534 1200 581 esset
1226 524 1312 579 cui
1343 521 1542 576 malum
1568 519 1669 573 hoc
1695 532 1801 571 non

246 628 447 688 inesset,
475 632 530 677 et
555 620 730 674 nullus
755 617 1080 673 inveniretur
1101 615 1168 670 de
1190 627 1298 684 quo
1317 626 1442 667 vere
1467 618 1646 679 posset
1666 606 1767 661 dici
1787 646 1800 670 ,

243 717 352 786 quia
377 715 426 768 in
451 709 851 768 similitudinem
879 705 1081 777 peccati
1105 705 1244 758 illius
1269 718 1376 758 non
1401 699 1724 769 deliquisset,
1749 696 1801 750 in

242 806 377 875 cujus
404 816 588 858 omnes
618 801 838 855 veritate
863 805 1192 868 peccassent.

304 897 428 948 Acs.
468 889 619 959 Quod
669 889 946 945 retinendo
983 887 1201 951 clamas,
1247 883 1347 939 hoc
1381 896 1564 937 verum
1608 887 1709 942 est,
1752 885 1807 932 et

241 996 408 1041 contra
437 998 532 1037 vos
569 989 695 1036 est:
743 995 932 1034 omnes
976 993 1194 1048 prorsus
1235 974 1490 1045 originale
1534 979 1804 1041 peccatum

240 1078 500 1148 aequaliter
530 1075 828 1144 colligavit;
861 1087 1020 1127 nemo
1049 1080 1192 1125 esset
1218 1070 1301 1124 cui
1333 1068 1526 1122 malum
1560 1066 1660 1119 hoc
1699 1078 1803 1117 non

242 1175 446 1236 inesset,
479 1170 577 1225 nisi
611 1185 705 1238 per
732 1167 1000 1221 Christum
1027 1164 1195 1236 gratia
1217 1163 1392 1217 divina
1429 1159 1721 1228 prodesset.
1748 1155 1804 1210 lu

239 1279 321 1318 eos
347 1263 489 1316 enim
529 1264 616 1330 qui
660 1275 761 1312 non
806 1265 1175 1328 peccaverunt,
1214 1255 1262 1308 id
1294 1263 1393 1318 est,
1427 1253 1514 1322 qui
1555 1265 1650 1305 sua
1681 1264 1804 1318 pec-

239 1361 338 1406 cata
371 1351 582 1420 propria
618 1365 721 1403 nun
761 1349 1018 1413 fecerunt,
1052 1358 1105 1399 ut
1136 1359 1277 1398 mors
1318 1351 1583 1412 regnaret,
1615 1339 1798 1395 simili-

241 1442 353 1496 tudo
393 1441 591 1496 meruit
628 1436 1075 1508 praevaricationis
1103 1435 1251 1503 Adae,
1279 1433 1370 1504 qui
1398 1442 1480 1488 est
1515 1432 1682 1485 forma
1721 1429 1804 1482 fn-

241 1532 352 1597 turi,
393 1531 448 1586 id
485 1538 586 1595 est,
629 1528 846 1584 Christi.
883 1527 1030 1581 Sicut
1057 1525 1197 1581 enim
1236 1524 1407 1592 primo
1435 1521 1672 1585 homine,
1716 1521 1805 1589 qui

241 1632 555 1686 nascuntur;
605 1621 676 1675 ita
723 1618 956 1675 secundo
1007 1617 1242 1684 homine,
1291 1615 1380 1685 qui
1433 1620 1802 1677 renascuntur,

241 1714 542 1767 induuntur.

301 1804 524 1859 CXCIV.
564 1803 684 1859 Jun.
724 1801 934 1873 Colligit
959 1810 1134 1856 autem
1159 1800 1465 1870 Apostolus,
1494 1807 1547 1854 et
1573 1812 1808 1869 pronun-

239 1897 341 1956 tiat,
389 1910 510 1950 csse
547 1895 678 1948 alios
721 1895 808 1964 qui
855 1893 1208 1963 peccaverint,
1258 1892 1393 1946 sicut
1431 1890 1634 1954 Adam;
1675 1890 1808 1942 alios

237 2002 360 2055 quos
387 2002 488 2039 nec
515 1985 807 2040 similitudo
833 1986 1061 2053 antiqua:
1093 1981 1540 2054 prmvaricationis
1565 1995 1810 2050 asperse-

239 2078 294 2128 rit
334 2095 347 2128 :
381 2077 626 2130 absolute
653 2090 780 2146 ergo
813 2077 996 2141 claret,
1039 2089 1246 2128 morum
1275 2073 1493 2127 crimina
1534 2086 1672 2135 esse,
1704 2087 1808 2125 non

235 2167 517 2219 seminum.
551 2168 725 2234 Atque
755 2173 812 2217 ut
838 2165 1088 2230 breviter,
1119 2179 1237 2232 quae
1267 2173 1390 2217 sunt
1425 2170 1565 2227 acta,
1599 2170 1810 2230 repeta-

235 2273 381 2320 mus;
440 2258 517 2310 ait
557 2257 860 2325 Apostolus,
917 2271 1012 2324 per
1059 2269 1220 2309 unum
1269 2254 1537 2308 hominem
1586 2252 1813 2307 intrasse

237 2357 506 2415 peecalum
538 2366 550 2401 :
584 2348 682 2402 hoc
711 2348 845 2402 ratio
868 2346 1098 2401 ostendit
1123 2345 1434 2414 imitatiOni,
1459 2360 1562 2400 non
1591 2359 1814 2415 genera-

238 2438 353 2490 tioni
386 2453 709 2506 congruere,
740 2454 857 2507 quze
886 2447 966 2491 est
996 2452 1128 2503 opus
1157 2436 1400 2490 duorum.

298 2531 432 2582 Auc.
476 2528 644 2594 Quam
689 2529 908 2582 multum
939 2529 1124 2583 eadem
1169 2529 1322 2593 dicis,
1365 2537 1418 2582 et
1457 2527 1586 2581 nihil
1631 2527 1807 2584 dicis:

237 2635 327 2674 nec
356 2620 528 2683 vides,
558 2621 678 2688 quia
717 2621 759 2674 si
790 2629 1060 2689 peccatum
1091 2619 1400 2674 imitationis
1425 2636 1452 2672 a
1480 2635 1675 2689 genere
1707 2620 1809 2674 hu-

238 2725 386 2764 tttano
429 2721 692 2779 emptum,
745 2713 844 2766 isto
885 2713 1272 2782 significaretur
1314 2712 1463 2774 loco;
1512 2727 1604 2781 per
1651 2727 1809 2767 unam

238 2804 402 2871 potius
448 2819 609 2874 quam
663 2821 756 2872 per
801 2819 964 2857 unum
1015 2804 1069 2858 in
1118 2802 1374 2857 mundum
1421 2802 1689 2857 diceretur
1731 2804 1812 2858 in-

238 2901 434 2956 trasse;
479 2909 597 2962 qua:
641 2895 711 2947 ita
757 2894 921 2963 prima
963 2893 1220 2963 peccavit,
1253 2900 1312 2948 ut
1345 2908 1462 2948 eam
1487 2893 1570 2947 vir
1603 2909 1814 2965 quoque

237 2984 400 3049 ipsius
450 2983 608 3039 fuerit
643 2986 894 3039 imitatus.
937 2985 1043 3040 Sed
1083 2986 1204 3055 quia
1247 2987 1670 3056 generationem,
1705 3003 1811 3042 non

236 3075 606 3140 imitationem,
640 3076 851 3130 volebat
881 3076 1132 3145 intelligi,
1165 3075 1269 3129 Per
1296 3092 1472 3140 unum,
1501 3076 1689 3146 inquit,
1719 3077 1814 3131 ho-

240 3168 419 3221 minem
460 3179 718 3233 peccatum
750 3168 952 3221 intravit
979 3169 1032 3221 in
1059 3167 1300 3220 mundum
1329 3183 1348 3220 :
1377 3177 1466 3221 aut
1491 3169 1678 3222 ambos
1702 3167 1816 3224 sin.

239 3259 400 3325 gulari
438 3273 664 3312 numero
705 3258 1001 3324 includens,
1047 3266 1260 3327 pr0pter
1297 3257 1436 3327 quod
1474 3257 1674 3314 dictum
1713 3265 1816 3328 est,

243 3346 405 3418 Igitur
434 3351 549 3420 jam
591 3366 693 3404 non
733 3359 850 3403 sunt
887 3349 989 3402 duo
1028 3348 1238 3421 (Matth.
1282 3365 1396 3415 xix,
1439 3350 1529 3420 6);
1567 3361 1658 3406 aut
1695 3367 1815 3407 eum

244 3440 574 3508 potissimum
605 3455 1050 3506 commemorans,
1084 3457 1113 3494 a
1144 3456 1250 3512 quo
1279 3451 1358 3495 cst
1384 3442 1697 3512 principium
1727 3459 1820 3514 ge-

246 3531 465 3586 nerandi
487 3574 501 3599 ,
531 3547 650 3586 cum
679 3533 959 3587 seminatio
985 3533 1276 3597 exorditur,
1311 3546 1366 3587 ut
1391 3537 1668 3604 conceptio
1693 3537 1818 3590 sub-
1844 3571 1860 3590 .

246 3632 517 3692 sequatur.
550 3623 676 3678 Iltec
717 3637 860 3692 sa-pe
884 3623 992 3693 jam
1029 3623 1260 3678 diximus
1292 3642 1304 3678 :
1334 3626 1426 3678 sed
1457 3626 1820 3681 iterationibus

248 3714 366 3779 tuis,
403 3724 617 3769 nostras
647 3728 857 3784 quoque
883 3714 964 3769 vel
995 3715 1186 3781 rarius,
1215 3724 1390 3770 tamen
1419 3716 1684 3783 iterando,
1713 3732 1819 3771 non

244 3803 501 3858 cedimus.

309 3895 516 3950 CXCV.
546 3896 666 3951 IUL.
695 3895 916 3951 Secutus
967 3905 1067 3963 est,
1097 3895 1165 3950 Et
1193 3898 1262 3950 i:a
1295 3898 1348 3951 in
1393 3913 1564 3952 omnes
1599 3898 1822 3952 homines

248 4004 374 4041 mors
399 3988 709 4056 pertransiit.

325 4081 464 4135 Asc.
493 4080 626 4147 Quid
655 4090 735 4135 est
757 4121 772 4146 ,
800 4080 870 4133 ita
893 4081 1212 4150 pertransiit;
1238 4082 1339 4137 nisi
1366 4081 1632 4152 quomodo
1657 4083 1822 4137 intra-

262 4168 360 4230 vit,
393 4171 446 4225 id
473 4181 554 4225 est
579 4213 594 4238 ,
622 4185 742 4225 cum
774 4181 1012 4240 peccato,
1040 4171 1150 4226 sive
1178 4186 1272 4241 per
1293 4172 1602 4240 peccatum?

315 4261 544 4316 CXCVI.
574 4262 693 4317 JUL.
728 4263 871 4318 Fecit
891 4263 1304 4326 distinctionem,
1335 4278 1402 4317 ne
1422 4263 1542 4333 quis
1564 4263 1633 4317 ita
1673 4273 1823 4333 puta-

253 4365 332 4410 ret
359 4357 615 4411 transisse
663 4367 972 4426 peccatum;
1006 4366 1062 4411 ut
1103 4372 1249 4412 mors
1293 4372 1410 4426 qua:
1439 4357 1821 4426 praecucurrit‘

249 4446 518 4516 iudicante
540 4448 764 4518 justitia,
787 4455 968 4503 secuta
991 4448 1300 4518 probaretur
1316 4449 1563 4502 materias
1585 4447 1826 4511 ultionis,

257 4553 383 4606 quas
423 4539 475 4593 in
510 4554 826 4609 unoquoque
846 4551 1122 4609 peccatore
1151 4539 1218 4593 de
1254 4538 1427 4593 studio
1454 4537 1606 4593 malae
1633 4537 1826 4592 volun-

256 4629 373 4682 tatis
403 4630 680 4684 invenerat
705 4631 747 4681 ¹.
775 4628 1019 4683 Ostendit
1065 4629 1241 4698 igitur,
1266 4645 1370 4684 non
1396 4637 1636 4684 naturam
1660 4643 1822 4684 accu-

253 4717 466 4772 sandam
494 4734 634 4785 esse,
664 4719 755 4774 sed
783 4720 977 4774 studia.

323 4809 454 4864 Asc.
475 4808 691 4863 Frustra
722 4819 774 4864 te
804 4825 1003 4877 versas,
1035 4819 1088 4866 et
1108 4825 1369 4866 reversas.
1401 4811 1566 4865 Adam
1595 4810 1821 4880 respice,

255 4905 308 4950 et
328 4899 597 4954 Christum
634 4918 648 4954 :
680 4901 768 4956 ille
795 4900 962 4956 forma
1008 4911 1089 4956 est
1115 4901 1312 4966 futuri;
1353 4917 1458 4956 non
1510 4913 1592 4957 est
1621 4917 1748 4971 ergo
1792 4917 1822 4955 a
1853 4909 1865 4929 '

255 4990 520 5044 contrario
547 4991 646 5046 iste
675 4991 981 5052 conformis,
1008 4991 1096 5061 qui
1124 4991 1383 5059 justitiam
1407 5005 1554 5044 suam
1587 4991 1638 5045 in
1664 5005 1824 5046 rena-

257 5091 463 5135 scentes
489 5081 737 5150 parvulos
759 5081 972 5151 trajicit,
999 5082 1042 5136 si
1069 5089 1340 5149 peccatum
1356 5079 1410 5134 in
1433 5088 1710 5136 nascentes
1733 5080 1825 5136 ille

257 5187 362 5224 non
392 5173 604 5242 trajicit.

326 5262 571 5319 CXCVII.
593 5263 711 5318 IUL.
741 5261 1042 5332 Subiunxit,
1075 5265 1126 5317 in
1173 5277 1238 5318 eo
1267 5275 1522 5332 regnasse
1566 5271 1824 5325 mortem,

256 5351 308 5403 in
341 5369 437 5422 quo
455 5369 628 5406 omnes
655 5361 980 5423 peccaverunt
1006 5368 1024 5406 :
1047 5368 1151 5422 quo
1176 5366 1444 5417 sermone,
1475 5365 1580 5405 non
1605 5365 1829 5404 nascen-

259 5443 328 5496 tis
355 5444 500 5498 ruina
524 5483 542 5511 ,
587 5443 681 5499 sed
721 5458 880 5514 opera
926 5443 1132 5514 agentis
1151 5443 1172 5475 ³
1197 5457 1448 5514 expressa
1477 5451 1581 5498 est.
1613 5447 1824 5512 Appro-

323 5554 342 5585 ¹
366 5559 444 5604 Its.
488 5561 624 5615 ttat,
647 5556 967 5615 percucurrit.

322 5615 345 5645 ³
366 5615 498 5680 editi,
519 5613 804 5680 quasintatc
825 5628 1008 5680 quoque
1037 5621 1309 5679 peccatores
1332 5616 1392 5665 de
1414 5615 1575 5666 studio
1601 5613 1744 5664 mnta'
1763 5628 1834 5667 tto-

261 5673 450 5741 Iuntatis
471 5673 727 5741 inuenerit.
741 5673 1047 5741 castigantur"
1061 5692 1124 5728 ex
1144 5680 1492 5741 manuscriptis.

329 5737 348 5766 ⁸
368 5740 434 5788 sie
455 5746 556 5787 Mss.
575 5747 632 5787 At
653 5738 789 5797 editi,
813 5737 1033 5801 cogetuis.

562 5817 830 5879 PATROL.
868 5820 1053 5883 XLV.

1526 311 1724 368 LIBER
1763 308 2131 382 secuxous.

3342 320 3474 379 129.6

1911 425 2052 483 bavit
2080 444 2138 483 se
2178 430 2351 499 itaque
2381 433 2689 500 pravitatem
2717 447 2958 504 arguere,
2991 449 3088 490 nec
3115 435 3471 494 innocentiam

1909 520 2164 574 sauciare.

1979 610 2110 664 Auc.
2138 608 2192 662 In
2218 610 2308 663 illo
2336 621 2694 679 peccaverunt
2733 628 2940 681 omnes,
2974 615 3023 670 in
3052 629 3156 684 quo
3183 615 3480 673 moriuntur

1909 712 2131 755 omnes:
2165 701 2316 771 cujus
2353 719 2381 754 a
2412 705 2680 758 contrario
2709 704 2877 760 forma
2928 717 3041 770 est,
3075 709 3124 762 in
3161 708 3266 778 quo
3308 708 3481 762 viviti-

1906 801 2096 847 cantur
2125 809 2330 849 omnes.
2364 795 2505 849 Sicut
2533 805 2706 851 autem
2729 798 2780 851 in
2801 799 2964 853 Adam
2995 816 3162 854 omnes
3180 801 3488 858 moriuntur.

1907 884 1978 936 sic
2017 885 2068 937 in
2099 884 2297 938 Christo
2326 903 2496 940 omnes
2540 888 2922 957 viviﬁcabuntur
2973 890 2991 959 (
3016 889 3035 942 ι
3062 889 3177 946 Cor.
3210 905 3279 944 xv
3304 932 3318 956 ,
3343 889 3466 959 ἓξ.)

1911 972 2059 1040 Quod
2092 974 2208 1028 ideo
2237 975 2433 1030 dictant
2455 987 2557 1043 est,
2587 978 2706 1046 quia
2729 977 2864 1032 sicut
2895 995 3052 1034 nemo
3075 980 3174 1034 uisi
3200 997 3293 1050 per
3315 980 3482 1034 Adam

1917 1064 2085 1132 vergit
2112 1065 2162 1117 in
2199 1076 2420 1120 mortem
2447 1109 2460 1130 ,
2496 1068 2565 1120 itt
2598 1082 2753 1121 nemo
2776 1070 2872 1122 nisi
2908 1086 3000 1138 per
3024 1070 3294 1125 Christum
3314 1073 3479 1141 surgit

1912 1153 1963 1207 in
1994 1153 2169 1208 vitam.
2201 1155 2244 1209 0
2273 1157 2430 1210 homo
2458 1157 2545 1227 qui
2573 1157 2703 1213 nihil
2731 1168 2879 1227 potes
2904 1159 3100 1225 dicere,
3145 1176 3328 1230 posses
3374 1163 3484 1216 sal-

1913 1254 2018 1298 tem
2045 1247 2250 1299 tacere!

1981 1334 2250 1389 CXCVIII.
2285 1335 2402 1391 IUL.
2451 1337 2582 1392 Post
2609 1337 2711 1394 hoc
2737 1349 2915 1394 autem
2949 1341 3161 1405 intulit,
3213 1358 3380 1413 usque
3417 1345 3481 1396 ad

1912 1427 2081 1496 legem
2112 1442 2361 1497 regnasse
2409 1440 2720 1498 peccatum:
2752 1432 3056 1496 ostendens,
3099 1449 3317 1503 regnum
3363 1449 3486 1504 pec-

1910 1519 2011 1572 cati
2038 1519 2142 1572 lata
2171 1521 2283 1590 lege
2309 1521 2584 1577 cecidisse.

1982 1613 2114 1667 Anc.
2143 1612 2198 1667 Si
2245 1613 2347 1666 lata
2376 1615 2488 1684 lege
2516 1618 2709 1672 cecidit
2735 1633 2950 1686 regnum
2977 1618 3200 1686 peccati,
3234 1634 3360 1688 ergo
3389 1634 3474 1687 per

1912 1701 2081 1771 legem
2105 1703 2305 1772 justitia
2337 1714 2437 1758 cst.
2467 1705 2525 1762 Si
2551 1724 2639 1776 per
2664 1716 2818 1777 legem
2831 1710 3033 1780 justitia
3068 1720 3161 1773 cst,
3191 1727 3310 1779 ergo
3336 1709 3489 1764 Chri-

1911 1805 2016 1848 stus
2040 1796 2195 1865 gratis
2219 1807 2443 1852 mortuus
2460 1808 2530 1852 est
2555 1798 2745 1871 (Colat.
2772 1816 2824 1864 ιι,
2855 1799 2966 1870 2i).
2995 1801 3233 1869 Apostoli
3267 1809 3351 1854 est
3379 1815 3479 1854 vox

1913 1886 2012 1942 ista
2036 1927 2049 1951 ,
2079 1904 2182 1942 non
2216 1907 2351 1944 mea.
2379 1891 2493 1945 .lam
2546 1894 2808 1977 erumpite
2857 1894 2907 1946 in
2956 1902 3196 1962 apertum
3223 1935 3238 1960 ,
3286 1895 3485 1950 inimici

1913 1980 2085 2034 crucis
2109 1980 2327 2035 Christi.
2365 1982 2500 2048 Quid
2533 1983 2728 2037 timetis
2772 2000 3016 2054 magnotu
3049 1986 3300 2054 pupulum
3333 1986 3489 2040 Chri-

1916 2069 2006 2134 sti,
2033 2078 2088 2122 et
2113 2068 2312 2123 Christi
2338 2088 2581 2142 magnum
2606 2073 2860 2141 judicium
2893 2090 2995 2128 non
3028 2076 3261 2130 timetis?
3290 2077 3485 2146 Aperte

1916 2158 2096 2224 dicite,
2132 2161 2414 2216 .luStificari
2465 2173 2648 2217 natura
2677 2205 2689 2224 ,
2718 2166 2992 2232 justilicari
3023 2168 3137 2235 lege
3185 2182 3488 2236 posst-tuus;

1917 2254 2083 2323 gratis
2113 2264 2349 2309 mortuus
2381 2264 2461 2310 est
2494 2256 2757 2311 Christus.
2805 2256 2907 2312 Sed
2935 2259 3278 2312 formidantes
3308 2261 3492 2314 multi-

1917 2343 2152 2400 tudinem
2181 2345 2543 2410 christianam,
2577 2347 2917 2416 Pelagianum
2969 2349 3188 2402 verbum
3232 2350 3488 2418 supponi-

1919 2435 2011 2502 tis,
2038 2445 2090 2490 et
2115 2436 2473 2505 quaerentibus
2521 2453 2549 2490 a
2580 2431 2943 2507 vobi=,'quare
2972 2451 3213 2494 mortuus
3239 2441 3301 2494 sit
3335 2439 3493 2495 Chri-

1917 2534 2050 2591 stus,
2094 2526 2140 2579 si
2166 2535 2353 2581 natura
2387 2528 2468 2580 vel
2501 2527 2585 2581 lex
2612 2527 2773 2582 efﬁcit
2807 2529 3014 2598 justos;
3049 2529 3400 2599 respomletis,
3428 2531 3494 2586 Ut

1917 2617 2021 2672 hoc
2053 2619 2224 2687 ipsum
2272 2617 2475 2673 facilius
2505 2618 2652 2674 fieret
2683 2637 2695 2672 :
2729 2621 2878 2690 quasi
2903 2630 3103 2690 posset,
3127 2622 3367 2690 quamvis
3393 2621 3494 2676 dif-

1919 2709 2110 2764 ficilius
2144 2710 2261 2766 llcri
2315 2719 2488 2765 tamen
2519 2752 2533 2777 ,
2565 2712 2679 2767 sive
2732 2727 2825 2782 per
2855 2724 3119 2778 naturam,
3152 2715 3264 2769 sive
3298 2729 3391 2784 per
3416 2715 3494 2769 lc-

1916 2814 2057 2869 gem.
2111 2801 2360 2868 Christe,
2413 2803 2699 2871 responde,
2752 2804 2944 2868 vince,
2994 2815 3152 2874 atque
3191 2805 3493 2869 convince;

1917 2895 2107 2959 clama,
2137 2893 2263 2948 Sine
2291 2910 2370 2948 me
2387 2895 2514 2947 nihil
2544 2895 2748 2965 potestis
2795 2896 2959 2964 facere
2987 2895 3166 2964 (Jonn.
3193 2913 3283 2960 xv,
3305 2898 3361 2967 5)
3391 2915 3404 2949 :
3439 2906 3500 2952 ut

1922 2993 2128 3038 taceant
2146 2986 2232 3056 qui
2259 2985 2518 3049 clamant,
2551 2988 2662 3042 Etsi
2687 2987 2974 3053 difficilius,
3002 3000 3174 3044 tamen
3211 3005 3495 3059 possemus

1922 3084 1973 3129 et
2004 3075 2118 3129 sine
2144 3085 2194 3130 te
2219 3077 2392 3130 facere
2423 3093 2440 3130 :
2469 3087 2561 3130 aut
2600 3077 2644 3131 si
2672 3088 2845 3132 tacere
2868 3096 2971 3132 non
2997 3088 3238 3148 possunt,
3264 3096 3323 3134 se
3351 3082 3497 3150 ipsos

1926 3165 1980 3220 in
2007 3163 2233 3221 latebras
2255 3168 2463 3236 aliquas
2481 3169 2693 3233 ducant,
2717 3180 2774 3222 ut
2802 3170 2935 3223 alios
2958 3188 3060 3224 non
3089 3172 3360 3226 seducunt.
3391 3172 3500 3228 Cur

1925 3271 2051 3327 ergo
2082 3269 2155 3311 att
2183 3259 2488 3326 Apostolus,
2520 3257 2690 3329 Usque
2709 3260 2840 3312 enim
2867 3261 2935 3312 ad
2969 3260 3127 3329 legem
3153 3272 3409 3329 peccatum
3445 3265 3498 3316 in

1923 3349 2110 3402 mundo
2135 3349 2262 3419 fuit;
2286 3349 2387 3403 nisi
2435 3351 2559 3420 quia
2589 3360 2861 3420 peccatum
2907 3353 3118 3407 auferre
3152 3370 3249 3407 nec
3280 3353 3381 3407 lata
3411 3355 3495 3410 lex

1924 3441 2127 3510 potuit,
2159 3441 2251 3496 sed
2280 3443 2367 3497 ille
2396 3442 2463 3496 de
2505 3459 2612 3512 quo
2649 3443 2846 3496 dictum
2891 3454 2992 3508 est,
3023 3444 3156 3499 Ecce
3185 3447 3360 3516 Agnus
3383 3445 3498 3510 Dei,

1924 3549 2036 3588 ecce
2056 3534 2143 3604 qui
2164 3535 2294 3588 tollit
2319 3545 2524 3604 peccata
2549 3535 2723 3588 mundi
2757 3533 2864 3608 (Id.
2895 3552 2930 3599 ι,
2974 3535 3120 3606 29)?

1994 3624 2222 3680 CXCIX.
2241 3625 2359 3681 IUL.
2387 3626 2672 3682 Ceueratio
2693 3636 2868 3681 autem
2898 3644 3016 3698 quae
3041 3629 3203 3697 ςωιιίι
3227 3629 3294 3683 ab
3309 3629 3498 3695 Adam,

1926 3726 1978 3771 ct
2005 3728 2123 3786 post
2144 3718 2312 3785 legem
2339 3728 2649 3786 permanet:
2684 3735 2801 3786 quae
2833 3719 2874 3772 si
2927 3730 3070 3773 esset
3103 3722 3218 3773 fons
3256 3730 3501 3788 peccato-

1928 3821 2044 3860 rum
2095 3817 2146 3860 et
2184 3806 2358 3860 frutex
2409 3808 2626 3874 diaboli,
2669 3809 2804 3861 sicut
2845 3817 2899 3860 lu
2949 3811 3359 3876 argumentaris,
3393 3826 3498 3863 nou

1929 3899 2110 3968 utique
2142 3913 2307 3968 usque
2331 3898 2398 3952 ad
2429 3898 2623 3968 legem,
2654 3898 2748 3952 sed
2794 3908 2851 3953 et
2897 3908 3018 3968 post
3057 3900 3248 3970 legem,
3277 3911 3332 3955 et
3386 3911 3506 3972 post

1929 3988 2196 4045 Christum
2236 3989 2339 4043 hoc
2377 3990 2578 4043 crimen
2629 3989 2851 4058 vigeret.
2900 3989 3177 4043 Peccatqu
3230 3991 3409 4061 itaque
3437 3991 3506 4046 de

1929 4097 2034 4152 quo
2059 4081 2346 4151 Apostolus
2385 4080 2702 4150 pronuntiat,
2730 4079 2854 4150 quia
2881 4094 3046 4150 usque
3069 4080 3136 4134 ad
3189 4080 3358 4152 legem
3384 4080 3504 4135 fue-

1929 4176 2031 4241 rit,
2063 4191 2160 4229 nec
2189 4173 2420 4244 potuerit
2449 4187 2665 4227 manere
2711 4181 2830 4240 post
2854 4171 3024 4242 legem
3049 4212 3064 4238 ,
3094 4172 3339 4238 actionis,
3391 4187 3498 4226 non

1930 4265 2218 4320 nativitatis
2261 4278 2378 4319 esse
2405 4263 2756 4317 convincitur.

2001 4359 2136 4412 Anc.
2180 4356 2316 4410 Ecce
2342 4364 2523 4424 aperte
2546 4354 2679 4408 dicis
2701 4396 2717 4419 ,
2751 4369 2853 4407 non
2888 4353 3008 4408 ideo
3041 4353 3240 4406 deisse
3270 4353 3502 4421 Aposto-

1931 4449 2060 4514 lum,
2085 4447 2251 4516 Usque
2271 4447 2337 4499 ad
2358 4446 2514 4515 legem
2535 4453 2791 4514 peccatum
2812 4444 2865 4495 in
2889 4443 3076 4495 mundo
3105 4443 3200 4513 fuit
3221 4482 3237 4508 ,
3263 4443 3384 4512 quia
3409 4457 3508 4497 nec

1932 4540 2018 4595 les
2054 4540 2224 4609 potuit
2245 4536 2455 4592 auferre
2487 4543 2762 4604 peccatum
2786 4549 2800 4597 ;
2828 4532 2920 4586 sed
2950 4533 3071 4602 quia
3095 4542 3369 4604 peccatum
3400 4549 3507 4592 non

1931 4635 2104 4704 potuit
2149 4647 2368 4687 manere
2419 4637 2536 4698 post
2581 4628 2750 4698 legem
2784 4643 2797 4680 :
2828 4640 2926 4680 nec
2973 4626 3284 4695 expavescis
3318 4641 3504 4682 vocem

1925 4725 2050 4790 Dei,
2083 4739 2178 4792 per
2203 4720 2474 4778 hominem
2499 4718 2590 4773 Dei
2619 4715 2980 4772 iutendeutem
3013 4717 3065 4771 in
3089 4713 3360 4771 Christum
3382 4758 3397 4782 ,
3431 4725 3511 4771 at-

1937 4832 2041 4886 que
2061 4815 2356 4876 dicentem,
2397 4808 2530 4863 Ecce
2558 4808 2726 4878 Agnus
2766 4806 2858 4860 Dei
2882 4847 2898 4873 ,
2939 4823 3050 4860 ecce
3069 4807 3156 4877 qui
3181 4807 3311 4861 tollit
3336 4822 3511 4877 pecca-

1935 4917 2038 4960 tum
2062 4903 2281 4958 mundi?
2304 4899 2441 4970 Quid
2469 4898 2705 4968 desipis?
2731 4898 2856 4967 quid
2885 4896 3121 4950 insanis?
3149 4895 3266 4951 Non
3295 4903 3505 4962 natura,

1935 5013 2039 5051 non
2069 4995 2189 5058 lex;
2225 4992 2317 5048 sed
2364 5007 2476 5045 ecce
2499 4991 2585 5061 qui
2625 4987 2756 5042 tollit
2785 4997 3044 5056 peccatum
3083 4986 3260 5040 mundi
3293 4997 3390 5042 :et
3414 5002 3511 5040 au-

1934 5089 2029 5145 des
2053 5088 2252 5151 dicere,
2286 5084 2486 5155 peccati
2536 5095 2758 5151 regnum
2807 5079 2912 5134 Iata
2963 5078 3078 5148 lege
3115 5077 3411 5144 cecidisse,
3459 5087 3512 5130 et

1938 5191 2056 5252 post
2084 5180 2252 5248 legem
2295 5189 2398 5229 non
2426 5168 2662 5242 potuisse
2693 5183 2909 5224 manere
2949 5169 3402 5238 peccatumYcum
3432 5169 3510 5221 ali:-

1936 5284 2020 5328 cat
2044 5269 2348 5339 Apostolus,
2377 5266 2439 5321 Si
2460 5282 2548 5335 per
2573 5265 2728 5332 legem
2748 5261 2969 5329 iustitia,
2993 5277 3110 5333 ergo
3139 5260 3368 5315 Christus
3389 5274 3518 5327 gmw

1938 5365 2001 5420 tis
2050 5371 2276 5417 mortuus
2308 5367 2421 5413 est:
2445 5371 2566 5412 cum
2596 5353 2737 5410 dicat
2763 5351 3055 5423 Apostolus
3077 5391 3092 5416 ,
3146 5351 3281 5416 Quia
3327 5347 3379 5401 in
3410 5347 3516 5416 lege

1940 5472 2084 5510 nemo
2114 5451 2426 5524 justiﬁcatur
2455 5445 2651 5516 (Colat.
2682 5460 2759 5510 ιιι,
2791 5442 2884 5516 Η)
2913 5462 2926 5498 :
2955 5457 3074 5497 cum
3120 5440 3256 5494 dicat
3287 5440 3515 5506 Aposto-

1943 5548 2044 5610 lus,
2076 5546 2183 5598 l.ra:
2223 5539 2540 5604 subintrauit,
2580 5546 2633 5590 ut
2671 5535 2949 5590 abundaret
2982 5531 3218 5584 delictum
3246 5525 3418 5598 (Rom.
3460 5542 3513 5590 γ,

1941 5638 2031 5704 20)
2067 5655 2079 5690 :
2106 5649 2226 5688 cum
2254 5631 2396 5684 dicat
2417 5627 2722 5697 Apostolus,
2756 5625 2817 5680 Si
2843 5625 2962 5677 data
2992 5628 3116 5674 esset
3160 5618 3242 5671 lea:
3264 5633 3377 5686 qua:
3401 5632 3519 5688 pos-

1947 5740 2019 5782 set
2038 5727 2289 5795 viriﬁcare
2312 5761 2326 5788 ,
2353 5721 2555 5774 omnino
2581 5735 2642 5773 ex
2664 5719 2768 5787 lege
2807 5723 2931 5768 esset
2944 5709 3146 5782 jnstitia
3174 5723 3192 5762 :
3219 5708 3306 5763 sed
3325 5709 3513 5762 conche

2620 5809 2954 5879 {Trmte—n
2963 5803 3122 5881 mf.)
