3962 6180
399 259 533 320 12ἓῖ

393 380 457 433 si.
481 377 755 448 Scriptura
777 376 945 431 omnia
974 376 1067 430 sub
1098 385 1299 444 peccato
1322 414 1337 438 ,
1385 384 1439 427 ut
1484 374 1754 444 promissio
1776 389 1838 427 ea:
1867 373 1970 440 ﬁde

393 466 516 523 Iesu
544 466 730 525 Christi
754 468 958 521 daretur
986 464 1298 519 credentibus
1328 463 1534 534 (Galat.
1567 479 1645 529 ιιι,
1673 463 1738 518 21
1771 473 1818 517 et
1840 462 1917 518 29.
1933 464 1974 531 ).

398 560 453 613 Si
478 574 639 617 aures
666 558 895 621 habetis,
935 571 1029 610 ora
1066 555 1176 626 jam
1206 555 1436 611 claudite
1462 572 1476 609 :
1506 555 1554 610 si
1581 563 1725 610 recte
1767 555 1976 625 aperire

394 664 487 704 ora
514 648 671 703 vultis
694 687 710 711 ,
745 646 892 715 prius
931 659 1090 701 aures
1108 644 1304 700 divinis
1337 645 1558 701 vocibus
1582 646 1807 716 aperite.
1835 645 1978 700 Sane

397 739 707 794 memineris
721 748 771 793 te
793 738 1014 805 dixisse,
1032 739 1427 808 generationem
1444 739 1672 808 erupisse
1685 740 1756 795 ab
1775 739 1975 803 Adam;

393 829 495 900 qui.
513 828 652 885 soles
675 827 856 885 dicere
879 870 896 895 ,
924 829 1322 900 generatiOnem
1364 830 1573 886 nonnisi
1601 845 1630 882 a
1656 829 1865 885 duobus
1893 831 1977 884 in-

389 924 588 993 cipere,
619 933 671 977 et
700 922 822 978 ideo
857 938 963 977 non
993 938 1112 979 eam
1158 924 1391 978 voluisse
1413 923 1635 993 intelligi
1659 923 1976 993 Apostolum

391 1017 537 1071 ineo
575 1024 834 1085 peccato,
876 1015 1026 1086 quod
1067 1031 1165 1086 per
1213 1032 1375 1069 unum
1429 1015 1703 1070 hominem
1748 1016 1978 1071 intrasse

388 1108 523 1162 dixit
562 1108 614 1161 in
641 1107 915 1162 mundum.
950 1106 1081 1176 Quis
1111 1117 1162 1162 te
1216 1121 1371 1176 posse
1397 1098 1645 1169 crederet
1689 1106 1974 1171 oblivisci,

388 1199 530 1268 quod
565 1200 722 1255 toties
750 1199 963 1254 dixeras
993 1198 1224 1254 falsum?
1246 1198 1350 1253 Sed
1380 1210 1555 1253 tamen
1589 1199 1786 1254 oblitus
1811 1213 1894 1265 es,
1918 1208 1977 1253 ut

390 1291 672 1360 aliquando
720 1290 926 1345 diceres
965 1305 1172 1345 verum.
1216 1289 1677 1359 Expergi'scere‘;
1727 1288 1847 1341 audi
1881 1289 1966 1342 vel

387 1392 449 1437 te
471 1384 640 1452 ipsum
671 1401 685 1437 :
712 1384 781 1438 ab
810 1382 977 1437 Adam
1001 1383 1164 1452 coepit
1192 1383 1500 1453 generatio,
1524 1398 1585 1435 ac
1607 1396 1706 1451 per
1733 1380 1855 1445 hoc,
1883 1395 1978 1451 per

388 1475 790 1545 generationem
841 1476 1055 1530 intravit
1102 1485 1420 1545 peccatum,
1468 1475 1608 1545 quod
1662 1491 1763 1545 per
1813 1490 1975 1530 unum:

389 1560 658 1615 hominem
713 1558 929 1614 intravit
977 1559 1030 1613 in
1063 1558 1318 1613 mundum
1345 1561 1389 1611 '.
1417 1558 1626 1613 Etenim
1664 1567 1718 1613 tu
1751 1557 1973 1626 dixisti,

393 1649 663 1706 (immitia
685 1662 852 1706 autem
879 1666 991 1720 qua?
1006 1651 1153 1720 carpit
1178 1650 1241 1704 ab
1264 1649 1446 1716 Adam,
1475 1658 1520 1703 et
1544 1657 1656 1721 post
1690 1649 1849 1719 legem
1869 1665 1979 1719 per-

389 1751 577 1796 manet.
596 1741 990 1801 Convenientcr
1019 1741 1178 1811 igitur
1213 1740 1496 1810 Aposmlns
1520 1755 1680 1793 unum
1704 1738 1974 1793 hominem

390 1833 584 1901 posuit,
611 1847 641 1887 a
673 1849 778 1904 quo
807 1842 1078 1902 peccatum
1108 1832 1325 1904 intravit
1346 1832 1397 1885 in
1421 1830 1697 1895 mundum,
1720 1830 1858 1899 quod
1879 1845 1978 1899 gen

389 1923 664 1979 iteratione
687 1901 1019 1989 traheretur;
1052 1936 1158 1976 non
1187 1901 1480 1987 diabolum,
1509 1936 1538 1973 a
1565 1937 1672 1990 quo
1697 1919 1822 1975 illud
1860 1935 1978 1990 pec-

386 2026 562 2071 eatum
608 2016 821 2071 intravit
850 2015 901 2070 in
929 2014 1209 2079 mundum,
1238 2013 1378 2084 quod
1397 2013 1619 2068 imitatio
1640 2021 1974 2083 sequeretur.

456 2107 559 2163 CC.
593 2107 713 2163 ιω..
764 2106 1037 2162 Peccatum
1073 2115 1260 2172 mitem,
1292 2105 1482 2175 inquit,
1521 2121 1622 2159 non
1650 2105 1932 2173 imputatur
1955 2145 1971 2169 ,

384 2216 496 2253 cum
542 2198 627 2253 [ex
671 2216 771 2255 non
797 2209 866 2253 est
902 2197 1078 2267 (liora.
1109 2213 1161 2262 v,
1199 2195 1286 2268 15)
1313 2214 1327 2250 :
1352 2212 1455 2266 qua
1498 2196 1792 2261 sententia,
1835 2197 1973 2252 sicut

388 2300 445 2345 et
467 2291 717 2344 omnibus
746 2288 902 2343 dictis
928 2289 1059 2351 suis,
1086 2288 1391 2357 opinionem
1421 2286 1655 2343 traducis
1682 2287 1973 2345 interemit.

460 2383 591 2437 Anc.
619 2380 781 2435 Plane
806 2396 926 2435 cum
978 2381 1059 2434 lex
1090 2378 1195 2434 nd‘h
1222 2388 1327 2440 est.
1358 2393 1463 2433 non
1481 2378 1502 2409 ³
1532 2379 1822 2447 imputatur
1844 2393 1974 2448 pec-

385 2481 594 2537 ratum;
638 2471 732 2526 sed
766 2471 834 2525 ab
860 2470 1165 2527 hominibus
1189 2510 1205 2533 ,
1248 2470 1340 2539 qui
1374 2469 1737 2525 inscrutabilia
1774 2470 1971 2537 judicia

387 2564 483 2619 Dei
513 2564 775 2619 nesciunt.
816 2561 951 2618 Nam
980 2563 1023 2616 si
1056 2563 1191 2618 Deus
1235 2572 1513 2632 peccatum
1547 2577 1652 2616 non
1701 2563 1970 2633 imputat,

384 2670 505 2714 cum
536 2654 620 2709 lex
664 2669 768 2707 non
799 2662 918 2721 est;
951 2669 1054 2724 qua
1100 2653 1314 2708 tandem
1339 2653 1554 2722 iustitia
1582 2655 1673 2709 Dei
1721 2655 1810 2724 qui
1856 2654 1995 2710 siue.

386 2747 499 2816 lege
522 2755 896 2816 peccaverunt,
927 2747 1043 2802 sine
1068 2746 1183 2817 lege
1212 2746 1463 2816 peribunt
1488 2744 1611 2819 (Id.
1643 2762 1700 2808 ιι.
1735 2746 1865 2818 ίὲγῖ

453 2838 582 2895 CCl.
609 2837 730 2894 Jun.
758 2838 890 2893 Nam
916 2838 959 2893 si
985 2850 1108 2894 ante
1133 2840 1301 2909 legem
1324 2855 1431 2894 non
1463 2840 1718 2909 imputata
1749 2849 1975 2909 estpec-

384 2931 487 2984 rati
516 2928 703 2985 tradux
728 2970 744 2993 ,
791 2941 909 2998 post
934 2930 1109 2997 legem
1139 2928 1162 2960 ⁸
1196 2938 1373 2983 autem
1402 2946 1504 2984 non
1535 2930 1630 2985 fuit
1654 2972 1667 2995 ,
1699 2946 1972 3001 nunquam

384 3023 605 3081 omnino
631 3038 738 3091 quo
764 3038 812 3076 nr
835 3030 979 3076 ceret
1013 3021 1245 3074 humano
1273 3021 1456 3091 generi
1493 3022 1637 3077 virus
1667 3021 1689 3054 ⁸
1718 3021 1969 3077 obtinuit.

385 3114 524 3167 Ante
554 3114 721 3183 legem
759 3113 902 3167 enim
933 3113 1248 3182 imputatum
1290 3129 1395 3167 non
1425 3124 1509 3168 est
1528 3115 1772 3169 naturale
1795 3128 1974 3184 pecea-

392 3214 500 3259 tum
532 3204 669 3261 :suh
716 3204 833 3273 lege
879 3203 1194 3272 imputatum
1236 3219 1345 3257 non
1385 3214 1486 3270 est,
1542 3204 1665 3275 quia
1722 3205 1775 3259 in
1827 3204 1973 3259 nullo

386 3309 614 3363 unquam
643 3293 761 3346 loco
785 3293 919 3363 legis
942 3293 1022 3347 vel
1044 3301 1396 3348 monstratum
1421 3292 1523 3348 hoc
1548 3295 1629 3348 vel
1659 3294 1971 3363 imputatum

385 3386 503 3451 doct
525 3393 627 3438 tur.
673 3385 909 3452 Apparet
962 3398 1089 3452 ergo
1138 3384 1488 3452 A|)0.~lUlUlll,
1532 3393 1802 3453 peccatum
1847 3392 1973 3440 ante

389 3479 557 3546 legem
590 3475 772 3529 liberae
796 3475 1081 3531 voluntatis
1106 3515 1123 3541 ,
1177 3485 1294 3544 post
1320 3476 1488 3545 legem
1515 3486 1690 3531 autem
1718 3476 1972 3546 prmvari.

386 3569 652 3629 rationem
682 3565 900 3623 totidem
930 3565 1109 3621 libera:
1135 3566 1424 3621 voluntatis
1452 3581 1695 3637 arguere.

460 3662 596 3717 Auc.
624 3656 679 3713 Si
703 3659 755 3711 in
784 3657 901 3727 lege
927 3672 1030 3710 non
1053 3657 1353 3713 ostenditur
1373 3657 1631 3727 originale
1653 3667 1927 3726 peccatum
1952 3699 1969 3723 ,

389 3767 483 3805 cur
518 3767 648 3822 ergo
688 3750 739 3804 in
766 3750 881 3819 lege
919 3749 1094 3804 anima
1148 3748 1354 3818 parvuli
1383 3757 1572 3803 octavo
1600 3748 1687 3804 dic
1713 3764 1821 3804 non
1863 3748 1970 3804 cir—

385 3845 603 3901 enim-isi
633 3843 702 3899 de
741 3857 940 3914 genere
963 3857 1060 3897 suo
1105 3841 1247 3899 dicta
1275 3851 1360 3897 cst
1387 3840 1605 3896 interire
1632 3839 1782 3912 (Gen.
1815 3855 1926 3899 xvu
1951 3881 1967 3908 ,

391 3939 533 4004 li)?‘
559 3954 655 3990 t'tll'
714 3937 914 3991 infante
955 3944 1082 3991 Italo
1108 3975 1123 3999 ,
1170 3932 1493 3989 ullerebatur
1527 3932 1845 3988 sacriﬁcium
1876 3946 1975 4000 pro

390 4040 609 4101 peccato
652 4027 852 4100 (Leuit.
898 4041 994 4090 xu,
1027 4026 1061 4079 6
1087 4023 1289 4096 )iJam
1316 4063 1333 4088 ,
1363 4037 1579 4093 qnzeso,
1612 4031 1764 4079 tace:
1794 4030 1973 4077 atten-

387 4122 454 4177 de
480 4120 756 4184 infantem,
780 4127 834 4173 et
860 4116 1068 4172 imitare
1102 4129 1211 4182 non
1244 4113 1443 4169 tantem
1469 4112 1511 4165 ⁸.

458 4213 609 4269 CCII.
641 4212 757 4267 Jun.
793 4211 867 4265 Ac
887 4223 982 4278 per
1002 4207 1122 4270 hoc,
1148 4214 1355 4263 constat
1386 4205 1516 4261 nihil
1543 4221 1665 4261 eum
1687 4204 1755 4261 de
1779 4219 1972 4277 pecca-

388 4313 442 4358 to
472 4302 705 4358 traducis
723 4300 991 4356 elocutum
1020 4314 1035 4350 :
1063 4312 1183 4367 quae
1210 4296 1455 4366 quamvis
1496 4295 1714 4365 copiosa
1743 4303 1924 4350 essent
1954 4337 1969 4362 ,

386 4393 452 4448 ad
503 4391 834 4463 [rebattdum
883 4388 1015 4444 nihil
1058 4385 1375 4457 Apostolum
1421 4384 1490 4441 de
1530 4386 1754 4440 naturali
1785 4385 1977 4456 (quod

387 4500 509 4541 esse
536 4499 641 4539 non
666 4490 861 4553 potest,
879 4490 935 4536 et
956 4496 988 4535 a
1008 4478 1313 4535 Manicbtnis
1336 4474 1574 4548 tingitur)
1598 4479 1833 4535 sensisse
1859 4494 1977 4548 pec-

387 4583 508 4629 calo
527 4614 541 4636 ,
570 4588 638 4628 ex
660 4571 981 4627 abundantia
1008 4579 1182 4626 tamen
1200 4569 1360 4625 etiam
1386 4568 1779 4626 distinctionem
1804 4569 1977 4625 incola

388 4669 546 4730 cavit,
575 4681 682 4721 non
711 4678 899 4719 omnes
923 4662 1142 4719 omnino
1161 4661 1293 4717 Adae
1321 4661 1761 4731 prmaricgtioae
1806 4660 1986 4730 pulling

390 4772 507 4822 tos;
535 4754 971 4830 quandoquidem
994 4753 1155 4810 etiam
1184 4752 1253 4809 de
1281 4752 1365 4808 his
1386 4792 1407 4819 ,
1437 4753 1489 4808 in
1519 4753 1712 4824 quibus
1741 4767 1838 4823 pro
1865 4752 1971 4806 ini-

389 4853 591 4923 quitate
612 4855 867 4920 regnaret
892 4846 1162 4912 interitus,
1192 4843 1561 4901 invenirentur
1585 4844 1800 4915 plurimi
1824 4883 1841 4911 ,
1882 4844 1975 4914 qui

387 4966 415 4997 :t
444 4940 896 5014 pecvariestiono
915 4938 1048 4994 Adin
1068 4937 1391 4995 docerentur
1415 4935 1595 4995 alieni.

461 5037 597 5090 Anu.
641 5032 982 5088 Calumniose
1005 5070 1023 5098 ,
1065 5026 1565 5099 linguosez-Umnes
1602 5025 1829 5081 homines
1881 5025 1971 5081 sub

452 5150 469 5180 ί
498 5146 766 5203 uenardus,
788 5141 975 5194 diceres
998 5153 1180 5203 verum,
1203 5147 1254 5203 et
1278 5138 1654 5203 expergisceres.
1682 5137 1974 5199 vlgnierius,

388 5200 783 5279 dica'espsruna,
807 5212 851 5261 et
873 5202 1297 5269 expergiscereris.
1338 5200 1394 5253 At
1427 5200 1555 5262 Mss,
1581 5200 1768 5250 diceres
1789 5211 1971 5253 certon.

390 5282 1006 5398 h£%,sgfa§teai‘f‘et’rort.,_
1029 5330 1119 5388 per
1155 5323 1508 5398 quamnquam
1539 5328 1790 5387 peccarint:
1822 5320 1975 5370 intra.

388 5396 452 5445 rit
468 5393 526 5444 in
542 5392 787 5444 mundum.
804 5404 822 5441 :
845 5390 1041 5455 caussis
1060 5388 1233 5455 mpdiis;
1254 5388 1434 5455 verbis.
1610 5426 1611 5429 η
1658 5452 1667 5455 _
1732 5445 1743 5455 '

459 5460 479 5488 ³
503 5460 586 5504 llic
609 5461 874 5516 negantem
916 5448 1199 5514 particulam
1240 5448 1541 5497 restituimus
1563 5448 1850 5496 auctoritate
1875 5455 1974 5493 ma-

392 5525 764 5590 t'ttSttt't(it.ttru111.
1045 5563 1060 5577 ,

454 5578 475 5608 ι
500 5578 633 5635 min,
659 5576 925 5642 pcata-geni.
948 5579 1117 5642 Venus
1138 5578 1275 5629 Mss...
1296 5570 1582 5635 post-legem.

453 5641 474 5672 ⁸
503 5647 648 5689 ictus
669 5638 823 5687 codex
851 5643 993 5693 Γυνι.ι
1016 5638 1157 5695 ti-rs.

455 5701 475 5729 ⁸
632 5704 738 5746 star.
770 5706 817 5745 et
853 5692 1120 5753 ιἰιιιζέιιωι
1147 5692 1391 5751 inﬁnitum.

1085 261 1328 316 OPERIS
1368 260 1609 314 lllPERF
1624 259 1774 314 ECTl
1815 258 1974 315 CON'I

2084 255 2482 325 .wuanun,
2525 257 2581 313 s.
2626 222 2989 314 incusum

3533 262 3668 325 1938

2087 380 2290 439 peccato
2325 371 2599 436 nascimur,
2628 387 2842 440 quorum
2870 373 2985 442 ipse
3010 382 3150 426 ortus
3170 372 3222 426 in
3249 372 3367 427 vitio
3396 382 3468 428 est
3502 376 3520 444 (
3545 381 3672 429 Am-

2082 460 2311 526 brosius,
2352 461 2443 515 lib.
2469 461 2493 516 1
2533 462 2597 519 de
2624 460 2948 529 Paenitentia,
2970 479 3088 532 cap.
3108 462 3147 517 2
3175 463 3251 517 vel
3272 464 3353 530 5),
3383 464 3471 533 qui
3502 464 3631 521 dixit
3655 508 3670 531 ,

2083 551 2405 612 Manichacus
2429 568 2538 608 non
2578 554 2712 617 luit;
2739 554 2834 610 sed
2861 555 3002 611 sicut
3031 556 3192 612 vestri
3222 555 3458 615 doctoris
3485 557 3676 631 (a)ore

2083 643 2328 705 laudatur
2361 684 2376 708 ,
2406 645 2544 700 inter
2572 646 2862 716 scriptores
2891 647 3284 703 ecclesiasticos
3311 647 3409 703 llos
3455 650 3669 720 quidam

2082 735 2357 804 speciosus
2382 736 2591 790 enituit.
2619 736 2900 804 Quomodo
2929 748 3105 793 autem
3147 738 3303 801 dicis,
3333 755 3439 795 non
3483 756 3678 796 utnnes

2081 827 2211 883 Adae
2238 830 2669 897 praevaricatione
2692 829 2941 898 pollutos,
2966 839 3041 896 et,
3072 831 3212 901 quod
3241 815 3392 899 pejus
3412 840 3513 897 est,
3535 833 3673 902 Apo-

2081 920 2225 976 stolo
2250 922 2501 989 imputas,
2527 920 2670 991 quod
2704 929 2756 975 tu
2784 922 3098 992 insipienter
3119 922 3295 992 sapis?
3317 939 3438 978 cum
3468 923 3557 977 ille
3588 924 3672 989 di-

2080 1019 2187 1077 cat,
2216 1011 2465 1083 Regnavit
2485 1028 2620 1066 mors
2645 1012 2708 1066 ab
2733 1012 2898 1069 Adam
2920 1055 2936 1073 .
2979 1029 3132 1083 usque
3152 1014 3222 1066 ad
3261 1012 3475 1084 Moysen
3493 1055 3507 1080 ,
3536 1024 3584 1068 ct
3621 1016 3673 1067 iu

2082 1120 2169 1158 eos
2187 1105 2275 1174 qui
2294 1121 2396 1160 non
2421 1115 2766 1173 peccarentur,
2797 1105 2987 1161 volens
3016 1105 3237 1176 intelligi
3264 1106 3515 1175 parvulos
3537 1149 3554 1175 ,
3584 1108 3673 1175 qui

2082 1194 2224 1249 nulla
2267 1196 2477 1265 propria
2506 1205 2724 1265 peccata
2757 1195 2998 1251 fecerunt
3026 1213 3041 1251 :
3071 1205 3126 1251 et
3151 1196 3347 1259 addat,
3389 1197 3442 1249 in
3485 1197 3640 1249 simili
3652 1227 3672 1237 -

2081 1286 2256 1339 tudine
2281 1286 2710 1354 prwvaricationis
2739 1285 2865 1340 Δάαι
2896 1286 2914 1358 (
2939 1287 3087 1340 Rern.
3118 1303 3168 1352 v,
3222 1283 3349 1356 M),
3382 1287 3671 1340 ostendens

2081 1392 2180 1431 cur
2218 1377 2270 1432 in
2301 1393 2399 1432 eos
2430 1378 2730 1447 regnaverit
2753 1392 2931 1432 mors:
2958 1378 3097 1448 quod
3119 1378 3230 1446 jam
3261 1381 3506 1447 superius
3543 1378 3671 1432 satis

2081 1469 2288 1539 egimus
2313 1468 2531 1542 (Supra,
2560 1485 2675 1537 cap.
2710 1469 2863 1538 191).
2895 1468 3177 1536 Quomodo
3204 1470 3343 1525 enim
3377 1487 3467 1539 per
3512 1487 3671 1524 unum

2082 1560 2336 1615 hauritum
2362 1570 2623 1631 peccatum
2638 1561 2840 1614 intravit
2865 1562 2917 1617 in
2941 1561 3202 1627 mundum,
3226 1570 3276 1614 et
3302 1578 3390 1632 per
3412 1571 3670 1630 peccatur»

2083 1666 2259 1711 mors:
2298 1650 2342 1704 si
2381 1651 2432 1704 in
2465 1651 2670 1722 aliquos
2713 1650 2780 1705 ad
2809 1652 2909 1705 hoc
2944 1654 3100 1706 unius
3131 1651 3364 1706 hominis
3394 1662 3669 1721 peccatum

2082 1755 2187 1794 non
2214 1740 2538 1810 pertinentes
2578 1742 2817 1810 regnavit
2847 1750 3020 1796 Lumen
3068 1742 3246 1796 mors?
3286 1742 3343 1796 ln
3371 1758 3504 1812 quos
3524 1744 3669 1799 enim

2081 1847 2226 1887 mors
2272 1833 2513 1902 regnavit
2534 1874 2552 1897 ,
2584 1834 2853 1903 pertinent
2880 1832 2947 1889 ad
2994 1842 3270 1902 peccatum
3297 1849 3391 1903 per
3414 1837 3551 1903 quod
3584 1835 3667 1890 in-

2082 1924 2237 1980 travit
2266 1925 2393 1994 :qui
2413 1940 2540 1980 vero
2568 1925 2635 1980 ad
2667 1934 2940 1995 peccatum
2970 1966 2986 1992 ,
3018 1940 3112 1994 per
3149 1924 3293 1995 quod
3330 1940 3476 1980 mors
3502 1927 3672 1981 intra-

2081 2017 2194 2083 vit,
2223 2033 2329 2071 non
2375 2018 2685 2085 pertinent,
2722 2032 2830 2087 quo
2881 2017 3024 2087 iusto
3060 2015 3265 2086 judicio
3314 2015 3384 2071 ad
3440 2026 3670 2072 mortem

2081 2107 2382 2177 pertinent?
2412 2107 2528 2162 Non
2559 2115 2737 2162 autem
2758 2109 3029 2178 pertinent
3057 2107 3124 2162 ad
3175 2116 3451 2176 peccatum
3474 2149 3493 2174 ,
3521 2109 3670 2178 quod

2080 2214 2175 2267 per
2204 2214 2362 2255 unum
2394 2198 2664 2254 hominem
2711 2198 2927 2254 intravit
2954 2198 3005 2253 in
3037 2199 3333 2267 mundum,
3376 2199 3466 2269 qui
3493 2201 3509 2231 ¹
3560 2214 3671 2254 nou

2080 2290 2134 2344 in
2186 2291 2642 2359 prmvaricationis
2689 2291 2832 2346 illius
2878 2291 3224 2347 similitudine
3274 2303 3671 2375 peccaverunt,

2080 2381 2220 2435 sicut
2262 2381 2375 2449 ipse
2402 2380 2580 2435 dixisti
2612 2397 2759 2436 :non
2803 2382 2961 2452 igitur
3010 2382 3058 2434 in
3101 2396 3195 2436 eos
3224 2382 3467 2451 regnavit
3497 2398 3671 2438 mors.

2078 2472 2211 2539 Quid
2242 2481 2325 2526 cst
2346 2486 2493 2541 ergo,
2531 2471 2771 2543 Regnavit
2794 2488 2925 2525 mors
2947 2471 3095 2524 etiam
3116 2472 3168 2524 in
3199 2488 3285 2525 eos
3308 2473 3394 2541 qui
3424 2489 3524 2526 non
3548 2489 3677 2542 pec-

2087 2573 2324 2617 wwrunt
2346 2564 2401 2617 in
2426 2563 2757 2617 similitudine
2781 2562 3204 2633 prmonricatiauis
3230 2560 3357 2615 Ada:
3376 2579 3394 2628 ;
3416 2563 3517 2617 nisi
3540 2564 3678 2631 quia

2080 2653 2317 2724 regnavit
2334 2669 2478 2707 mors
2502 2662 2558 2707 et
2583 2653 2632 2705 in
2659 2667 2752 2706 eos
2773 2652 2858 2722 qui
2884 2667 2989 2706 non
3013 2659 3388 2720 peccaverunt,
3405 2653 3606 2722 quenia
3617 2670 3673 2707 ιιι

2079 2747 2217 2802 nulla
2250 2754 2464 2816 peccatu
2496 2745 2706 2816 propria
2738 2744 3156 2800 commiserunt?
3187 2743 3453 2815 Regnavit
3473 2754 3661 2800 autem

2080 2837 2131 2890 in
2158 2836 2505 2892 similitudine
2537 2835 2986 2907 prmvaricatiouis
3014 2835 3172 2899 Atla);
3203 2835 3327 2905 quia
3360 2834 3485 2889 licet
3516 2837 3670 2890 nulla

2079 2929 2177 2998 ipsi
2232 2928 2443 2998 propria
2476 2937 2688 2998 peccata
2728 2928 3134 2993 commiserint,
3180 2927 3449 2997 pertinent
3481 2936 3667 2985 tamen

2076 3020 2147 3077 ad
2173 3030 2446 3089 peccatum
2482 3037 2577 3091 per
2604 3020 2748 3091 quod
2797 3035 2941 3075 mors
2994 3021 3212 3074 intravit
3255 3019 3307 3074 in
3356 3020 3616 3076 mundum
3649 3063 3668 3089 ,

2079 3113 2349 3173 trahentes
2366 3112 2778 3171 similitudinem
2801 3111 3282 3182 prmvaricationis,
3312 3129 3416 3166 non
3450 3128 3670 3182 prmva-

2077 3202 2387 3263 rieationem
2417 3214 2635 3273 peccato
2664 3203 2880 3273 proprio
2907 3202 3284 3272 perpetrando,
3316 3203 3410 3258 sed
3437 3203 3505 3258 de
3522 3219 3671 3274 pra:-

2076 3298 2397 3363 varicatore,
2439 3313 2534 3366 per
2559 3312 2719 3367 quem
2758 3304 2943 3351 natura
2982 3294 3213 3350 humana
3241 3303 3349 3351 tota
3376 3305 3461 3351 est
3507 3297 3671 3351 vitia-

2078 3398 2129 3443 ta
2149 3430 2164 3453 ,
2194 3387 2481 3445 nascendo.

2147 3476 2322 3533 CClll.
2350 3476 2469 3532 Jun.
2504 3476 2636 3531 Vide
2659 3491 2789 3547 ergo
2814 3485 2992 3532 utrum
3019 3476 3193 3531 adhuc
3217 3475 3432 3530 duhimn
3455 3476 3538 3531 vel
3568 3478 3670 3532 tibi

2076 3568 2270 3627 debeat
2294 3584 2415 3625 esse
2442 3568 2581 3639 quod
2613 3568 2873 3634 dicimus,
2905 3569 3218 3624 innocentes
3245 3568 3493 3624 videlicet
3536 3581 3672 3627 ante

2077 3660 2311 3731 propria:
2362 3658 2649 3715 voluntatis
2700 3674 2886 3726 usum,
2918 3658 3049 3715 rude
3094 3673 3229 3729 opus
3259 3658 3373 3725 Dei,
3402 3674 3511 3714 non
3541 3677 3677 3730 pec-

2077 3768 2228 3809 casse
2279 3755 2331 3808 in
2372 3752 2572 3819 Adam,
2620 3753 2870 3823 quando,
2918 3753 3174 3822 Apostolo
3210 3760 3364 3818 teste,
3392 3753 3552 3807 etiam
3598 3754 3681 3808 de

2079 3844 2294 3914 iniquis,
2327 3845 2416 3914 qui
2443 3845 2495 3898 in
2518 3843 2866 3899 similitudine
2889 3842 3351 3915 prmvaricationis
3378 3841 3511 3898 Adae
3552 3859 3670 3899 non

2077 3935 2429 4005 deliquerint,
2462 3934 2671 4004 plurimi
2695 3949 2817 3989 esse
2845 3933 3158 3988 doceantur.

2148 4029 2285 4089 Asc.
2314 4027 2432 4082 Julii
2466 4039 2779 4093 responsum
2802 4032 2885 4077 est
2912 4041 2925 4076 :
2953 4039 3087 4093 opus
3111 4032 3195 4079 est
3219 4033 3276 4080 ut
3305 4033 3512 4089 taceas;
3540 4039 3673 4079 nam

2080 4134 2183 4173 non
2240 4128 2392 4188 potes
2431 4117 2533 4171 nisi
2577 4131 2826 4187 perversa
2868 4115 3086 4183 dicere,
3128 4117 3375 4173 conando
3421 4117 3673 4186 Apostoli

2078 4212 2241 4268 verba
2270 4220 2595 4282 pervertere.
2628 4208 2725 4265 llle
2751 4209 2919 4274 enim,
2966 4217 3022 4264 et
3060 4208 3115 4264 in
3155 4224 3253 4265 eos
3278 4210 3367 4280 qui
3404 4224 3510 4264 non
3539 4224 3676 4280 pec-

2077 4309 2352 4368 caverunt,
2382 4301 2433 4358 id
2452 4309 2556 4367 est,
2578 4300 2832 4370 parvulos
2854 4309 3068 4369 peccata
3099 4301 3313 4370 propria
3335 4316 3439 4355 non
3463 4299 3679 4355 baben-

2080 4403 2190 4463 tes,
2218 4394 2352 4450 dixit
2391 4404 2566 4448 tamen
2596 4406 2854 4461 regnasse
2893 4400 3120 4446 mortem
3156 4391 3207 4445 in
3254 4390 3677 4447 similitudinem

2081 4485 2536 4557 praevaricationis
2559 4484 2735 4550 Adio,
2766 4486 2856 4553 qui
2883 4492 2968 4538 est
3000 4481 3173 4538 forma
3201 4483 3361 4538 futuri
3393 4501 3407 4539 :
3437 4483 3560 4554 quia
3602 4484 3677 4539 ita

2077 4578 2325 4634 Christus
2353 4575 2550 4646 trajicit
2576 4576 2630 4629 in
2657 4590 2754 4630 eos
2786 4573 3065 4643 justitiam,
3107 4574 3248 4630 sicut
3271 4572 3441 4629 Adam
3471 4589 3664 4644 pem

2081 4679 2227 4734 tum;
2256 4670 2324 4723 ita
2352 4669 2600 4723 Christus
2629 4666 2826 4730 vitam,
2859 4665 2997 4720 sicut
3029 4664 3200 4720 Adam
3236 4674 3486 4720 mortem.
3518 4666 3680 4721 Alio.

2078 4767 2206 4832 quin
2230 4776 2259 4813 a
2284 4760 2456 4813 [urina
2510 4755 2711 4811 Christi
2755 4755 2914 4813 alieni
2962 4764 3140 4820 erunt,
3169 4765 3221 4810 et
3249 4754 3526 4810 christiani
3562 4770 3684 4811 non

2079 4864 2236 4909 erunt
2265 4869 2278 4906 :
2307 4849 2450 4921 quod
2493 4848 2708 4919 quidem
2749 4848 2992 4913 sentitis,
3023 4847 3119 4903 sed
3146 4856 3330 4917 aperte
3353 4847 3536 4904 dicere
3565 4849 3658 4902 lor

2079 4944 2314 4999 nudatis.

2149 5033 2325 5092 CCIV.
2354 5033 2473 5089 lue.
2507 5031 2612 5088 Sed
2640 5032 2915 5088 videamus
2942 5038 2999 5088 et
3023 5040 3238 5087 caetera.
3267 5031 3375 5088 Sed
3401 5048 3504 5087 non
3532 5033 3679 5087 sicut

2080 5127 2337 5192 delictum,
2363 5124 2434 5177 ita
2459 5103 2625 5195 gratia
2651 5138 2668 5176 :
2694 5122 2738 5177 si
2757 5123 2889 5176 enim
2910 5121 2961 5176 in
2984 5122 3132 5176 unius
3148 5122 3333 5177 delicto
3358 5124 3509 5177 multi
3533 5139 3684 5179 mor-

2082 5218 2157 5273 tui
2190 5226 2341 5282 sunt,
2371 5216 2530 5269 inulto
2568 5215 2734 5284 magis
2773 5211 3067 5283 gratichi
3106 5213 3477 5281 “deminui”
3504 5217 3692 5284 gratia

2083 5311 2240 5364 unius
2250 5309 2465 5363 lwntinis
2489 5305 2615 5361 Iesu
2636 5305 2844 5371 Christi,
2858 5305 2909 5359 in
2930 5306 3101 5375 plures
3120 5305 3393 5360 abundauit
3416 5305 3603 5377 (liores.
3626 5323 3691 5375 ν,

2084 5398 2487 5473 15).’5ιιρει·ιιι·ι
2529 5396 2659 5451 dicit
2704 5396 2902 5450 malum
2945 5395 3127 5450 delicti
3171 5396 3327 5466 copia
3360 5395 3592 5467 gratim;
3626 5408 3696 5453 et

2084 5509 2268 5551 eorum
2293 5493 2382 5563 qui
2414 5492 2685 5547 salvantur
2714 5504 2994 5545 munerum
3030 5488 3154 5556 illis,
3185 5502 3319 5560 quos
3338 5488 3685 5560 meumga-

2154 5628 2169 5658 ι
2198 5625 2332 5685 Editi,
2358 5622 2488 5683 quia.
2514 5624 2684 5677 Helius
2698 5631 2826 5685 mm,
2854 5624 2954 5680 aui.

2155 5687 2232 5750 (a)
2250 5683 2447 5747 l'elagu.
