3962 6180
366 290 492 343 γεεί

363 406 523 464 ιιὶειςρ,
553 416 709 471 qnam
732 399 1044 453 societatem
1079 393 1526 463 praevaricationis
1553 393 1803 462 au'tiqnm.

436 497 567 547 Atro.
610 490 742 544 Cum
768 487 1048 557 Apostolus
1080 482 1346 538 invenitur
1376 498 1481 538 non
1514 483 1693 553 plures
1720 481 1937 545 dixisse,

262 645 279 656 '
364 584 455 641 sed
483 584 693 646 mullus,
729 583 800 635 tui
827 582 842 612 ¹
883 578 1039 647 hujus
1069 577 1363 648 argumenti
1397 574 1637 629 machina
1666 583 1773 629 tota
1811 568 1940 629 sub-

366 676 588 729 vertitur
621 691 631 723 :
662 668 901 741 quamvis
940 682 1044 722 non
1076 666 1172 720 soli
1202 665 1368 721 Judzei
1389 707 1402 729 ,
1434 665 1570 718 sicut
1611 663 1701 717 tibi
1746 662 1939 733 placet,

364 764 455 818 sed
479 779 661 818 omnes
686 759 1118 830 prmvariratores
1138 772 1257 812 esse
1278 755 1631 827 reperiantur,
1660 749 1748 824 qui
1771 751 1941 824 legem

367 870 485 906 cum
532 853 645 925 ip~o
687 849 975 918 Evangelia
1026 848 1372 917 praedicatam'
1402 843 1799 916 prtevaricandi
1851 844 1961 897 «καί

371 943 712 997 mnahiliores
736 940 862 995 liuut
891 957 903 992 :
928 939 1172 1010 qualibus
1214 935 1704 1007 prmvaricatorihns
1728 977 1744 1001 ,
1786 934 1944 987 simul

364 1050 485 1088 cum
517 1032 729 1095 Iudaeis,
765 1032 832 1084 ita
877 1030 1065 1101 plenus
1106 1038 1186 1083 est
1221 1029 1481 1093 mundus,
1515 1035 1569 1079 nt
1613 1026 1665 1079 in
1710 1027 1943 1080 omnium

365 1123 758 1192 eompzt'ratioue
787 1122 890 1175 sint
919 1120 1087 1190 pauci,
1113 1120 1198 1189 qui
1229 1117 1458 1187 parvulis
1479 1130 1688 1186 quoque
1715 1115 1949 1186 baptiza-

366 1217 433 1271 tis
467 1215 658 1269 additis
687 1214 1005 1278 liberantur;
1037 1212 1175 1282 quod
1208 1219 1259 1264 et
1292 1210 1640 1279 responsione
1675 1207 1949 1275 superiore

365 1294 764 1376 Comprehendi.
807 1302 1094 1358 Evidenter
1141 1310 1327 1355 contra
1379 1313 1475 1352 vos
1517 1298 1711 1353 clamat
1754 1296 1949 1351 Doctor

366 1396 635 1460 Gentium,
668 1393 812 1449 Sicut
833 1394 885 1447 in
915 1393 1077 1445 Adam
1106 1407 1274 1444 omnes
1296 1390 1596 1454 moriuntur,
1630 1388 1699 1440 ita
1724 1386 1778 1440 in
1802 1384 1949 1441 Chri-

369 1494 442 1540 sto
484 1502 656 1538 omnes
695 1483 1078 1553 vivificabuntur
1107 1481 1155 1553 (l
1189 1479 1307 1535 Cor.
1335 1495 1425 1545 xv,
1448 1478 1541 1551 29..)
1579 1497 1591 1534 :
1633 1479 1721 1548 qui
1762 1493 1948 1533 omnes

373 1594 477 1630 non
512 1576 697 1647 pauci,
725 1575 818 1630 sed
847 1575 997 1629 multi
1032 1584 1177 1629 sunt.
1217 1573 1294 1627 Ac
1344 1588 1436 1642 per
1476 1572 1607 1637 hoc,
1642 1571 1792 1625 multi
1838 1585 1951 1625 mo-

370 1670 577 1724 riuntur
605 1669 655 1722 in
680 1668 868 1731 Adam,
897 1667 1047 1721 multi
1075 1663 1479 1741 viviﬁcabuntur
1508 1662 1559 1716 in
1580 1661 1821 1717 Christo:
1855 1661 1949 1716 sed

370 1761 546 1830 plures
571 1760 867 1814 morittntur
892 1759 944 1812 in
976 1757 1166 1822 Adam,
1197 1771 1351 1827 quam
1381 1755 1433 1808 in
1461 1753 1675 1811 Christo
1704 1753 1942 1833 vivitica—

370 1853 601 1907 buntur:
634 1851 998 1921 pluresitaque
1019 1849 1082 1902 ad
1112 1848 1248 1902 illius
1277 1857 1525 1911 mortem,
1554 1845 1618 1900 ad
1643 1845 1798 1914 hujus
1823 1861 1950 1899 vero

367 1944 551 2008 vitam,
579 1941 976 2011 comparatione
1004 1939 1211 1992 illorum
1229 1936 1499 2008 pertinent
1532 1935 1837 2005 pauciores;
1858 1933 1948 1987 5rd

366 2032 525 2087 etiam
567 2034 800 2101 ipsorum
833 2047 928 2101 per
953 2045 1009 2084 se
1048 2030 1190 2099 ip<os
1219 2043 1280 2083 ea
1322 2035 1404 2081 est
1441 2024 1744 2092 multitudo,
1794 2039 1951 2090 quam

368 2139 649 2179 munerare
697 2137 852 2177 nemo
884 2121 1051 2192 possit
1078 2126 1097 2189 (
1117 2120 1274 2189 Apoc.
1301 2134 1393 2184 vn,
1418 2117 1509 2186 9).
1534 2114 1668 2183 Quid
1696 2124 1777 2169 est
1802 2129 1949 2184 ergo,

371 2215 557 2270 Omnes
598 2216 649 2267 in
684 2213 883 2269 Christo
910 2210 1314 2279 viviﬁcabuntur,
1351 2209 1449 2262 nisi
1479 2208 1602 2277 quia
1632 2220 1787 2261 nemo
1817 2203 1952 2259 vivi-

373 2308 634 2374 llcabitur,
655 2307 753 2360 nisi
778 2307 829 2359 in
861 2302 1174 2373 illo?Cujus
1211 2302 1286 2356 rei
1319 2298 1718 2355 similitudinem
1749 2296 1816 2352 de
1839 2312 1952 2350 ma-

366 2401 533 2470 gistro
565 2400 713 2468 posui
750 2399 1076 2458 litterarum;
1106 2395 1149 2448 si
1181 2408 1318 2447 unus
1345 2393 1416 2447 sit
1454 2394 1503 2445 in
1528 2391 1759 2454 civitate,
1787 2405 1814 2443 a
1849 2404 1954 2459 quo

370 2490 440 2543 ibi
473 2489 714 2543 dicantur
741 2502 927 2541 omnes
956 2486 1157 2540 litteras
1184 2483 1421 2547 discere,
1464 2498 1568 2535 non
1613 2482 1731 2550 quia
1766 2495 1954 2535 omnes

369 2574 612 2645 discunt,
646 2578 736 2631 sel
765 2578 884 2646 quia
914 2591 1068 2629 nemo
1095 2572 1195 2629 nisi
1246 2573 1313 2627 ab
1355 2573 1468 2642 ipso
1502 2570 1610 2644 (De
1656 2569 1866 2651 Nuptiis
1907 2582 1954 2623 et

371 2670 801 2740 Concupiscentia,
857 2667 943 2721 lib.
988 2666 1043 2728 ἓ,
1065 2681 1116 2719 n.
1145 2664 1258 2734 45).
1291 2664 1456 2728 Quam
1489 2660 1811 2716 locutionem
1857 2674 1955 2714 nec

374 2743 584 2818 tentasti
635 2761 898 2827 refellere,
935 2758 1057 2829 quia
1101 2756 1275 2812 vidisti
1321 2770 1439 2811 esse
1485 2753 1868 2815 rectissimam,
1903 2761 1957 2806 et

373 2853 621 2909 omnibus
644 2860 843 2906 notam.

450 2943 606 3001 CCX.
625 2943 745 3000 Jun.
765 2941 1019 3014 Exposita
1038 2938 1354 2996 liberalitate
1378 2938 1584 3009 gratiae,
1604 2937 1656 2991 in
1678 2934 1953 2990 hominum

373 3041 692 3095 salvatoruzn
724 3037 873 3109 copia
895 3077 911 3103 ,
934 3042 1209 3106 comptrat
1232 3031 1427 3085 donum
1452 3038 1612 3099 atque
1634 3037 1908 3099 peccatum
1937 3046 1950 3079 :

375 3134 428 3177 et
448 3122 807 3178 eruditissime
834 3118 900 3174 ad
926 3117 1137 3173 laudem
1163 3115 1287 3170 doni
1308 3156 1324 3182 ,
1358 3114 1585 3183 applicat
1609 3110 1748 3181 quod
1775 3111 1955 3164 multis

378 3212 688 3269 vulneribus
729 3226 831 3266 una
871 3211 1067 3264 virtute
1111 3205 1426 3269 medicetnr,
1469 3202 1535 3257 Et
1578 3219 1679 3256 non
1707 3202 1835 3256 sicut
1870 3218 1953 3271 per

378 3323 551 3371 unum,
583 3303 772 3374 inquit,
806 3310 1082 3373 peccatum,
1114 3299 1186 3353 ita
1211 3306 1256 3352 et
1282 3297 1493 3351 donum.
1524 3293 1526 3297 ’

448 3400 579 3452 Are.
626 3395 726 3449 Per
759 3411 914 3448 unum
941 3400 1245 3464 peccantem,
1269 3388 1440 3451 dixit;
1470 3403 1574 3441 non
1594 3429 1606 3451 ,
1651 3387 1752 3442 Per
1792 3401 1955 3440 unum

375 3497 648 3557 peceatum
680 3503 694 3539 :
724 3493 781 3537 ut
804 3482 942 3553 quod
964 3480 1157 3536 deinde
1177 3480 1338 3542 dicit,
1367 3477 1400 3531 .1
1409 3477 1629 3531 udicium
1657 3495 1720 3532 ea:
1745 3494 1844 3531 uno
1866 3479 1956 3531 (ie-

378 3580 496 3630 licto
525 3578 576 3630 in
608 3575 1072 3630 condemnationem
1090 3613 1105 3637 ,
1134 3572 1343 3625 nonnisi
1372 3570 1515 3625 illius
1541 3571 1697 3624 unius
1724 3585 1955 3640 peccan-

381 3669 450 3723 tis
501 3668 601 3723 hne
644 3667 893 3722 delictum
938 3663 1105 3734 possit
1131 3662 1369 3733 intelligi.
1402 3660 1554 3729 Quod
1605 3660 1821 3733 quidem
1863 3678 1958 3719 vos

382 3773 486 3812 non
528 3757 686 3810 vultis
735 3754 875 3809 :sed
920 3753 1044 3823 quid
1090 3752 1273 3806 facturi
1322 3750 1487 3818 estis;
1528 3751 1956 3822 quandoquidem

383 3850 485 3903 hoc
513 3849 645 3903 dixit
671 3845 978 3917 Apostolus,
1008 3844 1165 3899 etiam
1191 3842 1492 3897 nolentibus
1512 3841 1694 3897 vobis?
1724 3840 1958 3912 Corrigl-

382 3940 510 3995 mini
536 3954 665 4010 ergo
691 3955 705 3991 :
739 3953 846 3992 non
883 3936 1024 3991 enim
1057 3933 1261 3989 habetis
1288 3932 1374 3988 hic
1401 3930 1544 3987 aliud
1567 3973 1582 3999 ,
1614 3931 1757 4001 quod
1786 3930 1959 3985 facere

378 4030 634 4085 delicatis.

449 4119 627 4177 CCXI.
656 4119 775 4175 ιω..
812 4116 949 4172 Nam
966 4116 1217 4187 judicium
1258 4131 1321 4168 ea:
1361 4130 1461 4167 uno
1499 4113 1549 4167 in
1584 4112 1960 4167 condemnatio-

382 4231 493 4270 nem
514 4230 532 4279 ;
556 4215 717 4285 gratia
743 4220 909 4263 autem
948 4224 1010 4262 ex
1046 4206 1233 4263 multis,
1254 4204 1447 4258 delictis
1474 4203 1524 4257 in
1546 4203 1962 4275 justiﬁcationem

384 4306 558 4377 (Rom.
596 4319 649 4370 v,
675 4301 766 4372 t6)
800 4318 814 4354 :
856 4297 909 4354 id
949 4305 1050 4363 est,
1096 4302 1308 4365 peccata
1357 4291 1570 4363 quidem
1619 4306 1739 4362 qua:
1780 4292 1961 4361 gravia

380 4405 521 4458 sunt,
546 4395 704 4451 etiam
726 4388 927 4462 singula
957 4394 1176 4460 possunt
1204 4386 1451 4440 sufticere
1472 4383 1536 4438 ad
1569 4384 1961 4438 accusationem

383 4501 434 4545 et
455 4489 852 4545 damnationem
874 4486 895 4517 ¹
920 4495 1156 4539 reormn.

457 4584 593 4638 Anc.
634 4580 808 4647 Quare
833 4576 1011 4632 dixisti
1037 4572 1239 4646 gravia,
1273 4569 1412 4641 quod
1440 4584 1544 4622 non
1573 4566 1706 4622 dixit
1733 4566 1962 4638 Aposto-

384 4669 487 4738 lus,
529 4670 630 4726 nisi
653 4669 775 4741 quia
814 4666 988 4720 vidisti
1016 4708 1029 4732 ,
1057 4665 1101 4719 si
1131 4678 1292 4718 unum
1325 4661 1575 4715 delictum
1601 4658 1717 4712 leve
1740 4658 1826 4723 sit,
1857 4673 1962 4711 non

383 4760 632 4823 sufﬁcere
657 4762 723 4818 ad
761 4759 1189 4821 damnationem,
1220 4755 1285 4809 de
1316 4771 1418 4826 qua
1461 4750 1809 4823 loquebatur?
1845 4750 1962 4806 Non

384 4873 513 4931 ergo
539 4872 602 4912 ex
633 4866 969 4926 quocumque
1000 4863 1104 4903 uno
1131 4846 1511 4915 cujuscumque
1542 4842 1736 4897 delicto
1765 4841 1964 4897 esthoc

382 4940 670 5021 judicium;
699 4944 794 5001 sed
820 4958 886 4998 ex
916 4955 1019 4994 uno
1041 4938 1131 4993 illo
1151 4935 1367 5001 delicto,
1388 4933 1528 5004 quod
1551 4934 1743 4988 factum
1761 4942 1842 4986 est
1869 4947 1965 5002 per

384 5056 546 5101 unum
589 5045 914 5110 peccantem,
945 5032 995 5087 id
1021 5039 1123 5097 est,
1151 5027 1342 5087 Adam.
1364 5026 1621 5095 judicium
1655 5025 1803 5079 estin
1831 5038 1963 5078 con-

382 5130 799 5188 demnationem.
831 5126 896 5181 Et
916 5124 1090 5180 adhuc
1113 5128 1418 5192 pervertere
1445 5126 1586 5174 recta
1620 5117 1780 5172 verba
1817 5115 1965 5184 Apo-

381 5220 501 5278 stoli
533 5218 711 5283 Vultis,
744 5233 810 5272 ne
840 5214 1012 5270 vestra
1034 5229 1152 5285 qua:
1176 5224 1422 5282 perversa
1442 5217 1565 5263 sunt
1583 5204 1897 5276 corrigatis?

453 5311 655 5372 CCXII.
686 5311 805 5367 Jun.
838 5307 1018 5364 Gratia
1070 5316 1248 5379 autem
1302 5318 1407 5356 non
1453 5300 1639 5359 eodem
1693 5297 1966 5353 confertur

385 5406 563 5467 modo.
593 5412 650 5459 ut
684 5399 912 5473 peccatis
951 5398 1101 5468 teqne
1143 5394 1353 5449 admeta
1400 5391 1620 5461 singulis
1662 5389 1852 5445 crebro
1881 5403 1966 5442 re-

387 5486 628 5567 petatur:
653 5492 745 5549 sed
769 5489 938 5546 infusa
966 5487 1131 5543 semel
1165 5500 1270 5540 uno
1297 5481 1505 5537 virtutis
1528 5496 1639 5536 sua:
1668 5480 1865 5549 impetu
1882 5489 1964 5532 at-

382 5604 486 5659 que
535 5586 852 5656 compendio
897 5582 1110 5638 diversa
1166 5586 1220 5630 et
1268 5577 1492 5647 plurima
1533 5575 1677 5632 delet
1720 5573 1961 5628 crimina.

449 5700 462 5730 ³
490 5698 756 5754 F.diti,tnm.
784 5702 908 5751 ass...
936 5691 1022 5741 tui.
1302 5754 1308 5756 _
1357 5747 1366 5756 _
1519 5746 1546 5756 _,

447 5761 466 5791 ι
493 5764 515 5807 t
529 5747 696 5807 etcres
709 5747 905 5804 caudices
925 5756 1241 5815 praetereunt,
1265 5754 1309 5798 ct
1332 5747 1701 5797 danmatt'onem.

1048 279 1290 336 OPERIS
1330 276 1738 333 lllPERFECTl
1776 274 1951 332 CONT

2086 274 2444 364 JULIANUil.
2487 278 2544 332 Β.
2590 277 2722 333 Αιςς
2734 277 2951 351 [131'le

3492 282 3627 339 1232

2050 389 2172 445 lleo
2194 391 2287 457 ait,
2315 409 2378 446 ex
2408 394 2576 447 multis
2596 393 2788 448 delictis
2809 397 2859 447 in
2873 396 3288 469 jnsti/icationem
3317 414 3334 450 :
3363 397 3412 452 id
3433 409 3535 466 est,
3563 417 3627 457 ex

2050 483 2228 537 multis
2254 482 2462 538 delictis
2489 484 2741 539 liberatos
2782 484 3023 541 homines
3049 486 3113 540 ad
3139 485 3360 557 gloriam
3390 490 3629 560 perducit

2046 569 2435 642 justificationis
2474 575 2713 630 induite.
2747 575 2857 630 Non
2887 592 3013 647 ergo
3041 577 3123 631 hic
3154 596 3313 633 unum
3345 580 3474 636 Adae
3501 597 3626 653 pec-

2048 676 2247 732 catum,
2273 674 2327 718 ut
2352 668 2658 736 suSpiearis,
2686 668 2957 737 intelligit;
2993 667 3087 724 sed
3115 669 3178 722 ad
3212 671 3311 725 hoc
3331 670 3503 726 solum
3528 690 3629 729 tut—

2052 773 2254 810 merum
2284 753 2517 813 admovit
2550 760 2706 813 unius
2732 769 2784 814 et
2815 761 3063 829 plurium,
3098 771 3152 815 ut
3172 762 3235 815 ad
3271 762 3481 819 laudem
3506 781 3629 833 gra-

2053 849 2136 901 tiae
2179 850 2498 918 respiceret;
2529 850 2647 920 quia
2691 852 3053 919 tnttt‘quoties
3097 864 3370 922 peceatum
3398 856 3467 910 ab
3500 874 3631 912 uno-

2052 954 2257 1008 qnoqnc
2289 941 2587 993 mortalium
2617 939 2807 1004 fuerat,
2842 943 2994 996 toties
3019 944 3176 996 etiam
3208 946 3633 1015 frequentaretur

2051 1033 2238 1099 gratia,
2263 1033 2408 1101 quasi
2446 1032 2757 1102 baptisniata
2798 1034 3001 1105 singula
3029 1036 3128 1090 nisi
3156 1038 3388 1106 peccatis
3412 1041 3634 1111 singulis

2055 1139 2157 1175 non
2191 1125 2393 1193 pessint
2423 1125 2646 1179 mederi.
3628 1144 3636 1152 ·

2125 1219 2259 1272 Anc.
2286 1214 2358 1268 Ita
2390 1215 2488 1269 hoc
2513 1216 2765 1286 loqueris,
2789 1220 2937 1288 quasi
2964 1219 3154 1273 dixerit
3173 1221 3479 1291 Apostolus,
3500 1222 3637 1280 Gra-

2056 1304 2123 1358 tia
2153 1314 2326 1358 antctn
2359 1303 2524 1359 semel
2555 1322 2616 1359 ex
2649 1308 2828 1361 multis
2852 1307 3061 1363 delictis
3087 1310 3136 1363 in
3171 1310 3628 1380 justifieationctn.

2053 1394 2167 1448 Non
2200 1394 2300 1450 hoc
2325 1396 2455 1449 dixit
2482 1414 2494 1450 :
2519 1394 2735 1451 attende
2782 1399 2920 1469 quod
2966 1399 3123 1466 dixit,
3166 1411 3219 1456 et
3252 1404 3462 1474 corrige
3490 1406 3634 1475 quod

2053 1485 2252 1540 dixisti.
2287 1484 2481 1551 Gratia,
2510 1488 2698 1557 inquit,
2730 1505 2792 1543 ea:
2822 1490 2990 1545 multis
3017 1491 3209 1546 delictis
3230 1493 3279 1545 in
3304 1495 3631 1565 jnstiﬁculio-

2055 1593 2187 1630 nem.
2217 1575 2352 1645 Quid
2385 1578 2484 1631 huc
2515 1580 2764 1647 pertinet,
2794 1580 2932 1651 quod
2966 1582 3128 1637 semel
3159 1594 3212 1638 et
3242 1584 3397 1638 simul
3430 1587 3639 1641 unicui-

2055 1682 2157 1735 que
2184 1667 2359 1721 omnia
2390 1667 2726 1724 dituittuntur
2770 1670 2821 1725 iu
2868 1673 3177 1742 Baptismo?
3214 1674 3403 1731 Nonne
3447 1688 3502 1732 ct
3548 1679 3638 1734 illa

2057 1758 2450 1823 condemnatio,
2483 1760 2547 1815 ad
2574 1778 2729 1830 quam
2753 1761 3013 1832 judicium
3044 1765 3287 1834 perducit
3314 1778 3635 1834 evtremnm,

2055 1849 2233 1918 procul
2256 1848 2417 1903 dubio
2438 1850 2602 1906 semel
2634 1851 2711 1908 tit.
2737 1852 2970 1906 omnium
3001 1870 3117 1923 qua:
3145 1855 3367 1912 remissa
3397 1872 3498 1911 non
3522 1856 3640 1913 fue-

2057 1941 2160 1993 rint
2216 1942 2593 2010 peccatorum?
2642 1942 2708 1996 Et
2752 1944 2918 2014 magis
2967 1943 3079 2014 ipsa
3124 1945 3396 1999 damnatio
3448 1949 3636 2007 semel.

2056 2047 2210 2099 quam
2238 2033 2480 2087 remissio
2508 2044 2846 2102 peccatorum
2879 2051 2973 2105 per
2996 2035 3219 2106 gratiam
3242 2036 3439 2094 Christi
3470 2043 3639 2097 semel

2059 2123 2130 2174 lit.
2166 2120 2427 2189 Quoniam
2458 2124 2502 2177 si
2533 2133 2652 2194 post
2682 2123 3006 2194 Baptismnm
3053 2128 3278 2198 quisque
3317 2132 3635 2199 peccnvcrit,

2059 2231 2162 2267 non
2193 2213 2378 2268 eadem
2425 2225 2549 2270 sunt
2589 2216 2959 2287 peccata;sed
3001 2234 3095 2288 per
3138 2219 3381 2276 eamdem
3417 2227 3639 2291 gratiam

2058 2304 2399 2374 peccantibus
2419 2309 2796 2374 remittuntur;
2826 2325 2929 2362 non
2951 2310 3139 2377 semel,
3173 2325 3272 2365 nec
3300 2311 3518 2381 Septies,
3547 2314 3640 2367 sed

2058 2398 2216 2451 etiam
2261 2398 2563 2468 septuagies
2606 2399 2802 2469 septies
2847 2398 3057 2456 (Matth.
3104 2415 3265 2469 svnt,
3295 2401 3409 2474 22).
3442 2392 3644 2458 Eadem

2056 2488 2223 2557 gratia
2264 2489 2499 2558 quotidie
2541 2489 2761 2547 dimittit
2807 2491 3081 2544 orantibus
3120 2493 3279 2555 etiam
3328 2495 3642 2563 quotidiana

2058 2587 2293 2646 peccata,
2323 2594 2443 2633 cum
2483 2578 2665 2633 dicunt
2687 2621 2701 2646 ,
2736 2579 2941 2633 Dimitte
2965 2581 3104 2634 nobis
3128 2580 3293 2634 debita
3317 2592 3529 2645 nostra;
3552 2600 3647 2638 vc-

2060 2668 2251 2723 racitcr
2277 2668 2551 2734 addentes,
2585 2652 2712 2725 sicut
2741 2679 2784 2724 et
2809 2688 2897 2725 nos
2913 2670 3208 2726 dimittimus
3225 2671 3529 2728 debitoribus
3550 2692 3653 2727 no.

2058 2763 2175 2815 stris
2207 2760 2313 2828 (Id.
2349 2779 2427 2826 vt,
2457 2761 2572 2832 12).
2606 2762 2784 2818 Gratia
2813 2778 2939 2833 ergo
2963 2778 3030 2818 ex
3069 2763 3251 2819 multis
3278 2763 3508 2829 delictis,
3529 2765 3647 2821 sive

2059 2855 2263 2926 Singula
2301 2856 2352 2910 in
2393 2856 2635 2927 singulis,
2665 2857 2776 2911 sive
2803 2856 2855 2910 in
2884 2855 3199 2927 quibusdam
3233 2872 3421 2928 pauca,
3451 2857 3502 2912 in
3524 2860 3646 2929 qui-

2060 2945 2281 3001 busdam
2303 2947 2528 3018 plurima
2552 2948 2835 3011 invenerit,
2863 2948 2976 3003 sive
2995 2963 3114 3019 quae
3139 2959 3262 3003 ante
3287 2948 3643 3021 Baptismum,

2058 3038 2170 3093 sive
2190 3054 2308 3110 qua:
2338 3049 2520 3108 postea
2540 3040 2967 3107 committuntur,
2990 3050 3042 3095 et
3067 3040 3395 3109 pwnitendo,
3414 3042 3641 3110 oramlo,

2059 3130 2429 3204 eleemosynas
2454 3132 2628 3187 dando
2659 3142 2937 3197 sanantur,
2971 3133 3023 3186 in
3045 3131 3482 3202 justiﬁcationem
3514 3134 3643 3188 mit-

2062 3221 2143 3289 tit,
2183 3238 2318 3292 quos
2355 3238 2385 3277 a
2429 3222 2771 3279 damnatione
2816 3223 3004 3277 liberat
3047 3239 3058 3274 :
3101 3221 3216 3277 tunc
3258 3222 3401 3277 enim
3440 3223 3641 3290 omnia,

2061 3313 2170 3382 ipsa
2194 3315 2526 3381 suntmulla,
2572 3329 2636 3370 ex
2680 3315 2875 3385 quibus
2931 3315 3112 3369 multis
3148 3314 3406 3385 jnstilicat
3449 3317 3641 3385 gratia.

2059 3405 2188 3474 Qua:
2213 3405 2255 3459 si
2282 3421 2384 3459 non
2412 3405 2711 3470 subveniat,
2742 3406 2978 3474 profecto
3007 3406 3167 3460 etiam
3196 3422 3259 3461 ex
3291 3421 3397 3461 uno
3423 3407 3643 3473 delicto,

2062 3512 2167 3551 non
2194 3495 2333 3567 quod
2359 3496 2630 3566 proprium
2658 3496 2883 3566 quisque
2909 3495 3214 3562 committit,
3237 3496 3338 3551 hoc
3357 3496 3501 3552 enim
3528 3496 3646 3553 loco

2062 3601 2168 3641 non
2200 3585 2321 3640 inde
2350 3583 2667 3655 loquebatur
2693 3585 3003 3655 Apostolus,
3035 3585 3129 3639 sed
3162 3585 3303 3656 quod
3344 3601 3439 3656 per
3480 3602 3645 3641 unum

2065 3686 2371 3745 peccantem
2400 3675 2619 3731 intravit
2643 3675 2697 3730 in
2720 3675 2999 3747 mundum,
3024 3677 3130 3731 itur
3150 3677 3201 3731 iu
3223 3677 3643 3743 damnationem;

2064 3769 2164 3823 hac
2208 3769 2350 3824 enim
2384 3768 2675 3841 Apostolus
2716 3768 3115 3825 evidentissime
3145 3770 3428 3838 expressit.
3463 3768 3649 3840 Neque

2063 3860 2204 3912 enim
2246 3860 2319 3913 ait
2347 3858 2484 3913 sicut
2524 3869 2598 3925 tu,
2649 3857 2766 3913 Non
2807 3858 2942 3913 sicut
2986 3874 3082 3929 per
3125 3874 3288 3914 unum
3327 3870 3644 3928 peccaturo;

2065 3938 2315 4020 tanquam
2343 3949 2606 4020 singulum
2635 3950 2894 4019 cujusque
2919 3950 3104 4005 volens
3137 3949 3357 4022 intelligi
3381 3968 3394 4004 :
3418 3949 3514 4006 sed
3547 3951 3647 4017 ait,

2067 4038 2187 4095 Non
2207 4040 2336 4094 sicut
2361 4057 2449 4111 per
2477 4057 2635 4094 unum
2657 4050 2965 4111 peccantem.
2994 4040 3154 4111 Aperi
3184 4041 3390 4108 oculos,
3416 4051 3471 4098 et
3496 4042 3650 4114 lege;

2067 4140 2121 4186 et
2141 4129 2247 4184 noli
2276 4139 2525 4200 tanquam
2554 4131 2709 4185 cascis
2732 4130 2874 4184 aliud
2908 4146 3001 4200 pro
3026 4131 3131 4184 alio
3161 4130 3297 4187 velle
3323 4147 3649 4203 supponere.

2136 4221 2359 4278 CCXlll.
2403 4221 2524 4278 Jun.
2564 4221 2668 4278 Sed
2715 4222 2817 4278 hoc
2864 4224 3069 4278 curavit
3121 4224 3650 4294 exprimere:Cum,

2067 4317 2261 4388 inquit,
2288 4324 2507 4388 peccata
2534 4316 2739 4386 singula
2768 4331 2891 4371 reos
2917 4331 3043 4371 suos
3069 4315 3338 4373 letbaliter
3360 4317 3650 4373 vulneras-

2066 4419 2206 4470 sent,
2232 4408 2691 4464 innumerabiliter
2714 4407 2991 4465 confossos
3033 4407 3276 4464 homines
3322 4408 3438 4464 htee
3476 4412 3651 4484 gratia

2067 4501 2319 4572 singulari
2346 4510 2397 4556 et
2424 4500 2589 4556 semel
2620 4500 2810 4554 tradita
2839 4502 3034 4555 virtute
3059 4500 3305 4556 salvavit.

2084 4634 2087 4635 ν
2139 4596 2271 4650 Anc.
2308 4591 2406 4646 Per
2432 4608 2586 4646 unum
2614 4602 2922 4663 peccantem,
2946 4592 3113 4657 dixit;
3140 4592 3225 4647 ubi
3257 4593 3425 4647 Adam
3454 4593 3653 4648 intelli-

2065 4685 2209 4755 gitur
2237 4702 2250 4737 :
2282 4697 2387 4738 non
2413 4698 2506 4752 per
2531 4698 2694 4737 unum
2722 4692 3017 4751 peccaturo,
3049 4682 3134 4737 ubi
3159 4691 3213 4737 tu
3235 4685 3424 4738 ‘verbo
3449 4694 3653 4740 mutato

2069 4784 2228 4846 atque
2255 4773 2550 4843 supposito,
2583 4774 2662 4831 vis
2687 4772 2906 4845 intelligi
2938 4775 3148 4845 singula
3181 4775 3539 4847 singulorum.

2140 4865 2364 4922 CCXIV.
2390 4865 2509 4921 Jun.
2542 4864 2602 4920 Si
2640 4867 2771 4920 enim
2796 4866 2856 4919 ob
2886 4866 3034 4920 unius
3054 4865 3290 4920 delictum
3316 4883 3451 4920 mors
3472 4884 3656 4937 regna-

2068 4961 2135 5015 vit
2158 4976 2248 5030 per
2274 4975 2463 5024 unum;
2496 4958 2655 5013 multo
2694 4958 2855 5029 magis
2892 4958 2978 5024 qui
3013 4958 3376 5012 abundantiam
3398 4946 3656 5028 gratiaéct

2068 5051 2258 5105 donum
2290 5048 2507 5120 justitia:
2528 5047 2806 5119 accipiunt,
2832 5049 2884 5101 in
2913 5047 3013 5101 vita
3050 5048 3329 5119 regnabant
3366 5064 3455 5117 per
3498 5065 3658 5101 unum

2068 5141 2242 5197 Jesum
2267 5140 2521 5197 Christum
2546 5137 2723 5213 (Rom.
2743 5155 2798 5208 v,
2826 5139 2940 5210 l7).
2967 5139 3368 5211 Consequenter
3382 5138 3524 5209 quod
3547 5154 3659 5195 cm-

2072 5233 2148 5304 pit
2167 5232 2397 5288 affirmat
2418 5249 2432 5285 :
2455 5231 2589 5286 duas
2616 5230 2757 5286 enim
2780 5231 2956 5301 posuit
2984 5231 3300 5296 sententias,
3330 5231 3540 5299 utrique
3563 5246 3660 5285 vo-

2072 5325 2187 5380 lens
2214 5324 2501 5381 convenire
2521 5322 2661 5394 quod
2691 5322 2743 5377 in
2771 5323 2874 5378 line
2889 5322 3185 5393 subjunxit.
3204 5323 3307 5378 Per
3327 5337 3491 5378 unum
3509 5323 3658 5379 enim

2070 5416 2160 5487 qui
2188 5415 2287 5471 fuit
2323 5414 2495 5471 forma
2519 5415 2741 5485 peccati,
2774 5423 2829 5469 et
2860 5414 2912 5468 in
2940 5414 3095 5485 cujus
3136 5413 3486 5468 similitudine
3511 5429 3658 5484 prte-

2073 5508 2374 5562 varicantur
2422 5506 2521 5561 sub
2569 5505 2684 5576 lege
2736 5514 3041 5575 peccantes,
3088 5504 3392 5575 pronuntiat
3429 5517 3661 5574 regnare

2135 5621 2153 5652 ι
2187 5627 2269 5668 ηις
2296 5618 2535 5691 .in'editis
2558 5616 2806 5668 exciderat
2846 5617 3071 5679 iartienla
3117 5629 3318 5680 negans,
3344 5628 3462 5676 qua:
3495 5624 3572 5666 est
3610 5616 3661 5666 in

2074 5693 2148 5730 ma
2164 5687 2419 5740 mscriptis.
3130 5726 3133 5731 .

2139 5748 2157 5774 ί
2192 5750 2240 5791 t.t
2268 5752 2391 5801 Mss,
2414 5750 2512 5791 tuo.
