3962 6180
335 375 463 433 1253

330 476 574 554 mortem;
614 495 671 543 et
715 500 810 557 per
847 498 1009 539 unum
1038 496 1260 554 regnare
1291 480 1341 535 iu
1371 481 1474 534 vita
1507 478 1885 533 abundantiam

331 594 557 651 quosque
584 577 768 650 gratim
801 583 1137 638 consecutos,
1161 588 1280 644 qua:
1310 571 1476 643 gratia
1501 570 1747 624 virtutem
1773 567 1891 621 imi.

331 670 554 728 tantibus
586 667 819 738 prodest.
847 664 965 722 Non
988 664 1245 720 remansit
1270 676 1398 733 ergo
1423 660 1490 715 de
1515 674 1621 714 uno
1644 656 1890 730 quaestio,

329 764 442 836 quia
469 764 569 818 hoc
593 760 735 832 quod
761 759 1028 815 subditum
1061 765 1175 813 est:
1196 768 1294 811 eos
1320 753 1569 810 videlicet
1598 754 1650 807 in
1676 752 1781 806 vita
1808 766 1895 807 re-

326 870 503 928 gnare,
536 853 629 924 qui
677 850 1059 907 abundantiam
1103 847 1288 919 gratiae
1345 843 1701 916 perceperim,
1732 841 1893 897 etiam

329 947 547 1020 primum
595 945 723 1002 illud
762 942 1011 1010 absolvit,
1041 949 1098 996 ut
1131 953 1291 996 nemo
1318 937 1566 993 videlicet
1602 944 1821 1007 cogatur
1843 935 1895 989 in

328 1045 572 1103 mortem,
603 1034 704 1089 nisi
731 1034 819 1105 qui
851 1031 1157 1102 exemplum
1180 1028 1452 1101 peccantis
1475 1026 1822 1081 adamaverit.

392 1130 528 1184 Aus.
556 1126 719 1196 Cujus
742 1125 1046 1194 exemplum
1069 1123 1338 1194 peccantis
1357 1117 1718 1174 adamaverit?
1739 1116 1899 1171 Nem-

327 1233 388 1289 pe
407 1218 564 1289 primi
594 1215 826 1271 hominis
856 1231 869 1267 :
901 1214 1044 1268 hunc
1068 1214 1208 1267 enim
1236 1210 1459 1267 formam
1479 1210 1615 1265 dicis
1630 1220 1763 1263 esse
1778 1222 1900 1278 psc-

324 1310 446 1373 eati,
476 1316 695 1378 propter
712 1304 1088 1367 imitationem,
1114 1317 1218 1358 non
1242 1310 1463 1373 propter
1480 1299 1897 1371 generationem;

326 1397 566 1468 proinde,
597 1398 764 1451 sicut’
800 1395 954 1460 dicis,
992 1412 1017 1445 ι
1042 1409 1199 1449 nemo
1227 1393 1278 1449 in
1305 1400 1530 1447 mortem
1550 1390 1776 1461 cogitur,
1796 1387 1901 1444 nisi

323 1489 408 1559 qui
455 1487 759 1557 exemplum
799 1483 1071 1556 peccantis
1116 1484 1275 1554 hujus
1321 1479 1689 1538 adamaverit:
1725 1497 1745 1531 ι
1793 1492 1900 1532 non

324 1592 450 1649 ergo
480 1585 745 1649 coguntur
779 1577 833 1630 in
880 1584 1128 1640 mortem,
1173 1573 1267 1644 qui
1312 1586 1419 1627 non
1463 1572 1518 1626 in
1557 1567 1903 1625 simititudine

324 1668 778 1738 praevaricationis
825 1666 962 1737 ejus,
1008 1666 1146 1720 sicut
1189 1664 1482 1729 existimas,
1524 1666 1899 1732 peccaverunt.

271 1832 274 1834 γ
323 1762 608 1831 Quomodo
637 1775 765 1832 ergo
789 1761 946 1826 dicis,
974 1767 1203 1815 mortem
1240 1771 1493 1828 regnasse
1532 1764 1588 1811 et
1617 1755 1667 1809 in
1688 1768 1799 1809 eos.
1810 1751 1901 1824 qui

322 1865 681 1925 peccaverunt
718 1852 932 1924 quidem
973 1866 1068 1923 per
1094 1851 1320 1907 liberum
1348 1848 1647 1914 arbitrium,
1671 1845 1766 1901 sed
1794 1858 1900 1899 non

322 1945 373 1999 in
419 1945 771 2001 similitudine
817 1942 1270 2014 praevaricationis
1310 1940 1461 2008 Adae,
1492 1940 1616 2010 quia
1636 1939 1757 1993 sine
1786 1937 1904 2004 lege

319 2036 712 2105 peccaverunt?
736 2035 848 2090 Non
881 2034 1066 2104 itaque
1095 2038 1453 2103 peccaverunt
1475 2029 1592 2099 ejus
1621 2026 1900 2096 exemplo:

314 2129 576 2196 quoniam
604 2141 711 2180 non
752 2134 1033 2195 peccantes
1059 2125 1112 2178 in
1139 2121 1486 2177 similitudine
1510 2117 1904 2190 praevaricatio-

313 2216 404 2270 nis
455 2215 591 2285 ejus,
641 2229 748 2270 non
807 2214 1108 2284 exemplum
1149 2212 1422 2283 peccantis
1463 2209 1843 2264 adamaverunt
1887 2221 1901 2258 :

311 2312 581 2374 quantum
611 2304 752 2359 enim
799 2304 867 2360 ab
905 2303 1003 2359 hac
1022 2301 1368 2358 similitudine
1396 2299 1698 2371 peeeantis’
1726 2297 1902 2367 hujus,

315 2405 531 2452 tantum
552 2396 623 2450 ab
649 2396 947 2452 imitatione
967 2394 1198 2465 exempli
1230 2393 1389 2464 hujus
1418 2391 1577 2447 alieni
1603 2399 1746 2445 sunt.
1770 2387 1902 2444 Cum

314 2486 483 2556 igitur
507 2495 562 2539 et
588 2485 643 2540 in
670 2500 763 2541 eos
790 2486 1094 2554 regnaverit
1124 2498 1290 2549 mors,
1321 2482 1446 2552 quid
1474 2489 1558 2536 est
1580 2480 1723 2552 quod
1748 2479 1901 2544 dicis,

322 2594 341 2627 ι
376 2584 438 2630 ut
465 2591 627 2631 nemo
663 2583 884 2645 cogatur
927 2578 978 2630 in
1026 2582 1275 2640 mortem,
1303 2573 1403 2627 nisi
1458 2571 1552 2642 qui
1599 2570 1900 2639 exemplum

316 2668 597 2738 peccantis
623 2667 971 2733 adamaverit,
1003 2686 1022 2720 ι
1059 2666 1175 2735 ejus
1199 2665 1473 2730 videlicet,
1504 2677 1662 2733 quem
1690 2669 1906 2732 propter

317 2758 674 2815 imitationem
710 2757 934 2813 formam
965 2759 1045 2811 vis
1069 2756 1228 2810 ﬁxisse
1248 2754 1489 2825 peccati?
1509 2752 1650 2808 Ecce
1684 2766 1791 2806 non
1811 2750 1905 2804 ad-

316 2858 641 2904 amaverunt
670 2849 935 2919 peccantis
964 2847 1286 2916 exemplum,
1314 2844 1401 2916 qui
1424 2858 1529 2899 non
1563 2844 1615 2897 in
1649 2840 1904 2913 praevari-

316 2941 550 2998 cationis
606 2941 723 3009 ejus
769 2939 1117 2995 similitudine
1165 2944 1557 3006 peccaverunt;
1611 2942 1665 2987 et
1725 2940 1901 2986 tamen

316 3033 481 3087 etiam
510 3046 700 3100 rcguax
716 3031 754 3086 it
782 3031 835 3086 in
856 3045 953 3086 eos
977 3044 1141 3084 mors.
1170 3029 1250 3083 An
1277 3028 1358 3082 vis
1380 3025 1560 3080 redire
1587 3023 1653 3077 ad
1678 3022 1903 3078 catholi-

318 3138 435 3177 cam
469 3123 772 3183 veritatem,
803 3130 860 3176 ut
899 3121 949 3174 in
998 3134 1093 3175 eos
1128 3132 1341 3189 quoque
1379 3125 1608 3173 mortem
1654 3127 1904 3184 regnasse

317 3216 562 3280 fatearis,
603 3216 693 3285 qui
736 3229 839 3268 non
887 3219 1261 3284 peccaverunt,
1291 3207 1504 3277 prepria
1531 3219 1633 3260 non
1664 3203 1909 3259 faciendo

319 3316 565 3376 peccata,
594 3305 688 3360 sed
721 3320 940 3376 regnum
968 3302 1156 3358 mortis
1201 3301 1252 3355 in
1288 3298 1643 3354 similitudine
1657 3295 1910 3367 praevari-

296 3382 553 3454 cationis
577 3399 715 3465 ejus,
744 3399 811 3452 ile
836 3396 989 3466 cujus
1015 3404 1181 3465 sttrpe
1208 3403 1333 3449 sunt
1360 3394 1492 3457 nati,
1519 3402 1764 3462 tanquam
1793 3389 1905 3443 lm-

318 3490 585 3546 reditario
613 3488 842 3545 miseria:
876 3488 997 3559 jure
1022 3484 1340 3542 subierunt?
1362 3485 1452 3541 Sic
1480 3483 1674 3554 quippe
1701 3482 1907 3537 intelle-

319 3592 527 3638 xerunt
569 3581 683 3641 bazc
717 3579 1006 3650 apostolica
1047 3579 1216 3634 verba
1241 3578 1489 3633 doctores
1518 3576 1788 3641 Ecclesiae,
1820 3574 1907 3642 qui

321 3674 579 3728 viderunt
606 3688 666 3727 ea
693 3688 796 3727 non
828 3686 983 3741 posse
1011 3679 1155 3726 recte
1180 3669 1428 3738 intelligi,
1456 3668 1555 3723 nisi
1576 3668 1631 3721 in
1652 3668 1730 3721 eis
1757 3668 1905 3722 intel-

321 3764 526 3834 ligatur
558 3761 803 3836 obnoxia;
834 3761 1189 3815 successionis
1226 3758 1378 3828 origo
1420 3757 1662 3828 peccati;
1696 3766 1911 3827 propter

319 3855 471 3923 quod
496 3853 776 3913 dixerunt,
808 3851 1056 3922 parvulos
1090 3848 1379 3904 secundum
1422 3847 1588 3902 Adam
1620 3847 1909 3902 carnaliter

321 3956 531 4011 mutos,
565 3944 868 4012 contagium
920 3940 1109 3996 mortis
1148 3940 1378 4008 antiqua:
1420 3937 1591 4008 prima
1640 3935 1913 3991 nativitate

322 4024 968 4105 contrahereiCypriam,
1003 4031 1169 4101 Epist.
1191 4031 1281 4093 64,
1310 4030 1377 4083 ad
1406 4027 1616 4097 Fidum)
1646 4045 1658 4082 :
1688 4042 1787 4083 nec
1807 4027 1915 4081 Ma-

325 4129 525 4185 nieliaai
551 4126 785 4190 fuerunt,
815 4125 909 4181 sed
939 4140 1031 4180 vos
1059 4124 1371 4193 Pelagianos
1391 4163 1406 4188 ,
1448 4122 1541 4177 Dei
1570 4121 1757 4192 spiritu
1778 4161 1792 4187 ,
1824 4121 1914 4191 qui

326 4234 426 4289 per
454 4233 552 4272 eos
579 4216 786 4270 locutus
813 4226 914 4283 est,
943 4214 1349 4271 damnaverunt.

396 4310 609 4367 CCXV.
636 4310 754 4367 Jun.
788 4309 903 4364 Vita
935 4319 1110 4367 autem
1140 4309 1191 4363 in
1220 4324 1319 4378 qua
1346 4307 1615 4379 regnaturi
1642 4314 1765 4361 sunt
1790 4321 1915 4361 sau-

325 4403 399 4457 cti
420 4445 438 4470 ,
467 4411 668 4455 interna
698 4410 1060 4455 monstratur:
1093 4413 1219 4470 ergo
1258 4406 1313 4452 et
1349 4414 1495 4453 mors
1521 4412 1638 4466 qum
1667 4397 1916 4465 iniquita-

327 4503 439 4547 tem
470 4493 822 4549 voluntariam
860 4491 1123 4561 sequitur,
1161 4499 1357 4545 mterna
1382 4482 1653 4545 credatur.
1700 4487 1914 4558 Itaque,

327 4584 462 4641 sicut
485 4599 574 4653 per
594 4583 741 4635 unius
762 4581 997 4636 delictum
1022 4581 1076 4634 in
1097 4595 1268 4635 omnes
1290 4580 1516 4634 homines
1534 4580 1587 4633 in
1608 4578 1917 4633 condemu-

328 4675 564 4739 tionem;
590 4674 664 4727 sic
689 4683 735 4727 et
764 4689 857 4744 per
885 4672 1033 4725 unius
1053 4671 1310 4742 justitiam
1336 4671 1389 4725 in
1417 4686 1588 4725 omnes
1616 4670 1841 4725 homines
1865 4671 1919 4723 in

327 4767 745 4840 iusti/irationem
771 4766 903 4819 vita.
930 4763 1077 4819 Sicut
1106 4764 1237 4817 enim
1259 4779 1347 4833 per
1368 4763 1517 4817 unius
1538 4762 1920 4817 inobedientiam

329 4870 625 4928 peccatores
650 4858 905 4912 constituti
943 4865 1057 4910 sunt
1099 4856 1282 4919 multi;
1311 4857 1382 4908 ita
1409 4865 1455 4910 et
1495 4871 1582 4923 per
1623 4855 1773 4909 unius
1801 4854 1920 4908 obe-

326 4952 579 5006 dientiam
608 4951 739 5022 justi
770 4951 1130 5005 constituentur
1156 4947 1304 5001 multi
1347 4947 1521 5018 (Rom.
1552 4964 1606 5013 v,
1642 4948 1708 5003 l8
1729 4957 1775 5000 et
1808 4947 1919 5017 i9).

326 5041 527 5096 Omnis
552 5051 637 5096 est
658 5041 832 5095 Saluta
870 5039 1189 5109 perplexitas
1210 5079 1226 5103 ,
1254 5037 1591 5106 impudenter
1619 5039 1686 5093 de
1711 5039 1925 5093 univer-

327 5135 497 5189 sitate
513 5134 772 5190 calumnia
788 5130 1109 5195 concitatur,
1133 5130 1461 5199 ineptissime
1482 5131 1534 5183 in
1554 5129 1732 5198 scirpo
1752 5130 1924 5185 nodus

230 5226 238 5232 ’
328 5223 616 5292 quaeritur.
646 5221 965 5277 Pronuntiat
991 5219 1295 5289 Apostolus,
1325 5234 1428 5273 non
1450 5234 1639 5274 omnes
1662 5234 1802 5282 esse,
1830 5219 1926 5275 sed

330 5313 540 5366 multos
566 5312 611 5379 ⁸,
637 5311 726 5381 qui
765 5326 860 5380 per
885 5310 1297 5365 inobedientiam
1331 5310 1484 5379 primi
1511 5309 1773 5375 hominis,
1805 5325 1926 5379 pec-

327 5414 463 5456 cata
493 5402 836 5467 didicissent;
869 5411 922 5457 et
949 5401 1147 5456 multos
1174 5415 1313 5467 esse,
1345 5415 1450 5457 non
1480 5414 1687 5467 omnes,
1714 5403 1800 5471 qui
1834 5416 1929 5469 per

330 5493 565 5550 alterius
606 5493 959 5549 obedientiam
981 5534 995 5558 ,
1035 5492 1295 5563 justitiam
1325 5501 1505 5548 essent
1538 5493 1738 5562 adepti.
1783 5492 1924 5549 Nihil

405 5607 424 5637 ι
468 5611 622 5667 t-‘orte,
651 5604 711 5664 si,
730 5609 802 5655 ut.

404 5669 428 5698 ²
466 5669 535 5716 sic
551 5665 653 5716 uss.
680 5675 792 5717 star.
818 5673 869 5715 et
892 5673 1014 5716 Port.
1041 5665 1157 5729 Editi
1179 5673 1362 5729 autem,
1388 5666 1600 5729 peccati.
1668 5726 1675 5729 ι

411 5729 431 5759 ³
585 5764 601 5786 ,
635 5741 725 5778 non
748 5739 910 5791 euntes
944 5740 1045 5780 esse
1077 5727 1159 5791 qui
1195 5740 1280 5791 per
1301 5726 1675 5782 inobedt'eutimtt
1689 5763 1717 5789 ,,
1738 5730 1930 5782 omissis

334 5791 537 5846 verbis,
554 5792 637 5841 sed
662 5788 847 5841 multos.

1621 365 1819 422 UBER
1856 364 2232 424 SECUNDUS.

3441 377 3575 433 1253

1998 476 2085 534 hic
2112 478 2178 535 de
2204 490 2391 537 exortu
2434 482 2777 541 humanitatis
2818 488 3010 558 agitur,
3057 501 3233 544 mores
3265 488 3317 545 in
3346 487 3571 547 ant’rSiS

1999 569 2188 627 studiis
2232 574 2603 644 publicantur:
2643 578 3001 634 iuobedientia
3029 588 3084 636 et
3122 579 3422 636 obedientia
3453 592 3566 635 stu—

1998 661 2204 720 diorum
2250 682 2497 737 cperam,
2543 685 2647 724 non
2690 670 3066 742 generationis,
3118 670 3367 727 ostendit.
3421 671 3578 728 Certe

2000 754 2087 810 ubi
2117 759 2495 828 opportunius,
2526 758 2572 815 si
2598 760 2725 831 quid
2767 760 3059 817 secundum
3092 773 3143 818 te
3180 772 3394 833 saperet
3432 763 3577 832 Apo-

2001 847 2200 916 stolus,
2233 851 2603 920 pronuntiaret
2644 868 2831 909 omnes
2869 853 2935 910 ad
2962 846 3461 911 condemnationem
3500 840 3580 910 ire

2003 938 2287 1006 nascendo,
2317 956 2513 1011 paucos
2541 951 2716 998 autem
2742 942 2808 997 ad
2833 946 2994 1000 vitam
3020 941 3310 1009 credendo,
3335 960 3492 1013 quam
3527 943 3578 997 in

2006 1028 2107 1083 hoc
2136 1030 2277 1098 loco,
2317 1031 2407 1087 ubi
2433 1048 2636 1088 summa
2678 1033 3052 1105 disputationis
3077 1034 3389 1107 complenda
3430 1037 3581 1090 erat?

2004 1116 2195 1175 Debuit
2220 1122 2361 1176 enim
2401 1122 2613 1190 dicere,
2657 1122 2806 1179 Sicut
2833 1140 2929 1197 per
2969 1125 3386 1182 inobedientiam
3426 1126 3583 1181 unius

2007 1207 2235 1265 hominis
2266 1218 2569 1281 peccatores
2603 1216 2873 1271 constituti
2916 1225 3040 1271 sunt
3082 1231 3302 1282 omnes;
3338 1215 3445 1270 imo
3475 1232 3580 1272 nou

2006 1315 2100 1369 per
2124 1301 2556 1370 inobedientiam,
2585 1305 2859 1370 sed,,sicut
2882 1322 2979 1379 per
2998 1306 3394 1378 generationem
3424 1306 3580 1377 primi

2006 1389 2569 1465 hominispeeeatorcs
2595 1397 2702 1452 nati
2728 1408 2851 1453 sunt
2877 1413 3097 1464 omnes;
3126 1398 3195 1454 ita
3226 1407 3280 1453 et
3309 1413 3404 1472 per
3426 1398 3585 1453 unius

2005 1484 2360 1541 obedientiam
2383 1489 2513 1558 justi
2544 1490 2936 1545 constituentur
2958 1490 3130 1545 multi.

2077 1576 2209 1633 Ave.
2247 1577 2356 1633 lmo
2385 1579 2564 1635 debuit
2605 1581 2820 1644 dicere,
2853 1581 3000 1636 Sicut
3040 1597 3134 1651 per
3173 1580 3585 1637 inobedientiam

2005 1680 2154 1720 suam
2187 1677 2493 1738 peccatores
2527 1670 2797 1726 constituti
2840 1679 2966 1726 sunt
2996 1672 3179 1738 multi;
3222 1672 3293 1725 ita
3334 1687 3429 1743 per
3458 1671 3588 1726 obc-

2005 1755 2259 1812 dientiam
2287 1773 2437 1813 suam
2459 1757 2587 1829 justi
2615 1763 3004 1818 consﬁtuentur
3029 1762 3180 1819 tnulti
3207 1781 3219 1817 :
3252 1771 3363 1828 aut,
3396 1762 3440 1816 si
3468 1761 3589 1816 imi-

2009 1849 2291 1918 tationem,
2320 1867 2476 1924 quam
2507 1869 2599 1908 vos
2628 1855 2689 1909 in.
2706 1854 2908 1929 magnis
2934 1855 3191 1927 angustiis
3226 1855 3497 1911 constituti
3529 1864 3585 1911 et

2009 1954 2361 2013 persequente
2388 1944 2610 2000 veritate
2633 1947 2883 2002 coarctati
2905 1989 2931 2015 ,
2950 1946 3217 2003 invenisse
3241 1962 3337 2001 vos
3366 1946 3586 2020 putatis,

2009 2045 2112 2100 qua
2136 2033 2286 2088 exire
2313 2035 2560 2102 possetis,
2588 2035 2689 2090 hoc
2713 2035 2834 2091 loco
2866 2036 2957 2092 ille
2986 2036 3361 2092 commendare
3387 2035 3589 2091 voluis-

2010 2132 2121 2185 set,
2154 2122 2335 2178 debuit
2360 2123 2568 2192 dicere,
2598 2124 2746 2181 Sicut
2784 2143 2877 2196 per
2901 2128 3249 2185 imitationem
3280 2127 3591 2193 inobedieu-

2013 2213 2101 2266 tia:
2139 2214 2294 2269 unius
2334 2214 2562 2271 hominis
2599 2227 2904 2287 peccatores
2942 2219 3214 2275 constituti
3248 2229 3376 2274 sunt
3402 2219 3588 2283 multi:

2010 2301 2082 2356 ita
2110 2311 2163 2357 et
2191 2318 2285 2374 per
2307 2304 2650 2361 imitationem
2681 2307 2994 2363 obedientia:
3018 2309 3175 2364 unius
3210 2309 3439 2364 hominis
3460 2308 3589 2379 justi

2009 2393 2399 2449 constituentur
2425 2396 2592 2450 multi.
2623 2396 2763 2452 Ecce
2782 2407 2834 2452 et
2853 2413 2951 2470 ego
2976 2398 3083 2452 dixi
3106 2398 3373 2468 quomodo
3392 2397 3591 2454 debue-

2009 2484 2079 2537 rit
2105 2484 2389 2553 Apostolus
2419 2485 2581 2556 loqui,
2612 2487 2655 2542 si
2685 2487 2785 2541 boc
2810 2488 2969 2542 vellet
2996 2487 3194 2555 dicere,
3218 2488 3356 2558 quod
3387 2504 3482 2544 vos
3509 2490 3592 2546 di-

2011 2575 2165 2629 citis:
2198 2592 2263 2631 ne
2301 2584 2455 2645 putes
2495 2576 2689 2648 aliquid
2718 2593 2963 2648 maguum
3004 2593 3152 2640 esse.
3198 2594 3294 2648 pro
3319 2578 3588 2635 voluntate

2012 2673 2191 2718 nostra
2220 2666 2380 2721 verba
2407 2680 2760 2736 componere,
2788 2684 2893 2721 non
2924 2669 3155 2721 auctoris
3184 2666 3507 2723 voluntatem
3535 2668 3591 2723 in

2013 2756 2188 2811 verbis
2216 2756 2331 2827 ejus
2358 2772 2642 2828 exponere.
2688 2758 2823 2813 Dixit
2851 2774 2978 2828 ergo
2996 2800 3012 2824 ,
3057 2773 3151 2828 per
3176 2757 3586 2813 inobedieutiam

2012 2848 2170 2904 unius
2195 2848 2446 2915 hominis,
2469 2866 2627 2921 quem
2653 2850 3008 2923 generationis
3032 2849 3322 2923 principem
3348 2859 3591 2915 noverat,

2014 2948 2319 3007 peccatores
2345 2943 2657 2995 constitutos
2687 2954 2803 2995 esse
2843 2934 3068 3006 multos;
3099 2941 3348 3011 quoniam
3377 2940 3465 2997 illa
3507 2940 3590 3001 in«

2013 3028 2319 3084 obedie'ntia
2360 3038 2442 3085 est
2486 3039 2671 3085 natura
2719 3030 2949 3089 humana
2994 3031 3211 3090 vitiata:
3244 3041 3301 3087 et
3340 3048 3435 3102 per
3459 3032 3593 3087 obe—

2014 3120 2264 3190 dientiam
2295 3123 2449 3176 unius
2481 3122 2735 3187 hominis,
2762 3123 2849 3192 qui
2879 3124 3295 3193 regenerationis
3330 3134 3405 3177 est
3441 3123 3589 3193 prin;

2016 3227 2172 3281 ceps,
2214 3211 2385 3282 justos
2412 3212 2658 3267 constitui
2689 3213 2918 3277 mullos;
2961 3214 3082 3282 quia
3122 3214 3261 3273 illius
3295 3214 3595 3273 oltedieutia

2018 3312 2203 3358 natura
2232 3304 2458 3357 humana
2483 3312 2720 3368 sanatur,
2742 3304 2829 3373 qui
2855 3302 3024 3359 factus
3044 3314 3125 3360 est
3144 3303 3398 3360 obediens
3428 3322 3593 3377 usque

2016 3396 2330 3450 ad‘mortem
2361 3395 2533 3450 crucis
2559 3394 2816 3467 (Philipp.
2848 3411 2904 3459 ll,
2934 3394 3014 3465 8),
3044 3395 3241 3466 utjusti
3266 3397 3594 3451 constituan-

2016 3496 2100 3540 tur
2131 3500 2224 3556 per
2265 3485 2380 3555 ejus
2408 3486 2667 3557 gratiam,
2713 3487 2870 3542 etiam
2909 3486 3000 3557 qui
3048 3503 3149 3541 non
3180 3486 3265 3543 hic
3304 3504 3401 3561 per
3442 3504 3592 3544 suam

2002 3577 2468 3631 eunversatiouem
2490 3576 2619 3647 justi
2642 3591 2761 3633 esse
2786 3586 3098 3649 potuerunt;
3124 3577 3259 3634 sicut
3282 3579 3332 3634 lii
3356 3579 3445 3653 qui
3468 3592 3601 3633 con-

2013 3666 2166 3720 tinuo
2209 3675 2326 3735 post
2353 3666 2616 3721 lavacrum
2664 3667 3080 3737 regenerationis
3125 3669 3431 3739 exspirant,
3480 3671 3595 3724 sive

2013 3756 2333 3827 grandioris,
2364 3757 2476 3813 sive
2495 3759 2749 3813 infantilis
2770 3762 2958 3814 aetatis.
2990 3760 3140 3817 Unde
3165 3762 3351 3818 maluit
3376 3764 3594 3818 verbum

2016 3847 2174 3902 futuri
2203 3849 2456 3916 temporis
2482 3863 2711 3918 ponere,
2743 3858 2795 3902 et
2822 3851 3185 3903 constituentur
3212 3851 3418 3917 dicere,
3454 3868 3593 3919 non,

2016 3938 2301 3993 Constituti
2329 3947 2477 4003 sunt,
2506 3939 2756 4009 quoniam
2788 3939 2915 4008 jll>li
2945 3940 3029 3993 illa
3055 3940 3254 4011 justitia
3275 3982 3291 4006 ,
3322 3957 3447 4012 qua:
3479 3943 3597 3998 sine

2018 4030 2129 4085 ullo
2159 4039 2375 4100 peccato
2414 4030 2545 4094 erit,
2581 4030 2631 4084 in
2664 4030 2821 4084 futuri
2867 4031 3047 4085 saeculi
3088 4032 3383 4087 mteruitate
3409 4033 3597 4091 victuri

2020 4130 2161 4175 Sttttl.
2191 4120 2319 4175 Cum
2350 4130 2525 4174 autem
2556 4119 2624 4175 de
2653 4121 3018 4191 peccatoribus
3051 4138 3153 4176 non
3185 4120 3349 4185 dixit,
3381 4122 3598 4179 Consti-

2022 4220 2252 4275 tueutur,
2280 4211 2393 4277 sed,
2426 4211 2679 4266 constituti
2707 4219 2852 4275 sunt,
2883 4214 3131 4268 smculum
3162 4213 3262 4269 hoc
3288 4212 3426 4285 quod
3459 4230 3599 4286 pra:-

2021 4302 2171 4366 terit,
2211 4301 2295 4355 ubi
2318 4302 2425 4371 jam
2454 4301 2631 4356 vitiata
2658 4310 2740 4357 est
2766 4300 2836 4355 lin
2861 4321 2871 4353 l
2895 4317 2992 4356 ana
3023 4314 3208 4358 natura
3228 4345 3241 4367 ,
3274 4304 3437 4365 verbo
3464 4314 3597 4367 tem;

2021 4394 2166 4464 poris
2194 4394 2440 4463 praeteriti
2462 4395 2743 4461 expressit.
2767 4394 2884 4449 Jam
2912 4410 3037 4448 vero
3062 4395 3131 4451 de
3152 4398 3328 4451 multis
3344 4399 3469 4467 quia
3500 4398 3597 4468 ipsi

2020 4493 2145 4537 sunt
2170 4498 2355 4537 omnes
2372 4525 2387 4549 ,
2420 4485 2547 4537 satis
2574 4485 2665 4539 tibi
2694 4498 3006 4554 responsum
3035 4497 3133 4541 est.
3160 4486 3240 4546 Tu
3266 4498 3442 4547 autent
3468 4504 3601 4560 quos

2021 4575 2306 4645 Apostolus
2331 4574 2465 4627 dixit
2486 4589 2706 4640 onmes,
2745 4592 2850 4631 non
2892 4576 3108 4646 potuisti
3140 4579 3238 4633 nisi
3272 4580 3297 4610 ι’
3327 4580 3602 4640 contradi-

2021 4665 2192 4722 cendo
2220 4680 2514 4735 exponere,
2562 4677 2615 4722 et
2657 4667 2917 4736 dicendo,
2962 4667 3078 4725 Non
3116 4680 3238 4729 sunt
3280 4688 3465 4728 omnes
3486 4690 3515 4740 ;_
3534 4673 3599 4729 ad

2023 4756 2162 4825 quod
2194 4762 2245 4809 te
2273 4756 2413 4809 nulla
2443 4757 2729 4811 necessitas
2753 4767 2992 4828 cogeret,
3025 4759 3070 4815 si
3098 4761 3414 4821 catholicum
3444 4778 3602 4833 quam

2026 4844 2361 4915 l‘elagianum
2401 4860 2615 4900 sensum
2661 4856 2842 4903 tenere
2888 4850 3184 4905 maluisses.
3216 4851 3417 4906 Omnes
3458 4853 3604 4913 enim

2024 4945 2305 5004 propterea
2330 4935 2581 4991 dicuntur
2616 4945 2669 4991 et
2694 4938 2879 5003 multi,
2908 4946 2970 4994 ut
2994 4939 3363 5000 discernantur
3392 4943 3599 5008 abeis,

2024 5025 2114 5094 qui
2145 5040 2265 5079 cum
2297 5026 2403 5079 sint
2430 5042 2637 5092 omnes,
2666 5037 2789 5082 sunt
2817 5038 2994 5083 tamen
3026 5033 3198 5100 pauci.
3672 5019 3678 5026 ’

2097 5116 2320 5173 CCXVI.
2348 5118 2464 5174 Jun.
2488 5120 2639 5186 Quod
2668 5122 2712 5175 si
2743 5125 2813 5174 ita
2840 5122 3102 5179 intulisset
3125 5165 3138 5189 ,
3169 5142 3273 5180 non
3306 5127 3476 5181 minus
3504 5123 3600 5180 do-

2027 5210 2249 5266 cebatur
2284 5211 2442 5281 impia
2483 5225 2636 5279 esse,
2683 5227 2840 5282 quam
2880 5214 3055 5286 inepta
3090 5218 3348 5273 sententia
3376 5258 3391 5282 ,
3419 5230 3517 5285 qua
3554 5226 3607 5271 et

2028 5304 2354 5373 comparatio
2380 5303 2491 5374 ipsa
2522 5305 2573 5359 in
2595 5304 2807 5360 diverso
2830 5311 3101 5381 proposito
3129 5323 3470 5379 personarum
3497 5317 3609 5361 sto-

2031 5395 2285 5450 lidissima
2312 5396 2592 5451 doceretur
2615 5438 2630 5462 ,
2658 5412 2781 5453 cum
2807 5414 2896 5455 res
2925 5416 3030 5455 non
3055 5400 3255 5455 situiles
3278 5399 3341 5451 ad
3372 5397 3612 5453 collatio-

2031 5505 2152 5547 nem
2197 5489 2477 5553 venirent,
2528 5500 2711 5545 uatura
2750 5491 2995 5548 videlicet
3029 5502 3086 5548 et
3120 5492 3400 5557 voluntas;
3448 5500 3506 5545 ut
3558 5490 3613 5549 in

2034 5593 2182 5653 parte
2220 5583 2359 5643 mali.
2379 5583 2638 5639 seminum
2681 5587 2971 5642 necessitas
3010 5593 3330 5655 poneretur,
3372 5583 3423 5639 in
3464 5594 3612 5655 parte

2034 5693 2161 5732 vero
2184 5678 2305 5732 boui
2336 5676 2497 5732 studii
2524 5678 2634 5732 sola
2662 5678 2911 5743 libertas;
2947 5677 3055 5731 imo
3074 5674 3183 5747 jam
3215 5689 3318 5732 non
3347 5674 3569 5737 libertas
3593 5716 3613 5744 ,

2103 5794 2127 5823 ι
2147 5797 2209 5839 Ex
2236 5792 2567 5854 manuscriptis
2582 5790 2903 5848 restituimus,
2920 5784 3032 5838 nisi.
