1981 3090
204 186 273 213 1233

201 243 327 279 quoniam
344 249 394 269 non
411 241 566 276 suppetebat
579 240 690 267 facultas
706 240 819 275 eligendi
835 239 897 267 boni
913 245 939 267 et
951 248 995 267 ea-

203 288 280 316 vendi
304 288 363 315 mali
377 307 384 320 ,
406 288 427 314 si
452 286 579 313 naturalis
602 292 690 313 reatus
716 286 817 313 fuisset.
849 286 914 313 Dicit
933 293 997 320 ergo

204 334 345 369 Apostolus
359 332 465 367 sapiens
485 336 512 358 et
533 330 653 358 eruditus
673 330 801 358 Ecclesiae
821 330 931 362 doctor,
949 338 997 365 per

204 378 408 406 unobedientiam
441 377 575 405 exstitisse
606 377 788 412 trausisseque
823 378 994 412 peceatum',

203 423 422 458 multiplicarique
434 422 573 457 justitiam.

242 463 310 497 AUC.
327 469 376 497 Ubi
396 469 520 504 estquod
538 469 654 502 dixeras,
678 477 730 495 non
754 473 890 504 peccatum
911 473 997 495 trans-

201 518 275 547 isse,
301 515 348 542 sed
372 519 485 543 mortem
509 515 637 551 (Supra,
659 524 733 550 capp.
763 515 817 548 65,
841 515 893 548 64,
911 515 961 542 196
973 514 997 550 )‘I

201 561 272 588 Ecce
299 567 368 587 nunc
391 560 478 594 dicis,
505 568 550 594 per
574 560 780 588 inobedieutiam
794 561 815 592 ',
837 568 896 595 qua:
919 560 996 587 unius

203 605 319 632 hominis
344 610 551 633 commemorata
574 610 634 639 est,
657 612 709 632 non
733 605 819 632 solum
844 605 994 638 exstitisse,

202 659 293 677 verum
308 651 387 678 etiam
403 651 529 678 transisse
542 656 690 686 peccatum.
705 651 744 677 An
760 650 821 685 quid
833 652 905 686 prius
920 651 996 678 dixe-

201 695 239 722 ris
262 695 381 723 l'ortassis
402 697 501 723 oblitus
522 696 569 724 es?
592 695 783 724 Gratulandum
807 701 848 724 est
869 696 995 724 oblivioni

177 738 181 743 ’
201 745 270 774 tute,
292 749 342 776 qua
366 750 457 768 verum
478 742 645 776 eompclleris
664 742 763 769 dicere.
784 742 850 769 Nam
863 742 933 777 quod
949 742 995 770 tibi

201 786 306 814 videtur
319 808 326 820 ,
347 787 372 814 in
389 787 530 814 collatione
544 788 737 815 contrariarum
754 788 866 823 partium
881 796 932 815 non
946 788 994 815 de-

200 831 264 859 bere
280 839 311 859 ex
327 840 377 859 una
394 837 468 867 parte
484 833 544 867 poni
570 833 886 860 necessitatem’scminis
898 854 905 865 ,
919 838 946 861 et
960 842 993 861 ex

201 877 283 904 altera
298 877 415 904 studium
429 878 572 905 voluntatis
584 898 591 911 ,
615 878 738 905 stolidum
762 886 822 906 esse
842 879 974 913 rcperires
985 899 993 912 ,

200 921 222 948 si
236 922 363 956 videres,
378 923 455 950 sicin
478 923 545 950 mala
566 927 642 958 parte
663 924 722 950 i!los
741 924 784 958 qui
809 924 941 958 pertinent
960 925 993 951 ad

200 966 333 994 hominem
361 968 493 1003 primum,
519 969 684 996 conuexinne
709 969 908 1004 generationis,
934 969 992 997 sine

199 1014 288 1040 studio
302 1022 357 1040 sua:
378 1015 540 1049 voluntatis,
561 1015 661 1050 peccati
685 1015 799 1042 traxisse
821 1015 990 1050 contagium,

198 1060 422 1095 quemadmodum
439 1061 475 1088 illi
492 1062 591 1096 parvuli
605 1083 612 1095 ,
636 1062 679 1097 qui
703 1056 834 1096 pertinent
851 1062 883 1089 ad
905 1062 992 1089 homi-

198 1114 258 1133 nem
274 1107 421 1134 secundum
435 1128 442 1140 ,
459 1108 516 1134 sine
531 1107 619 1134 studio
634 1108 746 1142 propria:
762 1108 905 1134 voluntatis
918 1128 925 1141 ,
944 1115 992 1142 per

197 1159 288 1185 pacem
315 1154 524 1187 regenerationis
553 1153 661 1188 justiti-.e
691 1153 833 1188 participes
859 1153 934 1180 liunt.
961 1154 990 1181 Si

195 1203 283 1224 autem
309 1206 400 1226 semen
420 1207 453 1226 ex
478 1205 589 1234 utraque
611 1204 684 1234 parte
703 1199 845 1234 deposcis:
860 1200 929 1227 sicut
944 1207 991 1234 per

195 1243 279 1269 Adam
306 1251 396 1271 semen
421 1245 527 1272 carnale
550 1245 672 1272 vitiatum
693 1250 752 1277 est,
769 1245 808 1272 sic
821 1245 891 1280 viget
910 1245 991 1280 spiri-

196 1288 265 1315 tuale
287 1297 334 1323 per
357 1289 503 1317 Christum.
528 1290 603 1324 Quod
630 1297 721 1318 semen
743 1290 886 1317 insinuavit
911 1290 987 1317 nobis

194 1331 312 1358 Joannes
330 1332 485 1366 apostolus,
509 1332 617 1364 dicens,
637 1332 668 1358 Et
692 1340 742 1359 non
763 1337 842 1367 potest
865 1340 986 1366 peccare,

192 1377 251 1411 quia
265 1386 348 1404 semen
361 1379 415 1413 ejus
429 1378 454 1405 in
473 1379 528 1412 ipso
542 1383 624 1405 manet
645 1378 653 1414 (
666 1378 675 1405 1
686 1377 764 1405 Joan.
780 1386 808 1405 ιιι
822 1399 829 1411 ,
843 1377 889 1413 9
911 1377 987 1411 Quod

193 1423 219 1449 in
245 1423 332 1450 l'uturo
357 1424 455 1451 smeulo
480 1424 550 1451 bono
575 1424 662 1459 potius
686 1424 843 1459 apparebit,
872 1424 915 1450 ubi
942 1424 986 1459 qui

192 1474 290 1502 erunt,
314 1477 426 1504 peccare
449 1479 501 1497 non
526 1475 668 1505 poterunt;
692 1479 744 1498 non
768 1471 794 1498 in
817 1471 866 1498 hoc
887 1472 986 1499 sacculo

191 1515 307 1550 maligno
321 1535 328 1548 ,
343 1515 385 1542 ubi
401 1520 428 1543 et
444 1515 469 1543 hi
484 1516 528 1550 qui
543 1517 676 1550 pertinent
687 1516 720 1543 ad
736 1516 862 1543 smculum
879 1521 985 1551 peccata

192 1568 243 1587 non
260 1561 409 1588 habiturum
423 1583 430 1595 ,
448 1562 545 1589 habent
560 1561 629 1589 unde
641 1562 760 1597 quotidie
774 1567 865 1597 petant
880 1570 893 1589 a
906 1562 985 1591 Patre

189 1606 293 1633 veniam
309 1612 488 1641 peceatorum.

224 1651 348 1680 CCXVII.
376 1653 437 1681 JcL.
462 1654 500 1680 Ac
524 1661 570 1688 per
595 1653 664 1687 hoc,
691 1653 805 1681 destruxit
829 1654 983 1688 opinionem

189 1697 290 1731 peccati
305 1698 433 1725 naturalis
447 1719 454 1731 ,
469 1703 496 1725 ct
509 1698 588 1725 docet
600 1699 665 1726 alias
677 1706 737 1726 esse
749 1707 845 1726 causas
857 1700 982 1727 substan-

189 1742 233 1769 tia:
245 1763 252 1775 ,
264 1743 329 1770 alias
341 1744 495 1770 voluntatis.
512 1744 550 1771 Ac
570 1752 604 1771 ne
621 1744 794 1779 intelligentia
815 1745 871 1772 hmc
889 1749 982 1773 nostro

189 1789 273 1822 magis
289 1788 434 1822 imputetur
447 1788 555 1824 ingenio
567 1810 575 1822 ,
589 1797 668 1824 quam
684 1789 831 1824 apostolico
842 1789 958 1825 dogmati
972 1812 980 1824 ,

187 1842 219 1861 ea
232 1843 290 1869 qua:
304 1835 364 1862 huic
378 1836 438 1863 loco
449 1836 550 1863 addidit
561 1857 568 1868 ,
585 1837 734 1864 audiamus.
748 1837 801 1865 Lex
815 1843 900 1865 autem
919 1839 980 1866 sub-

186 1880 304 1912 intravit,
331 1881 432 1916 inquit,
460 1886 488 1908 ut
510 1882 648 1909 abundaret
670 1882 808 1910 delictum:
829 1883 872 1911 ubi
896 1889 979 1912 autem

185 1926 322 1953 abundarit
340 1932 488 1962 peccatum,
510 1928 722 1962 superabundavit
740 1930 841 1964 gratia;
865 1935 892 1957 ut
914 1931 979 1959 sicut

184 1973 296 2008 regnavit
311 1978 438 2008 peccatu»:
454 1974 479 2001 in
495 1980 600 2001 mortem
613 1995 621 2008 ,
636 1975 671 2001 ita
686 1979 710 2002 et
726 1976 809 2011 gratia
829 1981 913 2011 regnet
934 1985 979 2011 per

183 2019 322 2056 justitiam,
352 2020 378 2046 in
403 2020 479 2046 vitam
502 2026 639 2054 meritam,
669 2029 713 2055 per
737 2020 827 2048 Iesum
850 2021 977 2048 Christum

185 2063 320 2091 Dominum
339 2070 451 2092 nostrum
474 2065 483 2100 (
495 2065 568 2092 Rom.
585 2074 611 2099 v,
625 2065 661 2093 20
672 2071 694 2093 ct
707 2066 738 2094 2|
752 2065 774 2102 ).
788 2067 886 2094 Assere
899 2068 978 2102 igitur

181 2109 406 2144 quemadmodum
426 2115 563 2145 peccatum
585 2115 678 2144 tuum,
702 2111 727 2138 id
750 2116 811 2144 est,
838 2112 975 2147 traducis,

182 2156 294 2190 rmperit
307 2155 444 2183 abundare
459 2161 518 2190 post
533 2156 634 2191 legem,
653 2164 712 2191 qua:
728 2162 787 2192 post
799 2157 975 2185 ministerium

182 2201 266 2237 Moysi
277 2201 288 2217 ³
304 2202 468 2229 incrementa
483 2202 641 2237 susceperit.

217 2247 285 2275 Aac.
310 2247 367 2274 bno
389 2252 416 2275 tu
447 2256 558 2281 assere,
583 2248 736 2284 quomodoI
758 2249 827 2276 sicut
854 2250 976 2284 superius

182 2291 271 2318 dixisti
287 2291 297 2326 (
311 2284 417 2327 Supra,
432 2301 489 2327 cap.
508 2293 558 2321 I98
572 2294 591 2328 ),
608 2301 719 2329 regnum
734 2294 833 2328 peccati
851 2294 902 2321 lata
918 2295 976 2329 lege

179 2336 321 2369 reciderit;
344 2345 404 2363 cum
419 2337 489 2365 dicat
503 2339 646 2372 Apostolus
659 2360 666 2371 ,
683 2340 735 2366 lata
751 2339 808 2374 lege
826 2340 975 2368 abundasse

180 2387 328 2416 peccatum.
354 2382 412 2419 Ego
434 2388 523 2411 autem
543 2384 613 2418 quod
636 2385 690 2411 dixi
709 2393 821 2413 assero:
842 2387 904 2421 quia
923 2387 973 2414 etsi

180 2435 231 2454 non
247 2435 363 2455 asseram
373 2449 381 2461 ,
398 2428 499 2455 clarum
512 2433 563 2456 est.
579 2429 720 2459 Peccatum
735 2431 832 2465 quippe
844 2432 974 2467 originale

177 2472 225 2499 fuit
240 2476 266 2499 et
281 2478 341 2500 ante
356 2473 441 2509 legem
455 2483 462 2500 :
476 2474 536 2508 quia
554 2482 600 2508 per
619 2482 700 2501 unum
722 2475 856 2503 hominem
879 2485 973 2512 pecca-

178 2523 231 2545 tum
249 2519 355 2546 intravit
370 2520 397 2546 in
413 2520 540 2547 Inumlnm
551 2541 558 2553 ,
571 2525 665 2548 etcum
678 2521 723 2547 illo
739 2530 809 2549 mors
822 2531 867 2556 per
878 2531 972 2551 omnes

177 2565 298 2592 homines
313 2566 464 2600 pertransiit
478 2567 487 2601 (
501 2566 575 2592 Ilum.
593 2575 618 2599 v,
637 2567 697 2602 IS).
715 2567 778 2595 Erat
800 2572 827 2595 cl.
850 2569 972 2596 volunta-

174 2611 242 2637 linm
257 2619 263 2637 ε
278 2611 403 2646 quoniam
418 2611 461 2646 qui
478 2612 536 2640 sine
549 2612 606 2647 lege
621 2619 815 2647 peccaverunt,
837 2615 895 2642 sine
911 2616 971 2650 lcge

176 2655 298 2689 peribunt
323 2655 387 2692 (Id.
409 2665 447 2688 ιι,
473 2656 539 2692 12).
565 2657 729 2686 Subintravit
750 2664 839 2687 autem
865 2660 923 2692 lex,
942 2665 970 2687 ut

172 2703 317 2731 abundaret
331 2709 466 2739 peccatum
483 2704 492 2739 (
505 2704 547 2731 Id.
563 2713 589 2739 v,
602 2705 638 2732 20
651 2705 659 2741 )
675 2715 681 2733 :
696 2706 756 2741 quia
772 2707 811 2733 bis
824 2707 967 2741 generibus

205 2760 211 2773 ¹
226 2762 272 2813 "pc
285 2760 342 2783 item
359 2758 411 2784 loco
432 2760 456 2785 in
477 2761 548 2786 editis
569 2762 684 2786 omissuro
695 2761 789 2792 fuerat,
809 2761 967 2793 transisseque

205 2795 243 2813 cca
256 2796 303 2813 ιιηι.

188 2795 303 2813 ιιι-σαιιιηι.

188 2795 229 2812 ιιι-ε
297 2807 303 2813 .

172 2795 187 2819 ρ
205 2795 303 2855 {gilii
322 2826 368 2845 non
389 2828 432 2852 per
452 2820 644 2847 inobedientiam.
666 2823 753 2852 Abest,
773 2830 827 2853 non,
848 2830 861 2848 a
883 2830 966 2848 mauu-

192 2856 273 2873 ‘I'IDLS.

170 2856 216 2873 Im
235 2854 251 2873 ιι
267 2868 273 2873 .

283 2884 352 2915 Μῖιικζ
364 2888 436 2913 ιηηνιη
445 2883 460 2907 it
474 2882 595 2908 abundare
614 2891 657 2914 μιν*
676 2884 766 2916 (rgum,
782 2885 815 2910 rcl
835 2893 876 2917 per
894 2885 965 2911 mini-

170 2915 269 2936 $.‘t‘r'ttttlt
278 2916 360 2942 ttat/st.

542 185 663 212 OPEHIS
682 184 885 212 IMPERFECTI
907 184 1041 211 CONTRA
1062 184 1241 219 JULlANUlI,
1262 187 1291 214 S.
1312 186 1495 216 AUGUSTINI

1768 194 1834 222 H36

1052 245 1237 275 peccatorum,
1260 250 1317 276 qum
1341 248 1403 271 ante
1421 243 1505 278 legem
1530 245 1653 278 l'uerunt,
1677 248 1755 276 etiam
1779 249 1840 276 illud

1049 288 1179 320 accessit,
1204 288 1274 323 quod
1297 289 1479 323 praevaricatio
1497 297 1673 327 nuncupatur.
1698 294 1745 322 Ubi
1771 296 1841 323 enim

1049 332 1090 359 lcx
1105 341 1156 360 non
1171 339 1210 360 est
1222 354 1229 366 ,
1241 341 1290 362 nec
1302 336 1498 370 prmvaricatio(
1510 337 1582 366 Itoni.
1596 346 1634 371 tv.
1648 340 1677 367 15
1690 339 1709 371 ).
1722 340 1770 368 Ubi
1781 349 1843 375 ergo

1049 379 1090 407 bis
1105 380 1228 408 omnibus
1242 382 1384 415 generibus
1398 388 1566 417 peccatorum
1586 385 1730 414 abundavit
1753 395 1843 422 pecca-

1049 430 1104 453 tum
1117 446 1125 459 ,
1141 426 1367 460 superabundavit
1381 429 1464 463 gratia
1479 429 1488 464 (
1503 429 1544 457 Id.
1560 438 1586 464 v,
1600 430 1635 458 20
1649 433 1668 466 ):
1683 432 1743 466 quia
1760 433 1786 460 in
1805 433 1843 460 lzis

1047 471 1091 504 qui
1104 471 1137 498 ad
1151 479 1210 499 eam
1225 473 1375 506 pertinent,
1389 474 1507 501 omnium
1520 475 1628 503 istorum
1642 485 1770 511 generum
1782 486 1843 505 rea-

1048 521 1102 543 tum
1117 516 1206 550 delct,
1235 522 1262 545 et
1289 518 1398 553 insuper
1421 520 1503 547 donat
1523 526 1552 548 ut
1574 521 1717 550 delectatio
1740 526 1839 558 peccati

1044 562 1155 597 iustitia:
1167 563 1342 591 delectatione
1362 566 1498 599 vincatur;
1521 570 1599 602 atque
1618 567 1650 595 ad
1671 576 1729 595 eam
1749 574 1840 603 pOslea

1048 609 1217 644 perveniatur
1228 610 1308 637 vitam
1321 630 1328 643 ,
1342 610 1384 637 ubi
1399 611 1500 638 nullum
1511 613 1561 639 erit
1571 613 1679 640 omnino
1694 620 1839 648 peccatum.

1047 654 1186 688 Quomodo
1200 662 1264 689 ergo
1277 663 1320 683 res
1334 663 1385 683 non
1401 656 1502 684 similes
1517 657 1542 684 in
1561 658 1729 686 collationem
1750 660 1841 688 venire

1047 707 1099 728 non
1114 700 1213 727 debent
1224 722 1231 733 ,
1245 701 1313 729 sicut
1328 702 1405 736 paulo
1418 707 1479 730 ante
1491 702 1598 735 dixisti;
1613 711 1673 731 eum
1689 712 1720 732 ex
1731 710 1840 733 contra-

1047 745 1092 772 [iis
1109 746 1152 773 liat
1167 747 1214 773 ista
1230 747 1336 774 collatio
1348 768 1355 780 ,
1369 753 1396 776 et
1410 757 1442 776 ex
1457 757 1508 776 una
1523 755 1596 784 parte
1607 752 1745 786 generatio
1758 760 1840 787 pona-

1046 795 1088 818 tur
1098 813 1104 824 ,
1116 797 1143 819 et
1153 800 1185 819 ex
1198 793 1279 820 altera
1293 795 1458 829 regeneratio
1470 804 1477 828 ;
1492 803 1525 823 ex
1536 804 1585 823 una
1599 805 1709 832 regnum
1724 800 1819 826 mortis
1831 821 1838 833 ,

1045 844 1077 864 ex
1091 837 1174 864 altera
1187 846 1296 872 regnum
1312 840 1374 866 vita:
1387 849 1393 871 ;
1406 848 1439 867 ex
1452 848 1503 868 una
1516 841 1676 870 abundantia
1690 864 1697 876 ,
1710 852 1744 871 ex
1755 845 1839 872 altera

1045 883 1167 915 remissio
1182 889 1371 918 peccatorum;
1386 894 1418 913 ex
1434 895 1485 914 una
1500 887 1642 916 delectatio
1656 891 1754 924 peccati
1767 912 1774 922 ,
1790 899 1840 925 per

1045 934 1145 956 natura:
1166 930 1257 957 vitium
1279 939 1362 966 usque
1381 933 1414 960 ad
1433 934 1634 962 consuetudinis
1651 936 1749 963 malum
1763 937 1781 969 ί,
1805 946 1838 964 ex

1043 974 1125 1002 altera
1148 976 1268 1009 pra:lium
1287 982 1378 1004 contra
1398 979 1639 1013 concupiscentiam
1662 982 1768 1014 carnis,
1790 990 1840 1017 per

1042 1022 1125 1048 sancti
1139 1021 1253 1056 Spiritus
1267 1023 1425 1058 adjutorium
1436 1045 1444 1057 ,
1456 1033 1540 1060 usque
1552 1026 1585 1053 ad
1599 1026 1716 1055 victoria:
1728 1036 1819 1063 pacem
1830 1050 1838 1060 ,

1042 1076 1101 1103 qua:
1117 1069 1217 1095 nullum
1233 1069 1392 1097 intrinsecus
1406 1091 1413 1104 ,
1430 1071 1530 1098 nullum
1544 1073 1710 1101 extrinsecus
1724 1075 1840 1108 patietur

1043 1113 1199 1140 inimicum?
1214 1114 1277 1141 llaec
1291 1119 1350 1142 tene
1362 1135 1370 1148 ,
1386 1116 1407 1143 si
1424 1116 1463 1143 vis
1478 1124 1556 1144 sanus
1570 1124 1648 1145 esse:
1661 1124 1687 1146 et
1703 1120 1754 1146 noli
1769 1127 1839 1147 con-

1042 1162 1080 1185 tra
1093 1158 1150 1186 hare
1162 1180 1169 1191 .
1182 1168 1242 1194 quae
1252 1161 1285 1188 ad
1295 1168 1386 1188 sanam
1395 1161 1542 1190 doctrinam
1552 1165 1683 1198 pertinent
1691 1186 1697 1196 ,
1707 1165 1837 1193 insanire.

1075 1203 1212 1232 CCXVIII.
1237 1205 1297 1232 JcL.
1323 1206 1403 1234 Certe
1425 1207 1512 1235 in-his
1534 1208 1599 1236 locis
1620 1210 1775 1244 Apostolum
1801 1211 1840 1238 de

1041 1256 1150 1284 peccato
1163 1252 1276 1279 naturali
1289 1252 1447 1280 disseruisse
1457 1255 1606 1282 contendis.
1619 1256 1658 1282 Ad
1670 1257 1680 1272 ’
1691 1256 1740 1283 hoc
1753 1265 1839 1292 supra

1039 1295 1161 1330 dixerat,
1191 1305 1274 1333 usque
1292 1299 1325 1325 ad
1350 1299 1434 1334 legem
1458 1300 1557 1333 raise,
1587 1306 1614 1328 ut
1639 1301 1840 1337 intelligeretur

1039 1345 1099 1376 post
1113 1342 1197 1377 legem
1207 1351 1267 1370 esse
1276 1344 1386 1372 desiisse
1400 1353 1406 1371 :
1419 1353 1488 1372 nunc
1500 1350 1587 1374 autem
1599 1346 1631 1374 de
1641 1347 1735 1375 eodem
1746 1348 1811 1376 dicit
1823 1370 1833 1382 ,

1038 1387 1108 1422 quod
1120 1389 1231 1424 cmperit
1240 1397 1360 1419 crescere
1370 1396 1397 1419 et
1409 1392 1543 1420 abundare
1554 1397 1614 1427 post
1624 1394 1718 1429 legem.
1733 1394 1837 1422 Catho-

1040 1433 1089 1461 lico
1105 1434 1252 1463 intellectui
1265 1444 1343 1471 quem
1356 1438 1492 1472 sequimur
1503 1459 1511 1471 ,
1534 1443 1675 1474 utrumque
1698 1440 1748 1468 hoc
1765 1449 1835 1469 con~

1038 1479 1131 1507 venire
1153 1482 1377 1509 monstravimus:
1400 1487 1445 1509 tuo
1465 1491 1528 1511 vero
1549 1484 1665 1519 dogmati
1678 1494 1727 1520 qua
1744 1486 1834 1521 impn-

1036 1524 1126 1551 dentia
1143 1525 1307 1559 vindicatur,
1324 1532 1352 1554 ut
1371 1535 1450 1555 llllum
1472 1529 1594 1563 idemque
1615 1535 1750 1564 peccatum
1774 1532 1834 1566 lege

1036 1569 1087 1596 lata
1097 1590 1104 1602 ,
1121 1570 1244 1605 superius
1254 1572 1360 1607 quidem
1372 1573 1501 1601 defecisse
1512 1595 1519 1607 ,
1536 1582 1607 1602 nunc
1616 1580 1703 1603 autem
1715 1578 1833 1606 crevisse

1035 1615 1158 1643 dicatur?
1172 1617 1312 1651 Quomodo
1325 1626 1389 1654 ergo
1403 1625 1461 1654 post
1474 1620 1559 1656 legem
1579 1621 1695 1649 abundat
1711 1625 1831 1652 naturale

1034 1667 1171 1695 peccatum
1182 1665 1194 1690 't
1207 1664 1337 1691 Acriusne
1352 1671 1489 1700 coeperunt
1506 1667 1631 1702 genitalia
1647 1670 1807 1697 commoveri
1821 1692 1829 1704 ,

1034 1712 1062 1735 ιιι
1076 1708 1110 1735 de
1124 1710 1274 1743 augmentis
1287 1714 1314 1738 et
1327 1712 1443 1739 novitate
1459 1717 1578 1739 motuum
1594 1719 1702 1748 peccato
1716 1720 1759 1742 tuo
1774 1717 1829 1742 vir-

1034 1759 1077 1781 tus
1092 1754 1214 1781 videatur
1226 1756 1371 1791 adjuncta?
1386 1758 1427 1784 An
1449 1759 1491 1785 lex
1510 1759 1570 1786 data
1590 1761 1758 1788 nascentibus
1770 1766 1828 1795 est,

1032 1804 1061 1827 ut
1081 1800 1126 1834 qui
1149 1800 1183 1828 de
1203 1801 1327 1835 libidine,
1353 1810 1431 1838 quam
1449 1804 1516 1831 dicis
1542 1805 1698 1833 diabolicam
1721 1814 1780 1834 esse
1802 1813 1828 1835 et

1031 1844 1148 1872 radicem
1164 1845 1331 1882 fructumque
1346 1849 1445 1882 peccati
1459 1849 1480 1882 ³,
1496 1851 1577 1884 geniti
1590 1856 1666 1877 erant
1677 1871 1684 1884 ,
1699 1851 1829 1880 admone-

1032 1895 1123 1918 rentur
1136 1892 1279 1920 emendare
1293 1894 1363 1928 quod
1377 1894 1438 1922 facti
1453 1900 1528 1922 erant
1541 1896 1561 1928 ⁵,
1575 1902 1602 1924 et
1622 1901 1724 1932 gestum
1743 1905 1828 1925 corri-

1030 1943 1094 1970 gere
1110 1945 1188 1971 quem
1203 1938 1351 1966 habuerant
1363 1960 1370 1971 ,
1382 1947 1441 1967 cum
1455 1948 1501 1968 eos
1511 1947 1669 1975 generarent
1682 1949 1805 1977 parentes
1815 1944 1828 1970 ἲ
1870 1940 1875 1945 ’

1029 1983 1161 2017 Cogerent
1182 1989 1316 2018 postremo
1341 1994 1400 2020 qtue
1423 1986 1490 2013 facta
1508 1992 1603 2020 erant,
1627 1988 1722 2015 infecta
1746 1997 1825 2022 esse;

1029 2029 1099 2064 quod
1126 2029 1163 2056 illi
1188 2030 1280 2057 audire
1303 2030 1426 2059 videlicet
1451 2038 1613 2066 renuentes,
1639 2034 1826 2062 inobedicntim

1029 2075 1129 2103 crimen
1145 2076 1329 2104 incurrerent?
1339 2079 1371 2104 At
1382 2078 1433 2105 hoc
1446 2086 1460 2105 a
1476 2079 1548 2106 nullo
1556 2080 1697 2107 stultorum
1707 2101 1714 2113 ,
1727 2080 1825 2108 nedum

1028 2129 1043 2148 a
1059 2122 1117 2157 lege
1129 2130 1208 2157 quam
1223 2123 1292 2150 Deus
1305 2123 1376 2151 dedit
1390 2145 1396 2157 ,
1413 2130 1514 2159 poterat
1530 2126 1686 2160 imputari".

1064 2172 1132 2197 Aue.
1144 2169 1277 2204 Numquid
1288 2169 1384 2197 alicubi
1396 2170 1511 2197 diximus
1523 2191 1530 2202 ,
1543 2176 1679 2204 peccatum
1693 2171 1825 2207 originale

1028 2215 1144 2242 crevisse
1161 2219 1221 2249 post
1235 2215 1339 2250 legem?
1355 2217 1405 2242 Aut
1422 2216 1473 2242 hoc
1490 2217 1599 2251 intelligi
1614 2218 1736 2244 volumus
1752 2218 1777 2244 in
1793 2226 1825 2245 eo

1028 2260 1098 2295 quod
1120 2261 1157 2287 ait
1179 2261 1321 2295 Apostolus
1335 2282 1341 2292 ,
1366 2261 1419 2288 Lex
1441 2261 1605 2294 subiutravit,
1631 2267 1659 2289 ut
1685 2262 1825 2289 abundaret

1027 2305 1164 2332 delictum?
1179 2306 1328 2332 Abundavit
1343 2307 1413 2333 enim
1427 2328 1433 2338 ,
1450 2315 1501 2333 non
1514 2309 1573 2341 quia
1589 2307 1653 2334 illud
1669 2314 1753 2343 genus
1764 2314 1824 2335 cre-

1026 2351 1080 2383 vit,
1096 2351 1165 2385 quod
1181 2351 1307 2385 anteiam
1324 2352 1406 2378 fuerat
1420 2361 1426 2383 ;
1439 2353 1484 2378 sed
1501 2353 1559 2387 q-iia
1576 2360 1660 2387 genus
1674 2353 1743 2380 aliud
1759 2361 1823 2388 pec-

1026 2397 1077 2424 cati
1104 2397 1234 2429 accessit,
1269 2397 1339 2431 quod
1373 2399 1431 2425 sine
1452 2399 1509 2433 lege
1532 2407 1583 2425 non
1610 2404 1686 2431 erat,
1712 2399 1736 2425 id
1765 2404 1822 2431 est,

1028 2443 1229 2477 praevaricatio,
1248 2443 1316 2470 sicut
1337 2443 1415 2478 paulo
1437 2449 1498 2470 ante
1520 2445 1736 2471 monstravimus.
1753 2444 1825 2471 Con-

1025 2488 1187 2523 cupiscentia
1203 2493 1242 2515 est
1258 2494 1345 2515 autem
1366 2489 1453 2515 carnis
1466 2509 1473 2521 ,
1495 2493 1521 2516 et
1542 2489 1624 2516 libido
1645 2489 1800 2524 genitalium
1815 2511 1822 2521 ,

1024 2539 1116 2561 etmtra
1140 2543 1220 2569 quam
1245 2540 1398 2562 sanctorum
1421 2536 1528 2563 castitas
1546 2541 1654 2571 pugnat.
1679 2536 1751 2563 lianc
1775 2535 1822 2563 tibi

1024 2581 1134 2607 multum
1150 2581 1313 2615 placentem,
1334 2582 1458 2616 quoniam
1477 2589 1536 2608 cum
1562 2582 1617 2617 ipsa
1642 2589 1688 2608 sua
1714 2590 1800 2617 pugna
1818 2603 1825 2613 .

1023 2627 1065 2654 cui
1086 2632 1214 2663 repugnat
1232 2628 1311 2655 etiam
1331 2628 1455 2663 pudicitia
1475 2628 1638 2664 conjugalis,
1661 2628 1767 2656 nonnisi
1790 2628 1824 2656 ad

1054 2700 1061 2715 ι
1074 2699 1141 2728 mliti,
1154 2705 1228 2731 usque
1240 2700 1272 2731 ad
1287 2699 1480 2724 consuetudinem
1495 2699 1592 2725 malam.
1614 2703 1677 2730 Mss,
1693 2706 1769 2731 usque
1790 2699 1824 2725 ad

1021 2729 1198 2755 consuetudinis
1209 2729 1306 2755 malum.

1052 2763 1061 2776 ²
1077 2765 1155 2791 Forte,
1168 2764 1200 2785 at.

1051 2792 1151 2826 {Codex
1165 2796 1229 2822 Man,
1242 2790 1385 2817 diabolicam
1396 2799 1446 2817 esse
1458 2792 1584 2817 traducem
1594 2792 1745 2823 fructumque
1766 2798 1823 2823 pec-

1021 2826 1076 2847 σαι.

1051 2857 1060 2868 ⁸
1073 2854 1108 2878 sic
1121 2857 1172 2878 \tss.
1187 2857 1213 2877 Al
1227 2853 1294 2881 editi,
1308 2853 1371 2908 quod
1384 2854 1471 2909 {acturi
1481 2857 1558 2879 erant.

1051 2885 1059 2900 ⁵
1073 2885 1139 2909 ιιῖάίιί.
1152 2888 1173 2909 et
1186 2884 1230 2908 hoc
1242 2892 1257 2908 ιι
1268 2886 1309 2909 nist
1320 2892 1333 2909 (ι
1345 2888 1381 2909 stu
1393 2889 1477 2909 torum.
1492 2884 1558 2908 nndu;

1049 2885 1059 2900 ⁸
1073 2885 1139 2912 ιιῖάίιί,
1152 2888 1173 2909 et
1186 2884 1230 2908 hoc
1242 2892 1257 2908 ιι
1268 2884 1333 2909 mitto
1345 2884 1477 2909 stultorum.
1492 2884 1579 2908 nedum
1598 2884 1647 2915 [ego
1660 2890 1731 2908 etiam
1755 2888 1818 2908 neut

1019 2914 1084 2940 dedit
1101 2922 1130 2946 pa
1143 2919 1202 2946 tem,
1220 2916 1343 2946 impera-tl
1365 2920 1514 2946 t'astlgaiuur
1533 2922 1545 2940 ει
1561 2914 1687 2940 \Issﬁuar.
1712 2919 1736 2940 et
1753 2918 1816 2938 I‘ut‘t.
