4004 6190
338 349 361 404 1
372 349 475 403 2Ἓῖ

337 461 476 517 ﬁlios
502 462 864 531 procreandos
889 479 955 522 ea
983 464 1119 522 bene
1145 477 1300 523 utens
1317 508 1332 533 ,
1355 468 1475 524 aliis
1495 476 1671 525 autem
1692 469 1926 527 motibus

333 550 450 620 ejus
475 551 782 621 obsistens;
810 552 951 611 hanc
985 571 1117 627 ergo
1150 573 1270 611 cum
1309 557 1408 612 ista
1453 572 1551 613 sua
1587 573 1762 632 pugna
1803 558 1925 629 quia

333 640 501 705 etiam
515 642 566 697 in
580 643 810 713 paradisi
824 660 1008 714 pacem
1019 648 1229 702 conaris
1240 648 1519 705 admittere
1538 651 1617 706 vel
1632 649 1708 724 (a)
1724 649 1923 707 immit-

336 739 452 787 tere
478 772 494 796 ,
526 731 641 803 ipse
667 733 720 788 iu
750 734 1057 805 paradisum
1086 753 1192 792 non
1224 738 1462 810 disponis
1491 740 1711 799 intrare.
1740 740 1922 809 Quan-

330 823 518 879 talibet
541 834 718 881 autem
746 825 842 882 abs
867 838 921 883 te
949 828 1257 887 defensione
1281 832 1581 901 muniatur,
1600 844 1656 889 et
1677 833 1924 890 laudibus

325 916 619 972 adornetur
641 958 655 981 ,
684 928 779 975 aut
806 919 989 981 vilium
1016 930 1100 977 est
1119 962 1134 987 ,
1177 932 1271 978 aut
1317 925 1616 981 vitiata.est
1643 943 1657 980 :
1689 941 1788 982 nec
1815 927 1918 981 im-

324 1006 522 1061 merito
541 1048 555 1071 ,
581 1007 838 1064 militibus
853 1009 1091 1078 Christi,
1113 1028 1143 1066 a
1165 1014 1356 1085 quibus
1379 1015 1679 1073 debellatur
1694 1057 1710 1083 ,
1735 1018 1921 1077 odiosa

320 1106 451 1163 est;
481 1114 600 1155 cum
626 1115 730 1170 qua
761 1101 875 1171 ipse
900 1104 1176 1163 concludis
1193 1148 1208 1170 ,
1238 1115 1295 1161 ut
1314 1122 1434 1163 eam
1458 1116 1513 1163 et
1539 1124 1843 1180 expugnare
1865 1119 1918 1167 te

319 1187 471 1243 dicas
495 1230 513 1255 ,
554 1200 609 1245 et
646 1190 863 1251 laudare
911 1210 1019 1249 non
1055 1196 1360 1252 erubescas.
1389 1197 1492 1253 Per
1520 1197 1657 1255 banc
1685 1199 1919 1254 humana

317 1296 443 1349 quae
494 1282 768 1349 nascitur,
815 1299 940 1339 caro
983 1289 1185 1355 peccati
1226 1298 1310 1349 est
1333 1306 1356 1377 :_
1393 1300 1606 1359 propter
1641 1289 1780 1360 quod
1822 1305 1917 1359 per

317 1374 466 1429 illam
497 1376 644 1431 nasci
678 1377 848 1434 noluit
885 1378 1012 1446 ille,
1049 1380 1139 1450 qui
1178 1372 1437 1438 natus-cst
1474 1382 1529 1437 in
1568 1372 1941 1438 similitudine

315 1465 495 1525 carnis
522 1467 722 1535 peccati
751 1466 951 1540 (Rom.
980 1486 1070 1526 vut
1094 1511 1110 1536 ,
1141 1472 1177 1527 5
1202 1471 1242 1541 );
1270 1486 1335 1526 ac
1371 1488 1462 1543 per
1489 1473 1594 1531 hoc
1614 1514 1630 1541 ,
1670 1476 1914 1545 quamvis

314 1555 369 1609 in
396 1571 560 1614 carne
586 1575 708 1614 vera
732 1602 749 1626 ,
779 1576 887 1617 non
927 1570 1103 1618 tamen
1162 1564 1215 1620 in
1254 1580 1417 1621 carne
1451 1567 1672 1636 peccati.
1703 1569 1778 1622 Ex
1813 1569 1913 1625 bac

312 1650 744 1721 concupiscentia
769 1694 784 1717 ,
816 1662 1063 1724 suscepta
1113 1664 1243 1724 tua,
1290 1657 1387 1713 tibi
1430 1658 1644 1729 quidem
1688 1659 1915 1729 pulchra.

313 1739 475 1794 nimis
499 1780 513 1805 ,
544 1740 640 1797 Sed
687 1740 829 1798 fmda
867 1745 1118 1801 omnibus
1154 1747 1388 1815 sanctis,
1416 1749 1768 1819 generatione
1801 1759 1906 1804 tra-

313 1828 459 1884 bimr
483 1832 757 1902 originalis
787 1836 988 1903 peccati
1018 1836 1287 1894 vinculum
1312 1880 1328 1907 ,
1356 1840 1470 1895 Sola
1501 1841 1905 1910 regeneratioue

309 1921 625 1977 solvendum
655 1942 669 1979 :
703 1926 831 1980 illud
860 1926 1056 1983 factum
1084 1938 1165 1984 est
1188 1945 1287 1999 per
1319 1930 1488 1986 Adam
1513 1973 1529 1999 ,
1573 1932 1676 1989 hoc
1716 1931 1774 1986 tit
1812 1948 1907 2001 per

309 2012 583 2071 Christum
608 2033 625 2081 ;
656 2017 782 2074 illud
809 2035 905 2090 per
927 2035 1085 2090 quem
1117 2032 1392 2091 peccatum
1424 2024 1643 2081 intravit
1669 2025 1721 2079 in
1744 2040 1901 2079 mun-

306 2105 434 2160 dum
459 2146 475 2174 ,
504 2105 608 2162 hoc
640 2123 737 2178 per
780 2125 900 2167 eum
941 2112 1031 2181 qui
1080 2113 1216 2168 tollit
1261 2125 1537 2184 peccatum
1582 2116 1784 2171 mundi.
1814 2115 1917 2173 Sic.

306 2199 549 2266 agnoscit
575 2201 743 2259 Adam
774 2211 830 2260 et
858 2203 1130 2262 Christum
1155 2247 1170 2272 ,
1196 2206 1286 2278 qui
1312 2223 1378 2264 ex
1405 2208 1573 2264 Adam
1604 2209 1813 2265 transiit
1833 2209 1905 2265 ad

303 2290 601 2346 Clu-istum.

373 2380 604 2438 CCXIX.
636 2384 755 2441 Jun.
800 2385 936 2454 Quid
977 2406 1106 2465 ergo
1153 2392 1391 2447 additum
1435 2403 1556 2464 post
1601 2395 1771 2466 legem
1819 2405 1903 2452 est

304 2485 525 2541 peccato
550 2479 815 2546 naturali,
864 2482 1004 2551 quod
1049 2483 1262 2553 quidem
1306 2499 1411 2540 non
1453 2486 1628 2540 solum
1660 2487 1897 2555 prohibi-

306 2566 457 2621 tnm‘
500 2576 596 2622 aut
637 2569 1050 2627 condemnatum
1076 2614 1091 2637 ,
1134 2589 1320 2630 verum
1370 2576 1528 2630 etiam
1571 2592 1669 2633 nec
1709 2578 1899 2635 leviter

304 2657 659 2727 vituperatum
687 2672 776 2717 aut
809 2667 1039 2720 tenuiter
1062 2674 1333 2722 ostensum
1365 2668 1620 2737 probatur
1648 2670 1701 2724 iu
1734 2669 1897 2740 lege?

372 2750 507 2806 Aea.
537 2751 850 2811 Ostenditur
873 2766 928 2812 et
955 2757 1005 2810 in
1036 2756 1154 2828 lege
1175 2799 1190 2823 ,
1221 2758 1315 2817 sed
1352 2760 1399 2815 si
1436 2760 1588 2816 vobis
1624 2762 1896 2819 auferatur

301 2841 547 2898 velamen
577 2842 596 2914 (
620 2843 662 2898 ll
686 2844 804 2901 Cor.
832 2863 889 2902 ιιι
912 2887 929 2913 ,
957 2848 1024 2905 16
1040 2850 1085 2921 ).
1109 2849 1243 2917 Quid
1264 2851 1407 2906 enim
1431 2851 1571 2908 aliud
1594 2853 1897 2912 ostenditur

300 2934 642 2992 damnatione
661 2938 853 2994 animae
877 2940 1018 2994 illius
1046 2942 1134 3010 qui
1155 2951 1346 2998 octavo
1371 2943 1461 2998 die
1480 2960 1585 3000 non
1609 2945 1893 3003 circumci-

300 3022 442 3078 ditur
468 3027 485 3094 (
509 3023 639 3080 Gen.
668 3042 783 3082 xvn
808 3070 821 3092 ,
853 3030 920 3084 M
939 3027 1130 3102 )?.qnid
1155 3032 1298 3088 aliud
1325 3032 1654 3101 ostenditur,
1679 3036 1894 3105 quando

300 3113 501 3170 infante
527 3126 655 3171 nato
697 3119 1019 3175 sacrificium
1060 3136 1157 3191 pro
1198 3131 1415 3191 peccato
1447 3123 1667 3193 iubetur
1710 3124 1892 3182 offerri

301 3203 499 3274 (Leuit.
538 3223 613 3261 ιιι
636 3249 655 3274 ,
683 3209 785 3279 6)?
812 3210 952 3280 quod
970 3211 1080 3281 jam
1105 3228 1267 3283 supra
1295 3216 1605 3271 memoravi.

278 3288 287 3297 ’
362 3301 574 3359 CCXX.
601 3305 718 3360 Jun.
750 3306 910 3365 Certe
934 3326 1003 3365 ne
1047 3320 1101 3367 tu
1136 3312 1352 3382 quidem
1391 3315 1529 3371 adeo
1566 3316 1764 3387 desipis
1787 3359 1805 3386 ,
1829 3327 1905 3374 ut

298 3390 442 3449 dicas
477 3396 682 3463 peccati
721 3398 992 3455 traducem
1037 3410 1159 3471 post
1190 3404 1653 3462 circumcisionem
1696 3407 1888 3465 factam

296 3498 413 3539 esse
439 3487 702 3556 majorem
730 3505 743 3540 :
772 3491 1042 3559 quomodo
1067 3508 1195 3563 ergo
1218 3495 1508 3552 abundavit
1537 3506 1655 3567 post
1677 3500 1845 3570 legem
1869 3542 1886 3569 ,

296 3592 409 3646 qua:
434 3593 538 3635 nec
556 3581 799 3651 arguitur
815 3583 867 3636 in
891 3582 1007 3654 lege
1025 3624 1041 3650 ,
1067 3601 1166 3641 uec
1188 3588 1467 3656 proditur?
1486 3591 1556 3644 At
1580 3590 1683 3646 hoc
1702 3592 1822 3647 vide
1843 3596 1884 3659 ³,

296 3683 450 3736 quam
476 3685 624 3726 suum
654 3672 1019 3744 intelligentiae
1040 3678 1288 3733 concinat
1307 3721 1323 3744 ,
1362 3696 1483 3750 qua:
1518 3692 1791 3750 peccatum
1831 3683 1885 3738 in

294 3760 400 3813 sola
426 3760 794 3832 delinquentis
812 3766 1082 3822 voluntate
1101 3770 1394 3824 constituit.
1424 3771 1603 3843 Usque
1620 3774 1684 3827 ad
1712 3775 1883 3845 legem

298 3850 422 3906 dit-it
464 3855 757 3923 Apostolus
799 3854 964 3913 fuisse
1005 3869 1280 3927 peccatum
1335 3860 1526 3933 (Rom.
1556 3881 1611 3930 v,
1649 3866 1779 3935 15),
1825 3875 1887 3921 ut

295 3954 409 4012 post
433 3943 608 4014 legem
642 3946 971 4018 intelligatur
1010 3950 1174 4007 fuisse
1211 3954 1613 4022 prmvaricatio,
1643 3959 1883 4025 promnt-

292 4045 405 4103 gata
444 4037 691 4093 videlicet
731 4050 995 4111 praecepta
1033 4045 1461 4114 transgrediens;
1489 4056 1650 4119 atque
1672 4050 1770 4105 hoc
1793 4067 1882 4122 ge-

292 4140 415 4182 nere
443 4128 736 4184 abundavit
778 4131 893 4200 lege
914 4132 935 4162 ⁸
975 4132 1385 4195 subintroeunle
1413 4148 1688 4207 peccatum
1708 4156 1723 4205 ;
1745 4156 1882 4210 quo—

291 4220 426 4275 niam
453 4222 629 4277 reatui
654 4222 772 4292 ejus
795 4223 862 4277 de
888 4214 1330 4294 przevaricatio'ne
1360 4230 1528 4285 erevit
1566 4231 1762 4287 invidia
1786 4250 1800 4299 ;
1829 4241 1883 4288 et

290 4323 419 4379 opus
459 4311 620 4365 malae
664 4312 997 4383 voluntatis,
1035 4316 1174 4370 sicut
1210 4326 1335 4373 ante
1386 4318 1556 4390 legem
1605 4329 1881 4390 peccatum

290 4410 400 4455 erat
422 4441 438 4465 ,
468 4402 543 4456 ita
575 4413 695 4472 post
721 4404 897 4475 legem
923 4406 1089 4476 erepit
1110 4421 1232 4464 esse
1263 4409 1617 4478 transgressio
1645 4430 1659 4466 :
1689 4426 1879 4482 qnam-

290 4492 365 4546 vis
394 4508 500 4549 non
533 4509 601 4549 eo
632 4496 906 4564 prOposito
931 4497 1102 4568 legem
1132 4499 1274 4555 Deus
1300 4501 1513 4567 tulerit,
1546 4511 1606 4559 ut
1629 4505 1882 4561 mortales

291 4584 475 4641 ﬂerent
500 4588 619 4658 cj-us
645 4591 926 4648 sanctione
955 4594 1184 4661 pejores.
1210 4594 1395 4664 Neque
1417 4598 1558 4651 enim
1585 4598 1666 4653 lex
1694 4614 1880 4668 pecca-

289 4685 393 4730 tont
418 4688 515 4735 aut
543 4681 703 4733 causa
748 4684 948 4749 peccati
973 4700 987 4748 ;
1029 4684 1122 4738 sed
1168 4685 1478 4742 mandatum
1514 4700 1756 4744 sanctum
1782 4731 1798 4758 ,
1826 4700 1883 4746 et

284 4768 505 4837 iustum,
527 4781 581 4826 et
610 4772 809 4828 bonum
837 4774 857 4845 (η
883 4773 968 4828 Id.
993 4791 1062 4829 vn
1082 4817 1096 4840 ,
1123 4777 1154 4831 7
1174 4786 1220 4831 et
1244 4777 1311 4832 i2
1331 4782 1374 4847 ).
1405 4778 1600 4834 Verum
1626 4782 1748 4852 quia
1775 4783 1875 4838 de-

286 4859 638 4931 linquentium
670 4868 900 4933 pravitas
920 4907 935 4932 ,
958 4884 1025 4922 eo
1048 4883 1108 4923 se
1134 4869 1278 4929 ferro
1297 4913 1311 4936 ,
1340 4889 1446 4942 quo
1466 4878 1638 4933 curari
1662 4876 1875 4944 debuit,

286 4952 617 5022 vulneravit,
644 4956 961 5026 obstititqne
988 4961 1215 5015 consilio
1242 4962 1337 5018 Dei
1362 5005 1378 5030 ,
1408 4973 1467 5020 ut
1505 4966 1626 5022 inde
1663 4968 1877 5036 pericli-

286 5049 483 5098 taretur
524 5046 669 5102 unde
713 5048 973 5104 debuerat
1012 5052 1228 5119 sanari;
1275 5053 1406 5109 dicit
1449 5056 1767 5124 Apostolus,
1810 5060 1879 5115 de

283 5133 467 5191 etfectu
501 5151 686 5220 rerum
710 5179 723 5200 ,
765 5140 1072 5209 opinionem
1118 5143 1283 5198 divini
1319 5147 1529 5203 consilii
1552 5188 1569 5215 ,
1607 5165 1715 5219 quo
1752 5151 1876 5207 data

284 5223 361 5279 lex
391 5225 566 5283 fuerat
589 5270 605 5293 ,
635 5229 886 5299 injuriam
930 5234 1235 5301 pertulisse.
1283 5235 1353 5291 Et
1387 5238 1509 5307 quia
1548 5254 1652 5294 non
1693 5239 1792 5296 fuit
1830 5244 1876 5300 is

282 5328 571 5384 proventus
597 5321 989 5378 emendationis
1008 5323 1256 5381 humana:
1281 5369 1296 5391 ,
1325 5328 1379 5382 in
1400 5342 1561 5399 quem
1587 5330 1726 5386 lator
1744 5333 1875 5404 legis

282 5406 618 5479 intenderat,
666 5413 761 5469 sed
804 5416 860 5470 in
902 5415 1149 5487 plurimis
1187 5435 1419 5477 evenere
1454 5423 1767 5480 contraria:
1807 5440 1875 5483 co

342 5556 359 5621 ξ
394 5558 550 5621 Forte.
579 5568 672 5621 non
696 5555 1005 5621 prohibitum.

278 5614 709 5728 Μὶεὲίὲἆαάιιοέ
728 5617 939 5671 intende.
960 5627 1089 5682 Mss,
1105 5626 1155 5673 ut
1176 5620 1266 5675 hoc
1285 5623 1411 5677 vide.
1431 5632 1570 5680 Forte
1586 5625 1870 5693 legendum,

380 5691 411 5725 lt
540 5694 585 5728 ε.

380 5691 439 5727 τι(
460 5691 567 5728 vtae
573 5715 585 5727 .

342 5740 362 5808 ξ
384 5743 448 5808 ξπ
464 5747 574 5808 βίω.
601 5742 905 5808 restituimur.
926 5743 1019 5808 hic,
1033 5745 1164 5808 tege.

341 5800 413 5861 tu)
446 5807 583 5853 Forte
601 5803 884 5866 delendum,
909 5800 1160 5858 admittere
1184 5808 1273 5859 νει.

1652 358 1851 415 LIBER
1886 358 2261 423 SECUNDUS.

3482 385 3505 439 1
3518 386 3617 439 258

2038 485 2207 543 usque
2242 475 2315 531 ait
2346 480 2632 549 profecisse
2676 484 2850 542 studia
2896 490 3229 558 peccantium
3255 533 3269 557 ,
3304 503 3359 547 ut
3401 511 3507 551 non
3544 501 3617 553 ob

2030 565 2172 621 aliud
2202 569 2471 627 videretur
2494 573 2616 630 data
2642 575 2724 631 lex
2761 593 2914 639 esse.
2951 595 3113 651 quam
3152 594 3209 637 ut
3254 583 3479 655 improbi
3506 587 3615 644 im-

2029 657 2316 724 probiores
2339 661 2563 733 fierent,
2591 675 2645 721 et
2668 668 2735 723 ad
2774 683 3048 739 peccatum
3084 678 3456 745 praevaricatio
3485 679 3613 751 jun-

2027 757 2260 817 geretur.
2900 828 2901 831 η

2098 841 2236 896 Acs.
2282 841 2362 897 Tu
2403 843 2536 901 dicis
2578 846 2675 901 ista
2701 888 2717 915 ,
2762 850 2853 919 qui
2894 855 3170 912 consilium
3205 859 3299 916 Dei
3342 860 3398 916 in
3440 862 3612 919 danda

2024 928 2142 1000 lege
2171 946 2276 987 non
2304 934 2474 1004 ipsum
2503 940 2646 1007 sapis
2666 979 2686 1007 ,
2712 943 2852 1010 quod
2882 949 3155 1015 apostolus
3192 951 3387 1007 Paulus
3426 965 3611 1012 osten-

2023 1020 2100 1076 dit
2124 1040 2138 1087 ;
2169 1033 2218 1079 et
2241 1025 2308 1080 ad
2335 1042 2426 1082 eas
2445 1028 2805 1102 blasphemiae.
2826 1036 2940 1104 ipsc
2961 1049 3012 1096 te
3033 1040 3280 1115 itnpingis
3302 1087 3316 1111 ,
3342 1058 3398 1103 ut
3417 1048 3565 1105 dicas
3587 1092 3603 1116 ,

2029 1130 2048 1184 ς
2074 1112 2392 1185 Opinionem
2420 1120 2587 1178 divini
2615 1126 2859 1196 consilii,
2889 1146 2996 1199 quo
3021 1132 3140 1188 data
3168 1112 3248 1191 lex
3279 1137 3490 1209 fuerat,
3524 1112 3607 1199 in;

2016 1201 2208 1271 iuriam
2242 1209 2561 1276 pertulisse:
2592 1233 2612 1266 ι
2648 1225 2894 1287 tanquam
2925 1222 3067 1278 aliud
3092 1224 3286 1284 factum
3314 1201 3421 1300 sit,
3446 1201 3604 1304 quam

2022 1295 2163 1353 Deus
2192 1298 2422 1356 futurum
2455 1303 2626 1360 fuerat
2656 1310 2935 1379 opinatus;
2972 1331 3145 1385 neque
3175 1319 3276 1377 hoc
3302 1295 3608 1394 proveher;t

2017 1383 2122 1440 lata
2154 1388 2303 1458 lege,
2340 1392 2481 1461 quod
2526 1394 2661 1451 lator
2702 1398 2835 1470 legis
2873 1383 3190 1465 intendcrat.
3236 1383 3401 1469 Deum
3434 1386 3606 1488 igitur

2016 1477 2254 1535 omnium
2274 1484 2555 1550 praescium
2580 1487 2871 1547 futurorum
2891 1536 2903 1549 .
2919 1499 3210 1556 secundum
3229 1513 3371 1559 tuam
3391 1477 3605 1578 sapien-

2016 1565 2141 1622 tiam
2163 1609 2179 1634 ,
2210 1583 2306 1638 sua
2336 1571 2519 1629 fefellit
2549 1576 2811 1635 intentio?
2839 1584 2957 1640 Non
2980 1587 2996 1617 ⁸
3039 1592 3269 1647 attmadis
3294 1595 3435 1665 quod
3454 1565 3600 1655 scri-

2012 1663 2161 1724 ptum
2188 1667 2271 1713 est
2292 1702 2309 1727 ,
2336 1660 2515 1719 Multa?
2540 1668 2864 1738 cogitationes
2898 1675 2950 1729 in
2988 1680 3139 1733 corde
3174 1683 3269 1737 viri
3290 1660 3602 1748 {consilium

2011 1757 2177 1803 autem
2206 1750 2412 1809 Domini
2440 1770 2606 1814 manet
2632 1762 2686 1816 in
2709 1773 2953 1821 teternum
2979 1770 2997 1840 (
3022 1769 3180 1826 Prov.
3202 1790 3297 1830 nx
3321 1820 3335 1841 ,
3359 1777 3420 1833 Ἢ
3454 1820 3470 1846 ,
3494 1798 3597 1837 sec.

2009 1838 2219 1914 LXX).
2251 1844 2318 1939 Si
2331 1861 2462 1939 ergo
2489 1851 2569 1906 vis
2597 1868 2759 1911 nosse
2781 1898 2795 1920 ,
2839 1838 3097 1928 quantum
3135 1838 3341 1923 homini
3373 1838 3594 1939 fas'est.

2006 1946 2114 2002 quo
2151 1935 2378 1992 consilio
2420 1939 2514 1996 Dei
2554 1945 2933 2015 omnipotentis
2963 1959 3017 2006 ct
3053 1955 3228 2009 omnia
3273 1935 3598 2027 pra-scientia

2006 2019 2093 2075 lex
2121 2022 2241 2077 data
2275 2027 2427 2082 fuerit
2448 2070 2465 2094 ,
2498 2029 2704 2088 intuere
2722 2037 2860 2105 quod
2881 2019 3347 2110 dicitAposlolns:
3379 2049 3441 2103 Si
3462 2051 3595 2104 enim

2005 2111 2124 2167 data
2171 2125 2295 2170 esset
2342 2119 2425 2173 lea:
2450 2138 2565 2192 quas
2601 2136 2766 2195 posset
2807 2130 3088 2199 viviﬁcare,
3136 2138 3340 2192 cntinuo
3383 2155 3446 2194 ea:
3488 2140 3596 2213 lege

2002 2213 2128 2259 esset
2136 2206 2361 2276 justitia.
2405 2209 2473 2265 Et
2516 2222 2766 2285 tanquam
2809 2218 3111 2279 diceremus
3136 2266 3151 2291 ,
3184 2227 3289 2282 Cur
3317 2243 3445 2301 ergo
3471 2206 3590 2287 dala

2002 2294 2122 2349 est?
2153 2294 2259 2351 Sed
2286 2300 2531 2356 conclusit
2554 2344 2568 2367 ,
2600 2304 2807 2375 inquit,
2842 2308 3115 2384 Scriptura
3139 2318 3308 2371 omnia
3343 2294 3435 2374 sub
3475 2339 3590 2391 pec-

2001 2395 2113 2440 cato
2136 2428 2151 2452 ,
2185 2398 2241 2441 ut
2266 2392 2532 2459 promissio
2570 2412 2633 2450 ex
2665 2397 2769 2465 ﬁde
2792 2398 2916 2454 Jesu
2942 2401 3128 2459 Christi
3150 2406 3356 2462 duretur
3384 2412 3591 2473 creden-

2002 2478 2133 2532 libus
2162 2478 2374 2554 (Ca/at.
2402 2499 2458 2539 tn
2483 2527 2498 2548 ,
2526 2486 2587 2540 2|
2620 2528 2635 2552 ,
2662 2488 2735 2543 ‘22
2758 2490 2797 2562 ).
2830 2491 2969 2550 Ecce
3005 2496 3148 2566 quod
3191 2509 3272 2554 est
3307 2503 3587 2559 consilium

1999 2568 2136 2625 data:
2162 2572 2314 2643 legis.
2344 2574 2474 2642 Quis
2499 2588 2677 2636 autem
2710 2584 2921 2653 nescit,
2952 2604 3059 2644 non
3088 2591 3251 2660 legis,
3285 2594 3379 2649 sed
3412 2595 3586 2652 homi-

2001 2676 2126 2716 num
2178 2664 2306 2719 vitio
2361 2669 2477 2739 lege
2529 2672 2865 2731 subintraute
2914 2677 3218 2738 abundasse
3271 2692 3587 2755 peccaturo?

1998 2752 2103 2846 sed
2131 2755 2232 2812 hoc
2257 2760 2440 2817 vitium
2472 2804 2486 2828 ,
2514 2780 2620 2836 quo
2649 2768 2914 2837 prohibita
2945 2774 3062 2842 plus
3091 2752 3395 2846 delectant,
3436 2790 3492 2837 et
3530 2784 3588 2838 lit

1996 2845 2165 2936 virtus
2202 2852 2403 2918 peccati
2449 2854 2536 2909 lex
2574 2855 2593 2927 (
2620 2858 2635 2911 Ι
2666 2856 2786 2914 Cor.
2820 2877 2928 2931 xv,
2959 2864 3029 2920 56
3056 2866 3107 2936 ),
3137 2883 3242 2924 non
3281 2845 3435 2929 sanat
3480 2874 3583 2928 nisi

1997 2935 2270 3005 vivificaris
2297 2943 2515 3011 Spiritus
2537 2987 2553 3012 ,
2581 2963 2686 3003 non
2717 2950 2896 3007 littera
2924 2935 3173 3012 occidens
3201 2976 3214 3011 :
3246 2975 3365 3030 qua:
3406 2973 3583 3019 tamen

1994 3026 2061 3081 ad
2092 3027 2193 3084 hoc
2216 3032 2358 3089 utilis
2385 3035 2483 3090 fuit
2505 3077 2521 3103 ,
2555 3040 2675 3108 quia
2705 3057 2828 3097 cum
2857 3044 2968 3115 ipsa
2999 3026 3302 3115 occideret,
3330 3067 3424 3121 per
3448 3069 3586 3123 pra:-

1994 3116 2373 3178 varicationem
2399 3166 2413 3188 ,
2443 3139 2720 3186 crescente
2745 3149 2839 3201 per
2863 3135 3273 3202 prohibitionem
3295 3142 3583 3211 cupiditate

1994 3212 2293 3281 peccandi,
2348 3215 2705 3274 vivificantem
2759 3222 3011 3293 Spiritum
3066 3227 3194 3283 fecit
3243 3233 3476 3302 inquiri,
3528 3246 3584 3293 et

1991 3301 2265 3361 hominem
2296 3306 2364 3364 de
2392 3324 2488 3364 sua
2515 3312 2710 3369 virtute
2752 3315 3022 3383 lethalitcr
3062 3301 3419 3381 confidentem
3444 3301 3468 3392 ,ί
3488 3328 3582 3383 ad-

1987 3391 2247 3462 iutorium
2288 3401 2474 3468 gratiae
2523 3402 2615 3458 Dei
2659 3407 2915 3475 compulit
2967 3424 3224 3480 poscere,
3269 3415 3371 3471 sub
3424 3417 3579 3490 lege,

1990 3487 2232 3555 quamvis
2259 3500 2443 3546 sancta
2470 3488 2519 3547 et
2545 3492 2688 3564 justa
2715 3506 2769 3551 et
2792 3497 2930 3554 bona
2955 3541 2972 3568 ,
2998 3510 3172 3558 tamen
3199 3487 3535 3566 deiicientem
3563 3552 3578 3576 ,

1990 3587 2151 3647 atque
2199 3579 2266 3634 ad
2311 3584 2580 3652 operando
2627 3602 2747 3657 qua:
2795 3601 3016 3658 sancta,
3069 3610 3187 3665 qua:
3229 3597 3408 3667 justa,
3459 3617 3581 3672 qua:

1991 3668 2129 3725 bona
2184 3680 2345 3739 sunt,
2411 3676 2513 3731 sibi
2580 3678 2866 3738 subvenire
2929 3687 3161 3756 propriis
3218 3690 3417 3748 viribus
3471 3710 3579 3749 non

1989 3760 2274 3814 Valentem.

2057 3850 2287 3922 CCXXI.
2317 3853 2432 3910 Jun.
2463 3856 2590 3912 Jnre
2625 3846 2782 3929 igitur
2808 3861 2912 3919 hoc
2946 3879 3142 3935 genere
3172 3868 3367 3926 dicitur
3401 3873 3576 3929 abun-

1986 3936 2144 3995 dasse
2171 3941 2453 4012 delictum,
2485 3947 2625 4017 quod
2656 3957 2710 4003 et
2746 3960 2869 4007 ante
2902 3952 3100 4025 legem,
3135 3967 3189 4012 et
3220 3970 3337 4028 post
3368 3961 3536 4032 legem
3557 4006 3572 4031 ,

1986 4033 2403 4106 uniuscujusque
2430 4038 2798 4097 committebat
2823 4044 3101 4112 voluntas;
3131 4048 3224 4102 sed
3253 4060 3379 4106 ante
3403 4053 3573 4124 legem

1987 4125 2274 4192 peccatrix,
2295 4136 2413 4195 post
2430 4129 2599 4198 legem
2620 4139 2795 4186 autem
2812 4133 2971 4189 etiam
2990 4138 3403 4207 prmvaricntrix.
3426 4143 3577 4201 Tunc
3656 4146 3665 4153 ’

1984 4230 2112 4286 ergo
2132 4220 2325 4274 crescit
2344 4228 2398 4275 et
2422 4220 2657 4278 abundat
2674 4224 2890 4293 aliquid,
2915 4242 3035 4284 cum
3058 4230 3109 4285 in
3130 4246 3323 4301 genere
3347 4249 3445 4290 suo
3464 4241 3575 4292 col-1

1984 4305 2099 4376 ligit
2127 4308 2457 4366 incrementa
2483 4329 2497 4366 :
2524 4312 2663 4368 sicut
2694 4325 2910 4384 peccato
2936 4318 3118 4375 liberte
3143 4322 3428 4380 voluntatis
3454 4338 3575 4396 post

1983 4399 2202 4472 Moysen
2240 4403 2483 4460 cumulus
2525 4409 2963 4477 transgressionis
2992 4413 3218 4468 accessit
3250 4432 3262 4468 :
3291 4414 3359 4472 de
3384 4417 3572 4474 eodem

1983 4494 2126 4548 enim
2154 4511 2352 4567 genere
2379 4496 2496 4564 fuit,
2525 4499 2650 4555 licet
2678 4500 2731 4556 in
2766 4510 3006 4573 tempore
3030 4504 3263 4574 diverso,
3296 4509 3346 4564 id
3375 4521 3478 4577 est,
3506 4511 3575 4569 de

1984 4588 2122 4641 mala
2152 4589 2451 4653 voluntate,
2483 4606 2600 4660 qua:
2628 4598 2679 4646 et
2718 4603 2843 4650 ante
2875 4595 3081 4665 legem,
3114 4608 3168 4653 et
3208 4610 3327 4670 post
3367 4602 3572 4673 legem,

1983 4693 2090 4732 non
2119 4690 2303 4733 coactu
2336 4680 2680 4750 insuperabili
2699 4723 2716 4750 ,
2744 4684 2839 4740 sed
2870 4686 3046 4742 studio
3074 4689 3406 4762 vituperabili
3436 4695 3573 4751 deli-

1981 4770 2096 4838 quit
2115 4771 2155 4821 ².
2185 4770 2314 4838 Qua:
2339 4786 2461 4826 cum
2492 4772 2560 4826 ita
2589 4772 2715 4837 sint.
2746 4775 2836 4830 tibi
2867 4777 2994 4833 nihil
3027 4789 3198 4850 potest
3225 4784 3291 4837 de
3316 4788 3579 4854 apostoli;

1982 4860 2060 4914 cis
2091 4862 2379 4917 convenire
2416 4864 2611 4920 verbis.
2644 4864 2827 4937 Neque
2853 4871 2996 4925 enim
3027 4873 3432 4933 subintrocuute
3461 4879 3575 4949 lege

1981 4957 2257 5023 peccatum
2295 4956 2529 5013 traducis
2562 4968 2654 5015 aut
2688 4963 2961 5032 copiosius
2989 4964 3181 5021 factum
3212 4969 3456 5038 docetur,
3483 4986 3575 5031 aut

1980 5043 2232 5115 grandius
2258 5065 2273 5106 :
2303 5061 2400 5101 nec
2430 5050 2659 5118 peccatis
2688 5053 2976 5109 voluntatis
3007 5056 3133 5112 illud
3161 5059 3431 5120 abundare
3454 5065 3575 5135 jure

1980 5138 2194 5206 dicitur,
2226 5141 2368 5211 quod
2398 5142 2463 5197 ad
2505 5147 2835 5201 nascentium
2871 5150 3195 5208 voluntatem
3239 5172 3570 5229 nequaquam

1980 5231 2208 5287 attinere
2237 5242 2581 5288 monstratur.
2609 5235 2729 5291 Non
2751 5255 2879 5311 ergo
2903 5242 3192 5301 abundavit
3219 5251 3342 5317 'post
3369 5251 3568 5319 legem,

1978 5324 2119 5395 quod
2147 5324 2230 5379 lex
2259 5340 2359 5380 nec
2385 5326 2665 5395 prohibere
2690 5333 2885 5400 potuit,
2912 5350 3011 5391 nec
3037 5338 3241 5407 punire.
3279 5337 3373 5395 Ubi
3403 5351 3569 5396 autem

1980 5415 2251 5470 abundavit
2276 5429 2558 5490 peccatum,
2577 5425 2999 5494 superabundavit
3021 5430 3186 5500 gratia
3211 5446 3231 5484 :
3256 5440 3310 5483 ut
3336 5432 3463 5486 sicut
3489 5450 3570 5487 rc-

1979 5509 2150 5578 guuvit
2175 5520 2431 5579 peccatum
2457 5511 2509 5564 in
2535 5524 2774 5584 mortem,
2805 5517 2878 5572 ita
2901 5521 3064 5590 gratia
3092 5532 3261 5592 regnet
3296 5538 3385 5592 per
3409 5525 3567 5593 justi-

1983 5599 2105 5652 tiam
2129 5600 2182 5653 in
2210 5601 2364 5653 vitam
2392 5611 2654 5658 attentam.

2047 5756 2417 5828 ξξιεδηῃοηηε.
2627 5824 2635 5828 _
2672 5822 2698 5828 η
2806 5816 2818 5828 ⁸

2048 5819 2066 5846 ε
2090 5823 2193 5865 uss.
2222 5824 2329 5867 nar.
2360 5828 2411 5870 ct
2435 5827 2577 5882 νυνι,
2604 5819 2852 5885 delinquit.
