3962 6180
379 375 516 431 sese
1087 365 1331 423 υἷ’Εῆιό
1369 357 1779 416 ιιιρειιριεοιι
1821 354 2091 412 CONTRA
2132 312 2490 423 Justinus,
2537 356 2595 413 s.
2638 358 3008 416 AUGUSTINI
3508 361 3644 419 ιξιο

445 493 582 547 Ave.
614 485 882 559 Origiuale
920 489 1191 553 peceatum
1229 494 1332 534 non
1370 476 1585 548 quidem
1626 482 1745 545 post
1783 472 1953 543 legem
2066 469 2246 541 Usque
2278 473 2477 529 adeone
2506 471 2824 540 surdus'cs,
2857 485 2915 531 ut
2949 477 3048 531 ista
3084 490 3192 532 non
3228 476 3446 532 audias?
3479 492 3643 551 usque

373 581 541 637 crevit
565 598 579 635 :
602 576 695 636 sed
720 585 895 631 tamen
919 572 1004 627 lex
1023 572 1184 627 etiam
1212 568 1406 638 ipsum,
1432 567 1586 637 cujus
1611 563 1954 620 abolitionem
2060 562 2194 620 adeo
2214 576 2406 634 Caecus,
2430 577 2486 621 ut
2511 568 2609 624 ista
2634 583 2737 624 non
2759 569 2972 625 videas?
2989 569 3259 626 Conﬁtere
3278 585 3405 642 ergo
3427 582 3643 641 peccato

373 669 775 729 circumcisione
804 663 1019 720 infantis
1055 662 1407 732 significaret,
1439 658 1641 715 invenit
1667 675 1681 711 :
1713 657 1851 712 sicut
1876 655 1956 709 in~
2059 666 2295 711 mortuos
2325 659 2573 728 parvulos
2600 659 2921 730 baptizatos,
2952 660 3210 717 confitere
3238 661 3451 717 tandem
3478 664 3628 735 erigi.

368 763 518 820 venit
537 761 694 835 etiam
717 766 931 830 peccata
953 754 1282 827 ignorantize,
1305 768 1424 823 qua:
1444 766 1545 807 nec
1565 752 1677 821 ipsa
1698 749 1817 804 data
1840 749 1955 817 lege
2059 748 2179 803 nale
2204 759 2476 818 peccatum
2496 767 2509 814 ;
2534 766 2638 805 non
2659 751 2800 807 enim
2826 751 2966 806 aliud
2988 754 3070 808 cui
3092 762 3427 808 morerentur
3446 751 3641 809 habue-

367 847 1139 922 creverunt;quandoquidem
1181 846 1354 917 potius
1393 846 1503 913 ipsa
1543 842 1837 913 ignorantia
1867 840 1952 894 di-

367 946 572 1001 minuta
593 952 693 1009 est,
717 942 838 1013 quia
864 939 1082 995 scicntia
1110 938 1241 1007 legis
1259 936 1500 991 accessit.
1526 933 1630 989 Sed
1655 941 1948 1003 peceatum,

367 1037 487 1093 sine
506 1050 613 1108 quo
630 1046 789 1090 nemo
810 1032 1064 1099 nascitur,
1085 1013 1253 1085 crevit
1275 1026 1559 1083 voluntatis
1580 1040 1817 1089 accessu,
1841 1023 1951 1078 ori-

367 1129 525 1198 ginali
559 1124 985 1195 concupiscentia
1020 1121 1267 1177 trahente
1304 1118 1572 1189 peccantis
1608 1129 1882 1171 assensum
1907 1116 1947 1167 ¹.

368 1217 671 1274 Abundavit
697 1225 872 1270 autem
901 1220 1198 1285 peccatum,
1223 1209 1274 1264 id
1292 1218 1393 1277 est,
1416 1209 1574 1264 nimis
1601 1206 1788 1271 crevit,
1806 1213 1924 1275 post

367 1326 590 1382 cuquam
616 1324 714 1380 per
740 1309 910 1379 legem
936 1306 1068 1361 facta
1089 1312 1172 1360 est
1193 1302 1426 1375 cognitio
1447 1300 1645 1371 peccati
1671 1296 1844 1369 (Rom.
1870 1313 1943 1364 ιιι,

364 1401 504 1475 20),
534 1410 588 1458 et
621 1401 782 1471 coepit
808 1400 966 1455 etiam
998 1392 1435 1468 prtevaricatione
1466 1392 1693 1462 peccari.
1724 1389 1874 1456 Quod
1902 1389 1945 1443 si

365 1495 539 1550 velitis
563 1494 860 1557 advertere,
890 1499 944 1546 et
967 1491 1307 1560 acquiescere
1332 1483 1568 1547 veritati;
1599 1482 1740 1537 nulla
1765 1494 1949 1536 neces-

364 1588 522 1643 sitate
574 1582 871 1657 cogetuini,
912 1589 1095 1652 aperte
1130 1577 1385 1649 Apostolo
1433 1574 1799 1631 contradicere
1835 1573 1946 1628 cla.

365 1679 527 1734 manti
546 1719 563 1745 ,
596 1676 699 1731 Per
726 1691 881 1731 unum
918 1673 1167 1728 hominem
1210 1680 1466 1741 peccatum
1494 1665 1693 1721 intrauit
1718 1666 1771 1719 in
1800 1680 1949 1718 mun-

362 1774 517 1835 dum,
554 1779 601 1825 et
635 1786 723 1839 per
758 1773 1012 1837 peccatum
1051 1778 1221 1827 mors;
1250 1772 1294 1815 et
1327 1762 1397 1814 ita
1429 1765 1482 1813 in
1513 1773 1685 1812 omnes
1723 1755 1946 1809 homines

364 1862 650 1932 pertransiit
679 1858 803 1931 (Id.
833 1874 884 1923 v,
919 1856 1031 1926 12).
1065 1854 1158 1909 illo
1194 1852 1336 1908 cnim
1375 1850 1614 1915 dicente,
1657 1844 1946 1918 pertransiit

362 1974 452 2027 per
482 1973 652 2012 omnes
672 1999 686 2023 ,
715 1971 835 2010 cum
863 1969 959 2009 vos
989 1969 1092 2007 non
1136 1967 1229 2021 per
1257 1964 1444 2004 omnes
1483 1947 1830 2019 pertransisse
1859 1945 1944 2001 di-

359 2048 511 2112 citis,
551 2046 677 2117 quid
717 2045 860 2100 aliud
896 2060 1053 2114 quam
1093 2042 1349 2112 Apostolo
1386 2038 1784 2095 contradicitis?
1810 2045 1863 2091 ct
1898 2038 1941 2093 si

360 2141 618 2214 Apostolo
636 2183 650 2208 ,
686 2141 866 2210 utique
895 2137 1126 2193 Christo.
1154 2135 1289 2204 Quid
1318 2148 1444 2204 ergo
1474 2131 1773 2199 miramini,
1802 2129 1941 2201 quod

358 2234 695 2287 abominatur
721 2246 814 2285 vos
841 2229 1075 2294 Ecclesia
1103 2225 1323 2292 Christi,
1351 2224 1440 2295 qui
1467 2223 1746 2279 sententiis
1776 2221 1943 2276 letha-

360 2326 494 2379 libus
530 2323 722 2378 vestris
760 2321 1002 2377 infirmos
1042 2318 1286 2389 parvulos
1324 2314 1639 2370 subtrahere
1677 2313 1939 2368 conamini

359 2415 760 2471 medicamentis
793 2411 1091 2477 salubribus
1118 2406 1354 2463 Christi?

429 2505 679 2562 CCXXII.
718 2506 836 2569 Jun.
884 2503 1068 2575 Aperit
1109 2515 1168 2555 se
1207 2498 1493 2573 Apostolus
1513 2497 1707 2552 clarius
1741 2497 1794 2551 in
1819 2511 1941 2566 pro-

356 2612 532 2664 cesso,
559 2604 616 2651 et
640 2596 816 2658 docet,
846 2593 898 2661 in
926 2590 1221 2663 perditione
1249 2588 1436 2643 salutis
1470 2586 1742 2655 humana),
1774 2584 1938 2640 Deum

355 2690 508 2760 copia
534 2704 645 2744 sum
674 2685 1029 2741 miserationis
1063 2682 1392 2738 admonitmu
1411 2724 1425 2746 ,
1456 2682 1751 2752 desperatis
1782 2680 1940 2735 rebus

355 2779 710 2836 efficaciorcm
736 2778 893 2832 solito
921 2775 1235 2831 medicinam
1263 2762 1474 2837 tulisse;
1506 2780 1561 2827 ut
1582 2786 1716 2841 quos
1738 2784 1939 2843 praece-

356 2872 461 2941 ptis
485 2884 588 2926 non
616 2876 943 2934 currexerat,
975 2863 1250 2921 beneﬁciis
1276 2864 1568 2935 obligaret;
1597 2872 1652 2918 et
1678 2848 1755 2917 ita
1778 2862 1941 2917 devo-

356 2963 553 3018 tionem
575 2961 811 3032 exigeret
832 2958 883 3013 in
909 2958 1159 3019 futurum.
1186 2965 1242 3011 ut
1264 2970 1368 3011 non
1391 2955 1673 3025 imputaret
1693 2962 1935 3026 peracta;

354 3054 731 3125 studerentque
768 3052 1022 3122 deinceps
1058 3049 1330 3105 cuSIodire
1361 3048 1618 3120 justitiam
1659 3046 1936 3111 homines,

354 3164 513 3220 quam
540 3145 856 3217 cmupendio
882 3141 1211 3207 credulitatis
1240 3134 1450 3197 fuérant
1478 3140 1728 3196 assecuti.
1757 3139 1938 3194 Abun-

355 3240 530 3294 ilantla
552 3255 678 3310 ergo
706 3235 1116 3314 praecedentium
1145 3242 1503 3305 peccatorum,
1534 3242 1637 3285 tam
1661 3231 1940 3287 abundan-

355 3333 423 3388 tis
450 3329 827 3387 misericordia:
852 3329 1027 3399 exegit
1055 3325 1309 3380 auxilium
1339 3340 1352 3378 :
1382 3324 1630 3394 quoniam
1665 3324 1763 3377 nisi
1797 3332 1938 3378 tanta

355 3424 505 3494 ecpia
527 3420 850 3491 indulgentis
868 3420 889 3451 ⁸
915 3418 1120 3483 fuisset,
1146 3417 1287 3471 nulla
1315 3415 1413 3468 alia
1435 3414 1713 3483 disciplina
1742 3415 1940 3470 morbis

357 3523 462 3567 tam
492 3511 741 3582 gravibus
774 3508 1098 3563 subveniret.
1133 3506 1326 3562 Verum
1366 3506 1416 3559 in
1454 3504 1553 3559 hac
1591 3504 1754 3558 divini
1793 3519 1941 3559 com-

358 3604 694 3660 mendatione
716 3600 979 3663 beneficii,
1004 3598 1137 3654 vidit
1156 3596 1443 3667 Apostolus
1461 3595 1742 3666 objectioni
1766 3596 1938 3649 locum

359 3705 539 3765 patere
565 3708 747 3747 eorum
776 3691 864 3761 qui
892 3689 1069 3745 dicere
1102 3697 1363 3758 poterant,
1392 3688 1445 3743 Si
1476 3687 1575 3742 rite
1602 3687 1786 3741 merita
1818 3702 1942 3741 cau-

358 3802 535 3842 sarum
560 3787 626 3840 de
651 3783 929 3839 effectibus
953 3782 1299 3846 aestimamus,
1324 3787 1378 3834 et
1406 3786 1740 3849 peccatorum
1766 3778 1936 3847 capia,

360 3891 411 3935 ut
438 3876 799 3934 misericordia
822 3875 914 3930 Dei
942 3874 1200 3939 afflueret,
1229 3872 1564 3941 impetravit;
1594 3871 1941 3928 insistendum

361 3970 592 4041 peccatis
616 3977 729 4032 est,
764 3975 820 4021 ut
855 3967 1037 4039 gratia:
1066 3981 1171 4020 non
1205 3964 1344 4019 desit
1381 3963 1615 4018 ubertas.
1646 3964 1944 4018 Occurrcns

361 4068 538 4135 itaque
564 4061 796 4133 opinioni
823 4060 1081 4131 ejusmodi
1115 4077 1126 4109 :
1159 4057 1296 4129 Quid
1321 4072 1438 4128 ergo
1464 4057 1705 4121 dicemus,
1737 4055 1944 4125 inquit?

360 4156 759 4230 pri-manebimus
786 4154 837 4207 in
863 4163 1087 4224 peccato,
1114 4161 1166 4202 ut
1192 4149 1354 4219 gratia
1379 4147 1638 4201 abundet?
1662 4147 1800 4200 Absit
1823 4163 1842 4200 :
1862 4148 1945 4216 qui

360 4251 493 4304 enint
523 4246 705 4301 mortui
727 4260 899 4307 sumus
927 4250 1147 4312 peccato,
1176 4240 1596 4308 quemadmodum
1627 4239 1791 4291 adhuc
1817 4240 1946 4292 vive-

362 4359 473 4395 mus
512 4340 562 4393 in
594 4337 693 4393 eo?
722 4336 797 4390 An
833 4333 1077 4406 ignoratis
1109 4331 1345 4401 quoniam
1381 4330 1675 4401 quicumque
1710 4330 1949 4401 baptismi

362 4448 535 4486 sumus
561 4431 610 4483 in
635 4427 833 4484 Christo
859 4423 1004 4490 Iesu,
1030 4424 1080 4477 in
1107 4419 1301 4476 νισι-ιε’
1321 4420 1455 4485 illius
1477 4419 1717 4489 baptizati
1741 4422 1950 4476 sumus?

363 4521 652 4593 Conscpufti
681 4536 797 4589 ergo
822 4534 996 4573 sumus
1025 4514 1123 4593 illi,
1163 4530 1251 4585 per
1280 4511 1595 4584 Baptismum
1626 4514 1678 4564 in
1707 4520 1943 4578 mortem,

366 4626 420 4669 ut
448 4591 868 4685 quemadmodum
894 4591 1362 4667 surrexitCInistus
1392 4606 1443 4658 in
1471 4605 1634 4676 gloria
1666 4601 1856 4670 Patris,
1880 4605 1950 4657 ita

365 4719 412 4762 ct
440 4722 529 4759 nos
553 4704 604 4757 in
636 4702 851 4756 novitate
876 4702 990 4762 uiue
1015 4697 1343 4751 ambulemus.

438 4798 569 4851 Avo.
600 4789 865 4863 Numquid
905 4790 1023 4843 ideo
1063 4805 1167 4841 non
1206 4804 1299 4841 vos
1336 4787 1623 4856 apostolica
1661 4785 1948 4840 istavcrba

369 4888 651 4951 sull‘ocaut,
672 4884 791 4957 quia
818 4890 871 4937 ct
896 4895 989 4942 vos
1017 4895 1076 4934 ea
1104 4877 1555 4942 commemoratis,
1580 4894 1648 4931 ne
1674 4877 1952 4931 oblivisca-

369 4996 488 5035 nmr
521 4994 679 5050 quam
730 4976 876 5031 firma
922 4971 1186 5029 conemini
1229 4970 1419 5024 domus
1468 4969 1558 5024 Dei
1609 4968 1950 5026 fundamenta

368 5071 703 5127 convellere?
729 5070 917 5124 insane
938 5071 1101 5131 .‘cnm
1133 5063 1353 5118 dixisset
1381 5060 1695 5131 Apostolus,
1730 5059 1787 5116 Si
1817 5072 1952 5113 mor-

370 5167 439 5218 tni
466 5180 639 5220 sumus
670 5170 888 5230 peccato,
923 5156 1171 5229 quomodo
1199 5155 1363 5219 adhuc
1391 5154 1604 5207 vivemus
1633 5152 1685 5205 in
1711 5152 1809 5206 eo?
1838 5152 1955 5206 ideo

368 5254 624 5327 subjecit,
656 5252 733 5307 An
759 5251 1001 5323 ignoratis
1025 5248 1260 5317 quoniam
1285 5245 1578 5315 qulcquue
1601 5241 1839 5313 ιπηιιὶιωὶ
1866 5259 1952 5295 su-

371 5367 481 5404 mus
503 5349 555 5403 in
578 5344 773 5402 Christo
797 5342 949 5405 Iesu,
968 5342 1020 5395 in
1047 5350 1202 5394 ntorte
1225 5339 1383 5406 ipsius
1408 5338 1642 5407 baptizati
1666 5336 1876 5389 sumus?
1901 5343 1958 5389 ut

371 5446 663 5517 baptizatos
691 5444 743 5499 in
779 5441 991 5500 Christo
1024 5451 1262 5498 mortuos
1292 5441 1538 5512 probaret
1567 5454 1686 5495 esse
1719 5446 1956 5508 peccato.

427 5564 448 5634 _'
478 5562 629 5619 Fditi,
668 5565 916 5623 peccantes
960 5570 991 5606 α
1026 5569 1184 5607 sensu.
1232 5554 1551 5607 Emeudazitur
1589 5567 1651 5604 ex
1696 5552 1959 5601 manuscri-

372 5633 477 5716 νηί).
490 5691 646 5742 Forte,
669 5680 995 5746 htdulqcntiaz.

436 5746 457 5776 ⁸
484 5735 1071 5797 νιειιιέωόυχῖοιιετιιηι
1096 5740 1141 5789 in
1165 5753 1224 5791 eo
1248 5739 1351 5790 loco
1377 5739 1581 5801 .tpostoli
1597 5744 1891 5798 constanter,
1913 5735 1959 5788 in

367 5816 589 5862 mortem.

2058 846 2180 893 runt
2208 856 2220 891 :
2248 847 2341 892 aut
2362 838 2449 895 die
2473 849 2676 910 aperte,
2706 841 2961 911 baptizari
2987 858 3080 898 eos
3107 859 3213 898 non
3244 854 3519 914 oportere;
3549 855 3641 901 aut

2055 941 2176 982 cum
2217 927 2567 997 baptizantur,
2601 945 2705 985 non
2743 945 2837 986 eos
2866 932 2917 985 in
2947 932 3157 987 Christo
3192 931 3318 989 Iesu
3357 934 3637 1004 baptizari,

2055 1026 2146 1072 aut
2182 1033 2288 1072 non
2326 1020 2380 1073 in
2415 1029 2587 1076 morte
2623 1022 2789 1092 ipsius
2832 1023 3084 1093 baptizari
3117 1042 3130 1078 :
3160 1035 3214 1081 et
3249 1025 3369 1081 dele
3405 1027 3451 1081 si
3491 1037 3642 1097 potes

2055 1108 2296 1178 Apostoli
2327 1111 2481 1166 verba
2508 1111 2752 1179 dicentis,
2783 1113 3100 1187 Quicumque
3124 1117 3365 1186 baptisati
3389 1134 3563 1174 sumus
3586 1120 3639 1173 in

2053 1197 2255 1254 Christo
2279 1199 2425 1270 Iesu,
2455 1203 2509 1257 in
2538 1214 2696 1258 morte
2716 1206 2876 1276 ipsius
2901 1207 3138 1279 baptismi
3163 1225 3351 1264 sumus.
3383 1210 3568 1274 Porro,
3594 1212 3638 1266 si

2056 1286 2169 1344 lucc
2201 1293 2361 1347 verba
2397 1293 2577 1351 delere
2614 1312 2719 1351 non
2760 1308 2942 1365 potes,
2973 1301 3109 1354 sicut
3147 1316 3252 1355 non
3290 1310 3442 1371 potes
3474 1320 3486 1355 :
3516 1317 3637 1357 cum

2053 1398 2182 1454 ergo
2209 1386 2380 1451 sudis,
2408 1389 2739 1459 quicumque;
2768 1391 2875 1445 noli
2902 1392 3036 1447 velle
3062 1392 3185 1447 inde
3211 1394 3457 1462 parvulos
3480 1408 3640 1464 sepa-

2051 1491 2173 1531 rare
2203 1495 2217 1531 :
2251 1479 2497 1546 permitte
2524 1480 2792 1536 Christum
2821 1483 2979 1538 etiam
3009 1484 3243 1553 parvulis
3268 1499 3389 1540 esse
3415 1484 3637 1550 Iesum;

2051 1572 2300 1640 quoniam
2323 1587 2429 1627 non
2451 1575 2684 1644 exceptis
2703 1575 2852 1645 ipsis,
2874 1575 2968 1630 sed
2990 1590 3110 1631 cum
3133 1576 3260 1645 ipsis
3283 1576 3486 1632 salvum
3514 1576 3641 1633 facit

2050 1662 2301 1731 populum
2325 1677 2476 1718 suum
2501 1679 2528 1716 a
2552 1665 2783 1734 peccatis
2803 1680 3008 1730 eorum,
3034 1675 3249 1736 propter
3267 1667 3408 1736 quod
3434 1667 3637 1722 dictum

2049 1762 2131 1808 est
2150 1754 2217 1809 ab
2235 1756 2443 1825 angelo,
2480 1755 2689 1811 Vat-abis
2708 1774 2887 1812 nomen
2907 1758 3017 1829 ejus
3030 1757 3206 1813 Iesum
3225 1756 3436 1826 (Matth.
3462 1774 3498 1822 ι,
3515 1757 3635 1829 2|).

2119 1843 2390 1899 CCXXIII.
2423 1846 2541 1901 IUL.
2581 1847 2713 1902 Dicit
2743 1862 2841 1903 nos
2869 1857 3107 1902 mortuos
3135 1862 3255 1904 esse
3291 1858 3506 1918 peccato
3525 1892 3540 1914 ,
3569 1866 3639 1904 eo

2044 1935 2154 2005 jam
2178 1945 2436 2006 tempore,
2458 1952 2565 2007 quo
2586 1947 2640 1992 ut
2664 1939 3026 2009 acciperemus
3051 1938 3390 2009 indulgentiae
3408 1938 3635 2004 donum,

2049 2028 2351 2083 renuntiare
2393 2043 2490 2082 nos
2532 2029 2732 2084 mundo
2765 2031 3114 2102 onmibusque
3150 2032 3381 2101 peccatis
3406 2031 3637 2103 professi

2045 2133 2230 2173 sumus
2261 2136 2274 2172 :
2305 2128 2462 2189 atque
2501 2119 2620 2176 ideo
2656 2121 2890 2176 muneris
2922 2137 3187 2177 memores
3215 2122 3413 2178 debere
3446 2124 3523 2177 sic
3552 2123 3639 2177 vi-

2046 2226 2191 2279 vere,
2224 2220 2282 2265 ut
2308 2210 2522 2267 Christo
2548 2212 2844 2283 eousepulti
2870 2228 2992 2269 esse
3017 2213 3333 2278 doceamur;
3364 2222 3522 2283 atque
3549 2228 3640 2269 re-

2045 2303 2431 2357 surrectionem
2457 2303 2573 2374 ejus
2599 2305 2884 2373 conSpicua
2918 2307 3196 2360 sanctitate
3232 2314 3504 2376 gestemus
3530 2322 3543 2358 :
3573 2314 3637 2362 et

2044 2391 2311 2462 quomodo
2340 2392 2457 2460 ille,
2491 2404 2770 2465 postquam
2808 2396 3095 2449 resurrexit
3121 2410 3148 2447 a
3177 2396 3429 2461 mortuis,
3460 2395 3640 2452 nullas

2045 2482 2378 2538 infirmitates
2419 2486 2690 2555 corporis,
2741 2485 2881 2539 nulla
2928 2483 3131 2555 ﬂagella
3184 2487 3512 2554 perpetitur;
3559 2486 3640 2539 ita

2043 2573 2201 2628 etiam
2228 2583 2282 2629 ct
2312 2588 2411 2630 nos
2443 2589 2563 2630 esse
2603 2575 3010 2630 invulnerabiles
3042 2576 3274 2644 peccatis
3301 2574 3547 2629 omnibus
3577 2587 3643 2631 ct

2045 2665 2185 2720 vitiis
2210 2666 2528 2721 adnitamur.
2563 2666 2624 2721 Si
2650 2667 2780 2720 enim
2815 2665 3143 2738 complantati
3178 2682 3351 2720 sumus
3386 2666 3641 2720 similitu-

2043 2757 2150 2810 dini
2172 2759 2186 2788 ¹
2219 2759 2394 2812 mortis
2425 2759 2566 2829 ejus,
2595 2758 2746 2812 simul
2769 2768 2816 2812 et
2844 2758 3215 2812 resurrectionis
3236 2759 3256 2789 ⁸
3282 2758 3505 2823 erimus;
3535 2758 3640 2813 hoc

2040 2848 2282 2914 scientes,
2318 2849 2555 2920 quoniam
2589 2859 2726 2902 uetus
2753 2848 2899 2903 homo
2927 2858 3095 2903 noster
3129 2848 3279 2902 simul
3304 2849 3639 2918 conﬁxnscst

2042 2946 2197 3005 cruci,
2225 2948 2279 2993 ut
2303 2940 2587 2994 destruatur
2614 2956 2798 3010 corpus
2827 2940 3037 3011 peccati,
3067 2948 3123 2993 ut
3150 2940 3288 2993 ultra
3315 2955 3415 2993 non
3443 2940 3640 2994 servin.

2043 3047 2156 3085 mus
2195 3040 2410 3099 peccato.
2448 3032 2545 3096 Qui
2580 3032 2712 3084 enim
2747 3040 2976 3085 mortuus
3013 3041 3116 3096 est,
3147 3030 3461 3099 justiﬁcntus
3495 3039 3570 3083 est
3603 3046 3639 3083 a

2044 3132 2246 3193 peccato
2270 3124 2444 3194 (Rom.
2477 3139 2548 3189 Vl,
2576 3122 2710 3195 1-7).
2735 3121 2891 3177 Clara
2922 3121 3106 3178 fideles
3132 3121 3339 3176 ratione
3362 3122 3636 3175 constrin-

2041 3214 2114 3284 git
2150 3232 2164 3269 :
2196 3213 2250 3268 Si
2282 3213 2464 3282 vultis,
2494 3214 2683 3284 inquit,
2707 3213 3111 3270 resurrectionis
3137 3211 3253 3282 ejus
3279 3210 3391 3267 fieri
3420 3212 3639 3280 partici—

2044 3319 2158 3375 pes,
2186 3305 2435 3359 virtutem
2463 3319 2676 3376 quoque
2703 3305 2893 3359 mortis
2919 3303 3218 3367 imitamini,
3249 3309 3305 3355 ut
3332 3301 3525 3355 mortui
3556 3301 3639 3354 vi-

2045 3395 2133 3450 tiis
2156 3395 2207 3449 in
2233 3394 2428 3449 virtute
2454 3394 2681 3449 vivatis:
2705 3401 2831 3449 tunc
2852 3394 2993 3449 enim
3019 3393 3169 3448 eritis
3188 3395 3242 3445 iu
3270 3390 3356 3445 illa
3380 3389 3638 3446 felicitate

2044 3493 2338 3552 consortes,
2364 3486 2409 3540 si
2436 3486 2622 3540 mortis
2641 3485 2757 3555 ejus
2777 3485 3060 3556 imaginem
3084 3484 3332 3550 tuleritis,
3356 3483 3638 3539 moriendo

2045 3578 2294 3648 peccatis.
2321 3578 2482 3649 Vetus
2506 3577 2648 3631 enim
2673 3575 2836 3631 homo
2862 3584 3043 3632 noster
3063 3576 3221 3631 debet
3244 3574 3389 3629 cruci
3416 3576 3535 3643 ejus
3557 3574 3641 3629 af-

2047 3672 2184 3726 fixus
2203 3669 2400 3733 doceri,
2424 3679 2479 3724 ut
2498 3668 2737 3725 destruat
2759 3682 2956 3738 corpus
2981 3667 3204 3738 peccati,
3231 3666 3537 3721 fortitudine
3562 3667 3642 3721 vi-

2046 3760 2239 3816 delicet
2266 3760 2543 3830 passionis.
2567 3756 2771 3828 Corpus
2798 3769 2973 3813 autem
3002 3758 3226 3829 peccati,
3251 3757 3663 3812 consuetudine.

2047 3868 2142 3908 sua
2183 3853 2413 3920 Paulus,
2452 3852 2611 3919 vitia,
2653 3866 2759 3906 non
2803 3850 3152 3906 substantiam
3180 3850 3356 3904 carnis
3384 3849 3640 3919 appellat.

2048 3944 2138 4000 Sic
2158 3945 2300 3998 cnim
2329 3944 2586 4013 sequitur,
2619 3940 2686 3997 Ut
2714 3942 2999 3996 destruatur
3024 3957 3208 4011 corpus
3235 3940 3447 4010 peccati,
3473 3950 3527 3993 ut
3558 3941 3645 3994 ut-

2048 4047 2127 4090 tra
2153 4052 2254 4089 non
2278 4035 2553 4089 serviamus
2572 4042 2798 4104 peccato.
2833 4032 2934 4100 Qui
2963 4032 3100 4086 enim
3122 4042 3350 4088 mortuus
3376 4039 3469 4096 est,
3488 4030 3647 4101 justi-

2049 4131 2229 4200 ficatus
2255 4138 2326 4183 cst
2351 4144 2382 4181 a
2408 4136 2630 4198 peccata.

2121 4211 2255 4277 Ave.
2296 4218 2706 4288 Quomodolibet
2752 4218 3117 4288 interpreteris
3159 4230 3354 4287 corpus
3398 4216 3644 4287 peccati,

2051 4327 2157 4368 non
2183 4311 2401 4382 negabis
2433 4311 2678 4380 parvulos
2708 4310 2758 4363 in
2789 4310 3004 4364 Christo
3024 4307 3150 4364 Iesu
3182 4309 3476 4378 baptizatos
3504 4323 3647 4362 moe-

2053 4413 2172 4460 tuos
2191 4417 2310 4459 esse
2335 4410 2575 4474 penam,
2599 4416 2666 4454 ne
2686 4400 3020 4470 apertissime
3041 4413 3202 4469 neges
3223 4412 3321 4453 eos
3345 4395 3652 4467 baptizatos
3730 4436 3755 4457 κ

2053 4497 2105 4550 in
2135 4505 2304 4551 morte
2329 4493 2528 4551 Christi
2553 4492 2713 4559 Iesu;
2741 4508 2803 4547 ac
2829 4508 2923 4562 per
2950 4490 3053 4546 hoc
3082 4505 3245 4561 neges
3270 4490 3567 4560 baptizatos
3592 4490 3651 4544 in

2053 4587 2263 4644 Christo
2287 4586 2435 4642 Iesu.
2462 4586 2771 4655 Quicumque
2791 4583 2932 4639 enim
2960 4582 3199 4653 baptismi
3223 4597 3397 4636 suum:
3418 4581 3472 4634 in
3492 4579 3652 4635 Chri-

2053 4690 2128 4735 sto
2154 4677 2308 4743 Iesu,
2338 4678 2393 4732 in
2420 4687 2580 4730 morte
2606 4676 2766 4746 ipsius
2793 4673 3034 4743 baptizati
3059 4688 3253 4727 sumus.
3290 4671 3385 4726 Dic
3408 4685 3537 4741 ergo
3558 4674 3653 4726 cui

2057 4778 2273 4840 peccato
2291 4767 2610 4830 moriuntur,
2633 4781 2752 4821 cum
2776 4764 2981 4835 parvuli
3005 4763 3341 4833 baptizautur
3361 4761 3414 4816 in
3429 4759 3657 4823 Christo

2055 4862 2215 4919 Iesu?
2242 4861 2346 4917 Sed
2370 4860 2497 4931 quid
2523 4859 2670 4914 dicas
2690 4899 2703 4920 ,
2729 4857 2944 4927 penitus
2972 4870 3077 4910 non
3109 4853 3328 4909 habebis
3345 4892 3360 4916 .
3395 4852 3495 4908 nisi
3525 4866 3657 4906 cum

2059 4968 2166 5012 tota
2188 4954 2423 5012 Ecclesia
2445 4952 2640 5008 Christi
2667 4951 2952 5020 intelligas,
2982 4956 3141 5017 atque
3166 4943 3514 5015 respondeas,
3547 4941 3661 4996 Per

2059 5067 2214 5106 unum
2235 5049 2483 5103 hominem
2505 5054 2762 5116 peccatum
2782 5043 2982 5097 intravit
3000 5042 3054 5094 in
3072 5039 3338 5102 mundum,
3361 5046 3407 5091 et
3426 5053 3518 5107 per
3538 5051 3664 5106 pec-

2060 5155 2229 5199 catum
2255 5157 2386 5195 mors
2404 5155 2423 5203 ,'
2444 5149 2490 5194 et
2518 5141 2589 5193 ita
2612 5138 2664 5191 in
2690 5152 2862 5191 omnes
2886 5134 3111 5187 homines
3138 5130 3446 5222 pertgansiit,
3473 5128 3528 5181 in
3553 5143 3664 5189 quo

2061 5252 2232 5292 omnes
2263 5240 2603 5303 peccaverunt.
2638 5229 2778 5283 Ecce
2802 5227 2890 5296 qui
2930 5233 3149 5295 peccato
3176 5222 3500 5284 moriuntur,
3528 5233 3663 5273 cum

2063 5330 2115 5383 in
2138 5336 2310 5382 morte
2329 5323 2521 5380 Christi
2543 5321 2667 5376 Iesu
2694 5316 2898 5388 parvuli
2920 5315 3272 5385 baptisantur.
3297 5312 3467 5382 Rogo,
3488 5308 3668 5364 nolite

2063 5435 2183 5476 esse
2217 5418 2347 5472 sicut
2386 5430 2554 5485 equus
2583 5421 2636 5467 et
2663 5409 2870 5472 mulus,
2903 5421 3007 5461 non
3040 5404 3298 5461 habentes
3326 5400 3666 5458 intellectum

2066 5508 2236 5581 (Psal.
2264 5522 2414 5564 XXXI.
2442 5505 2519 5572 9).
2546 5501 2737 5557 Audite
2760 5519 2774 5554 :
2805 5498 2866 5555 Si
2889 5496 3071 5551 mortui
3090 5511 3262 5550 sumus
3284 5501 3666 5569 μεταληπ-

2066 5600 2216 5655 modo
2253 5600 2467 5652 vivemus
2505 5596 2557 5649 in
2590 5595 2685 5648 eo?
2713 5592 2792 5646 An
2819 5589 3063 5662 ignoratis
3090 5586 3328 5657 quoniam
3356 5584 3672 5654 quicumque

2135 5739 2147 5763 ι
2170 5729 2306 5779 mliti.
2331 5727 2379 5777 in
2402 5722 2796 5782 similitudinem;
2827 5721 2914 5771 sed
2938 5720 3187 5782 contrariis
3208 5715 3462 5775 manuscrij
3480 5713 3561 5764 tis.
3584 5772 3618 5782 Δ,

2134 5795 2154 5824 ⁸
2179 5778 2312 5853 iiditi,
2333 5796 2376 5840 ct
2400 5787 2760 5841 resurrectionis
2778 5778 2897 5845 eius.
2928 5784 3087 5841 Abest,
3110 5779 3232 5847 ejus,
3252 5794 3280 5827 a
3301 5778 3669 5838 nuuttsa‘tptts.
