4004 6190
260 395 397 450 ιειι

255 507 505 576 baptismi
536 522 709 561 sumus
735 505 787 559 in
814 502 1010 559 Christo
1040 500 1195 567 Iesu,
1228 499 1279 553 iu
1308 506 1468 555 morte
1500 496 1658 566 ipsius
1686 492 1852 566 bapti-

255 600 363 653 πτιιί
388 598 603 654 sumus?
626 597 957 670 Quicumque
981 593 1137 665 igitur
1162 590 1406 662 baptizati
1428 603 1609 644 sumus
1630 587 1683 641 in
1703 583 1857 641 Chri-

255 700 347 744 sto
373 689 523 755 .lesu,
551 696 770 759 peccato
794 685 990 741 mortui
1015 698 1199 739 sumus
1221 699 1236 741 :
1260 680 1381 753 quia
1414 680 1467 734 in
1494 685 1665 733 morte
1691 674 1855 746 ipsius

256 784 514 855 baptizati
544 797 750 838 smnus.
782 778 975 835 Audite
994 819 1009 843 ,
1041 777 1349 851 Quicumque
1376 771 1616 843 baptizati
1639 785 1811 824 sumus
1834 782 1855 821 :

254 892 439 948 neque
465 876 606 930 enim
633 872 835 945 parvuli
859 880 913 927 et
938 886 1042 924 non
1073 868 1322 939 majores,
1354 875 1446 921 aut
1469 876 1598 919 vero
1624 861 1853 932 majores

254 979 312 1025 et
338 984 448 1023 non
478 965 716 1039 parvuli;
743 964 868 1029 sed,
894 955 1222 1034 quicumque,
1253 959 1303 1014 id
1329 965 1443 1024 est,
1472 955 1589 1011 sive
1616 950 1850 1027 parvuli,

251 1061 373 1115 sive
401 1059 653 1128 majores,
681 1055 923 1128 baptismi
936 1057 1119 1118 sumus
1143 1052 1194 1105 in
1221 1049 1419 1106 Christo
1442 1045 1589 1107 Iesu,
1613 1045 1667 1098 iu
1695 1049 1854 1097 morte

251 1151 400 1204 illius
427 1147 667 1220 baptizati
694 1160 889 1211 sumus,
920 1158 982 1199 ac
1010 1157 1105 1212 per
1132 1141 1255 1207 hoc,
1286 1152 1470 1195 sumus
1498 1133 1693 1190 mortui
1723 1146 1850 1202 pec-

251 1250 400 1293 cato.
426 1241 533 1293 Ant
551 1252 678 1308 ergo
699 1245 882 1306 aperte
904 1234 1064 1289 dicite
1085 1231 1188 1287 non
1211 1244 1330 1287 esse
1351 1228 1675 1299 Baptismum
1696 1221 1851 1279 Chri-

251 1330 322 1383 sti
354 1328 591 1400 parvulis
612 1320 992 1390 necessarium,
1015 1327 1108 1377 aut
1133 1325 1403 1392 peccatum
1425 1316 1509 1372 cui
1531 1314 1847 1377 moriuntur,

250 1420 476 1492 quando
514 1420 566 1473 in
601 1417 815 1473 Christo
854 1415 1220 1485 baptizantur,
1257 1411 1416 1467 dicite
1454 1406 1796 1480 parvulorum
1832 1420 1847 1457 :

250 1521 347 1565 aut
378 1512 503 1582 quia
536 1509 735 1564 nullum
775 1507 997 1578 petestis
1029 1504 1173 1565 aliud
1203 1502 1474 1568 invenire,
1507 1496 1722 1555 tandem
1752 1494 1850 1549 ali-

249 1604 475 1675 quando
501 1602 770 1673 agnoscite
797 1599 1054 1671 originale
1081 1606 1378 1668 peccatum.

327 1693 608 1751 CCXXIV.
643 1693 763 1751 JuL.
792 1691 994 1762 Nempe
1021 1705 1141 1745 cum
1177 1684 1474 1743 viventibus
1511 1679 1843 1754 loquebatur,

250 1798 307 1843 et
340 1787 426 1841 his
453 1786 660 1842 dicebat
686 1783 941 1854 justitiam
974 1797 1069 1851 per
1098 1778 1348 1852 mysteria
1380 1776 1541 1832 fuisse
1569 1772 1843 1830 collatam.

249 1877 539 1947 Quomodo
568 1891 695 1946 ergo
721 1876 795 1930 ait
824 1889 945 1930 eum
971 1872 1315 1943 justiticatum
1346 1882 1485 1933 esse,
1514 1879 1670 1936 quem
1702 1877 1846 1916 mor-

252 1981 439 2034 tuum;
470 1968 569 2022 nisi
591 1970 712 2037 quia
737 1965 851 2020 sine
875 1963 1056 2036 aliquo
1074 1961 1307 2017 ostendit
1326 1959 1593 2028 ambiguo,
1617 1962 1843 2010 mortem

248 2059 343 2114 hic
383 2057 899 2114 abrenuntiationcm
947 2069 1178 2118 vocare;
1219 2061 1273 2107 et
1318 2050 1438 2105 ideo
1478 2063 1510 2104 a
1552 2062 1611 2103 se
1650 2059 1843 2100 nomen

247 2151 450 2206 mortis
472 2150 693 2217 assumi,
719 2159 774 2203 ut
798 2146 1041 2204 ostendat
1068 2147 1135 2200 ita
1168 2145 1350 2200 ﬁdeles
1375 2158 1403 2198 a
1433 2139 1683 2214 peccatis,
1708 2138 1845 2193 sicut

251 2252 503 2298 mortuos
533 2242 599 2295 ab
625 2240 830 2295 actibus
859 2239 1054 2293 debere
1079 2235 1328 2293 cessare?

326 2336 468 2390 Aac.
510 2333 680 2387 llomo
707 2331 1059 2393 eoatentiose,
1084 2329 1129 2383 si
1154 2329 1253 2382 hoc
1284 2328 1402 2381 loco
1429 2332 1595 2397 apost'
1617 2322 1839 2377 lieorum

251 2427 546 2482 verborum
571 2440 715 2481 mors
738 2421 1129 2478 abrenuntiatio
1159 2427 1393 2482 vocatur,
1413 2427 1470 2471 ut
1502 2416 1591 2486 qui
1626 2421 1844 2484 peccato

249 2518 620 2581 abrenuntiat,
660 2525 879 2586 peccato
921 2514 1178 2569 moriatur
1221 2531 1236 2567 :
1284 2510 1459 2567 recole
1495 2505 1837 2579 quemadmo-

227 2610 382 2665 ‘dum
429 2611 482 2663 in
523 2607 759 2665 Ecclesia
796 2606 1019 2672 Christi,
1052 2606 1104 2659 in
1143 2618 1245 2675 qua
1284 2601 1578 2671 baptizatus
1619 2613 1708 2662 es,
1739 2595 1843 2651 Ba-

251 2703 525 2773 ptismatis
553 2701 802 2773 mysteria
829 2699 1201 2757 celebrentur;
1232 2706 1285 2751 et
1314 2694 1552 2751 invenies
1576 2688 1716 2763 quod
1743 2689 1842 2743 ab-

252 2793 568 2848 renuntient
583 2800 637 2847 et
657 2790 860 2862 parvuli
883 2805 980 2861 per
999 2804 1090 2843 ora
1110 2787 1447 2858 gestantinm,
1464 2785 1600 2838 sicut
1620 2780 1845 2837 credunt

252 2899 355 2955 per
393 2898 488 2940 ora
529 2881 883 2953 gestantium‘
928 2898 941 2939 :
981 2877 1121 2951 quod
1163 2877 1302 2947 apud
1342 2891 1436 2931 vos
1473 2874 1578 2945 jam
1621 2872 1843 2927 forsitan

258 2991 369 3027 nott
414 2975 491 3027 iit.
516 2973 604 3031 Sic
641 2972 783 3027 enim
824 2970 1121 3042 profecistis
1158 2969 1210 3022 in
1252 2967 1422 3040 pejus,
1448 2961 1546 3036 ipsi
1577 2972 1841 3026 errantes,

256 3078 313 3121 et
352 3066 489 3121 alios
527 3068 578 3119 in
618 3079 856 3120 errorem
896 3064 1166 3118 mittentes
1205 3058 1284 3131 (ll
1315 3058 1444 3111 Tim.
1486 3073 1562 3122 Ill,
1600 3056 1722 3124 l7),
1754 3053 1845 3124 qui

256 3157 414 3211 vobis
445 3155 831 3227 consenserint,
864 3169 970 3210 non
1008 3151 1204 3208 debere
1233 3147 1606 3205 abrenuntiare
1630 3160 1844 3215 sparvu-

260 3248 373 3302 lum
413 3246 818 3321 baptizaudum,
859 3242 979 3315 quia
1021 3259 1126 3299 non
1167 3240 1325 3296 traxit
1362 3238 1620 3309 originale
1661 3250 1846 3306 pecca-

265 3351 381 3394 tum
415 3357 430 3394 :
470 3348 560 3393 aut
587 3338 629 3392 si
660 3337 817 3393 debet
856 3334 1233 3389 abrenuntiare
1259 3339 1491 3401 peccato,
1525 3324 1841 3391 dicite,cni;

256 3442 313 3486 et
344 3445 581 3485 errorem
612 3439 847 3483 vestrum
886 3424 1171 3496 aliquando
1201 3422 1469 3490 eorrigitc.

332 3520 588 3577 CCXXV.
630 3520 751 3575 JtIL.
793 3519 855 3574 Si
881 3518 1012 3572 enim
1042 3514 1228 3570 mortui
1254 3530 1428 3567 suutus
1468 3528 1581 3565 cum
1620 3507 1841 3571 Christo,

256 3614 514 3667 credimus
533 3612 652 3682 quia
676 3611 894 3663 vivemus
922 3624 1034 3661 cum
1063 3605 1295 3669 Christo;
1320 3605 1531 3658 scientes
1555 3602 1673 3670 quia
1698 3600 1846 3655 Citri-

257 3714 371 3758 stus
396 3703 667 3756 suscitatus
696 3718 727 3753 a
752 3698 962 3753 mortuis
981 3699 1095 3769 jam
1116 3712 1216 3750 non
1240 3696 1469 3760 moritur,
1496 3709 1630 3746 mors
1651 3692 1703 3744 in
1733 3707 1844 3744 eum

257 3796 368 3854 iam
406 3810 509 3846 non
535 3791 872 3846 dominabitur
892 3807 909 3844 :
929 3787 1065 3861 quod
1087 3788 1220 3842 enim
1249 3794 1475 3839 mortuus
1505 3793 1575 3838 est
1617 3791 1839 3852 peccato,

254 3896 492 3941 mortuus
516 3895 589 3941 est
624 3885 795 3949 semel,
840 3883 975 3955 quod
1001 3891 1167 3934 autent
1204 3879 1340 3944 vivit,
1371 3878 1486 3931 vivit
1526 3875 1654 3929 Deo.
1690 3872 1768 3926 lla
1797 3882 1843 3927 et

253 3997 347 4035 eos
372 3979 607 4050 deputata
633 3993 718 4031 vos
744 3975 1000 4029 mortuos’
1029 3988 1136 4027 esse
1170 3979 1392 4042 peccato,
1424 3967 1638 4022 viventes
1674 3975 1843 4019 autem

253 4072 395 4137 Deo,
418 4071 473 4124 in
497 4068 696 4124 Christo
714 4065 840 4122 Iesu
877 4064 1049 4137 (Rom.
1074 4079 1145 4127 VI,
1177 4062 1358 4129 8-H).
1388 4057 1665 4127 Quomodo
1690 4055 1847 4109 Clu-i-

252 4175 396 4225 stus,
442 4160 630 4231 inquit,
659 4159 745 4229 qui
789 4164 1004 4228 peccato
1044 4164 1281 4208 mortuus
1320 4159 1403 4205 est
1439 4149 1623 4209 semel,
1660 4148 1709 4200 id
1739 4154 1841 4211 est,

255 4261 489 4326 propter
526 4258 739 4321 peccata
766 4257 944 4302 nostra
978 4253 1216 4299 mortuus
1251 4251 1331 4297 est
1360 4238 1547 4301 semel,
1574 4239 1708 4292 ultra
1738 4252 1842 4291 non

253 4344 512 4409 moritur,
553 4340 644 4396 sed
685 4340 814 4393 vivit
864 4337 918 4394 in
968 4335 1133 4407 gloria
1178 4332 1269 4388 Dii
1313 4351 1325 4386 :
1378 4332 1446 4385 ita
1487 4340 1541 4385 ct
1580 4345 1705 4394 vos,
1746 4328 1844 4382 de-

252 4448 446 4509 putato
473 4450 569 4491 vos
610 4442 825 4504 peccato
863 4437 1131 4497 mortuos,
1173 4426 1300 4481 solis
1339 4425 1517 4478 vivere
1554 4432 1609 4478 et
1645 4423 1846 4477 servire

252 4529 570 4587 virtutibus.

333 4624 474 4676 Atto.
514 4619 561 4676 Ο
584 4618 716 4673 mira
742 4613 1043 4685 expositio!
1084 4608 1370 4681 Apostolus
1406 4605 1535 4661 dicit
1571 4602 1841 4660 Christum

252 4716 499 4786 peccato
519 4718 787 4765 mortuum
814 4724 827 4760 ε
859 4715 909 4760 et
935 4711 991 4759 tu
1016 4703 1170 4766 dicis,
1194 4700 1245 4755 id
1271 4708 1372 4763 est,
1399 4704 1612 4769 propter
1632 4704 1844 4767 peccata

254 4814 472 4862 nostra.
497 4802 638 4872 Ergo
668 4798 806 4869 quod
835 4796 966 4851 dicit
994 4793 1104 4858 ille,
1137 4791 1227 4848 Sic
1252 4800 1297 4845 et
1324 4805 1409 4844 vos
1446 4788 1727 4842 existimate.
1760 4802 1847 4840 vos

252 4906 492 4951 mortuos
517 4908 624 4946 esse
657 4896 856 4961 peccato
886 4901 904 4941 :
943 4885 1044 4939 hoc
1081 4880 1344 4953 putandus
1371 4888 1454 4934 est
1488 4878 1689 4941 dicere,
1720 4875 1847 4930 Exi-

251 4988 478 5043 stimate
524 4978 621 5035 vos
668 4986 909 5033 mortuos
956 4988 1075 5029 θεεο
1120 4978 1337 5042 propter
1383 4976 1598 5039 peccata
1633 4965 1848 5020 vestra?

247 5079 381 5135 Non
425 5073 602 5149 utique
633 5071 736 5128 hoc
760 5067 886 5123 dicit
905 5067 1008 5121 isto
1028 5064 1192 5129 loco;
1233 5075 1333 5117 nec
1364 5072 1419 5114 tu
1457 5058 1536 5113 sic
1574 5057 1845 5127 intelligis,

252 5165 363 5225 sed
392 5146 614 5237 peccato
643 5171 907 5224 mortuos,
936 5172 1002 5212 ne
1027 5164 1244 5229 peccato
1269 5150 1528 5214 viverent,
1555 5146 1846 5205 conﬁteris.

249 5256 499 5317 Ostende
537 5269 666 5326 ergo
693 5261 746 5307 et
771 5249 1042 5306 Christum
1089 5255 1355 5301 mortuum
1404 5242 1567 5297 fuisse
1610 5248 1844 5326 peccato,

250 5369 335 5409 nc
360 5322 799 5405 inconvenienter
828 5341 1113 5413 Apostolus
1146 5336 1361 5401 dixerit,
1389 5335 1463 5390 sic
1492 5341 1537 5388 et
1574 5322 1851 5387 vosCPro-

252 5454 387 5514 pter
411 5435 701 5493 auferenda
732 5433 875 5490 enim
916 5441 1096 5487 nostra
1127 5437 1366 5500 peccata,
1396 5425 1489 5480 sed
1517 5433 1690 5479 tamen
1724 5437 1851 5492 pec-

257 5512 393 5591 cato
435 5539 679 5585 mortuus
703 5534 784 5597 est
809 5543 822 5579 :
848 5534 903 5579 et
928 5525 1028 5579 hoc
1062 5519 1349 5592 quomodo,
1382 5516 1473 5587 qui
1508 5515 1711 5571 nullnnt
1753 5512 1850 5568 ha-

333 5626 349 5656 ι
380 5630 610 5673 veterum
635 5619 869 5669 librorum
904 5614 1191 5681 auctoritate
1219 5610 1519 5662 restituimus
1556 5607 1661 5657 haec
1682 5607 1852 5665 verba,

251 5688 389 5741 sicut
413 5685 616 5735 credunt
639 5695 725 5745 per
747 5693 835 5730 ora
855 5684 1154 5745 gestanuum.

332 5733 509 5809 ’Htiditi,
536 5733 760 5808 deputata
794 5733 1124 5792 commonitos.
1154 5742 1208 5785 Al
1225 5741 1353 5795 Mss,
1379 5733 1600 5797 deputare
1625 5743 1701 5781 ros
1725 5743 1854 5782 mor-

253 5821 386 5866 ιυω.

1593 378 1791 437 LIBER
1829 377 2203 440 SECUNDUS.

3168 454 3213 469 ι,
3403 394 3541 451 me

1966 495 2074 551 buit
2102 498 2320 555 omnino
2350 510 2644 570 peceatum,
2684 517 2783 558 nec
2811 504 3088 577 originale,
3115 525 3217 566 nec
3244 509 3537 580 βτορνῑυιυ,

1963 586 2061 641 nisi
2088 590 2208 658 quia
2240 590 2550 657 similitudo,
2578 592 2729 663 cujus
2764 594 2840 649 rei
2868 595 3160 650 similitudo
3184 606 3316 660 erat,
3346 615 3539 655 nomen

1961 678 2206 747 accepit?
2248 679 2500 736 Novimus
2524 682 2665 736 enim
2695 682 2964 738 Christum
2997 686 3048 739 in
3078 686 3422 744 similitudine
3451 705 3537 744 ve-

1960 768 2103 824 nisse
2134 771 2311 823 carnis
2339 772 2536 840 peccati
2567 768 2739 844 (Rom.
2764 789 2880 839 vut,
2910 775 3005 846 3);
3054 777 3301 846 quoniam
3332 778 3382 832 iu
3412 794 3537 833 vera

1957 872 2117 914 carne
2144 861 2306 927 venit,
2331 861 2423 916 sed
2455 879 2557 916 non
2589 864 2729 919 sicut
2769 864 2858 919 alii
2889 866 3130 921 homines
3152 868 3203 927 in
3235 882 3395 923 carne
3417 872 3539 939 pee—

1956 949 2060 1003 cati
2109 966 2124 1002 :
2179 959 2417 1006 mortuus
2454 961 2536 1007 est
2588 968 2715 1024 ergo
2765 953 2856 1009 ille
2903 956 3264 1013 sitnilitndini’
3310 962 3534 1030 peccati.

1956 1055 2112 1112 qttam
2159 1042 2375 1113 gerebat
2419 1044 2471 1097 in
2498 1058 2658 1100 carne
2693 1046 2937 1111 mortali;
2993 1061 3055 1102 ac
3100 1050 3177 1104 sic
3224 1050 3535 1121 mysterium

1954 1142 2153 1188 nostra:
2183 1136 2367 1190 salutis
2398 1136 2655 1206 implevit,
2685 1149 2740 1192 ut
2781 1153 2879 1192 nos
2922 1147 3140 1208 peccato
3182 1156 3532 1201 morerentur.

1953 1224 2104 1295 cujus
2136 1225 2225 1279 illc
2251 1226 2648 1282 similitudinem
2693 1228 2894 1299 gessit:
2929 1229 3050 1284 ideo
3078 1231 3128 1284 in
3162 1242 3334 1287 morte
3371 1231 3536 1303 ipsin:

1953 1316 2283 1387 baptizamur
2304 1335 2318 1384 ;
2350 1320 2471 1389 quia
2506 1320 2640 1374 sicut
2679 1321 2729 1375 in
2771 1321 2862 1376 illo
2894 1337 3018 1376 vera
3066 1337 3210 1378 mors
3253 1300 3406 1378 facta
3430 1333 3533 1387 est,
3566 1300 3579 1307 ’

1952 1407 2024 1462 ita
2068 1408 2118 1464 in
2150 1409 2302 1466 nobis
2346 1426 2468 1466 vera
2504 1411 2562 1465 lit
2592 1413 2834 1467 remissio
2878 1424 3240 1483 peccatorum.
3290 1415 3396 1473 Sed
3445 1416 3531 1472 hic

1950 1506 2075 1553 sunt
2100 1506 2153 1554 et
2177 1501 2379 1570 parvuli
2412 1520 2425 1556 :
2464 1502 2778 1572 Quicumque
2804 1504 2947 1560 cnim
2994 1504 3234 1576 baptizati
3278 1524 3451 1561 sumus
3478 1509 3532 1560 in

1950 1589 2149 1645 Christo
2193 1590 2341 1658 Jesu,
2389 1594 2443 1648 iu
2485 1604 2643 1651 morte
2683 1595 2841 1663 ipsius
2889 1596 3129 1666 baptizati
3174 1614 3370 1652 sumus.
3419 1597 3533 1652 Non

1949 1683 2090 1737 enim
2127 1683 2205 1739 sic
2240 1683 2482 1740 homines
2508 1684 2839 1755 baptizantur
2874 1687 2924 1740 in
2952 1687 3181 1749 Cbrlto,
3213 1698 3266 1742 ut
3293 1688 3451 1757 aliqui
3480 1689 3532 1742 in

1944 1780 2121 1827 morte
2151 1773 2332 1843 ipsius,
2362 1775 2524 1845 aliqui
2564 1791 2671 1830 non
2702 1777 2752 1830 in
2782 1786 2950 1831 morte
2981 1777 3144 1847 ipsius
3169 1777 3532 1848 baptizentur;

1947 1862 2040 1917 sed
2070 1865 2207 1920 sicut
2247 1865 2340 1930 ait,
2383 1865 2436 1920 in
2466 1882 2571 1937 quo
2608 1868 2923 1937 loquebatur
2956 1869 3067 1939 ipse
3094 1869 3358 1937 Christus,
3399 1869 3535 1938 Qui-

1946 1968 2172 2026 cumque
2210 1956 2545 2028 baptizantur
2568 1960 2619 2013 in
2650 1959 2865 2015 Christo
2907 1960 3052 2028 Jesn,
3077 1961 3128 2015 in
3167 1972 3338 2016 morte
3367 1963 3534 2031 ipsius

1946 2044 2315 2116 baptizantur:
2348 2064 2409 2104 ac
2452 2066 2547 2121 per
2589 2051 2712 2117 hoc,
2743 2053 3061 2122 quit-umque
3105 2054 3439 2122 baptizantur
3477 2055 3530 2108 in

1945 2134 2158 2192 Christo
2186 2138 2329 2206 Jes‘u,
2365 2152 2582 2210 peccato
2601 2144 2919 2199 moriuntur.
2952 2144 3041 2199 Si”
3068 2146 3400 2215 quicumque;
3429 2145 3535 2199 nti-

1946 2243 2048 2297 quc
2074 2238 2129 2284 et
2159 2230 2398 2297 parvuli:
2438 2232 2530 2287 sed
2566 2232 2649 2286 eui
2692 2242 2912 2303 peccato
2952 2233 3153 2302 parvuli
3198 2233 3532 2288 moriuntur?

1945 2316 2060 2371 iam
2095 2318 2307 2375 tandem
2347 2337 2529 2391 quaeso
2568 2322 2915 2377 conﬁteatnr’
2943 2324 3234 2394 generatio,
3268 2340 3335 2379 ne
3377 2340 3528 2378 meu-

1950 2410 2109 2463 tistur
2139 2413 2508 2481 regeneratio;
2556 2414 2874 2468 conliteatur
2899 2415 2948 2467 in
2981 2415 3212 2483 parvulis
3239 2429 3365 2468 caro
3404 2429 3532 2484 pce-

1946 2502 2071 2567 cati,
2106 2511 2161 2556 nt
2188 2517 2291 2556 non
2324 2511 2546 2571 negetur
2571 2505 2728 2557 etiam
2758 2520 2851 2573 pro
2883 2504 3117 2575 parvulis
3143 2514 3349 2560 mortua
3386 2505 3534 2579 siutj-

1947 2591 2115 2646 litudo
2139 2593 2314 2647 carnis
2339 2588 2559 2663 peccati.

2017 2683 2291 2740 CCXXVI.
2334 2683 2452 2740 JL'L.
2484 2683 2586 2742 Ubi
2619 2686 2705 2739 hic
2730 2701 2857 2756 ergo
2886 2695 3165 2742 accusatur
3193 2688 3414 2743 natura?
3441 2689 3530 2745 ubi

1946 2772 2193 2830 humana:
2237 2775 2546 2831 substantim
2588 2778 2870 2846 culpantur
2911 2779 3168 2834 exordia?
3217 2780 3306 2835 ubi
3356 2790 3534 2838 motus

1948 2868 2249 2935 generantis
2296 2868 2574 2939 arguitur?
2622 2868 2765 2924 Luce
2793 2871 2987 2925 etarins
3029 2881 3129 2936 est,
3170 2872 3310 2941 quod
3347 2872 3458 2926 sola
3500 2887 3531 2927 a

1946 2956 2196 3027 Magistro
2239 2957 2486 3013 Gentium
2538 2960 2883 3015 conveniatur
2925 2962 3189 3027 voluntas,
3223 2972 3279 3018 ttt
3322 2962 3545 3019 abdicet

1948 3047 2153 3105 occulta
2184 3049 2459 3104 dedecoris
2490 3051 2565 3122 (ll
2597 3051 2712 3104 Cor.
2747 3068 2818 3115 tv,
2848 3051 2928 3120 2),
2958 3063 3008 3106 ct
3041 3053 3092 3106 in
3135 3054 3405 3108 meliorem
3451 3055 3533 3109 vi-

1949 3148 2054 3195 tam
2083 3148 2292 3194 actuum
2320 3141 2650 3196 correctione
2701 3142 2960 3210 proﬁciat.
3000 3142 3103 3197 Sed
3146 3144 3256 3213 jam
3305 3145 3531 3214 accipiat

1948 3231 2207 3301 expositio
2229 3239 2408 3285 nostra
2438 3231 2833 3299 compendium,
2865 3248 2964 3287 nec
2990 3233 3326 3303 interpretari
3360 3233 3409 3288 in
3444 3235 3529 3290 his

1948 3321 2078 3378 locis
2104 3320 2242 3377 dicta
2272 3324 2305 3374 ,ι
2318 3321 2506 3389 postoli
2549 3330 2887 3389 perseveret;
2935 3322 3104 3391 ipsum
3142 3323 3213 3378 de
3233 3320 3343 3378 suis
3366 3324 3535 3380 disse-

1948 3422 2156 3467 rentem
2187 3411 2433 3466 sensibus
2458 3410 2753 3464 audiamus.
2792 3410 2849 3465 ln
2879 3412 2982 3467 tlue
3012 3412 3381 3482 disputationis
3419 3414 3534 3484 ejus

1948 3501 2260 3574 apparebit,
2303 3502 2456 3571 cujus
2500 3501 2732 3573 dogmati
2790 3502 3019 3574 ﬁdeique
3065 3506 3384 3560 consentiat.
3429 3506 3537 3562 Nos

1950 3609 2142 3663 nempe
2170 3593 2416 3658 dicitnns,
2447 3592 2515 3648 de
2539 3602 2757 3663 peccato
2785 3594 3096 3664 Apostttlum
3125 3595 3411 3652 voluntatis
3438 3594 3541 3650 hn-

1949 3702 2155 3752 manre,
2195 3702 2314 3756 qua:
2366 3686 2417 3739 in
2469 3676 3090 3756 unoquoqueipeccante
3126 3696 3244 3754 est,
3301 3688 3534 3743 locutum

1952 3777 2155 3832 fuisse:
2200 3787 2253 3832 tu
2296 3793 2444 3844 vero,
2472 3777 2541 3832 de
2579 3793 2645 3832 eo
2679 3778 2818 3848 quod
2861 3779 3057 3835 Fausto
3095 3782 3286 3844 credis.
3317 3778 3539 3852 genera-

1950 3868 2094 3923 tione
2125 3868 2520 3933 transmissum,
2550 3878 2601 3924 et
2631 3884 2659 3921 a
2687 3869 2890 3923 cunctis
2919 3870 3034 3925 sine
3060 3872 3330 3926 voluntate
3358 3887 3538 3926 susce-

1952 3969 2119 4029 ptum.
2148 3957 2589 4013 Concertationes
2619 3959 2793 4027 itaque
2822 3968 3037 4022 nostrae,
3066 3961 3109 4014 si
3143 3960 3332 4029 placet,
3365 3960 3536 4014 faces-

1950 4061 2100 4115 sant;
2141 4060 2193 4105 et
2223 4062 2275 4105 ut
2303 4050 2644 4105 mediocriter
2671 4064 2844 4120 agam,
2869 4050 3267 4106 dissimulamus
3298 4053 3534 4121 Apostoli

1949 4134 2279 4206 dignitatem,
2311 4149 2412 4201 qua
2459 4133 2729 4202 pra-scribi
2775 4143 2983 4202 possm.
3023 4135 3227 4188 etiamsi
3258 4136 3406 4188 vobis
3444 4151 3540 4204 per

1949 4225 2123 4278 omnia
2154 4225 2271 4294 ejus
2297 4223 2455 4277 verba
2488 4224 2853 4289 enm-inerent,
2879 4234 3054 4280 tamen
3083 4225 3229 4280 illum
3259 4241 3356 4296 pro
3375 4224 3533 4280 ofticii

1950 4317 2030 4373 sol
2058 4316 2343 4387 splendore
2388 4315 2514 4369 nihil
2547 4326 2651 4369 tant
2695 4315 2934 4372 deforme
2960 4300 3225 4381 sensisse;
3276 4316 3536 4388 ambigui-

1952 4418 2112 4462 tatem
2159 4422 2281 4463 essc
2326 4389 2703 4470 elocutionum,
2739 4422 2842 4461 non
2888 4422 3142 4461 sensuum
3190 4409 3534 4477 pravitatem;

1955 4498 2053 4552 hoe
2081 4498 2253 4552 solum
2281 4499 2328 4552 ei
2373 4498 2424 4551 in
2456 4498 2705 4567 prmsenti
2751 4500 2962 4567 negotio
2988 4497 3330 4562 concedatur,
3373 4506 3431 4552 ttt
3459 4496 3537 4552 vir

1951 4606 2056 4647 non
2090 4592 2413 4662 perturbata:
2461 4590 2674 4651 tuentis,
2724 4589 2892 4660 magis
2936 4590 3132 4661 scripta
3172 4604 3265 4645 sua
3295 4605 3451 4660 quant
3483 4602 3530 4644 tr

1951 4683 2281 4738 intellexisse
2320 4679 2583 4734 credatur.
2641 4678 2762 4733 Non
2808 4697 2926 4751 ergo
2954 4690 3159 4752 regnet,
3190 4682 3351 4751 inquit
3376 4723 3390 4743 .
3424 4697 3541 4747 per.

1952 4787 2119 4831 ratum
2139 4776 2192 4829 in
2215 4784 2373 4829 vestro
2394 4773 2598 4826 mortali
2619 4788 2831 4845 corpore
2848 4774 2915 4826 ad
2939 4774 3273 4827 obedientium
3293 4774 3337 4826 ei
3363 4774 3537 4843 (liam.

1950 4884 2027 4930 vn,
2069 4866 2182 4939 12).
2221 4866 2437 4921 Possem
2462 4863 2572 4934 jam
2623 4863 2708 4918 hic
2748 4864 2949 4929 dicere,
2981 4862 3362 4918 exhortationis
3391 4864 3538 4918 testi-

1953 4957 2136 5012 monio
2162 4956 2441 5025 probatum
2477 4971 2619 5019 esse,
2644 4953 2711 5008 de
2752 4953 2984 5022 peccatis
3011 4968 3134 5006 eum
3164 4968 3323 5023 agere
3348 4954 3543 5007 Vttllltl-

1955 5049 2077 5103 tatis
2107 5068 2121 5102 :
2154 5047 2273 5116 quia
2324 5046 2458 5099 mala
2510 5046 2552 5098 si
2599 5052 2779 5099 essent
2825 5043 3106 5106 naturalia,
3140 5058 3236 5113 per
3284 5043 3541 5112 justitiam

1955 5136 2166 5194 defendi
2197 5144 2431 5206 possent,
2456 5150 2548 5204 per
2569 5132 2989 5188 misericordiam
3022 5142 3293 5202 postremo
3319 5133 3502 5188 deﬂeri
3525 5150 3537 5193 ;

1956 5231 2104 5287 nullo
2153 5240 2329 5284 autem
2375 5238 2531 5298 puC'o
2591 5225 3005 5280 admonerentur
3046 5224 3302 5281 cavenda;
3346 5224 3545 5291 Quovis

1956 5326 2099 5381 enim
2129 5322 2354 5377 naturali
2382 5321 2545 5388 malo,
2574 5320 2617 5374 si
2646 5317 2811 5373 ullum
2839 5333 2959 5374 esse
2987 5328 3186 5389 posset,
3211 5318 3312 5373 hoc
3340 5317 3537 5370 malum

2023 5481 2038 5546 ξ
2076 5479 2212 5546 aliti,
2236 5474 2901 5546 similitudinesqveriususs...
3278 5543 3289 5546 Α
3359 5530 3443 5546 ___!

2023 5544 2042 5572 ²
2076 5542 2220 5599 Editi,
2244 5544 2438 5603 peccato
2458 5538 2769 5603 moriuntur.‘
2786 5538 3108 5603 Quicumque,
3132 5538 3291 5596 utique
3310 5566 3324 5591 ,
3351 5538 3545 5589 omisso,

1960 5602 2035 5663 si;
2057 5603 2183 5666 quod
2208 5598 2272 5651 ex
2299 5600 2631 5666 manuscriptis
2648 5598 2941 5666 restituitur.

2028 5653 2047 5696 ν
2070 5653 2133 5713 I'ta
2157 5665 2203 5710 in
2228 5653 2562 5725 tuanuscriptts
2592 5661 2763 5717 verbo,
2799 5656 3099 5725 conﬁteatur,
3125 5654 3221 5725 iljie
3244 5653 3434 5725 passive
3461 5667 3547 5715 po-

1962 5728 2072 5795 sito.
2102 5734 2155 5774 Αι
2178 5726 2223 5772 in
2251 5724 2411 5831 etllitis,
2434 5719 2712 5787 conﬁteatur
2734 5719 3052 5785 generatione,
3078 5719 3332 5773 mentiatur
3357 5727 3545 5782 regene-

1966 5797 2143 5831 ratione
2170 5798 2185 5831 ἰ
2211 5799 2289 5831 llla
2311 5799 2355 5831 υ.

1966 5797 2143 5839 ratwut’
2170 5798 2185 5834 :
2211 5797 2355 5834 tttatt'.
