3962 6180
462 274 599 335 1245

458 403 576 449 erat
613 393 784 465 majus
811 394 1049 461 insanire,
1078 408 1180 465 qua
1209 396 1509 461 tenebatur,
1536 393 1853 465 quicumque
1882 392 2038 477 (levo.

459 488 656 542 tionem
686 487 738 541 in
768 486 1019 545 cavendis
1059 487 1219 543 rebus
1249 486 1576 543 naturalibus
1601 486 1865 559 exigebat.
1903 486 2045 558 Apo-

456 577 627 632 stolus
651 587 824 633 autem
852 577 983 632 nihil
1004 577 1181 634 sanxit
1203 576 1344 649 quod
1371 578 1536 649 possit
1555 578 1676 649 jure
1702 575 2040 647 reprehendi.

454 665 738 723 Peccatum
786 668 961 738 itaque
1003 669 1291 727 voluntatis
1334 668 1587 736 ostendit,
1629 668 1773 741 quod
1813 668 2044 724 inculcat

454 755 650 811 debere
681 757 858 812 vitari.
1818 828 1821 833 Ι

527 848 657 902 Acs.
702 847 830 914 Quis
870 849 1075 920 ignorat
1104 866 1208 904 non
1257 851 1401 921 loqui
1442 850 1753 920 Apestolum
1785 850 2037 920 parvulis,

452 935 546 990 sed
576 938 654 991 eis
681 940 765 1003 qui
800 950 1022 1008 possunt
1060 942 1355 1010 intelligere
1394 941 1553 997 verba
1583 943 1829 1008 dicentis,
1864 952 1918 999 et
1946 942 2040 997 ad—

452 1027 665 1096 iuvante
714 1029 804 1083 Dei
853 1032 1019 1101 gratia
1073 1032 1291 1088 obedire
1338 1033 1655 1104 praeceptis?
1704 1033 1809 1088 Sed
1860 1034 2039 1103 utique

450 1132 610 1190 agunt
635 1121 793 1176 etiam
833 1140 952 1177 cum
982 1123 1104 1177 ﬁliis
1134 1125 1265 1190 suis,
1295 1135 1352 1179 ut
1375 1125 1820 1196 quemadmodum
1847 1128 2039 1180 crescit

451 1210 502 1262 in
525 1212 603 1264 eis
634 1213 853 1265 rationis
878 1230 1022 1276 usus,
1054 1214 1122 1268 ita
1151 1224 1431 1269 exseratur
1457 1215 1773 1269 obetlieutize
1802 1214 2031 1279 fructus;

450 1317 517 1355 ne
548 1301 596 1356 in
630 1318 850 1359 vacuum
873 1306 1095 1374 gratiam
1126 1304 1216 1359 Dei
1240 1307 1569 1374 susceperint
1603 1305 1676 1379 (ll
1706 1306 1822 1362 Cor.
1852 1323 1928 1372 vn,
1962 1308 2031 1379 ι),

448 1394 659 1464 quando
699 1397 996 1466 regrnrrali
1040 1405 1182 1461 sunt,
1217 1398 1533 1453 nescientes.
1566 1398 1940 1455 Verumtamen
1971 1400 2034 1454 il—

448 1487 553 1543 lam
609 1489 881 1559 pulchram
932 1501 1231 1557 susceptam
1287 1500 1451 1559 tuam,
1490 1507 1609 1561 quae
1655 1491 1911 1547 deformis
1952 1502 2035 1547 est

450 1581 701 1634 omnibus
727 1582 1143 1636 debellatoribus
1184 1582 1315 1645 suis,
1344 1583 1828 1652 concupiscentiam
1858 1584 2035 1641 carnis

447 1669 588 1738 dico,
622 1688 717 1742 per
746 1689 904 1744 qualn
934 1675 1189 1737 nascitur,
1218 1683 1274 1729 et
1300 1690 1420 1729 cum
1450 1691 1551 1746 qua
1586 1675 1819 1730 nascitur
1839 1674 2029 1730 homo:

446 1759 585 1816 hanc
613 1779 739 1834 ergo
760 1765 1241 1836 concupiscentiam
1268 1765 1463 1832 carnis,
1483 1763 1721 1820 cohiberi
1746 1766 2033 1836 Apostolus

444 1856 705 1928 praecipit.
731 1873 831 1912 nec
861 1873 1083 1927 regnare
1124 1858 1398 1928 permittit,
1440 1872 1666 1926 eamque
1706 1858 1905 1928 peccati
1937 1872 2033 1913 no-

445 1946 589 2002 mine
635 1948 898 2016 appellat;
934 1948 1055 2018 quia
1100 1958 1153 2003 et
1196 1949 1261 2002 de
1307 1949 1479 2019 primo
1526 1957 1746 2018 peccato
1774 1949 2030 2019 originem

442 2034 609 2102 ducit,
643 2046 697 2091 et
737 2037 976 2109 quisquis
1003 2037 1118 2109 ejus
1162 2039 1393 2094 motibus
1429 2038 1495 2094 ad
1527 2040 1708 2097 illicita
1746 2055 2034 2095 consense-

444 2125 533 2186 rit,
564 2136 751 2195 peccat
779 2145 792 2181 :
821 2143 941 2198 quae
966 2137 1092 2185 tunc
1122 2128 1260 2184 nulla
1287 2131 1389 2185 erit
1418 2131 1468 2186 in
1495 2131 1669 2199 nobis,
1694 2131 1906 2202 quando
1934 2132 2033 2188 im-

442 2218 668 2272 mortale
692 2233 890 2289 corpus
932 2219 1246 2279 habebimus
1277 2238 1296 2276 :
1325 2221 1552 2291 ideoque
1588 2239 1708 2278 eum
1736 2234 1916 2295 posset
1946 2224 2029 2278 di-

442 2321 585 2370 cere,
617 2305 738 2361 Non
767 2319 936 2380 regnet
976 2322 1233 2380 peccatum
1268 2312 1319 2365 in
1347 2323 1507 2366 vestro
1551 2330 1780 2385 corpore,
1819 2329 1913 2370 cur
1936 2314 2032 2369 ad-

442 2396 576 2452 didit
610 2399 849 2465 verbum,
882 2409 936 2456 et
961 2402 1055 2468 ait,
1086 2402 1137 2457 in
1176 2413 1337 2457 vestro
1365 2404 1567 2458 mortali
1589 2420 1819 2475 corpore,
1847 2406 1947 2461 nisi
1974 2416 2032 2461 ut

446 2499 570 2544 tunc
598 2506 938 2561 speraremus
976 2494 1156 2561 istam,
1186 2509 1344 2564 quam
1381 2504 1655 2564 peccatum
1696 2505 1871 2564 vocat,
1894 2512 2029 2552 con-

443 2581 825 2651 cupisccntiam
870 2599 974 2638 non
1017 2582 1270 2647 futuram,
1300 2584 1512 2655 quando
1541 2585 1766 2667 mortale
1805 2601 1909 2640 nou
1938 2587 2033 2641 ha-

442 2671 687 2727 bebimus
712 2676 947 2744 corpus?
973 2675 1103 2730 Nam
1134 2685 1189 2731 tu
1215 2676 1302 2732 dic
1331 2676 1503 2740 nobis,
1530 2690 1627 2731 cur
1649 2692 1755 2733 non
1782 2677 1877 2744 ait,
1907 2677 2031 2734 Νοιι

438 2761 507 2817 sit
556 2775 815 2835 peccatum
852 2767 905 2820 iu
934 2776 1091 2821 vestro
1119 2767 1321 2821 mortali
1362 2783 1570 2838 corpore
1583 2785 1604 2835 ,'
1647 2767 1740 2824 sed
1770 2769 1863 2834 ait,
1904 2769 2030 2824 Non

438 2865 608 2929 regnet
635 2872 655 2911 :
695 2858 794 2912 nisi
816 2859 935 2928 quia
967 2859 1064 2913 ista
1093 2860 1542 2929 concupiscentia,
1571 2876 1689 2932 qua.I
1724 2877 1828 2917 non
1855 2870 2030 2932 potest

440 2948 539 3001 nisi
567 2963 687 3003 esse
714 2949 764 3003 in
800 2964 961 3005 carne
1001 2950 1232 3016 mortali,
1265 2952 1317 3005 in
1352 2952 1432 3007 eis
1460 2962 1666 3023 regnat,
1695 2952 1784 3024 qui
1812 2954 2028 3012 deside-

438 3038 531 3093 riis
569 3038 685 3108 ejus
714 3040 780 3094 ad
814 3040 953 3095 mala
1000 3041 1349 3111 perpetranda
1379 3044 1751 3111 consentiunt;
1796 3054 1851 3101 et
1876 3045 2026 3102 abea

438 3147 772 3205 quocumque
812 3133 1060 3200 illexerit,
1088 3135 1213 3190 victi
1262 3136 1640 3206 pertrahuntur
1681 3136 1883 3208 majore
1923 3139 2024 3194 int-

438 3232 582 3290 petu,
610 3224 761 3294 quia'
805 3224 920 3296 lege
948 3224 1317 3297 prohibentur,
1346 3226 1390 3280 si
1418 3226 1589 3297 gratia
1614 3242 1719 3282 non
1744 3227 2023 3297 juvantur:

340 3307 345 3312 ’
438 3317 490 3369 in
533 3315 614 3370 eis
642 3327 842 3384 autem,
870 3318 958 3389 qui
1003 3317 1116 3374 Deo
1143 3318 1374 3375 donante
1413 3320 1612 3375 faciunt
1638 3321 1777 3391 quod
1823 3338 2027 3393 praece-

439 3416 585 3473 ptum
624 3416 728 3473 est,
759 3408 809 3463 id
840 3419 939 3472 est,
968 3422 1251 3467 commetat:
1289 3419 1448 3482 atque
1493 3411 1705 3468 instanti
1745 3429 1853 3469 non
1894 3414 2028 3471 obe-

438 3500 613 3563 diunt.
649 3516 749 3555 nec
778 3502 826 3556 ei
856 3518 1002 3556 arma
1043 3503 1292 3558 exhibent
1325 3504 1587 3569 membra,
1619 3506 1757 3562 inest
1783 3507 2021 3578 quidem,

439 3589 531 3645 sed
564 3606 666 3644 non
697 3599 901 3661 regnat.
931 3591 1196 3648 Probatur
1219 3605 1398 3650 autem
1426 3595 1600 3651 inesse
1611 3598 1655 3663 ²,
1677 3595 1803 3651 dum
1828 3613 2027 3654 concu-

439 3679 712 3749 piscunlur
759 3682 895 3735 mala
929 3701 942 3736 :
972 3691 1024 3738 et
1070 3683 1321 3753 probatur
1359 3701 1464 3741 non
1492 3702 1738 3757 regnare,
1768 3688 1895 3743 dum
1932 3689 2022 3759 ju-

435 3771 592 3825 stitize
615 3770 967 3830 delectatiOne
994 3776 1236 3832 vincente
1262 3793 1366 3833 non
1396 3778 1547 3833 fiunt.
1576 3779 1855 3848 Quomodo
1879 3782 2021 3838 enim

436 3863 767 3933 percipiatur
789 3865 835 3919 ei
865 3882 971 3923 non
988 3867 1227 3936 obedire,
1249 3870 1349 3924 nisi
1365 3869 1593 3940 jubenti,
1612 3876 1725 3928 sive
1744 3872 2022 3929 suadenti?

433 3954 708 4017 Quomodo
735 3965 911 4011 autem
942 3956 1113 4015 facere
1144 3960 1249 4015 hoc
1278 3971 1473 4031 potest,
1503 3963 1549 4018 si
1574 3979 1678 4019 non
1710 3965 1896 4020 inest?

501 4041 800 4099 CCXXVII.
858 4046 978 4101 JvL.
1036 4047 1216 4117 Neque
1262 4050 1532 4106 exhibeatis
1583 4053 1805 4109 membra
1857 4063 2021 4111 vestra

428 4148 571 4186 arma
592 4134 868 4203 iniquitatis
895 4148 1097 4205 peccato
1119 4154 1138 4191 :
1167 4138 1255 4193 sed
1275 4141 1502 4196 exhibete
1526 4160 1612 4198 vos
1633 4144 1759 4211 Deo,
1779 4156 2021 4216 tauquam

428 4239 491 4277 ca:
527 4226 736 4279 mortuis
784 4226 1014 4291 viventes,
1058 4238 1107 4283 et
1147 4232 1366 4284 membra
1422 4242 1584 4286 vestra
1624 4251 1769 4288 arma
1803 4238 2022 4308 justitite

429 4313 556 4372 Deo.
622 4314 894 4373 Peccatum
943 4318 1076 4372 enim
1126 4320 1178 4373 in
1224 4318 1361 4375 vobis
1406 4338 1509 4375 nou
1552 4322 1841 4380 dominatur
1868 4343 1887 4381 :
1914 4344 2018 4385 nou

425 4410 557 4464 enim
590 4410 683 4466 sub
711 4412 819 4485 lege
839 4412 974 4479 estis,
1001 4411 1090 4467 sed
1114 4412 1205 4467 sub
1231 4415 1395 4483 gratia
1425 4413 1603 4486 (Rom.
1636 4432 1711 4483 Vt,
1749 4419 1812 4474 l5
1831 4430 1878 4474 et
1902 4422 2012 4491 Η).

430 4499 527 4561 Eo.
552 4500 739 4571 inquit,
770 4502 974 4557 debetis
1009 4502 1212 4557 servire
1240 4504 1348 4558 Deo
1379 4503 1604 4571 filiolius,
1633 4522 1740 4577 quo
1763 4509 1925 4566 etiam
1954 4511 2018 4566 lio

429 4588 678 4644 beralius.
720 4591 1002 4648 Peccatum
1042 4595 1238 4664 quippe
1276 4594 1647 4653 dominabatur
1690 4598 1859 4665 vobis,
1891 4617 2014 4658 cum

428 4689 679 4761 reatuumr
695 4680 1032 4751 impendebat
1059 4686 1222 4744 ultio;
1252 4698 1434 4755 postea
1452 4699 1631 4745 autem
1653 4705 1813 4760 quam
1845 4694 2013 4763 gratia

429 4770 519 4825 Dei
566 4771 854 4827 benefit'ia'
897 4776 1170 4829 consecuti
1214 4776 1361 4841 estis,
1390 4787 1445 4833 et
1470 4778 1727 4849 depositis
1770 4792 2011 4855 reatunm

425 4863 750 4933 ponderibus
795 4867 1124 4937 respirastis,
1173 4868 1401 4938 ingenuo
1452 4873 1653 4940 pudore
1698 4877 2012 4934 commoniti

424 4953 632 5012 debetis
659 4958 880 5023 gratiam
911 4958 1111 5014 referre
1138 4959 1444 5016 tnedicanti.

494 5048 635 5104 Ave.
674 5046 752 5103 'l‘u
785 5060 961 5105 vestro
1003 5065 1175 5116 more,
1201 5052 1289 5122 qui
1319 5052 1387 5109 de
1421 5063 1598 5110 vestro
1626 5055 1897 5117 descendit
1923 5075 2011 5115 er-

421 5152 565 5204 rore,
591 5152 693 5192 non
719 5140 961 5209 agnoscis
998 5142 1219 5209 gratiam
1250 5143 1349 5198 nisi
1390 5145 1441 5200 in
1480 5145 1791 5204 dimissioue
1823 5164 2009 5217 liccat-

421 5238 631 5293 torum;
665 5240 720 5284 ut
747 5230 858 5299 jam
884 5230 952 5288 de
978 5240 1174 5289 extero
1201 5250 1295 5304 per
1330 5236 1554 5291 liberum
1584 5240 1866 5295 arbitrium
1894 5241 2008 5310 ipse

421 5320 583 5376 homo
622 5336 681 5377 se
718 5321 890 5393 ipsum
934 5321 1156 5380 fabricet
1193 5325 1418 5396 justum.
1452 5325 1555 5382 Sed
1591 5345 1695 5383 non
1738 5329 1842 5385 hoc
1880 5331 2009 5386 dirit

480 5497 499 5572 ξ
522 5497 798 5572 arguamus,
817 5511 945 5572 cum.
978 5500 1267 5572 vtguierius,
1290 5500 1485 5572 quin“
1509 5505 1834 5572 manuserlpﬁ,
1873 5509 2004 5572 quia.

409 5615 451 5634 ,-
478 5559 499 5634 ξ
525 5561 640 5634 aliti
655 5594 670 5621 ,
695 5561 922 5634 probatur
943 5559 1103 5615 autém
1124 5574 1224 5611 esse
1238 5575 1256 5624 ;
1281 5559 1331 5614 et
1350 5564 1488 5626 mira,
1512 5566 1553 5616 si
1574 5579 1667 5618 non
1687 5559 1772 5620 est'.
1798 5559 1854 5620 A't
1875 5559 2003 5634 ,

403 5629 859 5735 Μ’ξῖξέἶτλιίιί
908 5698 1020 5743 ὀι-(ι,
1042 5684 1215 5746 σναιία·
1240 5685 1495 5751 beneﬁcia;
1513 5691 1607 5739 orni
1618 5704 1709 5754 sse,
1743 5692 1842 5744 Dci.

1111 278 1353 334 OPEMS
1389 276 1807 334 DtPERFEC'l‘l
1842 278 2115 363 CONTRA
2160 277 2525 347 lett-tuon,
2569 281 2625 338 s.
2669 283 3037 347 AUGUSTl-Nl
3601 304 3731 365 πέει

2152 392 2410 459 Ecclesia,
2447 410 2565 465 qua:
2607 395 2801 452 clamat
2849 408 2975 465 tota,
3008 402 3149 470 quod
3192 403 3374 458 didicit
3413 422 3441 460 a
3488 411 3739 480 Magistro

2152 482 2292 539 bono
2320 501 2334 538 :
2366 483 2447 538 Ne
2476 502 2566 539 nos
2596 487 2783 559 inferas
2822 490 2875 542 in
2905 494 3227 547 tentationem
3263 493 3470 564 (.llatm.
3507 515 3574 557 vI.
3612 502 3732 569 l5):

2152 591 2256 629 non
2301 574 2403 631 hoc
2437 575 2583 643 dicit,
2610 578 2696 649 qui
2724 580 2871 646 dicit,
2906 582 3122 637 Oramus
3151 596 3319 639 autem
3357 587 3425 640 ad
3470 588 3648 654 Deum,
3676 610 3739 647 ne

2148 667 2271 735 quid
2296 668 2497 740 faciatis
2535 669 2658 723 mali
2686 670 2757 740 (ll
2780 670 2899 727 Cor.
2928 691 3043 742 xm,
3080 677 3134 747 7)
3166 696 3178 731 :
3213 694 3317 733 non
3356 680 3455 736 hoc
3484 682 3616 757 dicit
3643 687 3735 755 qui

2147 757 2292 823 dicit,
2327 756 2522 830 Rogavi
2546 778 2639 830 pro
2664 771 2730 829 te,
2760 761 2929 831 Petre,
2957 783 3020 821 ne
3051 768 3252 836 deﬁciat
3294 771 3421 840 [ides
3461 756 3546 827 tua
3580 775 3732 845 (Luc.

2147 862 2277 910 nn,
2307 847 2421 920 5'2).
2457 847 2560 904 Isto
2600 851 2741 907 enim
2789 854 2947 929 modo
2992 858 3158 927 gratia
3207 870 3262 913 ut
3301 878 3405 915 non
3454 878 3736 932 peccemus

2132 934 2289 1003 facit,
2312 954 2416 993 non
2443 956 2561 1008 qua:
2591 932 2925 1011 peccavimus
2944 948 3114 1004 diluit.
3139 949 3374 1021 Utroque
3400 956 3542 1007 enim
3574 957 3736 1012 modo

2143 1026 2359 1098 adjuvat
2394 1031 2581 1100 gratia,
2610 1042 2662 1086 et
2703 1034 3017 1093 dimittenda
3056 1056 3175 1110 qua:
3216 1043 3353 1099 male
3398 1043 3640 1113 fecimus,
3678 1059 3735 1104 et

2143 1121 2449 1192 opitulando
2488 1134 2541 1178 ut
2571 1125 2902 1185 declinemus
2931 1147 2959 1185 a
2995 1134 3146 1190 malis
3185 1145 3239 1190 et
3268 1136 3406 1193 bona
3454 1141 3731 1198 faciamus.

2211 1211 2535 1269 CCXXVIII.
2566 1210 2683 1301 Jun.
2721 1219 2915 1278 Verum
2946 1226 3067 1295 quia
3094 1225 3353 1298 ejusdem,
3380 1247 3537 1302 quam
3565 1249 3732 1304 supra

2140 1316 2475 1373 exposuerat,
2495 1311 2802 1378 qumstionis
2822 1313 3127 1371 incurrebat
3145 1319 3387 1384 occasio;
3417 1330 3473 1375 ut
3487 1338 3731 1393 oppone-

2139 1403 2288 1448 retur
2313 1396 2576 1466 videlicet,
2610 1399 2861 1457 liberatos
2886 1419 2916 1458 a
2941 1404 3076 1475 lege,
3096 1423 3213 1477 qua:
3248 1408 3541 1466 intentabat
3569 1413 3728 1479 imm,

2138 1496 2357 1540 securos
2412 1501 2567 1555 posse
2610 1491 2709 1543 sub
2748 1494 2932 1561 gratia:
2986 1495 3076 1549 Dei
3117 1498 3440 1569 benignitate
3481 1516 3728 1571 peccare,

2138 1574 2372 1657 subdidit
2417 1579 2655 1646 protinus
2688 1599 2700 1633 :
2737 1582 2873 1650 Quid
2898 1586 3060 1657 ergo?
3103 1590 3442 1659 peccabimus,
3485 1595 3732 1663 quoniam

2137 1682 2237 1721 non
2258 1685 2434 1724 sumus
2458 1670 2549 1724 sub
2580 1671 2704 1744 lege,
2728 1674 2817 1728 sed
2839 1677 2929 1730 sub
2955 1679 3161 1749 gratia?
3186 1679 3365 1736 Absit:
3387 1700 3455 1736 an
3483 1685 3733 1759 ignoratis

2136 1761 2374 1830 quoniam
2401 1762 2484 1816 cui
2524 1765 2766 1821 exitibetis
2808 1785 2893 1823 vos
2935 1787 3100 1826 servos
3126 1771 3192 1825 ad
3220 1772 3569 1843 obedientium,
3597 1780 3732 1832 servi

2133 1852 2253 1904 estis
2291 1854 2399 1923 ejus
2434 1855 2515 1908 cui
2544 1854 2797 1933 obedistis,
2821 1861 2924 1913 sive
2946 1863 3161 1932 peccati,
3189 1865 3291 1918 sive
3314 1865 3607 1923 obeditiauis
3626 1870 3728 1939 ju-

2134 1942 2471 2031 stitite(fiom.
2494 1962 2565 2010 Vl,
2598 1949 2863 2020 15et16)?
2886 1952 3074 2008 Jamne
3096 1956 3141 2009 ei
3171 1955 3455 2023 credimus,
3478 1959 3547 2016 de
3569 1961 3734 2031 cujus

2136 2030 2446 2089 disseruerit
2468 2030 2732 2095 hactenus
2760 2042 3066 2099 conditione
3097 2048 3340 2117 peccati?
3382 2047 3492 2114 Cui,
3528 2030 3730 2122 inquit,

2136 2122 2377 2178 cxlu’betis
2406 2141 2489 2180 vos
2510 2142 2679 2184 servos
2705 2130 2773 2184 ad
2797 2133 3149 2204 obediemlum,
3174 2140 3281 2209 ejus
3308 2142 3437 2194 servi
3462 2143 3597 2207 estis,
3620 2144 3735 2198 sive

2137 2215 2348 2281 peccati,
2388 2217 2491 2271 sive
2506 2218 2739 2290 justitiaz.
2767 2219 2868 2277 Ubi
2900 2223 2985 2278 bic
3014 2242 3140 2296 ergo
3175 2227 3433 2286 indicatur
3474 2227 3542 2285 ab
3577 2232 3736 2302 Apo-

2134 2307 2272 2361 stolo
2298 2319 2575 2377 peccatum
2617 2311 2766 2381 illud,
2799 2314 2940 2384 quod
2969 2328 3092 2373 ante
3139 2320 3425 2375 voluntatis
3457 2333 3731 2393 tempora,

2136 2407 2260 2455 ante
2308 2402 2667 2458 obedientium
2720 2406 2984 2472 studium,
3032 2418 3155 2465 ante
3204 2412 3445 2470 scieniite
3494 2426 3548 2470 ct
3594 2432 3736 2471 con-

2135 2491 2373 2547 scientice
2404 2503 2637 2562 :etatem,
2669 2494 2797 2564 ipsis
2841 2498 3057 2569 fingitur
3088 2503 3461 2571 supervolasse
3500 2508 3734 2562 semini-

2132 2579 2271 2638 bus?
2312 2584 2450 2655 quod
2474 2595 2619 2641 certe
2638 2587 2739 2642 nisi
2766 2588 2820 2643 in
2847 2588 3258 2647 Manichaeorum
3286 2592 3456 2663 libris,
3485 2580 3732 2654 inveniri

2133 2689 2241 2730 non
2266 2686 2459 2745 potest.

2203 2766 2336 2822 Ave.
2377 2766 2494 2823 Non
2548 2778 2671 2826 sunt
2721 2770 3128 2830 Maniclnmorum
3179 2774 3323 2842 libri,
3365 2777 3452 2833 ubi
3500 2779 3729 2851 legitur.

2131 2851 2349 2911 Fuimus
2387 2858 2519 2912 enim
2561 2869 2608 2913 et
2642 2877 2733 2915 nos
2778 2872 2960 2917 natura
3003 2863 3100 2925 ﬁlii
3141 2865 3250 2932 iras,
3297 2867 3427 2921 sicut
3472 2878 3519 2924 et
3554 2874 3735 2926 caeteri

2132 2943 2346 3017 (Eplies.
2379 2964 2436 3016 ιι,
2468 2948 2522 3019 3)
2547 2967 2558 3002 :
2586 2947 2758 3019 quod‘
2782 2966 2886 3023 vos
2922 2968 3059 3007 novo
3089 2968 3259 3024 more,
3290 2956 3384 3012 sed
3434 2957 3729 3032 impuden-

2133 3036 2337 3093 tissimo
2381 3053 2494 3103 ore,
2539 3038 2963 3111 interpretamini
2992 3059 3058 3099 ex
3105 3060 3304 3116 grteco,
3333 3057 3391 3102 ut
3432 3051 3731 3120 Apostolus

2131 3124 2330 3184 dixisse
2367 3130 2629 3194 videatur,
2664 3149 2769 3187 non
2817 3143 3037 3201 natura;
3071 3137 3165 3192 sed
3212 3155 3438 3210 prorsus,
3468 3143 3568 3197 hoc
3613 3155 3725 3212 est,

2128 3222 2321 3292 fuimus
2350 3240 2556 3293 prorsus
2586 3225 2685 3295 ﬁlii
2713 3229 2821 3280 irae.
2853 3226 2918 3281 Et
2946 3227 3081 3285 forte
3110 3228 3211 3285 hoc
3241 3232 3525 3289 emendare
3553 3236 3727 3293 aude-

2128 3311 2253 3367 bitis
2294 3314 2345 3369 in
2384 3315 2656 3372 codicibus
2694 3318 2927 3373 vestris:
2956 3335 3062 3375 non
3105 3322 3249 3376 enim
3286 3324 3446 3378 vultis
3486 3327 3719 3396 acquie-

2129 3419 2280 3460 srerc
2299 3447 2314 3471 ,
2356 3407 2497 3478 quod
2527 3409 2626 3462 nisi
2655 3407 2788 3476 haec,
2818 3421 3019 3480 quanto
3043 3414 3242 3481 verior,
3277 3423 3424 3470 tanto
3447 3417 3727 3490 antiquior

2128 3494 2264 3551 fides
2294 3507 2455 3565 esset,
2487 3499 2588 3554 hoc
2626 3514 2813 3556 omnes
2842 3501 2991 3557 latini
3036 3503 3252 3560 codices
3296 3522 3400 3561 non
3432 3508 3721 3565 baberent.

2126 3586 2235 3643 Nec
2262 3588 2380 3644 ideo
2416 3598 2592 3645 tamen
2633 3592 2924 3663 Apostolus
2968 3611 3192 3653 monere
3220 3613 3323 3653 non
3352 3598 3552 3665 debuit,
3586 3603 3726 3658 obe-

2127 3681 2376 3737 diendum
2415 3698 2537 3740 esse
2559 3685 2804 3755 justitiae,
2832 3702 2936 3743 non
2983 3699 3219 3760 peccato,
3248 3691 3369 3762 quia
3396 3707 3587 3749 omnes
3617 3693 3723 3751 ho-

2128 3774 2302 3828 mines
2345 3774 2446 3829 sub
2491 3786 2707 3845 peecato
2737 3779 3025 3842 nascimur,
3067 3796 3294 3850 quorum
3342 3782 3457 3852 ipse
3482 3794 3638 3841 ortus
3665 3786 3722 3840 in

2124 3865 2253 3921 vitio
2300 3865 2751 3939 cst(Ambrosius,
2808 3869 2895 3924 lib.
2947 3871 2971 3927 1
3022 3871 3086 3926 de
3141 3871 3461 3939 Pwnitentia,
3512 3854 3632 3947 cap.
3685 3876 3724 3933 2

2124 3956 2202 4011 vel
2238 3954 2328 4030 5).
2370 3955 2503 4013 Cum
2530 3959 2672 4013 enim
2699 3960 3055 4028 generationis
3090 3972 3267 4018 reatus
3294 3968 3725 4036 regenerationis

2124 4048 2452 4121 indulgentia
2491 4048 2651 4105 fuerit
2678 4051 2972 4119 absolutus,
3001 4053 3354 4109 obediendum
3383 4065 3463 4110 est
3492 4057 3727 4127 justitia:

2122 4140 2356 4211 spiritui,
2387 4142 2472 4197 cui
2516 4144 2841 4212 consentire,
2875 4160 2973 4199 nec
3011 4145 3365 4201 obediendum
3396 4157 3476 4202 est
3509 4164 3725 4205 concu-

2123 4234 2396 4304 piscentiae
2421 4236 2617 4301 cartds,
2649 4246 2835 4291 contra
2865 4253 3023 4308 quam
3061 4247 3268 4294 certare
3310 4238 3568 4295 debemus
3598 4261 3614 4297 :
3649 4244 3724 4295 ita

2122 4340 2252 4382 sane
2276 4336 2332 4380 ut
2359 4326 2526 4395 ipsam
2557 4343 2768 4400 quoque
2807 4329 3163 4385 obedientiam
3206 4330 3345 4400 piam
3386 4331 3585 4387 donum
3625 4334 3722 4388 Dei

2121 4431 2241 4471 esse
2287 4417 2706 4486 meminerimus,
2748 4418 2891 4489 quod
2938 4421 3182 4488 promisit
3228 4438 3323 4491 per
3371 4423 3718 4495 prephetam,

2119 4508 2323 4577 dicens,
2352 4508 2497 4566 Dabo
2524 4512 2595 4565 eis
2621 4529 2708 4565 cor
2731 4514 3064 4584 cognoscendi
3102 4531 3199 4580 me,
3232 4525 3277 4571 et
3305 4534 3452 4572 aures
3491 4519 3684 4575 audieu
3703 4548 3720 4560 -

2119 4610 2190 4655 tes
2231 4600 2449 4671 (Jerem.
2494 4619 2638 4669 xstv,
2681 4604 2785 4676 7):
2819 4604 2961 4676 quod
3010 4605 3136 4677 quid
3179 4620 3261 4663 εει
3301 4607 3475 4677 aliud,
3523 4627 3715 4683 quam,

2121 4691 2434 4748 obcdienles
2453 4692 2477 4747 ?

2188 4781 2465 4839 CCXXIX.
2497 4783 2616 4840 Jun.
2651 4785 2912 4843 Caeterum
2942 4789 3225 4860 Apostolus
3254 4792 3486 4847 ostendit
3515 4794 3582 4866 (si
3626 4805 3713 4851 ta-

2117 4890 2239 4930 men
2269 4876 2497 4947 aliquam
2524 4879 2591 4935 ab
2617 4878 2917 4935 hominibus
2948 4881 3044 4936 hac
3075 4890 3389 4951 tempestate
3416 4882 3574 4939 fidem
3603 4887 3714 4940 im-

2116 4969 2307 5045 petrat)
2332 5011 2348 5036 ,
2380 4985 2565 5026 servos
2604 4987 2663 5029 se
2695 4988 2797 5027 non
2827 4974 3005 5030 dicere
3049 4977 3249 5045 peccati
3271 5018 3287 5043 ,
3321 4976 3420 5031 nisi
3451 4992 3544 5033 eos
3570 4993 3721 5049 quos

2116 5071 2322 5116 consmt
2351 5061 2622 5119 voluntate
2642 5065 2857 5136 propria
2872 5067 3142 5125 obediisse
3157 5075 3394 5137 peccato.
3414 5068 3569 5138 cujus
3590 5086 3721 5123 mu-

2118 5153 2314 5209 tatioue
2336 5156 2356 5186 ²
2378 5196 2391 5218 ,
2426 5154 2477 5209 id
2505 5165 2585 5210 est
2604 5198 2620 5222 ,
2649 5158 2968 5223 voluntatis,
2998 5169 3277 5227 coep-runt
3305 5160 3509 5215 servire
3540 5160 3721 5230 juSti-

2117 5246 2222 5300 tia).
2254 5244 2622 5303 Obcdientiam
2654 5262 2782 5317 ergo
2810 5248 2862 5301 in
2894 5249 3072 5305 medio
3094 5250 3409 5318 collocavit;
3438 5260 3494 5308 et
3518 5253 3571 5306 ei
3601 5254 3719 5308 im-

2114 5338 2316 5407 putavit
2339 5337 2481 5409 quod
2507 5337 2590 5393 vcl
2613 5338 2753 5394 vitiis
2780 5338 2948 5409 prius,
2965 5341 3049 5396 vel
3072 5353 3251 5413 postea
3274 5341 3596 5407 studuerunt
3612 5358 3719 5413 ρας

2115 5444 2234 5484 rere
2266 5427 2564 5485 virtutibus.

2185 5523 2319 5577 Anc.
2365 5520 2464 5589 Qui
2502 5521 2777 5577 conﬁdunt
2813 5522 3103 5582 inovirtute
3137 5532 3233 5583 sua
3273 5524 3461 5602 (Psal.
3503 5516 3718 5599 sunt,

2177 5635 2191 5698 ξ
2217 5640 2263 5682 tn
2287 5640 2413 5698 Mss,
2439 5646 2570 5698 quos.

2176 5697 2195 5725 ν
2219 5699 2289 5745 sic
2312 5697 2359 5745 in
2394 5696 2498 5747 MSS.
2524 5696 2659 5759 Editi,
2686 5696 2963 5749 imitatione.
