4004 6190
249 392 401 450 1265

244 512 377 579 7),
434 506 556 563 vani
605 513 768 570 sunt,
815 503 953 558 sicut
1002 513 1138 563 vos;
1188 507 1240 552 et
1285 496 1662 560 destrucntur,
1712 491 1849 549 sient

243 618 375 657 VOS.

328 689 586 747 CCXXX.
637 687 755 744 JUL.
803 682 1011 741 Gratias
1051 692 1219 737 autem
1265 679 1411 746 Deo,
1459 677 1594 745 quod
1636 676 1842 746 fuistis,

240 782 464 853 inquit,
512 780 638 834 servi
671 779 896 847 peccati;
938 774 1029 830 sed
1057 773 1293 830 obedistis
1336 787 1399 828 ex
1423 769 1605 836 corde,
1649 769 1702 825 in
1734 784 1844 820 eam

239 879 476 953 {oratam
503 871 780 937 doctrinm,
810 870 862 923 in
888 884 1039 939 quam
1074 866 1247 921 traditi
1286 865 1400 920 estis
1430 879 1449 919 :
1479 862 1673 917 liberati
1696 864 1712 893 ‘
1745 877 1841 914 au-

243 979 356 1023 tem
384 982 419 1019 a
449 972 648 1037 peccato
668 1003 691 1029 ,,
714 961 844 1019 servi
870 961 988 1015 estis
1034 959 1159 1032 [acti
1194 958 1410 1030 justitite
1444 955 1618 1028 (Rom.
1651 970 1701 1010 vt
1723 995 1739 1022 ,
1771 954 1838 1010 i7

241 1069 300 1115 et
336 1059 447 1129 l8).

324 1152 459 1211 Atto.
490 1148 662 1205 Surde
680 1191 696 1214 ,
716 1145 838 1202 audi
861 1145 1172 1217 Apostolum
1196 1143 1396 1213 gratias
1412 1150 1662 1213 agentem
1689 1140 1799 1196 Deo
1820 1180 1836 1205 ,

240 1242 393 1313 quod
424 1242 539 1311 ejus
563 1240 822 1296 doctrina:
850 1255 913 1293 ex
945 1237 1106 1295 corde
1133 1236 1484 1293 obedierunt:
1510 1233 1840 1305 quandoqui-

241 1335 372 1390 dem
396 1376 412 1397 ,
443 1350 548 1391 non
576 1333 742 1399 dixit,
773 1329 975 1386 Gratias
1004 1329 1109 1384 Deo
1128 1370 1142 1394 ,
1174 1329 1296 1400 quia
1328 1327 1606 1397 praedicata
1636 1336 1716 1381 est
1746 1341 1840 1380 vo-

240 1425 333 1480 bis
357 1425 601 1480 doctrina
628 1423 778 1494 ejus;
810 1422 902 1477 sed
922 1463 940 1488 ,
968 1422 1088 1491 quia
1113 1419 1366 1485 obedistis.
1392 1418 1508 1487 Non
1535 1418 1678 1473 enim
1714 1433 1834 1473 om-

240 1532 347 1571 nes
369 1515 661 1571 obaudiunt
681 1514 970 1584 Evangelio
995 1510 1107 1585 (Id.
1131 1527 1163 1568 ι
1182 1551 1199 1578 ,
1241 1510 1364 1582 16);
1404 1509 1497 1565 sed
1526 1510 1717 1581 quibus
1737 1508 1836 1565 da-

244 1616 362 1661 tum
390 1616 473 1663 est
492 1650 506 1672 ,
538 1615 596 1660 ut
618 1603 905 1660 obaudiunt
936 1620 951 1658 :
984 1604 1155 1669 sicut,
1186 1599 1357 1657 Nosse
1381 1600 1672 1672 mysterium
1696 1600 1838 1669 regni

242 1697 493 1750 actorum
512 1695 648 1750 vobis
675 1695 849 1748 datum
873 1701 945 1751 est
963 1735 976 1759 ,
1005 1692 1082 1763 ait
1109 1691 1396 1756 Dominus;
1422 1690 1524 1744 illis
1551 1698 1712 1744 autem
1735 1705 1836 1751 non

238 1795 318 1842 est
342 1786 518 1839 datum
547 1783 757 1857 (Matth.
797 1799 891 1849 xnt
909 1826 925 1855 ,
966 1781 1078 1852 ii).
1117 1781 1235 1847 Non
1262 1796 1389 1851 ergo
1416 1796 1480 1837 ex
1506 1780 1705 1847 corde,
1732 1780 1835 1836 hoc

238 1884 327 1930 est
351 1890 420 1929 ex
436 1875 732 1939 voluntate,
764 1873 1092 1938 obedissent,
1120 1871 1165 1927 si
1191 1886 1296 1926 non
1325 1880 1714 1940 prtepararetur
1741 1885 1836 1927 vo-

240 1968 426 2022 luntas
438 1982 467 2020 a
489 1965 711 2021 Domino
732 1983 744 2019 :
762 1964 997 2033 alioquin
1022 1962 1347 2019 mendaciter
1360 1961 1410 2017 ei
1425 1960 1494 2017 de
1510 1961 1610 2016 hac
1624 1976 1683 2018 re
1700 1962 1834 2032 Apo-

238 2056 420 2112 stolus
435 2056 636 2126 gratias
655 2055 783 2126 agit,
805 2055 849 2110 si
873 2054 974 2109 hoc
995 2054 1106 2123 ipse
1126 2068 1230 2109 non
1256 2052 1397 2108 fecit.

313 2143 597 2202 CCXXXI.
627 2144 746 2200 Jun.
778 2145 857 2200 Ex
884 2144 1043 2200 corde
1062 2187 1078 2212 ,
1108 2144 1310 2215 inquit,
1336 2142 1652 2200 obedientia:
1696 2142 1832 2198 facta

239 2238 488 2304 mutatio,
510 2237 755 2293 liberavit
781 2251 875 2293 vos
903 2251 932 2290 a
961 2243 1204 2308 peccato,
1222 2244 1277 2291 et
1300 2234 1565 2290 sanctitati
1591 2234 1711 2291 fecit
1738 2234 1833 2290 ad-

239 2328 472 2383 hmrere.

312 2425 449 2480 Aea.
469 2421 574 2478 Sed
594 2421 706 2476 inec
729 2420 952 2476 mutatio
975 2418 1209 2475 dextera:
1231 2416 1439 2475 Excelsi
1459 2424 1562 2473 est.
1583 2416 1717 2472 Audi
1737 2414 1833 2470 ho-

238 2515 443 2569 minem
474 2512 564 2568 Dei
597 2514 733 2568 hanc
774 2514 827 2566 in
855 2510 1067 2566 Psalmo
1108 2509 1330 2581 gratiam
1373 2507 1746 2568 confitentem.
1777 2514 1834 2563 et

238 2604 389 2659 disce
408 2604 527 2674 quis
550 2611 716 2657 mutet
742 2602 793 2656 in
821 2601 1011 2657 melius
1036 2598 1266 2655 hominis
1292 2598 1638 2653 voluntatem.
1667 2596 1733 2650 Et
1752 2597 1832 2650 di-

235 2701 315 2765 xi,
349 2697 539 2767 inquit,
573 2694 725 2750 Nunc
747 2695 909 2764 carpi;
935 2693 1042 2748 lucc
1063 2700 1136 2748 est
1158 2690 1439 2747 immutatio
1467 2690 1687 2744 dextera:
1715 2685 1827 2743 Ea:-

234 2790 361 2844 (εἰεί
386 2787 559 2857 (Psal.
587 2802 761 2850 vavt,
794 2786 907 2851 il).

210 2892 221 2899 ‘
306 2877 612 2935 CCXXXII.
643 2878 761 2933 int.
798 2874 1093 2931 Humanum
1126 2882 1200 2929 est
1226 2872 1363 2945 quod
1382 2872 1494 2927 dico
1522 2880 1725 2945 prapter
1747 2871 1831 2926 in-

233 2973 530 3043 ﬁrmitatem
555 2971 723 3026 carnis
745 2978 918 3025 ucstra:
946 2984 966 3023 :
993 2969 1121 3024 sicut
1145 2967 1278 3021 enim
1297 2966 1589 3022 exhibuistis
1610 2965 1829 3020 membra

234 3075 401 3120 vestra
419 3064 604 3119 servire
622 3062 954 3118 immunditia:
980 3070 1027 3115 et
1047 3059 1300 3131 iniquitati
1320 3059 1388 3113 ad
1407 3051 1831 3128 iniquitatemTita

232 3174 376 3213 nunc
395 3157 621 3213 exitibete
648 3154 867 3210 membra
889 3161 1051 3207 vestra
1070 3152 1255 3206 servire
1281 3150 1498 3223 justitiaz
1517 3149 1568 3202 in
1596 3148 1828 3214 sanctiﬁ-

232 3249 487 3304 cationem
529 3247 707 3320 (Rom.
752 3260 837 3312 vt,
1021 3241 1064 3299 0
1095 3252 1478 3314 praeceptorem
1505 3239 1706 3310 Spiritu
1735 3239 1829 3293 Dei

236 3342 487 3411 plenum!
512 3355 634 3395 vere
661 3354 751 3393 vas
776 3352 1017 3402 aureum,
1036 3344 1090 3391 et
1119 3335 1297 3390 tubam
1328 3349 1431 3388 non
1453 3333 1682 3389 concisis
1707 3332 1830 3386 stri-

235 3431 461 3486 doribus
481 3472 494 3494 ,
524 3430 617 3485 sed
644 3428 900 3483 absolutis
941 3427 1159 3481 vocibus
1202 3424 1597 3494 increpantem!
1628 3422 1826 3477 Aucto-

236 3524 453 3579 ritatcm
474 3521 706 3577 sermoni
730 3534 828 3577 suo
850 3517 915 3574 de
940 3516 1333 3574 exhortationis
1355 3516 1679 3570 humanitate
1699 3529 1829 3571 cou-

235 3616 406 3671 ciliat.

309 3709 449 3763 Acs.
480 3705 524 3762 Ο
555 3714 606 3763 te
631 3705 969 3775 deccptorem
1000 3701 1189 3773 spiritu
1215 3700 1464 3755 limretico
1489 3700 1724 3771 plenum,
1751 3709 1830 3753 to-

239 3808 353 3854 tum
380 3798 592 3854 dantem
621 3797 850 3852 hominis
876 3794 1165 3860 voluntati,
1191 3799 1375 3848 contra
1398 3806 1521 3846 eum
1547 3791 1637 3861 qui
1660 3790 1825 3856 dicit,

239 3891 383 3957 Quid
401 3891 529 3944 enim
552 3891 702 3945 habes
722 3888 856 3961 quod
877 3905 976 3942 non
996 3885 1233 3959 accepisti
1253 3883 1291 3956 (l
1317 3883 1434 3937 Cor.
1462 3898 1535 3949 tv,
1556 3883 1608 3952 7)
1621 3883 1644 3935 ?
1659 3879 1830 3936 Homo

235 3984 523 4053 Pelagiane
542 4026 557 4050 ,
591 3983 876 4054 plantando
903 3992 958 4037 et
986 3981 1204 4053 rigando
1234 3981 1332 4037 ista
1361 3979 1572 4034 dicebat
1596 3980 1828 4048 Aposto-

235 4076 325 4130 lus
356 4093 370 4128 :
402 4076 577 4129 sciens
601 4083 778 4129 autem
810 4073 948 4143 quod
980 4087 1133 4143 neque
1154 4071 1242 4143 qui
1270 4071 1486 4143 plantat,
1516 4078 1587 4123 est
1612 4068 1825 4138 aliquid,

233 4184 403 4238 neque
419 4167 505 4237 qui
530 4166 695 4236 rigat,
721 4166 810 4220 sed
837 4166 920 4237 qui
946 4165 1307 4219 incrementum
1331 4163 1417 4215 dat
1438 4161 1574 4217 Deus
1596 4161 1704 4231 (Id.
1732 4178 1784 4216 ιιι
1809 4203 1825 4228 ,

234 4248 318 4329 7),
342 4277 446 4315 non
467 4260 805 4330 pnecipiebat
822 4270 1044 4325 tantum,
1063 4256 1155 4312 sed
1175 4257 1333 4331 etiam
1351 4255 1535 4329 orabat
1558 4256 1622 4310 ad
1643 4256 1823 4325 Deum,

231 4361 295 4405 ut
314 4351 510 4405 malum
530 4367 631 4404 non
649 4350 905 4413 facerent,
921 4348 1112 4419 quibus
1124 4346 1237 4415 ejus
1250 4347 1459 4418 eloquia
1472 4345 1825 4416 praedicabat:

229 4451 427 4513 aperte
442 4444 580 4496 enim
603 4441 725 4495 alibi
743 4440 889 4503 dicit,
914 4437 1131 4495 Oramus
1152 4447 1319 4493 autem
1339 4438 1406 4491 ad
1423 4437 1606 4505 Deum,
1626 4454 1688 4491 ne
1705 4436 1829 4507 quid

231 4518 445 4604 faciatis
472 4534 592 4588 mali
617 4531 687 4604 (ιι
713 4532 833 4588 Cor.
863 4547 955 4587 χιιι
973 4573 987 4597 ,
1017 4529 1092 4602 7).

309 4620 635 4679 CCXXXIII.
667 4622 789 4678 Jun.
822 4622 897 4677 Ne
935 4621 1058 4693 quid
1088 4623 1229 4675 enim
1255 4619 1476 4675 arduum
1503 4626 1559 4674 et
1588 4618 1827 4674 inacces-

229 4732 360 4772 sum
390 4717 590 4771 homini
619 4718 906 4785 pra'cipere
931 4715 1225 4777 videretur,
1252 4713 1476 4768 verbum
1498 4711 1567 4767 de
1601 4726 1828 4767 consue-

231 4807 425 4861 tudine
446 4807 752 4877 usurpavit,
781 4816 835 4859 ut
856 4805 1133 4859 humanum
1154 4804 1388 4868 diceret,
1417 4802 1467 4856 id
1489 4811 1571 4858 est
1589 4845 1604 4869 ,
1636 4802 1789 4857 facile
1809 4844 1823 4869 ,

231 4899 522 4959 tractabile
542 4942 557 4966 ,
581 4912 637 4956 et
661 4899 802 4970 quod
836 4913 1116 4957 causarum
1140 4895 1537 4965 convparatione
1563 4895 1825 4950 mitescat.

228 4992 355 5046 Non
387 5007 417 5044 a
447 4992 631 5057 vobis,
665 4990 866 5058 inquit,
899 5002 1122 5058 reposco
1167 5000 1346 5057 parem
1391 4986 1627 5055 angustis
1668 4984 1831 5038 rebus

229 5084 625 5145 intentionem,
674 5097 771 5137 nec
798 5096 955 5152 quam
988 5094 1191 5148 magn-.e
1220 5086 1343 5130 sunt
1373 5076 1624 5130 virtutum
1656 5092 1785 5145 opes
1809 5116 1824 5142 ,

230 5187 348 5229 tam
377 5188 511 5228 nova
538 5173 712 5237 vobis,
740 5173 932 5241 quibus
954 5185 1046 5227 eas
1070 5168 1380 5238 capessatis,
1413 5176 1831 5237 prmceptacon-

227 5268 405 5321 stituo
429 5282 442 5317 :
467 5264 596 5321 nihil
623 5261 795 5318 ferum
821 5262 1025 5332 iugero,
1050 5260 1180 5315 nihil
1203 5260 1345 5329 quod
1370 5258 1454 5314 vix
1484 5258 1684 5328 portari
1711 5274 1841 5328 pos.»

226 5360 307 5411 sit
333 5355 533 5420 indico;
553 5355 688 5410 ne'si
716 5369 811 5423 pro
834 5352 1114 5423 Splendorc
1134 5351 1354 5420 ju~titi;e
1382 5350 1486 5404 tale
1512 5350 1709 5421 aliquid
1731 5350 1831 5405 imo

231 5463 518 5518 νεῖαι-ριν,
550 5446 618 5501 de
657 5444 834 5500 carnis
862 5443 1167 5498 inﬁrmitate
1209 5441 1488 5512 coitquesti
1528 5442 1831 5513 allegaretis

223 5539 419 5610 jugent
444 5552 543 5592 vos
565 5536 802 5593 laborem
831 5534 971 5591 ferre
996 5549 1099 5589 non
1130 5550 1303 5604 possr.
1348 5533 1497 5590 Nune
1527 5536 1703 5605 itaque
1731 5534 1831 5591 hac

227 5627 611 5682 nimlerauione
637 5626 899 5682 convenio
918 5668 932 5692 ,
963 5635 1019 5682 ut
1047 5625 1149 5681 tale
1175 5625 1407 5682 studium
1438 5627 1717 5683 virtutibus
1737 5626 1832 5682 ad-

304 5809 317 5839 ³
345 5812 419 5856 Sic
445 5815 545 5855 viss.
573 5814 622 5856 ,ιι
650 5806 781 5865 editi,
809 5804 963 5855 lit-crs.

1558 375 1760 433 LIBER
1798 373 2179 432 SECUNDUS.

3391 388 3537 449 ιξισ

1957 488 2182 549 hibeatis
2202 534 2215 556 ,
2242 494 2397 575 quale
2418 495 2734 553 adhibuistis
2768 505 2894 553 ante
2915 498 3228 555 criminibus
3261 517 3273 553 :
3305 514 3532 573 cumque

1956 580 2146 650 injuria
2170 583 2238 638 sit
2264 585 2603 641 honestarum
2638 603 2812 642 rerum
2834 630 2848 651 ,
2877 588 2924 644 si
2951 589 3040 643 tali
3065 601 3381 659 appetantur
3403 608 3532 662 pro-

1951 674 2146 741 posito,
2167 675 2323 747 quale
2352 685 2433 733 est
2460 677 2785 733 deformibus
2807 677 3104 748 impensum
3133 681 3322 744 rebus;
3353 692 3529 738 tamen

1949 764 2241 836 disciplinae
2267 767 2406 834 huic,
2434 769 2486 824 in
2516 785 2617 840 qua
2642 772 2788 833 estis,
2814 770 3027 839 sufficit,
3056 774 3098 826 si
3126 773 3208 828 vel
3237 774 3327 829 tali
3356 775 3531 831 inten-

1951 855 2093 911 tione
2110 854 2369 927 justitiam
2395 860 2667 932 sectemini
2688 899 2703 925 ,
2735 860 2878 930 quali
2909 859 3239 932 iniquitatem
3266 864 3394 919 estis
3425 864 3530 919 im-

1949 945 2369 1019 munditiamque
2389 930 2596 1004 sectati.

2016 1040 2150 1096 Anc.
2184 1038 2296 1097 lloc
2323 1050 2497 1096 tamen
2529 1059 2633 1098 non
2658 1040 2873 1108 facient,
2905 1043 3002 1098 nisi
3033 1044 3107 1099 illi
3135 1043 3383 1101 formosa:
3411 1060 3530 1101 sus-

1944 1137 2113 1199 ceptae
2157 1139 2293 1196 ture,
2321 1133 2763 1203 concupiscentia:
2802 1134 2977 1189 carnis
3003 1146 3299 1205 repugnent
3337 1138 3527 1198 robore

1944 1221 2217 1278 charitatis
2249 1240 2262 1276 :
2293 1238 2415 1278 cum
2455 1240 2558 1295 qua
2592 1225 2706 1295 lege
2749 1226 3105 1282 membrorum
3126 1268 3143 1294 ,
3172 1238 3527 1298 repugnatum

1942 1313 2044 1384 legi
2088 1315 2317 1381 mentis,
2340 1317 2527 1371 omnis
2566 1316 2727 1372 homo
2765 1318 3033 1383 nascitur;
3065 1328 3119 1373 et
3142 1320 3294 1390 cujus
3319 1321 3526 1392 obliga-

1944 1407 2091 1463 tione
2118 1422 2240 1463 reus
2278 1417 2359 1463 est
2381 1410 2399 1442 ³
2420 1450 2436 1473 ,
2468 1409 2513 1462 si
2556 1424 2662 1464 non
2709 1419 3051 1477 renascatur;
3082 1428 3239 1481 quam
3271 1415 3524 1468 mortales

1941 1513 2049 1553 non
2074 1500 2293 1554 vincunt
2315 1514 2414 1554 suo
2445 1499 2634 1569 spiritu
2653 1540 2669 1566 ,
2694 1501 2740 1554 si
2769 1517 2874 1555 non
2903 1511 3131 1571 agtmtur
3152 1503 3250 1559 Dei
3279 1504 3482 1572 Spiritu
3508 1521 3521 1556 :

1943 1588 2194 1662 Quotquot
2210 1591 2340 1645 enim
2355 1589 2554 1660 Spiritu
2568 1589 2659 1644 Dei
2671 1600 2909 1662 aguntur,
2923 1594 2977 1645 Ιιί
2992 1592 3087 1660 ﬁlii
3101 1604 3217 1647 sunt
3235 1593 3328 1648 Dei
3345 1592 3522 1667 (liam.

1938 1695 2050 1747 vin,
2090 1679 2196 1745 l4).
2228 1678 2303 1735 Ite
2326 1694 2486 1746 nuuc,
2516 1689 2565 1734 et
2590 1688 2777 1737 contra
2810 1680 2965 1735 istam
2995 1683 3337 1737 christianum
3364 1690 3526 1751 atque

1937 1773 2281 1843 apostolicam
2310 1774 2581 1828 veritatem
2605 1772 2910 1830 extollendo
2938 1775 3264 1845 pnecipitate
3293 1776 3519 1831 liberum

1937 1862 2249 1930 arbitrium,
2277 1875 2331 1920 et
2360 1866 2411 1919 in
2438 1874 2614 1925 vestra
2640 1866 2836 1927 virtute
2853 1908 2868 1931 ,
2900 1882 3009 1923 non
3034 1867 3363 1937 assurgendo
3380 1907 3396 1933 ,
3423 1867 3522 1924 sed

1935 1953 2176 2008 cadendo
2194 1997 2210 2019 ,
2241 1955 2511 2012 contidite.

2007 2041 2331 2101 CCXXXIV.
2380 2045 2499 2101 .IeL.
2531 2043 2825 2101 Credamus
2870 2046 3049 2117 itaque
3076 2047 3326 2118 Magistro
3371 2048 3518 2105 Gen.

1937 2135 2106 2202 tium,
2155 2145 2207 2222 et
2256 2137 2541 2203 reddamus
2589 2139 2638 2193 ei
2692 2139 3057 2197 tcStimonium
3100 2142 3339 2197 veritatis
3384 2158 3520 2197 sum.

1937 2224 2071 2287 Vere
2096 2228 2237 2282 enim
2263 2268 2277 2291 ,
2309 2228 2441 2286 sicut
2483 2229 2654 2293 dixit,
2689 2229 2977 2287 humanum
3015 2240 3099 2287 est
3141 2231 3284 2299 quod
3313 2250 3517 2304 pneee-

1936 2319 2050 2387 pit,
2100 2327 2158 2375 ut
2187 2321 2473 2376 voluntatis
2517 2323 2780 2381 correctio
2825 2324 3136 2381 emendaret
3166 2327 3294 2383 vitia
3326 2329 3517 2384 volun-

1935 2412 2077 2483 tatis.

2003 2504 2136 2561 Anc.
2165 2503 2271 2560 Sed
2296 2503 2558 2561 correctio
2584 2504 2699 2563 hinc
2725 2505 2955 2563 humana
2982 2523 3089 2563 non
3117 2508 3185 2563 tlt’
3212 2509 3312 2565 nisi
3339 2511 3520 2582 opitu-

1933 2591 2130 2648 latione
2150 2592 2345 2649 divina.
2368 2592 2501 2662 Quis
2521 2594 2661 2651 enim
2682 2596 2913 2655 hominis
2933 2599 3155 2669 corrigit
3169 2600 3517 2670 voluntatem,
3583 2620 3586 2624 '

1933 2687 2032 2742 nisi
2058 2688 2144 2744 ille
2163 2687 2247 2743 cui
2266 2687 2464 2745 dicitur
2480 2731 2497 2757 ,
2529 2688 2662 2745 Deus
2680 2690 2921 2746 virtutum
2939 2731 2954 2755 ,
2981 2703 3209 2747 converte
3234 2696 3324 2748 nes
3344 2693 3518 2764 (Psoi.

1933 2793 2112 2846 Lxxtx,
2140 2777 2229 2850 8);
2251 2787 2325 2846 et,
2354 2778 2510 2845 Deus,
2538 2789 2593 2835 tu
2621 2791 2910 2841 convertens
2934 2783 3205 2853 viviﬁcabis
3229 2801 3319 2840 nos
3345 2784 3517 2856 (Psal.

1933 2882 2146 2934 Lxxxtv,
2171 2869 2264 2941 7)?
2284 2870 2329 2924 A
2351 2869 2577 2926 Domino
2603 2872 2743 2929 enim
2774 2888 2988 2942 gressus
3017 2874 3248 2929 hominis
3277 2876 3519 2946 dirigun-

1934 2969 2034 3023 tur,
2054 2970 2108 3013 (τι
2131 2960 2269 3014 viam
2295 2959 2410 3030 ejus
2437 2962 2578 3017 volet
2603 2960 2772 3034 (Psat.
2801 2979 2979 3030 xxxvi,
2998 2965 3183 3036 '13).Si
3211 2977 3518 3022 autemnon

1930 3050 1998 3104 ab
2027 3050 2117 3105 illo
2139 3050 2465 3121 dirigantur,
2496 3051 2658 3111 homo
2682 3053 2821 3109 viam
2853 3053 2948 3109 Dei
2977 3069 3083 3110 non
3108 3056 3282 3123 volet,
3310 3058 3410 3113 etsi
3434 3057 3521 3128 ju-

1930 3142 2053 3197 beat
2084 3144 2162 3197 lex
2194 3152 2252 3196 ut
2278 3143 2422 3197 velit.
3514 3182 3517 3187 .

1988 3232 2291 3288 CCXXXV.
2308 3233 2423 3289 iet.
2441 3233 2543 3289 Sed
2568 3243 2621 3287 ut
2644 3232 2744 3289 hoc
2767 3234 3074 3300 humanum,
3093 3234 3170 3289 sic
3189 3234 3318 3290 illud
3340 3236 3480 3289 aliud
3495 3238 3517 3269 '

1931 3323 1973 3378 si
2021 3333 2255 3394 putasset
2280 3365 2296 3390 ,
2344 3339 2448 3380 non
2478 3325 2648 3378 solum
2699 3324 3042 3378 inhumanum
3063 3367 3079 3389 ,
3107 3340 3210 3379 non
3238 3325 3409 3380 sohnn
3439 3325 3518 3380 ie-

1930 3432 2047 3470 rum
2068 3459 2081 3481 ,
2116 3431 2297 3473 verum
2339 3417 2498 3472 etiam
2532 3418 2821 3488 injustam;
2869 3433 2974 3473 non
3004 3419 3175 3472 solum
3220 3417 3470 3486 injustam
3497 3459 3513 3483 ,

1932 3521 2114 3563 verum
2136 3507 2292 3563 etiam
2317 3509 2596 3573 insanum;
2626 3518 2680 3564 ut
2702 3519 2974 3579 peccatum
2992 3508 3044 3565 si
3069 3519 3251 3564 nosset
3272 3510 3471 3564 innasci
3497 3552 3514 3577 ,

1931 3599 2275 3667 exprobraret
2317 3614 2429 3653 suae
2455 3600 2627 3654 celatis
2672 3599 2973 3654 hominibus
3001 3601 3127 3655 vitia
3172 3609 3351 3670 partus
3376 3601 3516 3654 anti-

1930 3687 2021 3758 qui
2041 3688 2095 3753 ⁸;
2127 3688 2272 3743 etab
2297 3689 2381 3743 his
2404 3691 2715 3760 prmeiperet
2743 3692 3113 3746 abstinendum
3133 3735 3147 3758 ,
3180 3688 3298 3763 quae
3338 3693 3517 3749 innata

1930 3778 2207 3844 credebat;
2230 3788 2389 3848 atque
2412 3795 2532 3835 eum
2559 3782 2987 3839 interminatione
3018 3784 3405 3852 prmscriberet,
3428 3784 3520 3838 de-

1931 3866 2058 3921 bere
2074 3882 2157 3922 me
2175 3883 2236 3922 ea
2253 3867 2538 3939 deponere,
2557 3884 2676 3938 quae
2693 3880 2816 3925 ante
2835 3872 3028 3926 habere
3050 3886 3337 3942 ceperam,
3358 3890 3516 3944 «gnam

1931 3958 2106 4011 anima
2134 3958 2185 4012 in
2213 3972 2408 4028 corpus
2433 3973 2634 4025 meum,
2654 3958 2706 4013 in
2738 3960 2876 4014 hunc
2899 3977 3024 4017 vero
3041 3961 3295 4018 mundum
3321 3978 3527 4032 corpus

1932 4051 2171 4105 intraret.

2003 4143 2135 4199 Aea.
2164 4144 2298 4214 Ergo
2318 4143 2491 4198 carnis
2517 4145 2945 4215 concupiscentia
2974 4162 3076 4201 non
3096 4156 3178 4202 est
3204 4147 3405 4211 innata;
3426 4156 3519 4203 aut

1931 4248 2035 4288 non
2065 4235 2132 4288 ab
2155 4249 2214 4289 ea
2244 4235 2484 4313 praecipit
2509 4235 2900 4297 abstinemlnm,
2930 4237 3018 4307 qui
3047 4237 3197 4304 dicit,
3226 4236 3437 4292 Contine
3472 4248 3520 4293 te

1931 4325 2098 4401 ipsum
2124 4323 2309 4399 (Eccli.
2339 4336 2466 4391 nx,
2495 4324 2623 4398 Si);
2654 4335 2727 4391 et,
2762 4326 3025 4381 Desideria
3042 4328 3289 4398 juvenilia
3316 4331 3433 4399 fuge
3452 4328 3517 4399 (Il

1932 4414 2065 4470 Tim.
2095 4416 2284 4488 11,22).
2313 4417 2421 4472 Cur
2446 4434 2550 4471 non
2577 4418 2729 4484 dixit,
2754 4418 3059 4473 Voluntaria
3085 4417 3345 4473 desideria
3375 4418 3519 4488 inge?

1930 4508 2186 4564 iuventus
2221 4511 2405 4581 utique
2433 4527 2623 4565 ιιοιιιθιι
2650 4510 2822 4565 :rtatis
2847 4519 2926 4565 est
2958 4526 2972 4563 :
3008 4519 3193 4566 tenues
3217 4520 3393 4565 autem
3421 4527 3519 4567 na-

1933 4611 2068 4661 tura.
2099 4616 2204 4654 non
2230 4601 2474 4655 voluntas
2501 4601 2679 4667 habet,
2710 4609 2765 4655 et
2790 4617 2849 4654 ea
2890 4601 3314 4672 concupiscentia
3341 4601 3406 4655 de
3428 4601 3519 4671 jn.

1932 4693 2264 4747 vcnilimtate
2291 4693 2520 4747 maxime
2537 4693 2863 4758 accenditur;
2883 4695 3034 4764 cujus
3056 4694 3239 4765 utique
3263 4696 3341 4749 vis
3366 4695 3415 4749 in
3440 4696 3523 4755 itt-

1934 4784 2074 4837 t'ante
2088 4782 2111 4814 ⁴
2130 4783 2302 4852 sopita
2321 4792 2423 4847 est,
2442 4784 2577 4839 sicut
2603 4785 2843 4851 rationis,
2865 4786 3000 4840 sicut
3027 4787 3193 4854 ipsius
3208 4786 3494 4842 voluntatis

1932 4875 2036 4932 Sed
2053 4875 2307 4931 discernit
2333 4875 2518 4931 oculus
2547 4878 2887 4943 christianos,
2908 4894 3012 4932 non
3039 4876 3375 4947 Pelagianos,
3395 4879 3522 4947 quid

1933 4971 1998 5026 de
2017 4970 2288 5026 Creatoris
2315 4970 2664 5036 inStitutionc,
2688 4970 2813 5041 quid
2839 4968 2907 5026 de
2934 4971 3044 5024 vitii
3072 4972 3523 5025 contaminatione

1933 5063 2017 5119 vel
2041 5072 2216 5119 sumat
2242 5071 2449 5128 natura,
2468 5064 2551 5120 vel
2568 5065 2869 5130 contrahat,
2887 5062 3227 5118 Conditormn
3257 5079 3352 5118 suo
3381 5065 3522 5119 bono

1934 5156 2250 5227 praedicans,
2273 5156 2569 5227 eodemque
2595 5165 2811 5226 propter
2837 5157 3054 5220 malum,
3077 5172 3184 5226 quo
3213 5158 3392 5211 vitiata
3416 5166 3517 5220 est,

1938 5248 2182 5319 indigens
2208 5247 2483 5304 Salvatorc
2518 5265 2531 5301 :
2560 5241 2629 5305 de
2670 5259 2818 5304 reatu
2858 5248 3036 5315 enim,
3067 5264 3322 5319 cumquo
3363 5249 3519 5300 homo

2000 5475 2015 5506 ¹
2041 5480 2124 5524 Ms.
2165 5480 2275 5523 Mar.
2297 5506 2311 5531 ,
2335 5477 2382 5523 et
2421 5471 2559 5535 ctjus
2592 5469 2876 5535 obligatione
2914 5485 3088 5522 usurus
3111 5476 3194 5519 est.
3239 5476 3376 5515 l’orL.
3407 5478 3514 5518 usus

1936 5543 2023 5666 mi
2044 5605 2180 5666 Mssa:
2207 5595 2298 5647 Sed
2321 5602 2371 5666 ut
2407 5593 2890 5666 Itocjtumanumsit.
2908 5662 2917 5666 Δ
2935 5592 3057 5644 illud
3102 5588 3255 5666 eguit.

2000 5659 2022 5691 ³
2053 5659 2189 5715 ιτιιιιι,
2225 5656 2377 5721 panis
2420 5654 2646 5721 (intimae.
2685 5658 2981 5721 castigantur
3020 5667 3081 5702 ex
3128 5659 3232 5699 Mss.
3260 5656 3368 5721 Mar.
3394 5654 3519 5721 Fort.

1997 5721 2019 5751 ⁸
2044 5711 2296 5829 ι-ᾙιιιέῖξοιι
2332 5717 2380 5769 in
2418 5711 2616 5782 infante.
2661 5711 2889 5769 Particitla
2925 5722 3137 5777 negante
3176 5720 3341 5762 went
3376 5711 3522 5763 rident

1938 5795 2205 5843 manuscnp
2228 5796 2258 5830 ι.
