4004 6190
473 381 601 437 1237

472 490 706 547 nascitur
727 530 741 553 ,
772 502 875 541 non
902 494 986 540 est
1010 482 1150 553 quod
1177 483 1225 537 ei
1254 480 1590 554 prmeipiatur
1610 522 1625 546 ,
1654 479 1752 534 nisi
1783 486 1838 533 ut
1880 492 2038 533 rena-

470 591 672 638 tc:itur.
1872 586 1877 590 ’

538 667 861 726 CCXXXVI.
891 667 1010 723 ιυι.
1040 666 1241 722 lustius
1270 665 1646 721 admoneretur
1669 662 1735 719 ab
1761 662 1843 717 his
1865 704 1879 728 ,
1910 676 2046 731 quos

470 760 753 815 emendare
794 758 1072 823 studebat,
1105 766 1162 811 ut
1189 765 1444 827 quantum
1477 757 1795 825 imperaret,
1840 768 2043 822 expen-

468 852 649 915 deret;
681 858 735 906 et
776 850 934 904 sciret
963 849 1188 916 primum
1218 863 1338 903 esse
1364 846 1571 902 consilii
1599 845 1893 900 constantis
1922 858 2044 915 gra-

468 939 615 1005 diiin,
648 938 855 1009 imperii
884 938 1096 992 modum
1125 946 1324 992 tenere.
1356 938 1704 991 Exauctorata
1732 934 1925 1006 quippe
1950 933 2047 990 do-

466 1030 634 1082 cii-ina
660 1037 742 1084 est
759 1069 774 1095 ,
807 1043 966 1099 quam
992 1043 1096 1082 non
1122 1036 1299 1082 tuetur
1320 1028 1574 1097 mquitas;
1603 1036 1656 1080 et
1683 1026 1839 1095 plena
1864 1034 2048 1080 aucto-

469 1118 639 1173 ritatis
677 1119 735 1184 ³,
767 1133 925 1188 quam
967 1118 1186 1187 iustitia:
1233 1117 1365 1171 libra
1414 1116 1768 1171 commendat.
1819 1117 1895 1170 Ac
1950 1130 2046 1185 per

474 1210 606 1277 hoc,
643 1218 853 1264 constat
894 1210 1243 1280 Apostolnni,
1293 1208 1645 1264 reverendam
1686 1207 2044 1262 Ecclesiarum

472 1297 911 1365 iiil'ormatorem,
968 1301 1225 1353 rationem
1284 1298 1571 1369 magisterii
1612 1297 1730 1364 sui,
1784 1297 2043 1362 consilio,

472 1394 753 1461 mquitatc,
798 1392 1126 1451 humanitate
1169 1392 1507 1455 reddentem,
1539 1391 1667 1446 nihil
1705 1391 1772 1446 de
1818 1391 2042 1446 naturali

472 1483 706 1537 sensisse
728 1491 941 1551 peccato
961 1497 975 1549 ;
998 1482 1090 1536 sed
1110 1483 1421 1546 inculcasse,
1452 1490 1513 1535 ut
1543 1488 1780 1545 reserat,
1806 1489 1859 1536 et
1888 1481 2049 1535 vitio-

472 1585 589 1623 rum
619 1586 716 1625 nos
741 1586 924 1626 servos
949 1571 1155 1626 nonnisi
1192 1587 1286 1641 per
1308 1571 1630 1625 voluntatem
1659 1569 1853 1637 fuisse,
1883 1580 1936 1624 et
1956 1570 2047 1639 ju-

470 1660 628 1713 Stitiic
652 1675 750 1715 nos
774 1661 958 1715 eadem
996 1676 1154 1731 posse
1173 1702 1188 1725 ,
1215 1660 1259 1715 si
1282 1660 1575 1731 corrigatur
1593 1702 1608 1725 ,
1635 1661 1905 1715 voluntate
1929 1674 2047 1714 ser-

471 1750 604 1804 vire.
631 1749 825 1805 Verum
846 1752 1093 1821 quoniam
1120 1753 1171 1806 in
1197 1751 1528 1820 expositione
1555 1751 1652 1805 loci
1676 1750 1835 1819 hujus
1862 1750 1932 1804 fui
1956 1750 2050 1804 hac

471 1847 659 1892 etenus
686 1851 1007 1909 occupatus,
1052 1851 1110 1895 ut
1153 1842 1485 1896 ostenderem
1533 1856 1627 1911 per
1650 1841 1871 1910 apostoli
1901 1837 2049 1895 Pauli

472 1928 632 1983 verba
660 1929 977 1986 Maiiichzros
1002 1933 1131 1986 nihil
1161 1944 1316 2001 posse
1344 1930 1554 1986 defendi
1577 1949 1591 1998 ;
1620 1932 1892 2001 patuitque
1917 1946 2048 1986 cono

475 2029 618 2075 textu
662 2023 917 2077 orationis
941 2024 1057 2092 ejus
1086 2025 1279 2079 veritas
1297 2026 1320 2056 '
1338 2066 1354 2090 ,
1384 2040 1540 2095 quam
1573 2040 1666 2093 per
1689 2039 1847 2078 omne
1874 2023 2047 2077 dicto-

473 2126 591 2165 rum
618 2127 833 2167 suoruiii
860 2129 1054 2184 corpus
1080 2115 1389 2184 exsequitur
1420 2131 1433 2166 :
1466 2104 1552 2169 hic
1578 2117 1647 2169 sit
1687 2114 1903 2169 secundi
1932 2115 2051 2170 finis

474 2200 668 2269 libelli;
690 2220 796 2274 quo
821 2214 995 2259 tanien
1016 2206 1317 2260 necessario
1333 2220 1752 2272 commonemus,
1774 2205 1899 2260 nihil
1919 2205 2051 2260 Tra-

472 2291 713 2348 ducianis
754 2303 954 2364 prater
973 2295 1351 2364 impudentiam
1383 2296 1736 2360 remansisse,
1764 2295 1888 2365 quia
1928 2310 2049 2349 eum

473 2399 533 2441 sc
560 2387 938 2440 conﬁterentur
962 2387 1162 2441 nullum
1190 2388 1241 2441 in
1268 2386 1473 2441 ratione
1498 2385 1694 2441 habere
1722 2386 2048 2456 praesidibm,

474 2473 543 2528 de
585 2474 824 2543 Apostoii
861 2474 1016 2529 dictis
1040 2514 1055 2538 ,
1093 2490 1212 2545 qua:
1255 2476 1497 2544 exposita
1539 2483 1661 2529 sunt
1685 2516 1699 2541 ,
1743 2482 1909 2529 totum
1949 2474 2049 2528 sibi

475 2565 720 2631 solatium
776 2565 1116 2620 vindicabant
1158 2574 1281 2620 z’et
1332 2566 1582 2635 quoniam
1634 2567 1862 2632 claruit,
1917 2564 2051 2620 nihil

476 2654 529 2709 in
571 2655 654 2710 bis
694 2656 972 2723 deforme,
1005 2656 1135 2711 nihil
1164 2672 1270 2711 non
1312 2658 1577 2712 sanctitati
1605 2666 1658 2712 et
1684 2657 1874 2711 rationi
1917 2671 2050 2711 eon-

473 2746 711 2802 sentiens
740 2748 899 2803 fuisse
945 2748 1346 2819 praescriptum;
1378 2758 1596 2818 apparet
1638 2747 1897 2803 cecidisse
1923 2762 2052 2802 sen-

478 2841 698 2894 tentiam
723 2882 737 2906 ,
786 2855 943 2910 quant
990 2850 1044 2895 et
1084 2841 1220 2895 ratio
1258 2856 1379 2896 eum
1423 2841 1602 2895 multis
1648 2839 2052 2896 auctoritatibus

433 2936 440 2942 '
478 2930 894 2998 Scripturaruin,
934 2939 987 2986 et
1014 2945 1131 3001 quae
1158 2931 1212 2985 in
1241 2930 1352 2986 Deo
1383 2929 1455 3003 (a)
1487 2939 1569 2987 est
1593 2972 1608 2997 ,
1650 2931 1834 3001 religio
1853 2930 2051 2985 Catho-

474 3020 697 3076 lieoruin
748 3022 990 3091 proruit,
1018 3028 1075 3077 et
1114 3020 1224 3091 jam
1257 3022 1359 3076 loci
1389 3021 1545 3077 istius
1572 3021 1752 3091 opinio
1781 3036 1885 3075 non
1934 3029 2051 3076 tue‘

479 3118 564 3164 tur
600 3110 640 3163 ³.

546 3203 677 3256 Acc.
714 3202 947 3271 Apparet
971 3201 1219 3256 omnibus
1245 3201 1335 3272 qui
1360 3216 1490 3257 sano
1513 3201 1684 3272 capite
1711 3211 1869 3273 atque
1895 3202 2051 3259 intel-

475 3291 698 3360 iigcutcr
740 3293 853 3347 inec
894 3292 1105 3363 legunt,
1148 3306 1271 3347 cum
1300 3301 1484 3347 contra
1514 3292 1706 3358 verba,
1741 3309 1845 3348 non
1888 3293 2054 3362 magis

476 3397 624 3445 mea,
656 3401 812 3453 quani
854 3385 992 3438 beati
1023 3385 1257 3453 Apostoli
1279 3426 1293 3451 ,
1325 3385 1489 3439 multa
1535 3394 1622 3438 tua
1651 3385 1858 3441 diceres
1878 3427 1892 3452 ,
1923 3386 2054 3440 nihil

476 3484 529 3528 te
572 3475 839 3529 invenisse
878 3475 1017 3544 quod
1049 3476 1292 3539 diceres;
1321 3486 1373 3532 et
1399 3486 1638 3531 tortuose
1679 3477 1944 3546 strepitu‘
1972 3479 2054 3533 lo-

541 3638 566 3720 :
583 3636 789 3720 EditiLet
819 3635 961 3699 plena
994 3635 1252 3688 auctoritas
1273 3639 1359 3688 est.
1383 3638 1700 3700 usumipti,
1722 3632 2056 3701 auctoritatis;

476 3703 917 3843 :‘jgiiéj’ﬁiimiu
935 3770 1068 3818 vero,
1092 3762 1295 3822 putaque
1315 3759 1443 3823 quod
1465 3764 1685 3810 contextu
1706 3758 1935 3810 orationis
1955 3760 2059 3823 ejus

476 3825 647 3947 ξ’θῗῗῖἔ
668 3826 854 3947 ξῖξέίιι
882 3880 1015 3939 editi,
1051 3882 1218 3946 religio
1239 3882 1589 3934 catholicorum
1626 3880 1855 3947 pervicit;
1877 3888 1923 3933 ει
1948 3882 2060 3945 iam

477 3939 633 3991 locum
651 3941 809 4003 opinio
831 3954 926 3991 non
947 3947 1121 3992 tuetur.

538 4003 559 4068 ξ
593 4002 729 4068 aliti,
752 4008 799 4053 et
819 4008 913 4068 toto
935 4016 1013 4054 ros
1034 4002 1254 4067 strepitu.
1279 4005 1598 4055 Emendantur
1620 4016 1649 4053 a
1670 4005 2021 4068 manuscriptis.

537 4065 609 4126 (a)
643 4071 796 4125 Forte,
818 4063 869 4114 in
892 4072 1061 4114 Deum.

1134 369 1379 427 OPERIS
1420 366 1824 425 IMPERFECTI
1862 365 2130 421 CONTRA
2172 362 2530 427 JULIANUM,
2571 362 2628 416 S.
2670 360 3030 419 AUGUSTINI

3590 366 3727 423 1248

2147 475 2425 546 quacitatis
2463 475 2668 545 egisse,
2698 484 2753 529 ut
2793 475 2872 530 eis
2911 476 2998 545 qui
3027 487 3133 530 non
3162 474 3489 544 intelligunt,
3521 477 3726 538 dixisse

2147 568 2342 637 aliquid
2384 567 2656 623 videreris.
2688 567 2873 623 Velitis
2914 566 3091 623 nolitis
3111 608 3127 633 ,
3156 566 3259 623 Per
3283 585 3440 623 unum
3470 570 3727 628 hominem

2148 662 2405 729 peccatum
2427 658 2628 712 intravit
2653 659 2706 712 in
2729 658 2987 722 mundum,
3020 668 3066 712 et
3088 675 3177 729 per
3196 670 3457 731 peccatum
3486 680 3623 717 mors
3637 680 3656 728 ;
3679 678 3730 719 et

2147 750 2219 803 ita
2246 750 2300 803 in
2323 765 2492 802 omnes
2512 748 2735 803 homines
2755 749 3041 819 pertransiit
3067 749 3239 820 (Rom.
3267 766 3320 818 v,
3347 750 3456 821 li).
3482 752 3621 820 Quid
3647 764 3731 808 est

2146 842 2238 908 ita,
2271 840 2371 896 nisi
2397 856 2491 910 per
2520 849 2810 911 peccatum,
2842 856 2947 896 non
2968 842 3083 897 sine
3111 843 3361 912 peccato?
3377 841 3561 914 Neque
3583 845 3730 902 enim

2148 935 2497 1004 pertransiret
2529 949 2707 1001 mors,
2740 934 2841 991 nisi
2866 934 3091 990 ducente
3117 944 3334 1005 peccato
3366 954 3380 990 :
3413 952 3563 992 meis
3585 940 3730 993 enini

2152 1033 2424 1094 peccatum
2449 1025 2721 1095 sequitur,
2755 1040 2860 1079 non
2888 1025 3157 1095 praecedit.
3188 1026 3321 1083 [line
3345 1037 3470 1083 sunt
3489 1029 3511 1063 ι
3539 1044 3731 1088 omnes

2149 1115 2378 1169 miseria:
2405 1114 2706 1169 mortaiium
2727 1132 2759 1169 a
2777 1115 2860 1169 die
2881 1116 3044 1169 exitiis
3070 1115 3133 1170 de
3153 1127 3318 1172 ventre
3336 1119 3510 1173 matris
3530 1135 3729 1186 eorum,

2150 1206 2288 1260 sicut
2315 1207 2568 1275 scriptum
2609 1214 2691 1262 est
2733 1206 2919 1278 (Eccli.
2949 1224 3046 1273 xc,
3083 1208 3156 1279 ι).
3185 1208 3329 1276 Quas
3355 1212 3602 1268 miserias
3634 1229 3732 1270 vos

2150 1311 2271 1352 cum
2296 1298 2411 1353 sine
2437 1299 2548 1353 ullo
2584 1308 2800 1368 peccato
2825 1299 3067 1355 accidere
3088 1300 3264 1358 dicitis
3285 1305 3522 1373 parvulis
3540 1349 3556 1370 ,
3584 1307 3732 1378 inju-

2150 1399 2289 1445 stum
2320 1391 2484 1446 Deum
2511 1406 2633 1445 vere
2657 1405 2752 1445 vos
2771 1393 2793 1423 '
2818 1390 3022 1458 facitis;
3052 1388 3371 1450 Manielimes
3393 1406 3571 1452 autem
3601 1400 3732 1453 hor-

2151 1480 2377 1535 ribiliter
2391 1479 2666 1550 adjuvatis.
2685 1478 2766 1534 liii
2783 1481 2946 1549 enim,
2965 1496 3034 1536 ne
3051 1480 3243 1537 faciant
3260 1484 3512 1553 injustuni
3534 1488 3724 1555 Deum,

2152 1568 2279 1623 istas
2308 1570 2550 1624 miserias
2574 1585 2605 1623 a
2636 1570 2910 1625 nativitate
2948 1571 3247 1626 mortalium
3276 1573 3591 1631 immutabili
3630 1593 3733 1631 na-

2154 1667 2285 1713 turic
2315 1659 2438 1713 mali
2465 1659 2605 1715 etab
2630 1659 2735 1713 alio
2761 1659 3020 1733 principio
3045 1662 3273 1717 venienti
3304 1663 3614 1720 substantia:
3637 1666 3733 1721 tri-

2152 1748 2322 1803 buunt
2363 1749 2698 1804 tenebrarum
2732 1767 2745 1803 :
2779 1764 2913 1820 quos
2957 1750 3148 1822 impios
3174 1753 3333 1807 simul
3371 1762 3426 1808 et
3452 1770 3546 1810 vos
3587 1755 3734 1826 ipsos

2153 1839 2315 1893 vincit
2337 1840 2594 1894 catholica
2617 1839 2769 1908 fides,
2787 1856 2906 1912 qua:
2928 1840 3028 1896 ista
3053 1842 3229 1897 omnia
3253 1852 3468 1912 peccato
3488 1845 3510 1877 ³
3539 1845 3615 1900 iiii
3639 1848 3734 1902 tri-

2152 1928 2285 1995 buit,
2303 1930 2440 1999 quod
2466 1945 2530 1985 ex
2550 1930 2703 1999 primi
2728 1930 2957 1985 hominis
2970 1932 3243 1987 voluntate
3263 1933 3477 1989 intravit
3499 1935 3552 1989 in
3575 1951 3739 1991 mun-

2152 2019 2277 2074 dum
2311 2038 2324 2072 :
2357 2021 2498 2091 quod
2540 2034 2716 2076 secuta
2748 2032 2829 2078 est
2855 2038 2999 2078 mors
3023 2024 3183 2079 etiam
3206 2027 3309 2081 ista
3330 2069 3346 2093 ,
3377 2042 3494 2097 qua:
3541 2027 3731 2099 rogans

2152 2114 2401 2179 animam,
2433 2130 2624 2185 corpus
2649 2116 2938 2182 interimit;
2966 2132 3126 2187 quam
3156 2133 3252 2172 vos
3277 2118 3497 2186 homini,
3521 2122 3736 2176 etiamsi

2155 2218 2258 2258 non
2286 2214 2573 2271 peccasset,
2594 2204 2768 2260 dicitis
2794 2207 3105 2261 naturaliter
3124 2205 3288 2264 fuisse
3306 2218 3600 2265 Venturam.
3624 2210 3732 2267 Uu-

2152 2295 2219 2351 dc
2235 2297 2492 2366 sequitur,
2514 2306 2570 2350 ut
2590 2312 2693 2351 nou
2715 2297 2884 2353 solum
2903 2298 3044 2353 illam
3071 2300 3409 2369 imperiosam
3430 2302 3727 2367 libidinem,

2152 2404 2255 2458 qua
2277 2389 2493 2443 nimium
2515 2388 2883 2455 delectamiui;
2910 2406 3093 2448 verum
3116 2391 3281 2446 etiam.
3298 2392 3734 2448 iuolcstissimam

2154 2481 2354 2538 febrem
2376 2524 2391 2550 ,
2423 2492 2749 2555 externisque
2793 2484 3205 2539 innumerabiles
3252 2484 3501 2551 morbos,
3534 2485 3736 2555 quibus

2154 2575 2393 2630 videmus
2415 2575 2640 2630 afﬂictos
2667 2576 2911 2645 parvulos
2939 2576 3137 2639 emori,
3166 2576 3220 2629 in
3249 2574 3495 2645 paradiso
3521 2574 3738 2631 futuros

2156 2666 2318 2720 fuisse
2359 2665 2579 2732 dicatis,
2626 2667 2831 2720 etiamsi
2880 2679 3038 2720 nemo
3067 2672 3370 2734 peccasset;
3418 2666 3541 2734 quia
3572 2666 3743 2720 sine‘

2154 2759 2311 2813 ullius
2338 2758 2537 2828 peccati
2560 2759 2751 2813 merito
2772 2758 2885 2813 hinc
2913 2758 3111 2828 perpeti
3139 2758 3391 2828 parvulos
3408 2757 3605 2812 dicitis.
3631 2757 3738 2813 Co-

2155 2851 2332 2907 hibete
2358 2866 2451 2907 vos
2469 2892 2484 2918 ,
2512 2864 2692 2922 quaeso
2712 2892 2724 2916 ,
2752 2866 2873 2905 eum
2903 2849 3045 2905 falsis
3082 2858 3135 2905 et
3169 2850 3343 2904 noxiis
3380 2850 3622 2905 laudibus
3648 2866 3740 2905 ve-

2155 2943 2315 3007 stris;
2342 2942 2585 2997 cohibete
2610 2958 2705 2996 vos
2730 2942 2796 2995 ab
2824 2940 3111 2995 infantibus
3140 2950 3195 2995 et
3222 2942 3533 2996 lactentibus
3553 2983 3568 3007 ,
3590 2957 3743 3021 quos

2157 3042 2407 3102 tauquam
2452 3032 2582 3087 nihil
2611 3032 2735 3086 mali
2762 3032 3048 3098 habentes,
3077 3031 3280 3086 crudeli
3325 3047 3508 3086 errore
3552 3030 3738 3085 lauda-

2158 3124 2226 3178 tis
2256 3140 2271 3177 :
2302 3123 2370 3178 ad
2409 3122 2677 3177 Christum
2702 3120 3041 3177 liberatorem
3069 3122 3251 3176 venire
3279 3121 3582 3176 liberandos
3610 3138 3738 3190 par-

2160 3216 2308 3269 vulos
2334 3215 2524 3281 sinite;
2570 3213 2816 3268 miseram
2843 3222 3085 3267 naturain
3106 3254 3123 3279 ,
3148 3228 3308 3283 quam
3331 3213 3534 3268 vitiavit
3573 3214 3744 3268 homo

2158 3310 2395 3379 primus,
2442 3316 2500 3362 ut
2525 3315 2676 3361 sanet
2703 3306 2863 3361 homo
2904 3306 3167 3362 secundus
3188 3345 3202 3371 ,
3236 3306 3360 3360 victi
3400 3305 3743 3375 correctique

2158 3400 2446 3472 permittite
2475 3398 2519 3451 ⁸.
2701 3385 2704 3388 ’
3510 3412 3515 3417 δ

2222 3510 2401 3584 fruiti,
2420 3510 2507 3562 Hic
2535 3522 2629 3560 non
2644 3512 2770 3559 stutt.
2795 3515 2851 3559 Αι
2866 3515 2995 3567 am,
3012 3506 3134 3558 Hinc
3153 3513 3260 3557 sunt
3277 3519 3296 3568 ;
3318 3506 3505 3570 absque
3526 3511 3743 3568 negante

2159 3572 2588 3704 uersus
2604 3644 2699 3704 vos.
2724 3633 3031 3704 Aptiiisatss,
3053 3642 3163 3704 uere
3184 3642 3283 3681 eos.
3310 3703 3320 3704 ί
3368 3691 3379 3701 θ

2224 3697 2245 3729 ³
2268 3704 2316 3744 ιη
2343 3695 2501 3753 editis,
2524 3699 2735 3758 peccata.
2762 3702 2823 3743 hx
2844 3695 3177 3758 manuscriptis
3191 3695 3506 3749 correximus,
3526 3695 3743 3753 peccato.

2224 3757 2245 3790 δ
2267 3761 2339 3807 sic
2360 3764 2464 3806 Mss.
2491 3753 2546 3805 At
2569 3756 2701 3819 editi,
2726 3753 2863 3819 quasi
2880 3764 2983 3819 nec.

2225 3821 2359 3882 'rttic
2390 3816 2602 3882 pteiiardi
2628 3811 2895 3882 exemplar,
2926 3812 3237 3882 bibliotheca!
3270 3824 3400 3882 nunc
3434 3811 3749 3882 Celtici-tinge,

2161 3880 2355 3937 desinit,
2382 3880 2513 3928 ﬁnito
2535 3878 2746 3942 secundo
2772 3874 2892 3942 libro
2923 3874 3211 3942 subjicieiis:
3240 3874 3348 3942 [egi
3369 3885 3515 3923 nonas
3536 3874 3744 3942 martias

2164 3950 2322 4007 trama:
2343 3931 2508 4007 contra
2523 3938 2770 4007 Juliammt
2791 3931 3069 4007 luere-licunt
3090 3931 3413 4007 netagiwiiuit.
3685 3931 3748 4005 li:

2165 4001 2248 4053 ber
2270 4002 2523 4068 secundus.
2541 4001 2706 4068 verba
2724 4007 2837 4049 sunt
2860 3994 3222 4068 illius
3240 3994 3420 4046 calam
3439 3994 3637 4057 scripta,
3660 3995 3750 4057 qui

2165 4063 2415 4126 exemplar
2439 4061 2556 4115 illud
2579 4063 2736 4124 ipsum
2756 4061 3053 4127 recognovit.

2007 4182 3753 4206 Μ

1471 4267 1936 4375 LIBER
2018 4263 2725 4373 TERTIUS.

537 4432 781 4479 Excutitur
805 4432 979 4480 tertius
997 4428 1123 4478 liber
1144 4426 1314 4478 Juliani
1330 4442 1342 4477 :
1360 4440 1415 4478 ac

1437 4430 1641 4538 primum
1664 4429 1934 4479 ostenditur
1956 4442 2084 4489 eum,
2109 4429 2452 4501 scripturarum
2475 4428 2777 4485 testimoniis,
2812 4429 3167 4479 Deuteronouiii
3192 4425 3378 4499 scilicet
3411 4436 3484 4532 c‘aA
3501 4423 3568 4472 ite
3606 4422 3753 4484 νὶἑξθ·

1455 4496 1505 4538 te
1526 4490 1715 4538 deeimo
1733 4498 1904 4538 auarto
1927 4498 1976 4538 et
1998 4491 2254 4538 Ezechielis
2270 4494 2424 4538 (uirile
2443 4492 2630 4538 decimo
2653 4496 2821 4538 octavo
2854 4504 3088 4538 perverse
3108 4491 3257 4538 abuti.
3292 4491 3348 4534 ut
3365 4499 3422 4535 su
3488 4495 3576 4531 ere
3598 4497 3753 4531 eone.

479 4492 597 4540 simo
619 4499 807 4553 qu..rto,
835 4491 942 4540 libri
967 4498 1146 4553 Regum
1168 4492 1324 4553 quarti
1348 4490 1505 4551 capite
1526 4490 1715 4553 decimo
1733 4498 1904 4552 quarto
1927 4498 1976 4540 et
1998 4490 2254 4553 Ezechielis
2270 4494 2424 4553 capite
2443 4492 2630 4553 decimo
2653 4496 2821 4538 octavo
2854 4504 3088 4553 perverse
3108 4490 3348 4553 abuti,__ut
3365 4499 3422 4553 Sl_l

3488 4495 3576 4531 ere
3598 4497 3757 4531 eone.

478 4559 574 4616 tur,
608 4544 859 4616 parentum
885 4544 1076 4616 ρεξοωῶ
1091 4544 1208 4616 ﬁliis
1229 4564 1323 4601 non
1345 4564 1372 4600 a
1396 4544 1494 4600 beo
1515 4549 1611 4599 ulla
1630 4544 1868 4616 imputari.
1884 4615 1887 4616 ν
1902 4558 2059 4615 Ipsum
2079 4552 2257 4616 deinde
2283 4544 2516 4616 incassum
2556 4551 2796 4616 Liberare,
2805 4544 2874 4616 ut
2896 4552 2957 4600 ab
2981 4563 3043 4601 eo
3078 4565 3135 4601 se
3158 4549 3369 4616 exlilicet
3401 4545 3506 4616 loco
3529 4544 3755 4616 ξῐξῖδιοῑτβ

477 4613 535 4661 ad
561 4606 805 4677 Hebraeos,
828 4606 985 4675 capite
1006 4613 1274 4672 undecimo,
1300 4626 1386 4675 per
1408 4626 1556 4675 quem
1579 4606 1844 4677 evertenda
1868 4606 1993 4662 i'ori-t
2015 4615 2277 4673 responsio,
2302 4628 2395 4677 qua
2421 4615 2467 4677 in
2490 4614 2741 4677 superiore
2785 4612 2909 4677 libro
2942 4621 3196 4674 tantopere
3229 4606 3758 4677 illCillCﬁVl-l,“hiet:an

479 4671 702 4738 Apostoio
721 4665 1045 4738 dictumuesse
1069 4687 1231 4733 imum,
1252 4665 1341 4738 per
1363 4665 1508 4738 quem
1531 4674 1748 4738 transivit
1772 4682 2035 4735 peccatum,
2061 4665 2123 4722 ne
2146 4665 2400 4738 generatio
2419 4665 2666 4738 sineretur
2686 4672 2909 4738 intelligi.
2928 4665 3099 4738 Postea
3133 4683 3393 4738 reversum
3402 4668 3471 4738 ad
3490 4667 3614 4738 dicta
3639 4665 3761 4738 libri

479 4728 678 4803 secundi
703 4733 766 4782 de
782 4735 963 4795 Nuptiis
987 4740 1038 4783 et
1059 4728 1462 4806 concupiscenda,
1488 4736 1652 4798 inique
1671 4728 1824 4798 agere
1846 4744 1954 4785 eum
1981 4728 2238 4807 Augustino
2262 4736 2487 4784 eumdem
2509 4734 2763 4793 Juliauuin,
2895 4737 2957 4786 ab
2980 4734 3062 4806 illo
3081 4743 3132 4785 et
3152 4732 3363 4805 hominis
3381 4730 3587 4778 liberum
3621 4728 3759 4776 arbi-

480 4800 624 4843 trium
649 4802 701 4843 et
722 4801 873 4843 Deum
897 4802 1198 4843 nascentium
1219 4796 1514 4843 conditorem
1539 4809 1728 4843 1162.1“.
1750 4797 1913 4843 denuo
1933 4805 2179 4843 queritur:
2207 4798 2387 4843 miiaue
2411 4797 2609 4843 insuper
2628 4810 2737 4843 eum
2766 4797 2797 4843 ii
2820 4810 2894 4843 ius
2914 4796 3054 4843 dictis
3075 4796 3352 4843 lizeretieam
3374 4788 3625 4843 quamdam
3659 4794 3758 4836 Ma-

480 4794 624 4859 trinio
637 4802 701 4859 Aet
722 4788 873 4859 Deum
897 4796 1198 4844 nascentium
1215 4788 1514 4859 conditorem
1539 4788 1730 4858 negari:
1750 4797 1913 4859 denuo
1933 4788 2179 4859 queritur;
2207 4798 2387 4859 quique
2411 4797 2609 4858 insuper
2628 4810 2737 4846 eum
2752 4788 2894 4846 illius
2914 4796 3054 4859 dictis
3075 4794 3352 4859 hzeretieani
3374 4788 3631 4859 quamdam
3659 4794 3758 4836 Ma-

479 4855 646 4930 iiidizei
672 4855 921 4930 epistolam
943 4868 1236 4930 comparatis,
1260 4870 1353 4930 non
1370 4855 1461 4905 alia
1480 4854 1631 4930 quani
1645 4870 1755 4930 qua:
1774 4858 1900 4930 apud
1920 4854 2493 4930 aiam‘chmum'legiintnr,
2513 4854 2905 4930 argumentorum
2924 4858 3032 4907 vice
3052 4854 3284 4919 obiectari
3301 4866 3330 4903 a
3348 4858 3513 4902 sancto
3527 4856 3761 4910 vectore,

479 4918 540 4965 ab
563 4916 723 4981 eoque
744 4916 947 4981 perinde
967 4916 1114 4981 atque
1131 4930 1161 4968 a
1180 4919 1435 4968 ueniebam
1450 4916 1676 4968 naturain
1687 4916 1931 4969 hominum
1953 4917 2123 4968 malam
2146 4916 2441 4980 pronuntiari
2463 4916 2793 4970 calumniatur.
2874 4926 2884 4945 ν

1882 5028 2354 5083 (Θῶκέἱοβεέἒῢ

564 5130 601 5180 l.
642 5125 915 5181 JCLMNUS.
962 5126 1281 5196 Oportuerat
1331 5124 1541 5196 quidem
1594 5123 1733 5195 apud
1773 5123 2061 5178 lmmanum

493 5234 661 5290 genus
692 5219 1044 5272 reverentiam
1076 5220 1311 5273 omnium
1341 5218 1518 5287 vigere
1559 5221 1809 5271 virtutum
1848 5233 1863 5270 :
1905 5229 2063 5282 opor-

486 5319 654 5366 tuerat
703 5310 875 5364 resisti
913 5310 1137 5380 sapienti
1185 5325 1399 5379 semper
1431 5310 1448 5341 ί
1488 5316 1668 5364 mente
1710 5307 2058 5373 criminibus,

483 5399 813 5456 etdemcreri
837 5399 990 5455 bonis
1012 5399 1199 5454 studiis
1223 5398 1525 5454 Conditoris
1547 5401 1778 5453 favorem
1805 5416 1817 5451 :
1842 5397 2061 5467 dignum

485 5502 599 5546 erat
628 5501 918 5562 postremo,
950 5499 1007 5543 ut
1034 5488 1155 5559 quia
1184 5488 1270 5543 hic
1297 5490 1564 5544 continu-.1:
1591 5488 1888 5544 devotionis
1918 5488 2064 5557 prior

485 5591 539 5637 et
564 5582 767 5637 felicior
794 5581 987 5649 gradus
1013 5596 1131 5636 cuin
1160 5595 1332 5643 rarus,
1361 5591 1468 5634 tum
1497 5581 1694 5635 arduus
1715 5580 1872 5635 etiam
1906 5580 2062 5635 nimis

488 5673 693 5727 videtur
716 5713 731 5736 ,
761 5673 848 5726 vel
875 5671 964 5726 diu
994 5670 1097 5725 iuta
1126 5671 1250 5725 vitia
1282 5673 1477 5741 respui,
1509 5681 1563 5755 et
1588 5671 1650 5723 ad
1679 5671 2060 5727 emendationis

550 5783 566 5813 ⁸
595 5783 882 5843 \‘iguicrius,
896 5779 1097 5843 sapienti
1119 5788 1305 5843 mente;
1329 5780 1521 5853 omisso,
1545 5788 1749 5841 semper.

2164 5137 2227 5176 ae
2269 5124 2592 5192 paenitentia:
2646 5124 2948 5195 pmsidium
2997 5121 3179 5177 rediri.
3240 5119 3556 5190 Oportuerat
3601 5130 3766 5174 certe

2168 5216 2250 5271 vel
2281 5217 2331 5271 in
2362 5202 2469 5272 hoc
2489 5217 2844 5273 inviolabilem
2877 5217 2969 5271 Dei
3005 5228 3220 5270 manere
3252 5212 3601 5267 reverentiam
3625 5250 3640 5275 ,
3689 5220 3760 5266 ut

2169 5324 2274 5364 non
2303 5310 2454 5364 nobis
2482 5324 2624 5365 esset
2649 5322 2866 5365 necesse
2895 5311 3125 5364 divinam
3156 5309 3329 5380 legem
3373 5318 3521 5363 tanto
3570 5306 3762 5363 vindi-

2169 5416 2294 5456 care
2322 5404 2610 5457 certamine
2641 5403 2657 5435 ί
2688 5420 2702 5456 :
2736 5417 2920 5458 verum
2951 5403 3074 5473 quia
3103 5416 3167 5457 eo
3196 5418 3364 5472 usque
3414 5400 3763 5472 peccantium

2168 5490 2349 5547 furore
2404 5501 2710 5562 perventum
2770 5502 2871 5557 est,
2906 5502 2963 5548 ut
3012 5494 3233 5548 summis
3274 5491 3544 5547 laboribus
3584 5491 3769 5547 Deum

2163 5584 2364 5654 justum
2391 5599 2509 5639 esse
2533 5585 2837 5647 doceamus,
2866 5589 3032 5656 ipsius
3055 5586 3297 5656 Ῑιιειίιίίυ,
3330 5586 3483 5654 cujus
3504 5598 3661 5639 causa
3686 5599 3757 5638 a-

2168 5676 2307 5746 gitur
2350 5686 2728 5743 praesumentes
2753 5678 3043 5739 auxilium,
3087 5693 3204 5747 qua:
3231 5678 3367 5732 libro
3410 5675 3767 5747 promisimus

2236 5782 2249 5810 ι
2273 5781 2557 5842 \ignici‘ius,
2576 5781 2974 5831 dissentientibus
2999 5784 3251 5847 tiiaztttscrii
3269 5785 3348 5842 tis,
3388 5778 3614 5833 crimine.
