3962 6180
193 281 211 331 f
219 271 306 331 319

188 384 483 460 prte’iedettie
512 378 810 434 reddamus.

240 478 568 532 Accusrutus.
617 471 882 525 Auxilium
936 470 1025 524 Dei
1062 464 1260 540 qumvis
1302 473 1356 522 ut
1407 461 1727 536 impleantur

184 570 284 624 vani
310 566 417 622 libri
446 564 515 618 tui
539 581 552 625 ;
582 574 635 616 et
674 579 778 624 non
805 561 1018 635 qttmris,
1051 571 1106 613 ut
1133 559 1466 628 corrigantur
1493 555 1730 626 perversi

185 670 346 714 sensus
370 654 459 709 tui.
496 652 700 708 Vellem
733 663 904 707 tamen
928 650 1155 715 diceres,
1180 657 1392 719 propter
1408 646 1530 717 quid
1554 646 1603 699 in
1632 644 1731 698 hoc

182 763 322 817 opere
355 744 605 800 auxilium
631 743 720 797 Dei
752 757 960 812 poscas,
992 756 1111 795 cum
1152 739 1220 793 sit
1244 740 1299 792 in
1329 748 1417 792 tuo
1449 738 1616 791 libero
1644 749 1726 789 ar-

182 837 321 893 bitrio
348 839 455 893 sive
487 836 659 891 facere
685 836 805 901 hoc,
836 834 949 891 sive
976 847 1079 887 neu
1112 831 1309 887 facere.
1343 830 1423 885 An
1452 839 1505 883 ut
1533 844 1595 883 ea
1640 825 1734 880 tibi

189 941 362 1003 prmsto
389 930 514 996 sint,
543 944 661 998 qua:
689 927 741 981 in
780 935 1036 997 potestate
1068 935 1153 980 tua
1194 940 1301 979 non
1340 932 1483 989 sunt,
1528 932 1582 976 et
1618 920 1736 975 sine

181 1023 348 1094 quibus
379 1021 479 1075 hoc
506 1021 645 1074 effici
673 1033 778 1072 non
803 1026 1008 1090 potest;
1032 1017 1175 1072 sicut
1200 1025 1345 1083 sunt,
1374 1024 1430 1069 ut
1454 1014 1558 1068 alia
1585 1012 1734 1066 omit-

185 1123 288 1177 tam,
318 1114 428 1181 ipse
454 1112 624 1167 victus
653 1120 811 1180 atque
840 1109 1006 1163 otium
1032 1107 1056 1161 ?
1083 1107 1151 1162 At
1176 1106 1290 1162 haec
1334 1120 1470 1176 pene
1521 1118 1735 1172 semper

183 1205 301 1259 Deus
330 1219 423 1273 per
450 1205 751 1257 voluntates
781 1198 940 1256 nobis
958 1201 1323 1255 subministrat
1353 1200 1597 1253 aliorum.
1643 1197 1734 1251 Vi-

181 1297 259 1351 des
297 1311 420 1368 ergo
462 1296 515 1350 id
560 1303 612 1350 te
652 1309 873 1365 poscere
914 1294 982 1348 ab
1025 1294 1388 1363 omnipotente
1435 1286 1566 1358 Deo,
1614 1304 1735 1345 cum

182 1399 373 1457 propter
400 1385 698 1456 implendus
744 1395 863 1439 tuos
899 1383 1065 1439 libros
1092 1383 1266 1453 poscis
1291 1380 1568 1445 anxilium,
1601 1388 1657 1434 ut
1682 1379 1735 1433 iu

179 1479 514 1535 voluntatibus
533 1477 831 1542 hominum,
861 1474 1003 1546 quod
1036 1484 1085 1529 te
1125 1475 1359 1543 adjuvet,
1405 1482 1461 1528 et
1505 1471 1645 1542 quod
1684 1480 1738 1526 te

180 1590 267 1628 non
294 1570 563 1641 impediat,
595 1579 865 1640 operetur.
895 1567 1028 1622 Nam
1057 1566 1103 1621 si
1134 1568 1302 1621 nolint
1341 1565 1587 1620 homines
1638 1564 1733 1618 tibi

176 1665 352 1719 vietum
385 1661 790 1717 subministrare
823 1667 1168 1729 sumptusque
1182 1664 1553 1727 congruentes,
1579 1655 1622 1708 si
1646 1669 1741 1707 no-

179 1754 259 1808 lint
279 1761 543 1822 postremo
558 1769 585 1805 a
606 1761 658 1807 te
674 1749 1015 1820 inquietando
1033 1746 1470 1818 impediendoque
1490 1759 1701 1800 cessare
1721 1760 1737 1807 ;

178 1843 410 1909 scribere,
438 1841 521 1897 vei
543 1842 742 1898 dictare
766 1842 866 1896 ista
897 1856 998 1894 non
1031 1837 1246 1909 poteris.
1273 1836 1469 1907 Speras
1493 1850 1621 1906 ergo
1645 1850 1740 1889 an-

178 1935 283 1987 xilio
307 1934 397 1988 Dei
430 1934 508 1988 sic
532 1933 612 2004 agi
644 1932 915 1988 hominum
932 1932 1230 1986 voluntates
1257 1929 1395 1984 inter
1420 1943 1553 1998 quos
1582 1927 1739 1995 vivis,

178 2033 224 2079 ut
252 2024 338 2078 tibi
383 2025 741 2095 necessarium
780 2022 909 2077 nihil
953 2021 1110 2077 desit.
1143 2021 1365 2075 Paratur
1392 2018 1535 2074 enim
1560 2017 1741 2089 (quod

178 2131 264 2168 non
295 2114 519 2169 creditis
555 2115 574 2184 )
611 2114 859 2167 voluntas
898 2128 930 2167 a
972 2108 1243 2180 Domino(
1281 2107 1439 2161 Prov.
1485 2122 1596 2172 Vill,
1640 2122 1740 2159 sec.

178 2202 297 2258 LXX
327 2203 373 2275 ).
412 2207 521 2257 Aut
549 2205 704 2273 igitur
730 2211 876 2256 tuum
906 2200 1096 2270 dogma
1134 2199 1243 2269 jam
1271 2198 1500 2267 corrige,
1546 2204 1639 2249 aut
1678 2194 1745 2249 ad

180 2297 257 2349 hoc
301 2293 706 2349 defendendum
747 2290 931 2347 desine
973 2289 1211 2343 divinum
1258 2287 1516 2342 auxilium
1557 2294 1745 2356 postu-

182 2384 286 2439 lare.

234 2474 289 2529 li.
322 2473 449 2529 Jun.
493 2473 626 2527 Cum
659 2472 711 2526 in
739 2471 908 2542 primo
942 2470 1209 2526 volumine
1238 2469 1530 2547 perspicuis
1556 2466 1747 2523 defini-

179 2565 391 2619 tionibus
419 2564 770 2625 constitisset,
800 2562 965 2616 Deum
992 2561 1274 2629 itajustum
1299 2575 1438 2622 esse,
1465 2568 1521 2612 ut
1545 2560 1589 2611 si
1633 2572 1746 2626 pro-

178 2656 269 2709 bari
299 2663 486 2726 posset
509 2653 683 2724 justus
713 2669 818 2707 non
849 2668 986 2717 esse,
1016 2652 1424 2706 convinceretur
1454 2650 1593 2703 Deus
1632 2664 1739 2704 non

179 2762 311 2812 esse;
342 2762 576 2816 etmtque
600 2761 761 2814 super
789 2744 889 2799 hoc
923 2742 1268 2798 remansisset
1292 2742 1434 2796 nulla
1462 2739 1742 2809 dubitatio,

181 2837 350 2891 claruit
370 2837 538 2891 etiam
556 2836 814 2906 justitiam
838 2835 965 2890 nihil
993 2849 1113 2890 esse
1138 2833 1281 2888 aliud
1309 2849 1466 2904 quam
1489 2832 1744 2887 virtutem

180 2943 427 2997 nunquam
450 2926 743 2998 quidquam
772 2927 949 2996 inique
971 2925 1319 2996 judicantem,
1336 2911 1468 2978 nihil
1490 2922 1667 2993 inique
1681 2922 1749 2976 fa.

178 3010 404 3086 cientem,
454 3017 553 3072 sed
583 3013 889 3071 reddentem
927 3031 1021 3070 sua
1052 3013 1333 3083 unicuique
1382 3012 1499 3068 sine
1538 3010 1751 3078 fraude,

178 3109 273 3165 sine
304 3110 506 3180 gratia,
540 3107 589 3162 id
617 3116 717 3173 est,
748 3108 862 3161 sine
895 3120 1241 3176 personarum
1265 3103 1591 3173 acceptione.

236 3198 341 3255 Anc
397 3216 417 3251 ι
482 3196 608 3251 Sine
640 3196 842 3261 fraude,
884 3216 901 3247 ι
954 3210 1135 3249 verum
1184 3192 1357 3256 dicis;
1392 3207 1459 3246 ne
1502 3191 1748 3262 puniatur

182 3288 468 3342 immeritus
508 3307 522 3342 :
566 3307 584 3339 ι
618 3288 732 3342 sine
757 3286 921 3357 gratia
961 3305 981 3338 ι
1017 3301 1140 3339 vero
1166 3284 1209 3338 si
1233 3283 1434 3353 justitia
1468 3283 1558 3338 Dei
1583 3292 1746 3347 esset,

180 3393 423 3442 nunquam
468 3377 708 3433 Christus
740 3394 832 3447 pro
863 3376 1055 3445 impiis,
1091 3374 1141 3428 id
1189 3386 1292 3437 est,
1324 3388 1418 3442 pro
1453 3372 1584 3427 nihil
1624 3372 1747 3429 bOni

180 3478 223 3521 et
257 3471 481 3525 attritum
529 3468 654 3523 ntali
699 3467 1023 3521 merentibus
1067 3475 1305 3519 mortuus
1354 3463 1577 3528 fuisset;
1616 3480 1750 3518 nun-

182 3574 313 3627 quam
360 3569 642 3629 postremo
690 3557 954 3627 parvulos,
1000 3572 1222 3626 quorum
1253 3555 1393 3609 nulla
1419 3553 1551 3609 bona
1582 3569 1743 3622 opera

184 3651 516 3720 voluntasch
562 3650 851 3719 praecessit,
879 3647 930 3700 in
961 3662 1113 3700 suum
1153 3661 1373 3710 regnum
1410 3644 1744 3713 adeptassct,

186 3756 267 3795 nec
284 3743 331 3796 in
354 3744 550 3798 eadem
572 3756 729 3796 causa
758 3740 892 3795 alios
923 3737 1169 3809 parvulos
1187 3736 1426 3807 ejusdem
1450 3735 1598 3806 regni
1631 3751 1749 3804 par-

184 3831 472 3901 ticipatione
508 3831 706 3885 frauda-
720 3839 821 3896 set,
854 3828 941 3899 qui
974 3846 992 3880 ι
1029 3842 1297 3896 nunquam
1328 3824 1748 3896 iniquejudicat,

185 3922 291 3975 nihil
310 3924 496 3993 inique
514 3922 655 3988 facit,
681 3930 842 3977 etsua
866 3919 1146 3988 unicuique
1171 3917 1287 3972 sine
1316 3915 1497 3970 fraude
1520 3915 1746 3971 reddit.)

185 4014 407 4081 Agnosco
428 4029 563 4082 ergo
586 4012 833 4083 parvuios
858 4025 980 4063 vasa
1008 4009 1061 4063 in
1088 4007 1346 4062 honorem
1378 4022 1472 4077 per
1495 4009 1716 4076 gratiam
1733 4046 1749 4070 ,

185 4105 257 4171 qui
283 4113 629 4158 assumuntur
650 4104 701 4157 in
724 4101 817 4157 Dei
844 4115 1100 4172 regnum;
1132 4107 1187 4154 et
1213 4099 1345 4154 alios
1371 4097 1640 4168 parvulus,
1663 4097 1753 4169 qui

186 4196 228 4250 in
254 4198 392 4252 illum
424 4200 688 4253 honorem
727 4211 831 4250 non
874 4201 1254 4258 assumuntur,
1294 4207 1418 4247 vasa
1461 4191 1514 4244 in
1563 4199 1753 4246 contu-

187 4287 374 4343 meliam
414 4303 517 4358 per
542 4286 797 4356 judicium
829 4303 841 4339 :
871 4293 925 4339 et
965 4283 1174 4339 tandem
1219 4281 1502 4353 aliquando
1543 4297 1612 4337 ne
1648 4281 1749 4336 ini-

184 4393 324 4446 quum
354 4379 520 4434 facias
540 4365 742 4441 'Deum,
771 4376 1024 4432 confitere
1048 4373 1304 4444 originale
1345 4381 1638 4440 peccatum.

246 4469 323 4523 ιιι.
352 4468 474 4525 Jt'L.
505 4469 634 4539 Ejus
648 4475 823 4523 autem
839 4465 1047 4521 virtutis
1065 4474 1190 4520 tunc
1203 4472 1449 4518 constare
1465 4463 1747 4532 rationem,

185 4559 221 4611 si
245 4560 439 4615 nullum
489 4559 822 4615 subditorum
870 4557 1100 4627 puniret,
1128 4554 1228 4609 nisi
1258 4569 1355 4625 pro
1393 4553 1479 4609 his
1519 4552 1751 4621 delictis,

186 4666 288 4719 qua:
318 4654 595 4708 constabat
625 4651 792 4707 libera
822 4651 1091 4705 voluntate
1121 4645 1426 4703 commissa.

245 4746 371 4803 Ars.
400 4745 472 4801 Et
501 4744 627 4800 illud
654 4745 819 4800 libera
845 4742 1116 4797 voluntate
1141 4739 1484 4795 commissum
1511 4747 1592 4793 cst
1609 4737 1747 4806 ejus,

188 4831 229 4884 in
256 4849 355 4903 quo
382 4844 571 4889 natura
602 4837 831 4889 humana
860 4831 1109 4901 damnata
1138 4837 1240 4895 est,
1268 4843 1336 4883 ex
1365 4842 1465 4898 qua
1505 4825 1751 4882 homines

187 4922 495 4982 damnationi
520 4928 537 4960 ¹
569 4934 863 4982 nascuntur
894 4922 1131 4989 obnoxii,
1166 4918 1268 4975 nisi
1313 4927 1657 4974 renascantur
1701 4918 1755 4973 in

187 5032 257 5081 co,
274 5021 360 5089 qni
380 5036 487 5074 non
504 5028 587 5074 est
604 5026 757 5072 natus
771 5015 1049 5072 obnoxius.
1076 5011 1186 5067 [loc
1197 5010 1386 5080 dogma
1408 5008 1754 5064 christianum

190 5108 335 5164 vultis
362 5112 531 5166 everti
566 5129 579 5164 ε
608 5109 700 5164 sed
732 5108 822 5162 illo
851 5115 1025 5161 stante
1053 5121 1145 5159 vos
1174 5100 1496 5159 evcrtimini.

248 5198 329 5254 iV.
360 5200 483 5256 ιω..
516 5199 625 5257 Nec
668 5198 1063 5256 ea‘hominibus
1110 5193 1453 5265 praeciperet,
1492 5206 1611 5261 quae
1662 5206 1757 5260 per

185 5301 414 5348 naturam
445 5308 627 5350 eorum
657 5291 820 5347 sciret
845 5304 950 5345 non
981 5301 1137 5359 posse
1161 5282 1392 5349 servari;
1423 5296 1520 5337 nec
1549 5295 1645 5352 pro
1674 5296 1759 5334 re-

184 5380 270 5435 bus
298 5383 630 5439 naturalibus
658 5397 807 5438 reum
834 5371 1138 5452 quempiam
1164 5375 1439 5448 judicaret.

243 5476 371 5529 Anc.
403 5473 510 5530 Sed
538 5473 633 5529 fuit
660 5473 849 5537 Adam,
879 5481 932 5527 et
962 5471 1013 5525 in
1040 5469 1132 5524 illo
1158 5467 1353 5523 fuimus
1379 5478 1566 5520 omnes
1599 5462 1754 5531 (Am-

181 5560 382 5626 brosius,
408 5562 495 5619 lib.
524 5565 555 5619 7
578 5564 629 5617 in
648 5547 768 5617 Luc.
794 5562 917 5632 xv);
947 5558 1157 5633 quando
1177 5558 1246 5612 ita
1271 5554 1526 5629 peccavit,
1559 5561 1615 5607 ut
1635 5567 1756 5623 per-

178 5678 245 5784 m:
408 5685 517 5728 Mar.
549 5676 669 5728 clar.
715 5685 767 5728 et
803 5684 956 5742 prima
991 5675 1138 5726 editio
1170 5672 1469 5736 \‘ignieriana
1490 5704 1504 5729 ,
1551 5668 1751 5720 damna-

248 5752 311 5784 ὦ.

248 5752 311 5787 £5.

1498 260 1694 315 LIBER
1733 259 2046 315 TERTIUS.

3274 258 3414 315 1250

1837 371 1985 427 deret
2010 372 2062 424 in
2086 385 2146 425 se
2166 385 2388 435 manes;
2414 371 2513 425 nisi
2532 385 2672 441 quos
2692 371 2849 426 vellet
2880 372 3000 427 inde
3029 370 3301 438 liberaret,
3325 376 3418 444 qni

1836 462 1979 518 venit
1999 477 2239 531 qumrere
2256 461 2398 531 quod
2417 462 2643 530 perierat
2665 461 2684 532 (
2709 460 2835 514 Luc.
2867 477 2977 529 xxx,
3005 462 3072 518 10
3094 463 3135 533 ).

1908 551 1971 606 V.
1998 551 2117 607 Jun.
2145 551 2255 606 Nec
2280 552 2452 608 aliena
2478 562 2691 621 peccata
2715 553 2834 608 aliis
2864 554 3183 622 imputaret;
3216 570 3278 610 ac
3319 572 3417 626 per

1838 642 1957 706 hoc,
1991 658 2089 696 nec
2116 652 2331 713 propter
2356 652 2632 711 parentum
2657 643 2963 713 iniquitatis
2987 645 3298 701 innocentes
3311 662 3409 701 eo-

1837 751 1954 789 rum
1982 736 2139 800 iiiius,
2170 736 2257 804 qui
2289 750 2382 802 per
2407 749 2465 788 se
2493 734 2622 788 nihil
2646 737 2848 804 operati
2876 747 3057 791 essent
3083 739 3165 793 vel
3193 740 3315 793 boni
3334 739 3417 792 vel

1833 826 1981 889 'mali,
2014 842 2107 896 per
2127 825 2265 895 quod
2295 836 2571 895 parentum
2602 840 2817 881 suorum
2848 827 3070 883 crimina
3099 828 3420 884 docerentur

1840 917 2047 979 imitati,
2079 917 2294 970 :L'lt'i'ttis
2319 915 2644 985 adjudicaret
2682 918 2975 986 suppliciis.
3004 919 3207 984 Quibus
3247 920 3413 973 colle-

1839 1007 1959 1069 CIis,
1993 1008 2154 1059 Deum
2183 1016 2387 1070 etesse,
2420 1005 3285 1077 ctjnstumesseconstaret,quem
3308 1010 3417 1064 cia-

1838 1107 2038 1161 rucrat,
2061 1096 2313 1167 siaiiquid
2339 1106 2584 1165 operetur
2619 1097 2894 1166 injustum,
2923 1107 3126 1152 tantum
3161 1100 3339 1153 subire
3369 1099 3424 1154 in

1839 1186 2134 1252 divinitate,
2155 1195 2406 1258 quantum
2425 1188 2790 1257 pcrtulissetin
2804 1188 3422 1258 mqnitatedispcndinm.

1910 1283 2046 1335 Anc.
2076 1281 2268 1335 Verum
2298 1280 2467 1334 dicis:
2495 1295 2558 1334 ac
2582 1296 2675 1349 per
2709 1280 2809 1333 hoc
2832 1322 2847 1347 ,
2881 1280 3011 1335 nihil
3049 1288 3298 1349 operatur
3341 1283 3424 1336 in-

1836 1371 2059 1441 justunt,
2083 1387 2203 1424 cum
2226 1372 2368 1440 gravi
2390 1372 2514 1440 jugo
2540 1372 2731 1439 prcutit
2753 1370 2888 1425 filios
2909 1371 3075 1424 Adam
3096 1386 3124 1424 a
3146 1370 3231 1426 die
3249 1372 3422 1426 exitus

1839 1466 1908 1520 de
1930 1475 2111 1519 ventre
2133 1463 2319 1517 matris
2338 1478 2544 1517 corum.
2576 1462 2729 1530 Quod
2756 1464 2933 1532 utique
2956 1464 3208 1533 injustam
3234 1475 3415 1530 esset,

1841 1556 1886 1612 si
1914 1565 2187 1625 peccatum
2208 1554 2464 1623 originale
2485 1569 2591 1606 nun
2613 1564 2753 1607 c:set
2768 1593 2782 1606 .

1916 1645 2000 1700 Vl.
2032 1645 2148 1701 ⁸Ιιιι..
2177 1645 2511 1714 Quanquam,
2553 1660 2588 1699 ο
2611 1643 2888 1699 infelicitas
2927 1647 3128 1699 erroris
3157 1645 3371 1701 humani
3407 1648 3421 1700 !

1842 1730 2006 1784 nimio
2027 1731 2240 1799 quippe,
2272 1727 2610 1798 perpendens
2639 1728 2805 1797 ipsam
2835 1728 3114 1783 conflictus
3142 1731 3306 1783 nostri
3340 1745 3426 1797 ra-

1844 1822 2061 1885 tionem,
2090 1820 2275 1875 dilorc
2304 1822 2595 1881 concutinr,
2626 1822 2929 1891 potuissene
2948 1825 3047 1874 hoc
3071 1823 3120 1874 in
3140 1822 3427 1877 dubitatio-

1845 1929 1966 1969 nem
1990 1914 2193 1980 venire,
2225 1926 2383 1983 atque
2410 1914 2705 1967 assertione.
2745 1913 2882 1968 hanc
2909 1916 3119 1984 eguisse
3163 1930 3378 1971 eaus:.m
3407 1933 3423 1970 :

1844 2005 2100 2073 potuisse,
2124 2005 2360 2074 inquam,
2383 2005 2434 2057 in
2457 2005 2724 2070 Ecciesiis,
2752 2020 2870 2074 qua:
2897 2006 3106 2059 Christo
3128 2021 3185 2061 se
3206 2009 3430 2063 credere
3526 1992 3533 1995 ’

1844 2093 2157 2157 faterentur,
2183 2094 2429 2159 dubitari,
2451 2106 2623 2148 utrum
2650 2096 2790 2153 licus
2814 2096 2977 2165 justo,
3001 2098 3050 2150 id
3074 2107 3177 2162 est,
3203 2101 3432 2155 rationa-

1849 2183 2044 2248 biliter,
2073 2183 2335 2252 jttdiearet
2360 2185 2373 2237 Ξ

1918 2278 2052 2331 Ana.
2079 2274 2212 2343 Quia
2240 2274 2342 2328 hoc
2378 2290 2483 2329 non
2520 2275 2789 2330 dubitatur
2812 2277 2850 2342 ⁸,
2890 2276 3011 2331 ideo
3039 2280 3292 2349 scriptum
3319 2289 3426 2345 est,

1848 2380 2009 2436 grave
2023 2365 2209 2434 jugum
2239 2380 2358 2420 esse
2382 2381 2542 2435 super
2584 2366 2721 2420 filius
2747 2368 2915 2420 Adam
2951 2384 2978 2419 ει
3024 2369 3112 2424 die
3146 2371 3318 2425 exitus
3362 2372 3431 2427 de

1847 2464 2032 2510 ventre
2053 2458 2235 2508 matris
2259 2470 2443 2509 eorum
2472 2456 2489 2525 (
2517 2454 2679 2509 Ercli.
2709 2472 2796 2522 XL,
2837 2459 2854 2510 ι
2885 2456 2923 2525 ).
2948 2458 3130 2528 Neque
3149 2460 3288 2514 enim
3318 2476 3429 2517 me-

1847 2548 1950 2605 lior
1977 2556 2059 2603 est
2079 2546 2378 2617 Pelagiana,
2400 2564 2558 2617 quam
2581 2549 2942 2605 ecclesiaSIiea
2964 2552 3243 2620 sapientia.

1919 2637 2030 2695 ΥΠ.
2054 2637 2171 2695 JeL.
2194 2639 2296 2695 Sed
2316 2640 2473 2695 nimis
2493 2655 2609 2694 sum
2637 2641 2748 2710 ipsa
2772 2656 2950 2697 rerum
2973 2644 3290 2707 reverentia,
3314 2645 3432 2714 ejus

1846 2747 1947 2802 qua
1971 2731 2039 2787 de
2063 2740 2236 2802 agitur
2257 2732 2612 2787 contentionis
2636 2733 2850 2789 oblitus.
2874 2734 3036 2789 Miror
3070 2737 3211 2789 enint
3237 2737 3432 2808 ambigi

1847 2823 1915 2879 de
1941 2824 2029 2878 Dei
2056 2823 2302 2893 atquitate
2324 2824 2592 2893 potuisse;
2619 2840 2739 2879 cum
2763 2834 2973 2881 constet
2994 2827 3045 2880 in
3071 2826 3434 2885 Traduciauo—

1848 2930 1966 2969 rum
1991 2917 2274 2984 synagogis
2294 2914 2425 2970 nihil
2446 2914 2513 2970 de
2535 2915 2659 2986 ejus
2682 2917 2958 2986 iniquitate
2984 2918 3233 2974 dubitari.

1862 3066 1863 3071 η
1918 3004 2055 3058 Anc.
2098 3005 2227 3069 Quia
2272 3004 2343 3059 de
2390 3004 2485 3059 Dei
2524 3006 2773 3075 aequitate
2817 3021 2925 3061 non
2967 3009 3272 3077 ambigitur,
3314 3008 3435 3065 ideo

1850 3109 2010 3164 grave
2027 3094 2210 3164 jugum
2232 3111 2392 3165 super
2433 3097 2730 3165 parvulum,
2764 3098 2966 3167 justum
3001 3114 3123 3154 esse
3156 3103 3389 3156 creditur
3417 3119 3431 3157 :

1850 3188 2043 3256 ctquia
2076 3187 2392 3257 bocjustntn
2427 3189 2823 3256 essecreditur,
2866 3190 2989 3246 ideo
3031 3193 3279 3261 parvulus
3318 3194 3435 3250 sine

1851 3277 2092 3347 originali
2118 3288 2332 3347 peccato
2352 3293 2472 3334 esse
2494 3294 2596 3334 non
2628 3279 2884 3336 creditur.
2923 3281 3155 3338 Proinde
3174 3284 3227 3338 in
3249 3284 3438 3340 Eccle—

1852 3367 1927 3425 sia
1954 3368 2235 3435 catholica,
2265 3369 2405 3424 unde
2432 3370 2695 3440 Pelagiani
2724 3386 2791 3428 ex
2822 3371 2974 3428 nobis
3010 3373 3276 3442 exierunt,
3327 3391 3433 3431 non

1850 3458 1985 3513 sicut
2009 3457 2163 3526 dicis,
2188 3460 2316 3514 nihil
2340 3460 2408 3515 de
2430 3461 2706 3531 iniquitate
2736 3463 2851 3529 Dei,
2882 3463 2977 3520 scd
3004 3465 3184 3535 potius
3204 3466 3334 3521 nihil
3364 3467 3433 3523 de

1851 3549 1970 3619 ejus
1983 3550 2229 3619 :equitate
2244 3550 2543 3619 dubitatur;
2573 3553 2660 3609 ubi
2684 3569 2783 3610 nec
2802 3554 2997 3622 infans,
3010 3557 3161 3627 cujus
3177 3566 3260 3614 est
3280 3559 3435 3616 unius

1849 3640 1957 3696 diei
1990 3642 2093 3698 vita
2114 3658 2275 3712 super
2302 3652 2497 3700 terram
2520 3646 2636 3702 sine
2660 3647 2817 3703 sorde
2852 3652 3051 3719 peccati
3072 3665 3193 3708 esse
3214 3653 3439 3709 docetur

1853 3742 1906 3788 et
1933 3734 2127 3789 dicitur
2147 3737 2165 3805 (
2187 3732 2288 3789 Job
2310 3752 2415 3801 xlv,
2442 3738 2497 3792 4.
2538 3755 2639 3792 sec.
2688 3739 2893 3812 LXX.)
2925 3759 2939 3806 ;
2967 3751 3025 3797 et
3046 3743 3166 3799 ideo
3196 3744 3247 3798 in
3279 3746 3433 3800 malis

1853 3842 1972 3896 qua:
1994 3827 2209 3897 patitur,
2240 3844 2347 3883 non
2384 3830 2611 3900 injustus
2640 3831 2804 3900 Deus,
2831 3833 2925 3889 sed
2969 3834 3149 3905 justus
3190 3838 3435 3907 agnosci-

1857 3926 1960 3971 tur.

1926 4008 2060 4064 Vili.
2090 4008 2209 4064 Jun.
2241 4008 2392 4078 Quod
2431 4018 2578 4065 certe
2605 4019 2751 4066 tanto
2783 4012 2931 4083 pejus
2959 4025 3060 4081 est,
3088 4025 3287 4085 quanto
3312 4033 3437 4087 gra-

1855 4101 1970 4156 vius
1996 4110 2075 4156 est
2102 4102 2331 4157 studium
2361 4102 2620 4158 maiorum
2649 4120 2806 4174 quam
2833 4107 3105 4177 neglectus
3153 4107 3436 4178 bonorum,

1855 4202 2054 4264 quanto
2080 4193 2428 4263 perniciosior
2456 4196 2678 4253 intentio
2703 4197 3032 4267 profanitatis
3078 4216 3238 4271 quam
3280 4201 3435 4257 dubi-

1859 4285 1987 4339 tatio
2003 4285 2263 4352 veritatis,
2287 4296 2485 4357 quanto
2511 4298 2787 4358 postremo
2813 4291 3091 4347 scelestius
3119 4302 3202 4348 est
3238 4295 3439 4351 audere

1856 4377 2127 4432 criminari
2156 4378 2321 4433 Deum
2348 4394 2506 4450 quam
2537 4379 2689 4435 nolle
2713 4383 2976 4436 venerari.

1928 4469 2059 4524 Anc.
2103 4468 2207 4524 Sed
2249 4484 2344 4525 vos
2384 4469 2738 4524 criminamini
2776 4472 2961 4537 Deum,
2998 4470 3123 4525 dum
3167 4474 3437 4542 parvulos,

1858 4575 1992 4629 quos
2027 4561 2229 4631 judicio
2264 4563 2382 4631 ejus
2416 4561 2562 4632 gravi
2588 4562 2718 4632 jngo
2762 4564 2931 4632 premi
2980 4566 3220 4633 cernitis,
3272 4567 3435 4621 ullum
3470 4634 3473 4637 ν

1859 4659 2032 4706 tamen
2061 4652 2265 4721 negatis
2290 4652 2483 4708 habere
2512 4663 2807 4721 peccatum.

1928 4739 2021 4795 IX.
2045 4740 2165 4796 Jun.
2197 4740 2408 4796 Dixerat
2437 4742 2674 4813 quidem,
2706 4751 2764 4797 ut
2791 4742 2953 4799 David
2998 4744 3255 4815 proiihcta
3288 4748 3439 4804 testis

1857 4834 1992 4899 est’,
2029 4832 2284 4902 insipiens
2321 4832 2373 4887 in
2420 4833 2584 4889 corde
2634 4848 2751 4900 suo,
2789 4835 2911 4904 quia
2954 4850 3061 4889 non
3106 4844 3249 4891 esset
3301 4836 3440 4892 Dens

1859 4923 2031 4994 (Ρωι.
2063 4939 2176 4988 xm,
2200 4920 2262 4997 l)
2287 4942 2301 4978 :
2329 4939 2436 4979 non
2490 4935 2666 4980 tamen
2710 4924 2942 4988 dixerat,
2969 4924 3091 4994 quia
3134 4933 3278 4980 esset
3318 4926 3439 4996 qui-

1857 5016 2002 5080 dem,
2032 5016 2125 5071 sed
2157 5024 2332 5070 tamen
2361 5016 2588 5086 injustus
2620 5017 2779 5078 Deus;
2809 5017 2876 5070 ita
2902 5015 3244 5070 concinenter
3278 5018 3440 5073 totius

1859 5118 2062 5164 natura:
2088 5123 2219 5163 voce
2254 5097 2554 5175 resonabat,
2588 5107 3011 5177 inseparabiliter
3035 5109 3144 5163 Deo
3165 5109 3441 5165 adharrere

1854 5202 2136 5273 justitiam,
2196 5210 2253 5257 ut
2301 5200 2506 5257 facilius
2560 5200 2892 5256 inveniretur
2933 5200 3023 5272 qui
3084 5201 3435 5257 substantiam

1860 5295 1996 5364 ejus,
2032 5295 2325 5365 quamqui
2371 5294 2675 5364 aaquitatem
2718 5301 2953 5365 negaret.
2983 5294 3160 5349 Potuit
3208 5293 3435 5348 existere

1861 5388 1948 5458 qui
1987 5396 2195 5457 putaret
2235 5402 2338 5441 non
2367 5400 2487 5441 esse
2528 5385 2670 5456 quod
2716 5400 2821 5441 non
2865 5385 3097 5451 videbat;
3130 5398 3234 5439 non
3263 5382 3433 5435 fuerat

1860 5489 2040 5534 tamen
2087 5479 2335 5533 inventus
2367 5478 2460 5549 qui
2497 5476 2697 5533 diceret
2737 5478 2973 5549 iniquum
3019 5474 3159 5547 quod
3198 5472 3432 5528 divinum

1859 5586 1977 5628 esse
2001 5572 2267 5628 credebat.
3442 5556 3445 5559 ’

1925 5666 1939 5695 ³
1965 5665 2040 5713 sic
2058 5670 2164 5713 Mss.
2194 5671 2247 5713 At
2267 5665 2423 5725 \‘ign.,
2449 5661 2694 5714 dubitant.
3087 5722 3098 5725 _
3155 5712 3186 5725 _.

1924 5727 1943 5756 ²
1966 5726 2235 5781 \‘ignierius
2284 5720 2480 5775 ιεὶιιιωδ
2500 5731 2585 5776 est.
2611 5727 2769 5775 codex
2797 5729 3060 5780 certarum,
3079 5720 3208 5768 ωας
3232 5721 3300 5767 est
