4004 6190
496 235 622 290 1931

561 351 694 406 ABG.
725 349 792 405 Et
819 349 931 420 ipse
969 351 1216 409 inventus
1243 368 1323 405 es.
1354 351 1487 407 Nam
1525 355 1610 408 cui
1644 354 1743 410 nisi
1790 356 1881 411 tali
1925 344 2073 422 dicit,

494 440 793 511 Suspicatus
818 458 868 495 es
910 442 1239 510 iniquitatem,
1266 442 1400 510 quod
1441 459 1528 498 cro
1571 444 1660 499 tibi
1704 446 1879 501 similis
1904 445 2076 519 (Pent.

492 534 804 602 sumet)?
828 532 929 589 Sed
950 534 1199 602 quoniam
1247 532 1530 589 Christiani
1570 536 1817 594 catholici
1862 549 1916 594 et
1959 553 2080 596 esse

495 627 683 687 Deum.
710 634 766 680 et
784 626 984 693 justum
1026 641 1147 681 esse
1168 626 1364 692 sciunt;
1395 627 1514 682 ideo
1542 638 1697 684 natos
1741 630 2007 695 homines,
2031 632 2078 687 si

492 733 597 771 non
643 717 807 771 renati
855 715 907 769 in
956 718 1177 786 parvula
1218 728 1375 773 astate
1436 719 1757 786 moriuntur,
1799 736 1920 775 cum
1969 723 2077 779 sint

492 807 747 874 itiiztg3nes
789 805 905 863 ῡι-ἰ.
935 820 1038 860 non
1086 806 1281 876 injuste
1314 819 1509 873 tamen,
1543 809 1636 863 sed
1668 812 1868 879 peccati
1911 813 2073 881 origi-

493 897 628 951 nalis
678 898 891 960 utet-itu,
924 898 975 950 in
1026 911 1248 968 regnum
1300 899 1394 953 Dei
1439 915 1545 954 non
1588 890 2076 970 suscipifdubitare

492 1004 596 1041 non
625 989 637 1019 ¹
671 997 911 1057 possunt.

565 1078 632 1131 Χ.
666 1078 783 1132 .luL.
831 1079 1086 1147 Insipiens
1127 1095 1252 1151 ergo
1296 1081 1401 1138 ille.
1439 1082 1685 1155 negando
1732 1084 1919 1151 Deum,
1964 1095 2075 1141 ste-

492 1173 619 1225 tisse
666 1173 717 1225 in
753 1173 951 1226 extimo
997 1174 1277 1227 criminum
1318 1175 1597 1229 videbatur
1627 1192 1640 1229 :
1674 1184 1730 1230 at
1757 1178 1966 1232 inventa
1993 1188 2077 1233 est

494 1264 638 1316 natio
670 1263 1080 1317 Maniclneurum
1120 1272 1175 1317 ct
1201 1264 1674 1331 Traducianotum,
1705 1267 1857 1337 cujus
1896 1269 2077 1338 prola-

490 1353 743 1406 nitatibus
773 1355 1131 1407 vinceretur’.

564 1447 694 1500 Aes.
726 1444 914 1500 Sciens
943 1461 1099 1513 quam
1126 1446 1252 1499 clari
1286 1447 1597 1519 probatique
1616 1448 1863 1505 doctores
1887 1451 2075 1506 Eccle-

490 1536 583 1588 si:e
622 1536 836 1596 Clu-isti.
865 1536 931 1590 de
973 1547 1185 1605 peccato
1210 1538 1448 1607 originali
1473 1580 1490 1604 ,
1518 1540 1662 1594 etde
1704 1540 1905 1609 justitia
1939 1541 2073 1607 Dei,

491 1624 633 1693 quod
661 1626 821 1679 credo
862 1627 1204 1691 crediderint,
1226 1628 1363 1696 quod
1400 1629 1564 1683 doceo
1609 1628 1907 1689 docuerint.
1934 1632 2076 1701 quod

490 1714 719 1769 defendo
771 1716 1098 1771 defenderint
1131 1734 1146 1779 ;
1176 1720 1251 1772 sic
1297 1719 1480 1774 audire
1524 1720 1694 1775 debeo
1730 1725 2076 1778 contumelias

491 1818 625 1867 tuas,
650 1809 916 1876 quomodo
945 1810 1125 1863 laudes
1153 1827 1296 1865 meas
1316 1811 1359 1864 ³.

563 1897 655 1951 XI.
678 1898 794 1952 ειιει..
821 1899 923 1953 Sed
956 1910 1009 1954 ut
1052 1912 1381 1956 revertamur
1410 1903 1548 1959 unde
1576 1904 1802 1974 digressi
1839 1921 2025 1961 sumus
2058 1923 2072 1961 :

494 1987 718 2055 liquerat
743 1989 810 2042 ab
834 2005 901 2045 eo
928 2006 1084 2060 quem
1114 1990 1401 2047 faterentur
1426 2008 1607 2049 verum
1651 1996 1838 2063 Deum,
1870 1997 1999 2051 nihil
2024 1998 2074 2052 in

488 2077 690 2143 judicio
736 2094 891 2147 posse
934 2080 1240 2150 ﬁeri,quod
1266 2082 1486 2152 justitia:
1524 2098 1860 2156 repugnaret;
1890 2103 1953 2144 ac
1982 2105 2077 2160 per

495 2166 615 2232 hoc,
651 2182 747 2222 nec
774 2183 871 2237 pro
894 2170 1083 2223 alienis
1128 2172 1354 2238 peccatis
1381 2188 1672 2244 quosquam
1714 2190 1835 2229 reos
1863 2179 2031 2233 teneri
2057 2197 2070 2234 :

488 2270 648 2328 atque
695 2258 815 2312 ideo
858 2271 1167 2314 nascentum
1208 2262 1565 2318 innocentiam
1614 2281 1946 2337 nequaqmm
1977 2270 2074 2324 da-

493 2349 663 2402 mnari
689 2350 759 2403 ob
790 2350 1119 2420 iniquitatem
1161 2362 1437 2421 parentum
1461 2372 1476 2421 ;
1504 2357 1626 2427 quia
1650 2358 1903 2429 iujustum
1931 2370 2075 2418 esset

492 2449 547 2491 ut
572 2448 748 2492 reatus
772 2454 864 2506 per
884 2440 1084 2494 semina
1117 2442 1434 2498 traderetur.

568 2531 702 2583 Avo.
729 2528 837 2581 Cur
865 2544 992 2594 ergo
1010 2530 1208 2585 dictum
1233 2542 1394 2599 esset,
1432 2532 1617 2589 Semen
1657 2554 1830 2592 eorum
1864 2541 2074 2596 maledi-

492 2631 628 2671 ctum
657 2618 718 2671 ab
748 2620 938 2673 initio?
965 2620 1080 2675 Non
1118 2624 1261 2678 enim
1304 2625 1381 2679 sic
1417 2624 1617 2680 dictum
1650 2637 1750 2692 est,
1782 2632 2070 2701 quomodo,
2128 2674 2139 2683 .

492 2709 676 2763 Semen
704 2708 948 2765 Chanaan
983 2722 1033 2766 et
1060 2730 1160 2766 non
1203 2713 1233 2767 J
1242 2715 1342 2768 uda
1368 2715 1527 2787 (Dan.
1555 2735 1670 2781 xm,
1696 2719 1817 2793 56);
1851 2724 1936 2778 ubi
1980 2725 2073 2780 dc-

491 2811 842 2855 tuuustratutn
866 2813 949 2856 est
974 2804 1164 2872 quibus
1186 2806 1388 2861 similes
1414 2809 1533 2862 lacti
1556 2820 1728 2873 erant,
1752 2821 1807 2866 et
1829 2828 1857 2866 a
1881 2815 2073 2883 quibus

490 2893 944 2961 degeneraverunt
972 2913 987 2950 :
1016 2895 1108 2951 sed
1136 2913 1320 2952 eorum
1337 2899 1572 2969 ipsorum
1600 2917 1783 2958 semen
1809 2904 1942 2959 dixit
1961 2922 2075 2962 ma-

491 2983 765 3051 ledictum,
806 3002 940 3055 quos
990 2989 1302 3045 naturaliter
1347 2992 1518 3047 malus
1570 2995 1780 3050 volebat
1829 2998 2065 3071 intelligi,

487 3074 620 3128 sicut
668 3084 791 3131 sunt
825 3092 1011 3134 omnes
1052 3080 1145 3133 lilii
1174 3081 1362 3148 Adam,
1390 3086 1689 3154 exquibus
1727 3089 1896 3159 gratia
1941 3090 2072 3146 ﬁunt

490 3165 582 3219 lilii
634 3166 745 3221 Dei.
779 3166 880 3223 Ubi
927 3169 1068 3225 cuitu
1107 3171 1321 3239 dicitur,
1370 3173 1491 3229 Non
1536 3176 1780 3247 ignorans
1831 3183 2071 3251 quoniam

491 3272 703 3326 nequam
737 3267 811 3311 est
838 3262 974 3313 natio
1003 3259 1231 3327 iilorum,
1254 3274 1302 3316 et
1328 3266 1575 3321 naturalis
1604 3269 1800 3323 malitia
1821 3271 2066 3342 ipsorum,

486 3348 787 3423 etquoniam
819 3365 918 3403 non
950 3361 1142 3418 poterat
1171 3356 1357 3408 mutari
1385 3357 1621 3427 cogitatio
1641 3360 1847 3415 illorum
1872 3364 1925 3417 in
1956 3381 2072 3431 per-

489 3442 1056 3515 petuumncmcn’euim
1083 3442 1286 3497 illorum
1316 3446 1635 3501 maledictum
1656 3450 1720 3503 ab
1742 3451 1887 3506 initio
1911 3452 2065 3526 (Sap.

491 3542 582 3590 xu,
616 3528 681 3580 10
703 3536 745 3580 et
771 3529 852 3600 ll)
882 3539 1047 3598 :‘putu
1074 3532 1214 3600 quod
1242 3544 1450 3602 natura,
1481 3553 1585 3591 non
1601 3539 1860 3595 imitatio‘
1883 3545 2067 3601 redar-

485 3618 681 3686 guitur;
710 3627 763 3672 et
802 3622 1069 3688 quomodo
1109 3635 1292 3691 natura
1335 3626 1435 3680 nisi
1468 3631 1648 3685 vitiata
1695 3644 1932 3702 peccato,
1961 3652 2067 3693 non

492 3709 540 3759 in
574 3709 744 3776 primo
775 3709 990 3767 homine
1031 3714 1108 3768 sic
1141 3718 1357 3771 creata?
1405 3723 1444 3774 A
1475 3737 1580 3791 quo
1600 3740 1741 3795 [ergo
1771 3727 1922 3783 initio
1951 3746 2068 3785 ma-

484 3797 732 3873 ledictum
775 3818 980 3876 semen,
1023 3805 1121 3859 nisi
1175 3822 1253 3862 ex
1280 3826 1387 3878 quo
1436 3828 1543 3882 per.
1581 3830 1744 3871 unum
1796 3818 2069 3877 hominem

483 3901 753 3958 peccatum
783 3893 998 3949 intravit.
1025 3897 1076 3949 in
1102 3899 1390 3955 mundum?
1421 3906 1460 3957 A
1488 3921 1546 3959 se
1576 3906 1706 3976 ipsis
1735 3920 1910 3965 autem
1944 3922 2061 3967 mtt-

482 3980 582 4035 tari
642 3999 744 4037 non
800 3996 1062 4054 poterant,
1109 4005 1212 4059 non
1269 3993 1337 4046 ab
1382 3996 1747 4064 omnipotente
1798 3998 2064 4073 Deo:qui

482 4080 655 4128 tamen
687 4074 818 4128 eos“
845 4078 1025 4148 utique
1067 4079 1385 4157 justissima,
1413 4088 1658 4155 quamvis
1696 4092 2063 4148 occultissimo

478 4160 697 4231 judicio,
729 4182 832 4220 non
865 4168 1121 4227 mutabat.
1154 4171 1236 4237 Ab
1279 4172 1377 4227 hac
1401 4174 1541 4229 enim
1571 4192 1745 4234 massa
1776 4195 1878 4235 non
1923 4184 2065 4238 arbi.

481 4254 603 4321 trio,
628 4257 720 4310 sed
756 4257 845 4312 Dei
875 4259 1042 4328 gratia
1081 4274 1142 4315 se
1171 4273 1427 4339 mutatum
1457 4282 1580 4323 esse
1603 4270 1805 4325 sciebat
1830 4274 2061 4342 Apostu-

481 4343 581 4407 Ius,
605 4347 817 4412 quando
864 4349 1070 4403 dicebat
1097 4368 1111 4404 :
1137 4349 1352 4411 Fuimus
1383 4365 1434 4410 et
1452 4373 1545 4411 nos
1574 4367 1763 4414 natura
1804 4363 1899 4431 filii
1946 4366 2056 4432 ἕνα,

478 4440 604 4490 sicut
634 4448 682 4492 et
711 4442 878 4496 caueri
907 4441 1123 4514 (Ep/tes.
1155 4447 1238 4509 ll,
1265 4446 1360 4518 5).

550 4529 664 4583 XII.
717 4531 834 4586 Jun.
883 4534 1035 4601 Quod
1087 4536 1213 4593 licet
1237 4538 1290 4594 in
1340 4548 1483 4596 tanta
1533 4541 1650 4599 luce
1689 4546 1967 4614 ctntsistat,
2003 4560 2060 4605 ut

481 4621 612 4673 nihil
665 4633 756 4675 aut
796 4623 1090 4682 absolutius
1136 4629 1451 4699 inveniatur,
1497 4644 1589 4689 aut
1635 4637 1851 4693 verius:
1882 4647 2058 4696 tamen

479 4710 745 4780 pollicitus
766 4728 914 4768 eram
928 4792 933 4796 Δ
948 4714 1048 4770 hoc
1074 4718 1243 4787 ipsum
1273 4721 1465 4777 divina:
1486 4741 1573 4781 me
1596 4725 1729 4796 legis
1754 4729 2059 4786 testimonio

478 4804 848 4869 comprobare.
874 4792 933 4860 id'
969 4818 1069 4871 est,
1119 4810 1504 4881 iniquissimum
1537 4833 1676 4882 esse.
1708 4820 1752 4875 si
1792 4824 2057 4890 generan-

480 4895 610 4950 tium
651 4896 855 4955 scelera
885 4902 1238 4967 nascentibus
1278 4919 1460 4960 eorum
1496 4908 1673 4964 liberis
1708 4912 2056 4981 impotenter;

478 4984 660 5053 sicque
699 4988 967 5045 adversari
1014 4991 1210 5058 Deum,
1251 5004 1308 5050 ut
1346 4997 1504 5051 etiam
1547 5000 1599 5053 in
1636 5016 1730 5055 sua
1759 5003 1875 5072 lege
1918 5019 2055 5074 prm-

480 5076 771 5144 si-ripscrit,
805 5095 870 5134 ne
914 5082 1020 5138 tale
1057 5085 1342 5156 quidquam
1367 5086 1712 5156 iudicantium
1746 5092 2055 5152 detortnitas

479 5180 824 5237 perpetraret.
855 5172 965 5228 lluc
998 5191 1085 5230 me
1110 5192 1237 5246 ergo
1262 5179 1652 5248 Spoponderam
1682 5183 2010 5242 redditurum
2034 5205 2050 5241 :

476 5259 569 5316 sed
605 5264 853 5332 quoniam
881 5268 1148 5324 secundus
1185 5268 1319 5325 liber
1347 5274 1571 5342 apostoli
1601 5274 1749 5352 Pauli
1783 5293 2057 5349 exponen—

541 5447 555 5529 ξ
582 5450 693 5529 tu:
690 5457 974 5529 uegit-atem“
984 5452 1265 5529 particulam
1286 5460 1588 5513 restiluimus
1611 5473 1677 5512 ex
1697 5466 2048 5529 manusatpus.

535 5508 557 5578 ξ
582 5508 867 5578 δ’ξςηῇοιῖιυε,
898 5508 1119 5563 aduritur.

539 5569 559 5635 ᾗ
584 5569 868 5635 Viguierius,
891 5582 1012 5623 tuas.
1040 5584 1095 5624 At
1117 5583 1243 5635 3155.,
1275 5592 1423 5629 meas.

537 5628 557 5699 ξ
584 5628 1101 5699 lignierius,mutatio.
1127 5628 1413 5691 Emendatur
1426 5655 1491 5692 ex
1511 5647 1759 5699 veteribus
1778 5648 1923 5698 libris.

538 5689 559 5719 ⁵
586 5689 994 5755 viguit-iamiam.
1028 5710 1137 5749 eos:
1174 5689 1409 5761 ediderat,
1438 5689 1923 5754 ὶέὲέ.”“””“”””“
1968 5732 1969 5737 η

1167 239 1412 296 OPERlS
1451 239 1861 298 lllPERFECTl
1898 244 2173 337 CONIRA
2214 245 2574 318 JULIANUM,
2614 252 2652 309 S
2725 254 3091 313 AUGUSTINI

3634 272 3776 327 1‘2???

2187 386 2269 443 dis
2298 397 2381 442 est
2412 390 2687 446 sententiis
2726 403 3033 464 occupatus,
3058 397 3218 467 hujus
3262 399 3545 459 voluminis
3585 406 3780 474 prium

2186 478 2424 546 partibus
2468 478 2622 534 ﬁdem
2650 484 2896 553 congruit
2938 487 3309 563 promissionis
3351 491 3583 562 impleri.
3617 494 3776 566 Legi-

2186 582 2305 622 mus
2331 583 2459 639 ergo
2489 570 2541 625 in
2571 571 3002 642 Deuteronomio,
3029 577 3078 631 in
3111 581 3352 651 catalogo
3381 595 3773 655 prmceptorum

2184 659 2376 731 quibus
2433 661 2537 716 vita
2582 670 2636 717 et
2679 667 3014 723 conversatio
3054 671 3231 739 populi
3288 673 3430 730 illius
3467 676 3750 735 ordinatur

2184 751 2343 805 ctiam
2380 751 2482 807 hoc
2522 754 2857 823 apertissime
2885 773 2915 812 a
2943 759 3050 815 Deo
3088 759 3252 819 fuisse
3282 766 3610 823 mandatum.
3636 768 3770 827 Nam

2185 846 2245 893 ut
2272 841 2339 895 de
2385 843 2831 913 przecedentibus,
2865 859 2916 902 et
2958 848 3027 905 de
3073 850 3439 924 sequentibus,
3469 858 3612 915 inter
3649 878 3773 932 quae

2184 933 2252 986 sit
2272 932 2609 1004 collocatum,
2633 937 2800 1005 possit
2821 938 3044 1009 intelligi
3077 959 3090 995 :
3126 941 3247 998 Non
3268 947 3552 1016 fraudabis,
3573 952 3768 1023 inquit,

2184 1027 2460 1081 mercedem
2501 1032 2745 1100 pauperis
2781 1040 2826 1086 et
2852 1034 3040 1102 egentis
3079 1050 3141 1089 ea:
3167 1038 3410 1108 fratribus
3444 1044 3566 1107 tuis,
3593 1055 3681 1098 aut
3707 1062 3771 1100 ea:

2184 1119 2451 1191 proselytis
2478 1122 2567 1189 qui
2583 1133 2701 1176 sunt
2724 1123 2778 1177 in
2803 1125 3084 1182 civitatibus
3116 1130 3212 1184 tuis
3235 1146 3254 1184 :
3276 1133 3625 1201 quotidianam
3653 1138 3771 1191 red-

2182 1209 2268 1263 des
2297 1210 2571 1266 mercedem
2605 1212 2809 1281 illius‘;
2840 1233 2940 1269 non
2972 1218 3165 1273 occidat
3197 1222 3277 1275 sol
3308 1239 3461 1294 super
3500 1243 3637 1294 eam;
3653 1231 3772 1300 quia

2183 1316 2378 1371 pauper
2420 1312 2513 1369 est,
2545 1314 2592 1357 et
2621 1305 2672 1358 in
2711 1322 2768 1359 ca
2817 1306 2965 1361 habet
3004 1326 3176 1378 spem;
3201 1322 3249 1367 et
3293 1330 3393 1368 non
3437 1318 3771 1386 proclamabit

2181 1403 2356 1447 contra
2395 1403 2443 1448 te
2467 1396 2535 1449 ad
2560 1395 2854 1464 Dominum,
2881 1410 2927 1455 et
2947 1403 3039 1455 erit
3060 1404 3112 1456 in
3134 1415 3180 1459 te
3207 1417 3487 1483 peccatum.
3521 1409 3642 1464 Non
3670 1429 3753 1465 mo

2181 1482 2373 1538 rientur
2402 1496 2567 1554 patres
2596 1505 2686 1555 pro
2708 1489 2847 1556 ﬁliis,
2872 1501 2918 1545 et
2943 1492 3041 1562 [itii
3069 1510 3168 1548 non
3195 1482 3470 1553 morientur
3495 1518 3588 1570 pro
3616 1505 3774 1571 patri-

2194 1572 2287 1628 bus
2319 1591 2338 1629 :
2362 1579 2699 1648 unusquisque
2726 1579 2778 1634 in
2804 1593 3008 1652 peccato
3026 1601 3120 1639 suo
3147 1587 3385 1641 morietur
3411 1588 3585 1661 (Dent.
3620 1608 3767 1660 xstv,

2185 1666 2408 1740 tt-ts).

2254 1759 2385 1815 Asc.
2421 1760 2494 1815 De
2538 1760 2659 1817 ﬁliis
2689 1761 2792 1819 hoc
2819 1763 2951 1820 dixit
2998 1766 3107 1836 jam
3162 1769 3320 1838 natis,
3352 1787 3456 1826 non
3494 1773 3546 1827 in
3594 1776 3768 1844 primo

2184 1858 2401 1920 parente
2437 1849 2724 1922 damnatis,
2754 1855 2804 1909 in
2843 1870 2950 1926 quo
2983 1872 3172 1913 omnes
3218 1873 3591 1930 peccaverunt,
3617 1875 3674 1920 et
3712 1866 3769 1923 in

2180 1952 2287 2009 quo
2313 1956 2499 1996 omnes
2526 1944 2841 2000 moriuntur.
2871 1947 2937 2002 Et
2968 1947 3069 2003 hoc
3089 1951 3301 2020 quidem
3327 1965 3646 2025 prmecptum
3663 1956 3766 2013 de-

2180 2028 2258 2084 dit
2304 2028 2612 2089 hominibus
2651 2033 3034 2105 iudicantibus,
3081 2055 3149 2095 ne
3191 2052 3342 2111 pater
3383 2059 3479 2113 pro
3516 2044 3644 2110 ﬁlio,
3679 2048 3766 2102 vel

2182 2119 2323 2175 ﬁlius
2368 2138 2463 2193 pro
2508 2135 2657 2193 patre
2692 2139 3176 2195 moreretur,-cum
3222 2149 3345 2190 reus
3397 2139 3767 2194 tantummodo

2179 2221 2333 2282 pater
2364 2223 2508 2268 esset
2554 2214 2819 2286 inventus,
2843 2230 2932 2273 aut
2960 2218 3119 2276 ﬁlius.
3142 2221 3405 2279 Cteterum
3439 2225 3635 2296 judicia
3669 2243 3766 2284 sua

2181 2301 2343 2368 Deus,
2373 2303 2486 2359 sive
2527 2321 2647 2361 cmn
2680 2323 2775 2376 per
2794 2324 2852 2363 se
2879 2310 3074 2379 ipsum,
3104 2313 3216 2368 sive
3241 2331 3360 2370 cum
3393 2333 3485 2385 per
3513 2316 3761 2376 homines

2173 2391 2414 2462 iudicat,
2438 2395 2629 2465 quibus
2669 2396 2759 2452 dat
2788 2399 3159 2471 propheticum
3191 2404 3456 2473 spiritum,
3493 2422 3598 2462 non
3640 2410 3766 2463 alii-

2177 2484 2321 2555 gavit
2347 2485 2446 2541 hac
2474 2486 2606 2558 lege.
2634 2486 2818 2561 Neque
2852 2491 2993 2546 enim
3019 2493 3231 2563 quando
3254 2508 3477 2567 excepto
3497 2499 3614 2556 Noe
3638 2517 3764 2558 cum

2178 2581 2308 2640 suis,
2332 2587 2556 2632 caeteros
2584 2595 2772 2636 omnes
2800 2581 2999 2638 diluvio
3029 2586 3272 2655 perdidit,
3296 2592 3562 2658 separavit
3590 2592 3766 2648 infan-

2180 2672 2260 2720 tes
2300 2666 2390 2737 qui
2430 2668 2665 2723 nondum
2703 2667 2914 2727 fuerant
2953 2673 3139 2730 imitati
3184 2687 3428 2747 parentes
3480 2695 3629 2746 suos,
3672 2692 3766 2738 aut

2177 2756 2293 2811 sine
2313 2757 2423 2812 suis
2441 2761 2674 2828 parvulis
2694 2761 2997 2819 Sodomitas
3013 2766 3099 2822 ille
3126 2767 3260 2838 ignis
3286 2769 3575 2842 absumpsit
3605 2773 3762 2843 (Ceu.

2176 2861 2267 2911 vn,
2290 2851 2432 2919 xix).
2458 2849 2607 2916 Quod
2640 2854 2683 2905 si
2707 2854 2981 2922 voluisset,
3011 2856 3193 2928 utique
3232 2860 3489 2930 patuisset
3515 2864 3765 2934 omnipo—

2178 2945 2326 2993 tens;
2350 2939 2414 2995 Et
2453 2941 2538 2996 ille
2578 2941 2791 2997 Achar'
2821 2947 3064 3016 praecepti
3102 2956 3463 3019 transgressor
3501 2969 3637 3008 llltllS
3681 2955 3765 3008 in-

2174 3037 2387 3096 ventus,
2420 3039 2474 3085 et
2492 3042 2664 3087 tamen
2690 3049 2807 3088 cum
2838 3036 2948 3091 suis
2980 3037 3098 3093 liliis
3118 3047 3173 3093 et
3194 3039 3404 3095 ﬁliabus
3427 3043 3633 3097 occisus
3654 3053 3760 3099 est.

2175 3118 2314 3186 Quid
2362 3120 2429 3176 de
2471 3130 2549 3176 tot
2588 3123 2887 3180 civitatibus
2926 3125 3206 3184 debellatis
3246 3130 3433 3186 eodem
3474 3132 3609 3189 duce
3632 3135 3762 3190 Jesu

2174 3210 2318 3268 Nave
2349 3210 2563 3268 homine
2610 3215 2743 3270 Dei?
2767 3215 2950 3273 Nonne
2980 3219 3049 3273 ita
3089 3235 3276 3277 omnes
3315 3224 3573 3280 interfecti
3613 3238 3759 3291 sunt,

2175 3311 2230 3355 ut
2254 3301 2431 3358 nullus
2456 3305 2662 3373 spirans
2689 3306 3079 3376 relinqueretur
3101 3310 3281 3384 (Iosue
3307 3330 3395 3381 vn,
3421 3331 3493 3382 vt,
3513 3334 3568 3383 ιι,
3586 3317 3715 3389 etc.)
3736 3320 3762 3374 3

2175 3391 2381 3448 Parvuli
2414 3395 2570 3466 igitur
2591 3398 2711 3466 quid
2759 3400 2884 3455 mali
2910 3400 3177 3458 fecerant?
3204 3405 3391 3464 Nonne
3417 3423 3512 3476 per
3536 3427 3758 3468 suorum

2174 3495 2450 3553 parentum
2481 3497 2712 3555 peccata,
2736 3505 2957 3559 quorum
2987 3508 3084 3548 nec
3111 3496 3331 3560 conscii.
3350 3499 3761 3557 necimitatores

2173 3584 2292 3628 esse
2335 3575 2509 3630 adhuc
2548 3590 2811 3647 poterant,
2847 3580 3027 3636 divino
3069 3583 3269 3654 judicio
3311 3604 3520 3657 pmnam
3547 3593 3761 3647 subiere

2172 3668 2546 3722 Communem?
2575 3668 2742 3725 Aliter
2775 3686 2901 3742 ergo
2931 3672 3136 3742 judicat
3173 3677 3335 3745 Deus,
3357 3681 3512 3736 aliter
3557 3681 3760 3740 homini

2171 3758 2408 3827 pra‘cipit
2439 3769 2492 3812 ut
2514 3759 2718 3829 judicet
2747 3781 2760 3817 :
2789 3778 2908 3818 cum
2949 3764 3088 3821 Deus
3117 3766 3333 3825 homine
3360 3773 3475 3827 sine
3513 3773 3620 3828 ulla
3657 3774 3759 3828 du-

2171 3847 2427 3905 bitatione
2463 3852 2530 3905 sit
2568 3852 2778 3920 iustior.
2809 3855 2932 3912 lla'c
2976 3858 3203 3915 debuisti
3247 3873 3371 3919 ante
3407 3865 3663 3935 cogitare,
3694 3884 3762 3922 ne

2170 3939 2235 3993 ad
2282 3957 2494 3996 causam
2525 3960 2629 3998 non
2662 3946 3046 4015 pertinentibus
3076 3950 3432 4009 immorareris
3473 3958 3757 4026 exemplis.

2185 4030 2199 4039 “
2240 4029 2377 4088 Xlll.
2404 4030 2523 4086 ιω..
2560 4033 2680 4088 Non
2718 4035 2992 4093 declinabis
3011 4040 3266 4111 judicium
3305 4046 3564 4116 proselyti,
3595 4057 3640 4101 et
3670 4066 3758 4102 or-

2174 4118 2345 4188 phani,
2371 4132 2417 4175 et
2457 4122 2643 4189 vidum;
2681 4142 2779 4180 non
2822 4129 3035 4198 accipies
3074 4133 3256 4204 pignus
3296 4136 3638 4191 vestimentum
3682 4138 3759 4191 vi-

2170 4208 2285 4262 dua!
2310 4225 2329 4263 :
2356 4209 2475 4282 quia
2514 4215 2740 4285 famulus
2775 4217 2963 4272 erasin
3006 4228 3136 4274 terra
3168 4220 3405 4295 .Egypti,
3447 4234 3493 4279 et
3529 4226 3759 4281 liberurit

2168 4308 2216 4353 te
2245 4298 2490 4355 Dominus
2519 4300 2653 4357 Deus
2679 4315 2793 4358 tuus
2828 4306 2981 4373 inde;
3010 4321 3216 4381 propter
3249 4312 3343 4365 hoc
3369 4330 3459 4384 ego
3488 4314 3580 4370 tibi
3620 4333 3759 4385 prat-

2167 4389 2301 4459 cipio
2342 4395 2511 4463 facere
2552 4395 2751 4449 t'crbum
2797 4395 2891 4451 Iwc
2924 4398 3097 4470 (Deut.
3129 4417 3273 4468 xxw,
3305 4405 3371 4459 l7
3398 4413 3444 4457 et
3476 4404 3589 4477 18).
3624 4409 3757 4463 Cum

2169 4482 2467 4539 institueret
2486 4485 2625 4541 Dcus
2650 4486 2919 4557 judicandi
2949 4491 3193 4560 formam,
3219 4496 3319 4549 huc
3341 4499 3516 4552 statim
3545 4501 3769 4562 sancire,

2165 4575 2387 4640 (iuravit,
2417 4593 2482 4631 ne
2520 4587 2611 4632 aut
2659 4592 2906 4649 parentes
2947 4583 3001 4637 in
3047 4582 3413 4653 ﬁliorum,aut
3441 4588 3530 4642 ﬁlii
3562 4588 3617 4643 in
3662 4606 3761 4659 pa-

2165 4674 2372 4720 rentum
2398 4667 2598 4722 seelere
2626 4667 2931 4729 ferirentur.
2954 4672 3277 4746 Principium
3307 4692 3437 4747 ergo
3461 4686 3515 4733 et
3549 4678 3763 4749 ingres-

2164 4768 2280 4810 sum
2315 4756 2553 4827 justitimf,
2583 4775 2740 4830 quam
2766 4764 2969 4819 servari
3002 4765 3052 4819 in
3079 4766 3403 4837 judicatione
3444 4769 3757 4835 mandabat,

2164 4848 2397 4901 Ostendit
2428 4848 2565 4903 istud
2598 4850 2828 4916 esseme
2861 4853 3090 4911 afﬁnitas
3128 4870 3374 4929 gravaret
3404 4860 3675 4929 innoxios,
3701 4874 3762 4921 et

2164 4938 2217 4992 in
2245 4938 2413 5008 ipsum
2435 4955 2601 5011 genus
2623 4956 2929 5001 excurreret
2960 4948 3161 5015 odium,
3192 4952 3331 5022 quod
3375 4968 3602 5025 persona
3641 4972 3763 5010 me-

2164 5031 2377 5085 ruisset.
2409 5032 2464 5087 lu
2496 5050 2652 5089 causa
2679 5051 2810 5107 ergo
2838 5050 3048 5095 actuum
3078 5042 3330 5099 discernit
3357 5045 3584 5115 iustitia,
3616 5063 3761 5118 quos

2163 5125 2503 5181 necessitudo
2546 5129 2839 5201 coniungit.
2884 5133 3037 5203 Quod
3082 5136 3264 5205 utique
3292 5153 3396 5193 non
3446 5138 3673 5206 faceret,
3713 5143 3758 5197 si

2163 5231 2266 5270 una
2287 5228 2431 5274 esset
2457 5221 2592 5275 ratio
2617 5223 2899 5281 voluntatis
2924 5236 2979 5281 et
2997 5227 3238 5294 seminis,
3266 5239 3357 5283 aut
3376 5230 3419 5284 si
3446 5246 3582 5303 opus
3608 5232 3757 5287 arbi-

2160 5308 2245 5361 trii
2273 5309 2338 5363 ad
2368 5312 2606 5379 posterOs
2649 5312 2970 5373 fecunditate
3015 5321 3282 5376 transiret.
3316 5322 3454 5377 Satis
3494 5337 3623 5393 ergo
3660 5340 3761 5378 su-

2162 5414 2359 5471 perque
2421 5402 2720 5469 docuimus,
2769 5406 2874 5462 hoc
2929 5426 3034 5465 uno
3088 5412 3392 5467 testimonio
3422 5414 3757 5469 teterrimam

2159 5488 2313 5543 istam
2349 5490 2530 5560 judicii
2577 5495 2884 5564 pravitatem
2908 5539 2922 5563 ,
2962 5514 3121 5569 quam
3154 5515 3320 5555 novus
3354 5516 3508 5556 error
3542 5503 3756 5568 ample-

2224 5599 2243 5679 ί
2267 5596 2401 5679 ξιιιιὶ,
2433 5596 2625 5679 illis.”
2655 5603 2937 5679 umqnitlius
2969 5613 3151 5679 ,σι-τρᾳο
3168 5616 3260 5679 est,
3289 5605 3477 5679 αιιιορὶτ,

2223 5659 2244 5690 ι
2270 5662 2540 5733 \‘ignierjus
2562 5662 2638 5712 tne
2662 5674 2714 5713 et
2738 5666 2876 5733 intra,
2900 5668 3052 5718 «hac
3099 5676 3144 5718 ta
3171 5659 3507 5733 manuscripts
3521 5679 3754 5719 constan—

2161 5723 2237 5763 ter
2261 5728 2356 5777 est,
2396 5722 2558 5783 .rcltar,
2585 5734 2637 5773 ut
2661 5728 2784 5787 apud
2812 5735 2937 5775 LXX.
