  <div class='ocr_page' id='page_1' title='image "/cluster/home/n/w/nwhite01/storage/ocr_20150623/45/hvd.32044096580667/140.png"; bbox 0 0 4004 6190; ppageno 0'>
   <div class='ocr_carea' id='block_1_1' title="bbox 247 310 392 366">
    <p class='ocr_par' dir='ltr' id='par_1_1' title="bbox 247 310 392 366">
     <span class='ocr_line' id='line_1_1' title="bbox 247 310 392 366; baseline -0.028 0"><span class='ocrx_word' id='word_1_1' title='bbox 247 310 392 366; x_wconf 68' lang='grc'><strong>1953</strong></span> 
     </span>
    </p>
   </div>
   <div class='ocr_carea' id='block_1_2' title="bbox 241 411 1848 489">
    <p class='ocr_par' dir='ltr' id='par_1_2' title="bbox 241 411 1848 489">
     <span class='ocr_line' id='line_1_2' title="bbox 241 411 1848 489; baseline -0.007 -10"><span class='ocrx_word' id='word_1_2' title='bbox 241 428 430 488; x_wconf 87' lang='lat' dir='ltr'><strong>ctitur,</strong></span> <span class='ocrx_word' id='word_1_3' title='bbox 461 423 678 489; x_wconf 81' lang='lat' dir='ltr'><strong>antiqua</strong></span> <span class='ocrx_word' id='word_1_4' title='bbox 723 421 840 473; x_wconf 81' lang='lat' dir='ltr'><strong>latae</strong></span> <span class='ocrx_word' id='word_1_5' title='bbox 882 417 1012 487; x_wconf 74' lang='lat' dir='ltr'><strong>legis</strong></span> <span class='ocrx_word' id='word_1_6' title='bbox 1049 415 1360 470; x_wconf 66' lang='lat' dir='ltr'><strong>auctoritate</strong></span> <span class='ocrx_word' id='word_1_7' title='bbox 1386 412 1687 468; x_wconf 70' lang='lat' dir='ltr'><strong>contritam.</strong></span> <span class='ocrx_word' id='word_1_8' title='bbox 1717 411 1848 479; x_wconf 70' lang='lat' dir='ltr'><strong>Qua:</strong></span> 
     </span>
    </p>
   </div>
   <div class='ocr_carea' id='block_1_3' title="bbox 241 506 1839 576">
    <p class='ocr_par' dir='ltr' id='par_1_3' title="bbox 241 506 1839 576">
     <span class='ocr_line' id='line_1_3' title="bbox 241 506 1839 576; baseline -0.006 -8"><span class='ocrx_word' id='word_1_9' title='bbox 241 529 395 569; x_wconf 80' lang='lat' dir='ltr'><strong>certe</strong></span> <span class='ocrx_word' id='word_1_10' title='bbox 435 513 698 568; x_wconf 77' lang='lat' dir='ltr'><strong>sententia</strong></span> <span class='ocrx_word' id='word_1_11' title='bbox 746 513 814 564; x_wconf 90' lang='lat' dir='ltr'><strong>ita</strong></span> <span class='ocrx_word' id='word_1_12' title='bbox 863 519 945 564; x_wconf 85' lang='lat' dir='ltr'><strong>cst</strong></span> <span class='ocrx_word' id='word_1_13' title='bbox 971 510 1024 562; x_wconf 92' lang='lat' dir='ltr'><strong>in</strong></span> <span class='ocrx_word' id='word_1_14' title='bbox 1064 521 1276 562; x_wconf 80' lang='lat' dir='ltr'><strong>causam</strong></span> <span class='ocrx_word' id='word_1_15' title='bbox 1309 507 1597 576; x_wconf 87' lang='lat' dir='ltr'><strong>prolata,ut</strong></span> <span class='ocrx_word' id='word_1_16' title='bbox 1638 506 1839 560; x_wconf 87' lang='lat' dir='ltr'><strong>nullum</strong></span> 
     </span>
    </p>
   </div>
   <div class='ocr_carea' id='block_1_4' title="bbox 246 600 1085 672">
    <p class='ocr_par' dir='ltr' id='par_1_4' title="bbox 246 600 1085 672">
     <span class='ocr_line' id='line_1_4' title="bbox 246 600 1085 672; baseline -0.007 -16"><span class='ocrx_word' id='word_1_17' title='bbox 246 610 431 661; x_wconf 70' lang='lat' dir='ltr'><strong>fuerint</strong></span> <span class='ocrx_word' id='word_1_18' title='bbox 465 604 737 672; x_wconf 62' lang='lat' dir='ltr'><strong>reliquerit</strong></span> <span class='ocrx_word' id='word_1_19' title='bbox 765 600 1085 670; x_wconf 78' lang='lat' dir='ltr'><strong>ambigendi.</strong></span> 
     </span>
    </p>
   </div>
   <div class='ocr_carea' id='block_1_5' title="bbox 323 669 1844 760">
    <p class='ocr_par' dir='ltr' id='par_1_5' title="bbox 323 669 1844 760">
     <span class='ocr_line' id='line_1_5' title="bbox 323 669 1844 760; baseline -0.01 -10"><span class='ocrx_word' id='word_1_20' title='bbox 323 702 454 751; x_wconf 77' lang='lat' dir='ltr'><strong>Atto.</strong></span> <span class='ocrx_word' id='word_1_21' title='bbox 485 669 716 750; x_wconf 55' lang='lat' dir='ltr'><strong>iit-sisui</strong></span> <span class='ocrx_word' id='word_1_22' title='bbox 747 694 839 746; x_wconf 86' lang='lat' dir='ltr'><strong>tibi</strong></span> <span class='ocrx_word' id='word_1_23' title='bbox 867 669 1026 752; x_wconf 63' lang='lat' dir='ltr'><strong>na...</strong></span> <span class='ocrx_word' id='word_1_24' title='bbox 1057 690 1145 760; x_wconf 89' lang='lat' dir='ltr'><strong>qui</strong></span> <span class='ocrx_word' id='word_1_25' title='bbox 1173 687 1305 743; x_wconf 79' lang='lat' dir='ltr'><strong>dixit</strong></span> <span class='ocrx_word' id='word_1_26' title='bbox 1336 687 1388 742; x_wconf 92' lang='lat' dir='ltr'><strong>in</strong></span> <span class='ocrx_word' id='word_1_27' title='bbox 1419 687 1553 742; x_wconf 89' lang='lat' dir='ltr'><strong>libro</strong></span> <span class='ocrx_word' id='word_1_28' title='bbox 1588 685 1844 751; x_wconf 80' lang='lat' dir='ltr'><strong>Leritico,</strong></span> 
     </span>
    </p>
   </div>
   <div class='ocr_carea' id='block_1_6' title="bbox 242 778 1850 849">
    <p class='ocr_par' dir='ltr' id='par_1_6' title="bbox 242 778 1850 849">
     <span class='ocr_line' id='line_1_6' title="bbox 242 778 1850 849; baseline -0.006 -11"><span class='ocrx_word' id='word_1_29' title='bbox 242 785 316 838; x_wconf 68' lang='lat' dir='ltr'><strong>Et</strong></span> <span class='ocrx_word' id='word_1_30' title='bbox 359 788 446 847; x_wconf 80' lang='lat' dir='ltr'><strong>qui</strong></span> <span class='ocrx_word' id='word_1_31' title='bbox 488 786 822 838; x_wconf 81' lang='lat' dir='ltr'><strong>remanserint</strong></span> <span class='ocrx_word' id='word_1_32' title='bbox 862 798 924 836; x_wconf 78' lang='lat' dir='ltr'><strong>ea:</strong></span> <span class='ocrx_word' id='word_1_33' title='bbox 951 781 1086 834; x_wconf 73' lang='lat' dir='ltr'><strong>vobis</strong></span> <span class='ocrx_word' id='word_1_34' title='bbox 1111 822 1125 844; x_wconf 87' lang='lat'><strong>,</strong></span> <span class='ocrx_word' id='word_1_35' title='bbox 1156 778 1464 849; x_wconf 76' lang='lat' dir='ltr'><strong>disperibunt</strong></span> <span class='ocrx_word' id='word_1_36' title='bbox 1493 786 1697 847; x_wconf 69' lang='lat' dir='ltr'><strong>propter</strong></span> <span class='ocrx_word' id='word_1_37' title='bbox 1737 793 1850 842; x_wconf 82' lang='lat' dir='ltr'><strong>pec-</strong></span> 
     </span>
    </p>
   </div>
   <div class='ocr_carea' id='block_1_7' title="bbox 241 867 1846 944">
    <p class='ocr_par' dir='ltr' id='par_1_7' title="bbox 241 867 1846 944">
     <span class='ocr_line' id='line_1_7' title="bbox 241 867 1846 944; baseline -0.004 -17"><span class='ocrx_word' id='word_1_38' title='bbox 241 886 364 929; x_wconf 80' lang='lat' dir='ltr'><strong>m:a</strong></span> <span class='ocrx_word' id='word_1_39' title='bbox 414 893 505 928; x_wconf 70' lang='lat' dir='ltr'><strong>sua</strong></span> <span class='ocrx_word' id='word_1_40' title='bbox 534 916 549 939; x_wconf 93' lang='lat'><strong>,</strong></span> <span class='ocrx_word' id='word_1_41' title='bbox 581 885 625 927; x_wconf 81' lang='lat' dir='ltr'><strong>et</strong></span> <span class='ocrx_word' id='word_1_42' title='bbox 676 883 880 944; x_wconf 76' lang='lat' dir='ltr'><strong>propter</strong></span> <span class='ocrx_word' id='word_1_43' title='bbox 923 881 1124 938; x_wconf 79' lang='lat' dir='ltr'><strong>peccata</strong></span> <span class='ocrx_word' id='word_1_44' title='bbox 1166 879 1364 941; x_wconf 86' lang='lat' dir='ltr'><strong>patrum</strong></span> <span class='ocrx_word' id='word_1_45' title='bbox 1402 883 1607 923; x_wconf 71' lang='lat' dir='ltr'><strong>suorum</strong></span> <span class='ocrx_word' id='word_1_46' title='bbox 1649 867 1846 940; x_wconf 82' lang='lat' dir='ltr'><strong>(Lerit.</strong></span> 
     </span>
    </p>
   </div>
   <div class='ocr_carea' id='block_1_8' title="bbox 243 966 568 1037">
    <p class='ocr_par' dir='ltr' id='par_1_8' title="bbox 243 966 568 1037">
     <span class='ocr_line' id='line_1_8' title="bbox 243 966 568 1037; baseline -0.003 -16"><span class='ocrx_word' id='word_1_47' title='bbox 243 985 399 1028; x_wconf 64' lang='grc' dir='ltr'><strong>Σχιί,</strong></span> <span class='ocrx_word' id='word_1_48' title='bbox 429 968 500 1023; x_wconf 78' lang='grc'>59</span> 
     </span>
    </p>
   </div>
   <div class='ocr_carea' id='block_1_9' title="bbox 323 1049 1848 1122">
    <p class='ocr_par' dir='ltr' id='par_1_9' title="bbox 323 1049 1848 1122">
     <span class='ocr_line' id='line_1_9' title="bbox 323 1049 1848 1122; baseline -0.006 -11"><span class='ocrx_word' id='word_1_49' title='bbox 323 1058 466 1120; x_wconf 66' lang='grc' dir='ltr'>χιιι.</span> <span class='ocrx_word' id='word_1_50' title='bbox 496 1057 612 1111; x_wconf 78' lang='lat' dir='ltr'><strong>JUL.</strong></span> <span class='ocrx_word' id='word_1_51' title='bbox 642 1055 930 1108; x_wconf 83' lang='lat' dir='ltr'><strong>Instituens</strong></span> <span class='ocrx_word' id='word_1_52' title='bbox 969 1054 1163 1122; x_wconf 91' lang='lat' dir='ltr'><strong>quippe</strong></span> <span class='ocrx_word' id='word_1_53' title='bbox 1203 1052 1343 1106; x_wconf 85' lang='lat' dir='ltr'><strong>Dens</strong></span> <span class='ocrx_word' id='word_1_54' title='bbox 1384 1066 1502 1120; x_wconf 66' lang='lat' dir='ltr'><strong>quae</strong></span> <span class='ocrx_word' id='word_1_55' title='bbox 1553 1051 1602 1104; x_wconf 93' lang='lat' dir='ltr'><strong>iu</strong></span> <span class='ocrx_word' id='word_1_56' title='bbox 1637 1049 1848 1105; x_wconf 43' lang='lat' dir='ltr'><strong>exarui.</strong></span> 
     </span>
    </p>
   </div>
   <div class='ocr_carea' id='block_1_10' title="bbox 252 1142 1850 1214">
    <p class='ocr_par' dir='ltr' id='par_1_10' title="bbox 252 1142 1850 1214">
     <span class='ocr_line' id='line_1_10' title="bbox 252 1142 1850 1214; baseline -0.008 -10"><span class='ocrx_word' id='word_1_57' title='bbox 252 1152 415 1204; x_wconf 80' lang='lat' dir='ltr'><strong>nibus</strong></span> <span class='ocrx_word' id='word_1_58' title='bbox 441 1149 653 1204; x_wconf 79' lang='lat' dir='ltr'><strong>deberet</strong></span> <span class='ocrx_word' id='word_1_59' title='bbox 691 1145 857 1200; x_wconf 87' lang='lat' dir='ltr'><strong>forma</strong></span> <span class='ocrx_word' id='word_1_60' title='bbox 888 1145 1106 1208; x_wconf 83' lang='lat' dir='ltr'><strong>servari,</strong></span> <span class='ocrx_word' id='word_1_61' title='bbox 1134 1144 1453 1214; x_wconf 72' lang='lat' dir='ltr'><strong>prteseripsit</strong></span> <span class='ocrx_word' id='word_1_62' title='bbox 1489 1155 1556 1196; x_wconf 90' lang='lat' dir='ltr'><strong>ne</strong></span> <span class='ocrx_word' id='word_1_63' title='bbox 1595 1142 1850 1194; x_wconf 82' lang='lat' dir='ltr'><strong>innocen-</strong></span> 
     </span>
    </p>
   </div>
   <div class='ocr_carea' id='block_1_11' title="bbox 251 1235 1851 1304">
    <p class='ocr_par' dir='ltr' id='par_1_11' title="bbox 251 1235 1851 1304">
     <span class='ocr_line' id='line_1_11' title="bbox 251 1235 1851 1304; baseline -0.006 -11"><span class='ocrx_word' id='word_1_64' title='bbox 251 1242 323 1293; x_wconf 81' lang='lat' dir='ltr'><strong>tia</strong></span> <span class='ocrx_word' id='word_1_65' title='bbox 355 1237 757 1294; x_wconf 71' lang='lat' dir='ltr'><strong>necchitudinis</strong></span> <span class='ocrx_word' id='word_1_66' title='bbox 791 1249 910 1290; x_wconf 73' lang='lat' dir='ltr'><strong>sum</strong></span> <span class='ocrx_word' id='word_1_67' title='bbox 941 1235 1186 1304; x_wconf 79' lang='lat' dir='ltr'><strong>periculis</strong></span> <span class='ocrx_word' id='word_1_68' title='bbox 1211 1235 1560 1303; x_wconf 83' lang='lat' dir='ltr'><strong>jungcretnr;</strong></span> <span class='ocrx_word' id='word_1_69' title='bbox 1589 1240 1749 1301; x_wconf 85' lang='lat' dir='ltr'><strong>atque</strong></span> <span class='ocrx_word' id='word_1_70' title='bbox 1793 1236 1851 1284; x_wconf 87' lang='lat' dir='ltr'><strong>ut</strong></span> 
     </span>
    </p>
   </div>
   <div class='ocr_carea' id='block_1_12' title="bbox 250 1323 1850 1400">
    <p class='ocr_par' dir='ltr' id='par_1_12' title="bbox 250 1323 1850 1400">
     <span class='ocr_line' id='line_1_12' title="bbox 250 1323 1850 1400; baseline -0.004 -20"><span class='ocrx_word' id='word_1_71' title='bbox 250 1328 466 1400; x_wconf 61' lang='lat' dir='ltr'><strong>patrem</strong></span> <span class='ocrx_word' id='word_1_72' title='bbox 495 1345 522 1382; x_wconf 87' lang='lat' dir='ltr'><strong>a</strong></span> <span class='ocrx_word' id='word_1_73' title='bbox 554 1329 813 1400; x_wconf 76' lang='lat' dir='ltr'><strong>supplicio</strong></span> <span class='ocrx_word' id='word_1_74' title='bbox 859 1326 1126 1395; x_wconf 70' lang='lat' dir='ltr'><strong>peccantis</strong></span> <span class='ocrx_word' id='word_1_75' title='bbox 1167 1325 1278 1388; x_wconf 80' lang='lat' dir='ltr'><strong>ﬁlii,</strong></span> <span class='ocrx_word' id='word_1_76' title='bbox 1313 1325 1381 1377; x_wconf 87' lang='lat' dir='ltr'><strong>ila</strong></span> <span class='ocrx_word' id='word_1_77' title='bbox 1425 1323 1586 1376; x_wconf 87' lang='lat' dir='ltr'><strong>lilium</strong></span> <span class='ocrx_word' id='word_1_78' title='bbox 1621 1338 1648 1374; x_wconf 87' lang='lat' dir='ltr'><strong>a</strong></span> <span class='ocrx_word' id='word_1_79' title='bbox 1687 1323 1850 1389; x_wconf 83' lang='lat' dir='ltr'><strong>patris</strong></span> 
     </span>
    </p>
   </div>
   <div class='ocr_carea' id='block_1_13' title="bbox 249 1413 1840 1488">
    <p class='ocr_par' dir='ltr' id='par_1_13' title="bbox 249 1413 1840 1488">
     <span class='ocr_line' id='line_1_13' title="bbox 249 1413 1840 1488; baseline -0.006 -11"><span class='ocrx_word' id='word_1_80' title='bbox 249 1422 703 1477; x_wconf 76' lang='lat' dir='ltr'><strong>condemnat-ioue</strong></span> <span class='ocrx_word' id='word_1_81' title='bbox 746 1420 1032 1488; x_wconf 78' lang='lat' dir='ltr'><strong>separavit;</strong></span> <span class='ocrx_word' id='word_1_82' title='bbox 1081 1415 1366 1471; x_wconf 86' lang='lat' dir='ltr'><strong>ostendens</strong></span> <span class='ocrx_word' id='word_1_83' title='bbox 1399 1414 1635 1484; x_wconf 81' lang='lat' dir='ltr'><strong>profecto</strong></span> <span class='ocrx_word' id='word_1_84' title='bbox 1680 1413 1840 1468; x_wconf 85' lang='lat' dir='ltr'><strong>simili</strong></span> 
     </span>
    </p>
   </div>
   <div class='ocr_carea' id='block_1_14' title="bbox 250 1513 1846 1580">
    <p class='ocr_par' dir='ltr' id='par_1_14' title="bbox 250 1513 1846 1580">
     <span class='ocr_line' id='line_1_14' title="bbox 250 1513 1846 1580; baseline -0.004 -15"><span class='ocrx_word' id='word_1_85' title='bbox 250 1515 402 1567; x_wconf 82' lang='lat' dir='ltr'><strong>exitu</strong></span> <span class='ocrx_word' id='word_1_86' title='bbox 453 1513 727 1580; x_wconf 87' lang='lat' dir='ltr'><strong>utriusque</strong></span> <span class='ocrx_word' id='word_1_87' title='bbox 765 1523 1028 1579; x_wconf 65' lang='lat' dir='ltr'><strong>persona),</strong></span> <span class='ocrx_word' id='word_1_88' title='bbox 1063 1516 1166 1561; x_wconf 86' lang='lat' dir='ltr'><strong>tam</strong></span> <span class='ocrx_word' id='word_1_89' title='bbox 1205 1522 1308 1560; x_wconf 90' lang='lat' dir='ltr'><strong>non</strong></span> <span class='ocrx_word' id='word_1_90' title='bbox 1355 1519 1511 1575; x_wconf 80' lang='lat' dir='ltr'><strong>posse</strong></span> <span class='ocrx_word' id='word_1_91' title='bbox 1567 1515 1846 1574; x_wconf 88' lang='lat' dir='ltr'><strong>parentum</strong></span> 
     </span>
    </p>
   </div>
   <div class='ocr_carea' id='block_1_15' title="bbox 251 1596 1850 1672">
    <p class='ocr_par' dir='ltr' id='par_1_15' title="bbox 251 1596 1850 1672">
     <span class='ocr_line' id='line_1_15' title="bbox 251 1596 1850 1672; baseline -0.006 -15"><span class='ocrx_word' id='word_1_92' title='bbox 251 1604 319 1657; x_wconf 83' lang='lat' dir='ltr'><strong>ad</strong></span> <span class='ocrx_word' id='word_1_93' title='bbox 355 1603 492 1657; x_wconf 88' lang='lat' dir='ltr'><strong>filios</strong></span> <span class='ocrx_word' id='word_1_94' title='bbox 535 1612 750 1672; x_wconf 85' lang='lat' dir='ltr'><strong>peccata</strong></span> <span class='ocrx_word' id='word_1_95' title='bbox 800 1599 1046 1666; x_wconf 88' lang='lat' dir='ltr'><strong>transire,</strong></span> <span class='ocrx_word' id='word_1_96' title='bbox 1073 1612 1228 1668; x_wconf 86' lang='lat' dir='ltr'><strong>quam</strong></span> <span class='ocrx_word' id='word_1_97' title='bbox 1267 1611 1366 1652; x_wconf 90' lang='lat' dir='ltr'><strong>nec</strong></span> <span class='ocrx_word' id='word_1_98' title='bbox 1408 1596 1634 1650; x_wconf 87' lang='lat' dir='ltr'><strong>ﬁliorum</strong></span> <span class='ocrx_word' id='word_1_99' title='bbox 1677 1604 1850 1649; x_wconf 88' lang='lat' dir='ltr'><strong>trans-</strong></span> 
     </span>
    </p>
   </div>
   <div class='ocr_carea' id='block_1_16' title="bbox 259 1694 777 1763">
    <p class='ocr_par' dir='ltr' id='par_1_16' title="bbox 259 1694 777 1763">
     <span class='ocr_line' id='line_1_16' title="bbox 259 1694 777 1763; baseline -0.008 -15"><span class='ocrx_word' id='word_1_100' title='bbox 259 1703 394 1748; x_wconf 86' lang='lat' dir='ltr'><strong>eunt</strong></span> <span class='ocrx_word' id='word_1_101' title='bbox 415 1694 484 1748; x_wconf 83' lang='lat' dir='ltr'><strong>ad</strong></span> <span class='ocrx_word' id='word_1_102' title='bbox 513 1704 777 1763; x_wconf 77' lang='lat' dir='ltr'><strong>parentes.</strong></span> 
     </span>
    </p>
   </div>
   <div class='ocr_carea' id='block_1_17' title="bbox 326 1778 1849 1852">
    <p class='ocr_par' dir='ltr' id='par_1_17' title="bbox 326 1778 1849 1852">
     <span class='ocr_line' id='line_1_17' title="bbox 326 1778 1849 1852; baseline -0.005 -14"><span class='ocrx_word' id='word_1_103' title='bbox 326 1791 466 1840; x_wconf 75' lang='lat' dir='ltr'><strong>Acs.</strong></span> <span class='ocrx_word' id='word_1_104' title='bbox 495 1783 766 1838; x_wconf 81' lang='lat' dir='ltr'><strong>Suﬁ‘ocant</strong></span> <span class='ocrx_word' id='word_1_105' title='bbox 801 1791 852 1836; x_wconf 86' lang='lat' dir='ltr'><strong>te</strong></span> <span class='ocrx_word' id='word_1_106' title='bbox 896 1781 1120 1852; x_wconf 82' lang='lat' dir='ltr'><strong>parvuli,</strong></span> <span class='ocrx_word' id='word_1_107' title='bbox 1145 1779 1231 1849; x_wconf 91' lang='lat' dir='ltr'><strong>qui</strong></span> <span class='ocrx_word' id='word_1_108' title='bbox 1278 1794 1383 1834; x_wconf 88' lang='lat' dir='ltr'><strong>non</strong></span> <span class='ocrx_word' id='word_1_109' title='bbox 1427 1778 1585 1834; x_wconf 89' lang='lat' dir='ltr'><strong>etiam</strong></span> <span class='ocrx_word' id='word_1_110' title='bbox 1629 1786 1849 1847; x_wconf 89' lang='lat' dir='ltr'><strong>propter</strong></span> 
     </span>
    </p>
   </div>
   <div class='ocr_carea' id='block_1_18' title="bbox 250 1869 1848 1944">
    <p class='ocr_par' dir='ltr' id='par_1_18' title="bbox 250 1869 1848 1944">
     <span class='ocr_line' id='line_1_18' title="bbox 250 1869 1848 1944; baseline -0.003 -17"><span class='ocrx_word' id='word_1_111' title='bbox 250 1891 386 1941; x_wconf 79' lang='lat' dir='ltr'><strong>sua,</strong></span> <span class='ocrx_word' id='word_1_112' title='bbox 433 1875 526 1930; x_wconf 84' lang='lat' dir='ltr'><strong>sed</strong></span> <span class='ocrx_word' id='word_1_113' title='bbox 572 1884 795 1944; x_wconf 82' lang='lat' dir='ltr'><strong>propter</strong></span> <span class='ocrx_word' id='word_1_114' title='bbox 838 1873 948 1927; x_wconf 87' lang='lat' dir='ltr'><strong>sola</strong></span> <span class='ocrx_word' id='word_1_115' title='bbox 998 1880 1274 1942; x_wconf 86' lang='lat' dir='ltr'><strong>parentum</strong></span> <span class='ocrx_word' id='word_1_116' title='bbox 1313 1879 1526 1939; x_wconf 88' lang='lat' dir='ltr'><strong>peccata</strong></span> <span class='ocrx_word' id='word_1_117' title='bbox 1569 1870 1721 1922; x_wconf 87' lang='lat' dir='ltr'><strong>toties</strong></span> <span class='ocrx_word' id='word_1_118' title='bbox 1768 1869 1848 1923; x_wconf 88' lang='lat' dir='ltr'><strong>le-</strong></span> 
     </span>
    </p>
   </div>
   <div class='ocr_carea' id='block_1_19' title="bbox 249 1965 656 2038">
    <p class='ocr_par' dir='ltr' id='par_1_19' title="bbox 249 1965 656 2038">
     <span class='ocr_line' id='line_1_19' title="bbox 249 1965 656 2038; baseline -0.002 -20"><span class='ocrx_word' id='word_1_119' title='bbox 249 1977 453 2035; x_wconf 85' lang='lat' dir='ltr'><strong>guntur</strong></span> <span class='ocrx_word' id='word_1_120' title='bbox 473 1965 656 2038; x_wconf 85' lang='lat' dir='ltr'><strong>occisi.</strong></span> 
     </span>
    </p>
   </div>
   <div class='ocr_carea' id='block_1_20' title="bbox 323 2047 1849 2125">
    <p class='ocr_par' dir='ltr' id='par_1_20' title="bbox 323 2047 1849 2125">
     <span class='ocr_line' id='line_1_20' title="bbox 323 2047 1849 2125; baseline -0.005 -14"><span class='ocrx_word' id='word_1_121' title='bbox 323 2055 441 2111; x_wconf 73' lang='lat' dir='ltr'><strong>XV.</strong></span> <span class='ocrx_word' id='word_1_122' title='bbox 490 2056 613 2111; x_wconf 75' lang='lat' dir='ltr'><strong>Jut.</strong></span> <span class='ocrx_word' id='word_1_123' title='bbox 643 2055 742 2122; x_wconf 86' lang='lat' dir='ltr'><strong>Qui</strong></span> <span class='ocrx_word' id='word_1_124' title='bbox 789 2068 919 2125; x_wconf 83' lang='lat' dir='ltr'><strong>ergo</strong></span> <span class='ocrx_word' id='word_1_125' title='bbox 957 2060 1142 2107; x_wconf 89' lang='lat' dir='ltr'><strong>contra</strong></span> <span class='ocrx_word' id='word_1_126' title='bbox 1183 2051 1319 2105; x_wconf 86' lang='lat' dir='ltr'><strong>hanc</strong></span> <span class='ocrx_word' id='word_1_127' title='bbox 1360 2047 1677 2105; x_wconf 89' lang='lat' dir='ltr'><strong>sententiam</strong></span> <span class='ocrx_word' id='word_1_128' title='bbox 1721 2047 1849 2103; x_wconf 80' lang='lat' dir='ltr'><strong>dicit</strong></span> 
     </span>
    </p>
   </div>
   <div class='ocr_carea' id='block_1_21' title="bbox 251 2145 1850 2216">
    <p class='ocr_par' dir='ltr' id='par_1_21' title="bbox 251 2145 1850 2216">
     <span class='ocr_line' id='line_1_21' title="bbox 251 2145 1850 2216; baseline -0.004 -14"><span class='ocrx_word' id='word_1_129' title='bbox 251 2148 529 2202; x_wconf 82' lang='lat' dir='ltr'><strong>traducem</strong></span> <span class='ocrx_word' id='word_1_130' title='bbox 561 2160 682 2201; x_wconf 78' lang='lat' dir='ltr'><strong>esse</strong></span> <span class='ocrx_word' id='word_1_131' title='bbox 725 2146 947 2216; x_wconf 85' lang='lat' dir='ltr'><strong>peccati,</strong></span> <span class='ocrx_word' id='word_1_132' title='bbox 980 2145 1122 2199; x_wconf 80' lang='lat' dir='ltr'><strong>dicat</strong></span> <span class='ocrx_word' id='word_1_133' title='bbox 1159 2149 1369 2211; x_wconf 82' lang='lat' dir='ltr'><strong>quoque</strong></span> <span class='ocrx_word' id='word_1_134' title='bbox 1414 2154 1690 2194; x_wconf 85' lang='lat' dir='ltr'><strong>recursum</strong></span> <span class='ocrx_word' id='word_1_135' title='bbox 1729 2155 1850 2196; x_wconf 81' lang='lat' dir='ltr'><strong>esse</strong></span> 
     </span>
    </p>
   </div>
   <div class='ocr_carea' id='block_1_22' title="bbox 251 2233 1848 2311">
    <p class='ocr_par' dir='ltr' id='par_1_22' title="bbox 251 2233 1848 2311">
     <span class='ocr_line' id='line_1_22' title="bbox 251 2233 1848 2311; baseline -0.003 -19"><span class='ocrx_word' id='word_1_136' title='bbox 251 2241 456 2311; x_wconf 72' lang='grc' dir='ltr'>ιιυεεειιὶ</span> <span class='ocrx_word' id='word_1_137' title='bbox 489 2258 502 2292; x_wconf 91' lang='lat'>:</span> <span class='ocrx_word' id='word_1_138' title='bbox 536 2251 594 2294; x_wconf 93' lang='grc' dir='ltr'><strong>ιιι</strong></span> <span class='ocrx_word' id='word_1_139' title='bbox 623 2239 668 2293; x_wconf 86' lang='lat' dir='ltr'><strong>si</strong></span> <span class='ocrx_word' id='word_1_140' title='bbox 695 2254 724 2292; x_wconf 88' lang='lat' dir='ltr'><strong>a</strong></span> <span class='ocrx_word' id='word_1_141' title='bbox 758 2239 1062 2308; x_wconf 82' lang='lat' dir='ltr'><strong>parentibus</strong></span> <span class='ocrx_word' id='word_1_142' title='bbox 1090 2236 1155 2290; x_wconf 89' lang='lat' dir='ltr'><strong>ad</strong></span> <span class='ocrx_word' id='word_1_143' title='bbox 1189 2235 1324 2288; x_wconf 89' lang='lat' dir='ltr'><strong>ﬁlios</strong></span> <span class='ocrx_word' id='word_1_144' title='bbox 1371 2245 1582 2303; x_wconf 87' lang='lat' dir='ltr'><strong>peccata</strong></span> <span class='ocrx_word' id='word_1_145' title='bbox 1625 2233 1848 2288; x_wconf 85' lang='lat' dir='ltr'><strong>descen-</strong></span> 
     </span>
    </p>
   </div>
   <div class='ocr_carea' id='block_1_23' title="bbox 251 2324 1848 2399">
    <p class='ocr_par' dir='ltr' id='par_1_23' title="bbox 251 2324 1848 2399">
     <span class='ocr_line' id='line_1_23' title="bbox 251 2324 1848 2399; baseline -0.005 -14"><span class='ocrx_word' id='word_1_146' title='bbox 251 2333 408 2399; x_wconf 89' lang='lat' dir='ltr'><strong>dunt,</strong></span> <span class='ocrx_word' id='word_1_147' title='bbox 438 2331 732 2387; x_wconf 87' lang='lat' dir='ltr'><strong>ascendant</strong></span> <span class='ocrx_word' id='word_1_148' title='bbox 759 2346 785 2381; x_wconf 89' lang='lat' dir='ltr'><strong>a</strong></span> <span class='ocrx_word' id='word_1_149' title='bbox 811 2331 929 2383; x_wconf 90' lang='lat' dir='ltr'><strong>ﬁliis</strong></span> <span class='ocrx_word' id='word_1_150' title='bbox 963 2328 1028 2382; x_wconf 91' lang='lat' dir='ltr'><strong>ad</strong></span> <span class='ocrx_word' id='word_1_151' title='bbox 1058 2335 1324 2397; x_wconf 84' lang='lat' dir='ltr'><strong>parentes.</strong></span> <span class='ocrx_word' id='word_1_152' title='bbox 1355 2325 1619 2392; x_wconf 83' lang='lat' dir='ltr'><strong>Quoniam</strong></span> <span class='ocrx_word' id='word_1_153' title='bbox 1655 2324 1848 2378; x_wconf 68' lang='lat' dir='ltr'><strong>divina:</strong></span> 
     </span>
    </p>
   </div>
   <div class='ocr_carea' id='block_1_24' title="bbox 251 2413 1848 2495">
    <p class='ocr_par' dir='ltr' id='par_1_24' title="bbox 251 2413 1848 2495">
     <span class='ocr_line' id='line_1_24' title="bbox 251 2413 1848 2495; baseline -0.006 -18"><span class='ocrx_word' id='word_1_154' title='bbox 251 2424 388 2495; x_wconf 80' lang='lat' dir='ltr'><strong>legis</strong></span> <span class='ocrx_word' id='word_1_155' title='bbox 416 2422 660 2477; x_wconf 83' lang='lat' dir='ltr'><strong>ostendit</strong></span> <span class='ocrx_word' id='word_1_156' title='bbox 687 2420 993 2485; x_wconf 82' lang='lat' dir='ltr'><strong>auctoritas,</strong></span> <span class='ocrx_word' id='word_1_157' title='bbox 1021 2420 1087 2471; x_wconf 87' lang='lat' dir='ltr'><strong>ita</strong></span> <span class='ocrx_word' id='word_1_158' title='bbox 1137 2425 1414 2487; x_wconf 89' lang='lat' dir='ltr'><strong>parentum</strong></span> <span class='ocrx_word' id='word_1_159' title='bbox 1457 2415 1680 2470; x_wconf 89' lang='lat' dir='ltr'><strong>crimina</strong></span> <span class='ocrx_word' id='word_1_160' title='bbox 1726 2413 1848 2468; x_wconf 90' lang='lat' dir='ltr'><strong>ﬁliis</strong></span> 
     </span>
    </p>
   </div>
   <div class='ocr_carea' id='block_1_25' title="bbox 251 2509 1504 2581">
    <p class='ocr_par' dir='ltr' id='par_1_25' title="bbox 251 2509 1504 2581">
     <span class='ocr_line' id='line_1_25' title="bbox 251 2509 1504 2581; baseline -0.01 -10"><span class='ocrx_word' id='word_1_161' title='bbox 251 2534 362 2571; x_wconf 88' lang='lat' dir='ltr'><strong>non</strong></span> <span class='ocrx_word' id='word_1_162' title='bbox 392 2531 607 2578; x_wconf 81' lang='lat' dir='ltr'><strong>nocere,</strong></span> <span class='ocrx_word' id='word_1_163' title='bbox 632 2515 768 2568; x_wconf 87' lang='lat' dir='ltr'><strong>sicut</strong></span> <span class='ocrx_word' id='word_1_164' title='bbox 795 2527 892 2566; x_wconf 90' lang='lat' dir='ltr'><strong>nec</strong></span> <span class='ocrx_word' id='word_1_165' title='bbox 920 2511 1225 2581; x_wconf 83' lang='lat' dir='ltr'><strong>parentibus</strong></span> <span class='ocrx_word' id='word_1_166' title='bbox 1253 2509 1504 2562; x_wconf 89' lang='lat' dir='ltr'><strong>ﬁliorum.</strong></span> 
     </span>
    </p>
   </div>
   <div class='ocr_carea' id='block_1_26' title="bbox 327 2597 1846 2675">
    <p class='ocr_par' dir='ltr' id='par_1_26' title="bbox 327 2597 1846 2675">
     <span class='ocr_line' id='line_1_26' title="bbox 327 2597 1846 2675; baseline -0.008 -11"><span class='ocrx_word' id='word_1_167' title='bbox 327 2615 459 2665; x_wconf 73' lang='lat' dir='ltr'><strong>Are.</strong></span> <span class='ocrx_word' id='word_1_168' title='bbox 496 2608 698 2662; x_wconf 73' lang='lat' dir='ltr'><strong>Divina:</strong></span> <span class='ocrx_word' id='word_1_169' title='bbox 743 2607 873 2675; x_wconf 81' lang='lat' dir='ltr'><strong>legis</strong></span> <span class='ocrx_word' id='word_1_170' title='bbox 917 2603 1204 2658; x_wconf 89' lang='lat' dir='ltr'><strong>auctoritas</strong></span> <span class='ocrx_word' id='word_1_171' title='bbox 1241 2600 1298 2654; x_wconf 84' lang='lat' dir='ltr'><strong>in</strong></span> <span class='ocrx_word' id='word_1_172' title='bbox 1340 2599 1553 2670; x_wconf 90' lang='lat' dir='ltr'><strong>judiciis</strong></span> <span class='ocrx_word' id='word_1_173' title='bbox 1600 2597 1846 2652; x_wconf 86' lang='lat' dir='ltr'><strong>humanis</strong></span> 
     </span>
    </p>
   </div>
   <div class='ocr_carea' id='block_1_27' title="bbox 253 2690 1845 2768">
    <p class='ocr_par' dir='ltr' id='par_1_27' title="bbox 253 2690 1845 2768">
     <span class='ocr_line' id='line_1_27' title="bbox 253 2690 1845 2768; baseline -0.009 -10"><span class='ocrx_word' id='word_1_174' title='bbox 253 2704 426 2758; x_wconf 82' lang='lat' dir='ltr'><strong>noluit</strong></span> <span class='ocrx_word' id='word_1_175' title='bbox 465 2702 604 2756; x_wconf 72' lang='lat' dir='ltr'><strong>ﬁlios</strong></span> <span class='ocrx_word' id='word_1_176' title='bbox 654 2698 886 2768; x_wconf 86' lang='lat' dir='ltr'><strong>pendere</strong></span> <span class='ocrx_word' id='word_1_177' title='bbox 929 2711 1024 2766; x_wconf 82' lang='lat' dir='ltr'><strong>pro</strong></span> <span class='ocrx_word' id='word_1_178' title='bbox 1066 2694 1373 2763; x_wconf 87' lang='lat' dir='ltr'><strong>parentibus</strong></span> <span class='ocrx_word' id='word_1_179' title='bbox 1419 2705 1626 2760; x_wconf 64' lang='lat' dir='ltr'><strong>pinnas,</strong></span> <span class='ocrx_word' id='word_1_180' title='bbox 1656 2690 1845 2743; x_wconf 83' lang='lat' dir='ltr'><strong>nonin</strong></span> 
     </span>
    </p>
   </div>
   <div class='ocr_carea' id='block_1_28' title="bbox 249 2781 1852 2856">
    <p class='ocr_par' dir='ltr' id='par_1_28' title="bbox 249 2781 1852 2856">
     <span class='ocr_line' id='line_1_28' title="bbox 249 2781 1852 2856; baseline -0.008 -8"><span class='ocrx_word' id='word_1_181' title='bbox 249 2795 468 2852; x_wconf 79' lang='lat' dir='ltr'><strong>divinis.</strong></span> <span class='ocrx_word' id='word_1_182' title='bbox 495 2792 581 2846; x_wconf 90' lang='lat' dir='ltr'><strong>ubi</strong></span> <span class='ocrx_word' id='word_1_183' title='bbox 609 2793 745 2845; x_wconf 85' lang='lat' dir='ltr'><strong>Deus</strong></span> <span class='ocrx_word' id='word_1_184' title='bbox 776 2790 923 2856; x_wconf 88' lang='lat' dir='ltr'><strong>dicit,</strong></span> <span class='ocrx_word' id='word_1_185' title='bbox 950 2787 1176 2842; x_wconf 81' lang='lat' dir='ltr'><strong>Reddam</strong></span> <span class='ocrx_word' id='word_1_186' title='bbox 1198 2793 1399 2853; x_wconf 83' lang='lat' dir='ltr'><strong>peccata</strong></span> <span class='ocrx_word' id='word_1_187' title='bbox 1423 2790 1624 2852; x_wconf 83' lang='lat' dir='ltr'><strong>patrum</strong></span> <span class='ocrx_word' id='word_1_188' title='bbox 1641 2783 1692 2834; x_wconf 85' lang='lat' dir='ltr'><strong>in</strong></span> <span class='ocrx_word' id='word_1_189' title='bbox 1716 2781 1852 2850; x_wconf 67' lang='lat' dir='ltr'><strong>ﬁlios</strong></span> 
     </span>
    </p>
   </div>
   <div class='ocr_carea' id='block_1_29' title="bbox 253 2870 1856 2954">
    <p class='ocr_par' dir='ltr' id='par_1_29' title="bbox 253 2870 1856 2954">
     <span class='ocr_line' id='line_1_29' title="bbox 253 2870 1856 2954; baseline -0.009 -16"><span class='ocrx_word' id='word_1_190' title='bbox 253 2885 434 2954; x_wconf 81' lang='lat' dir='ltr'><strong>(Deut.</strong></span> <span class='ocrx_word' id='word_1_191' title='bbox 460 2899 510 2948; x_wconf 77' lang='grc' dir='ltr'><strong>ι’,</strong></span> <span class='ocrx_word' id='word_1_192' title='bbox 536 2881 619 2954; x_wconf 87' lang='grc'><strong>9).</strong></span> <span class='ocrx_word' id='word_1_193' title='bbox 643 2882 731 2936; x_wconf 90' lang='lat' dir='ltr'><strong>Sic</strong></span> <span class='ocrx_word' id='word_1_194' title='bbox 767 2879 932 2933; x_wconf 84' lang='lat' dir='ltr'><strong>debes</strong></span> <span class='ocrx_word' id='word_1_195' title='bbox 977 2875 1184 2944; x_wconf 71' lang='lat' dir='ltr'><strong>lcgrre‘</strong></span> <span class='ocrx_word' id='word_1_196' title='bbox 1215 2874 1350 2943; x_wconf 83' lang='lat' dir='ltr'><strong>legis</strong></span> <span class='ocrx_word' id='word_1_197' title='bbox 1391 2872 1552 2926; x_wconf 85' lang='lat' dir='ltr'><strong>verba</strong></span> <span class='ocrx_word' id='word_1_198' title='bbox 1591 2886 1710 2941; x_wconf 70' lang='lat' dir='ltr'><strong>qua:</strong></span> <span class='ocrx_word' id='word_1_199' title='bbox 1745 2870 1856 2937; x_wconf 79' lang='lat' dir='ltr'><strong>vis,-</strong></span> 
     </span>
    </p>
   </div>
   <div class='ocr_carea' id='block_1_30' title="bbox 255 2961 1842 3042">
    <p class='ocr_par' dir='ltr' id='par_1_30' title="bbox 255 2961 1842 3042">
     <span class='ocr_line' id='line_1_30' title="bbox 255 2961 1842 3042; baseline -0.013 -14"><span class='ocrx_word' id='word_1_200' title='bbox 255 2984 313 3028; x_wconf 91' lang='lat' dir='ltr'><strong>ut</strong></span> <span class='ocrx_word' id='word_1_201' title='bbox 337 2974 541 3042; x_wconf 84' lang='lat' dir='ltr'><strong>rogites</strong></span> <span class='ocrx_word' id='word_1_202' title='bbox 572 2981 624 3025; x_wconf 89' lang='lat' dir='ltr'><strong>te</strong></span> <span class='ocrx_word' id='word_1_203' title='bbox 644 2969 946 3024; x_wconf 85' lang='lat' dir='ltr'><strong>auditurum</strong></span> <span class='ocrx_word' id='word_1_204' title='bbox 969 2980 1087 3020; x_wconf 80' lang='lat' dir='ltr'><strong>esse</strong></span> <span class='ocrx_word' id='word_1_205' title='bbox 1115 2979 1234 3034; x_wconf 67' lang='grc' dir='ltr'>(ιιιεε</span> <span class='ocrx_word' id='word_1_206' title='bbox 1262 2978 1365 3015; x_wconf 82' lang='grc' dir='ltr'>ιιυιι</span> <span class='ocrx_word' id='word_1_207' title='bbox 1394 2961 1492 3015; x_wconf 83' lang='lat' dir='ltr'><strong>vis.</strong></span> <span class='ocrx_word' id='word_1_208' title='bbox 1839 3015 1842 3022; x_wconf 28' lang='grc' dir='ltr'>ι</span> 
     </span>
    </p>
   </div>
   <div class='ocr_carea' id='block_1_31' title="bbox 325 3051 1847 3132">
    <p class='ocr_par' dir='ltr' id='par_1_31' title="bbox 325 3051 1847 3132">
     <span class='ocr_line' id='line_1_31' title="bbox 325 3051 1847 3132; baseline -0.011 -12"><span class='ocrx_word' id='word_1_209' title='bbox 325 3065 468 3120; x_wconf 79' lang='lat' dir='ltr'><strong>XVI.</strong></span> <span class='ocrx_word' id='word_1_210' title='bbox 495 3064 616 3118; x_wconf 69' lang='grc' dir='ltr'>ιω..</span> <span class='ocrx_word' id='word_1_211' title='bbox 651 3062 794 3132; x_wconf 84' lang='lat' dir='ltr'><strong>Ergo</strong></span> <span class='ocrx_word' id='word_1_212' title='bbox 823 3068 1004 3114; x_wconf 90' lang='lat' dir='ltr'><strong>contra</strong></span> <span class='ocrx_word' id='word_1_213' title='bbox 1031 3057 1164 3110; x_wconf 85' lang='lat' dir='ltr'><strong>hanc</strong></span> <span class='ocrx_word' id='word_1_214' title='bbox 1189 3057 1365 3109; x_wconf 85' lang='lat' dir='ltr'><strong>nitens</strong></span> <span class='ocrx_word' id='word_1_215' title='bbox 1395 3054 1470 3106; x_wconf 89' lang='lat' dir='ltr'><strong>ire</strong></span> <span class='ocrx_word' id='word_1_216' title='bbox 1507 3051 1847 3116; x_wconf 76' lang='lat' dir='ltr'><strong>sententiam,</strong></span> 
     </span>
    </p>
   </div>
   <div class='ocr_carea' id='block_1_32' title="bbox 255 3143 1848 3226">
    <p class='ocr_par' dir='ltr' id='par_1_32' title="bbox 255 3143 1848 3226">
     <span class='ocr_line' id='line_1_32' title="bbox 255 3143 1848 3226; baseline -0.012 -13"><span class='ocrx_word' id='word_1_217' title='bbox 255 3159 454 3226; x_wconf 85' lang='lat' dir='ltr'><strong>pariter</strong></span> <span class='ocrx_word' id='word_1_218' title='bbox 478 3156 592 3210; x_wconf 87' lang='lat' dir='ltr'><strong>ﬁcri</strong></span> <span class='ocrx_word' id='word_1_219' title='bbox 615 3160 839 3218; x_wconf 86' lang='lat' dir='ltr'><strong>asserat,</strong></span> <span class='ocrx_word' id='word_1_220' title='bbox 871 3149 1014 3220; x_wconf 90' lang='lat' dir='ltr'><strong>quod</strong></span> <span class='ocrx_word' id='word_1_221' title='bbox 1047 3148 1240 3217; x_wconf 84' lang='lat' dir='ltr'><strong>pariter</strong></span> <span class='ocrx_word' id='word_1_222' title='bbox 1266 3161 1331 3198; x_wconf 89' lang='lat' dir='ltr'><strong>ne</strong></span> <span class='ocrx_word' id='word_1_223' title='bbox 1363 3145 1511 3198; x_wconf 82' lang='lat' dir='ltr'><strong>fieret</strong></span> <span class='ocrx_word' id='word_1_224' title='bbox 1535 3143 1848 3211; x_wconf 70' lang='lat' dir='ltr'><strong>imperaturo</strong></span> 
     </span>
    </p>
   </div>
   <div class='ocr_carea' id='block_1_33' title="bbox 255 3233 1856 3320">
    <p class='ocr_par' dir='ltr' id='par_1_33' title="bbox 255 3233 1856 3320">
     <span class='ocr_line' id='line_1_33' title="bbox 255 3233 1856 3320; baseline -0.014 -11"><span class='ocrx_word' id='word_1_225' title='bbox 255 3265 357 3309; x_wconf 89' lang='lat' dir='ltr'><strong>est.</strong></span> <span class='ocrx_word' id='word_1_226' title='bbox 383 3251 616 3307; x_wconf 83' lang='lat' dir='ltr'><strong>Facilius</strong></span> <span class='ocrx_word' id='word_1_227' title='bbox 659 3249 854 3320; x_wconf 88' lang='lat' dir='ltr'><strong>quippe</strong></span> <span class='ocrx_word' id='word_1_228' title='bbox 902 3246 985 3299; x_wconf 82' lang='lat' dir='ltr'><strong>lex</strong></span> <span class='ocrx_word' id='word_1_229' title='bbox 1026 3243 1116 3297; x_wconf 86' lang='lat' dir='ltr'><strong>Dei</strong></span> <span class='ocrx_word' id='word_1_230' title='bbox 1159 3240 1356 3310; x_wconf 82' lang='lat' dir='ltr'><strong>negari,</strong></span> <span class='ocrx_word' id='word_1_231' title='bbox 1384 3253 1539 3308; x_wconf 90' lang='lat' dir='ltr'><strong>quam</strong></span> <span class='ocrx_word' id='word_1_232' title='bbox 1578 3233 1856 3290; x_wconf 85' lang='lat' dir='ltr'><strong>emendari-</strong></span> 
     </span>
    </p>
   </div>
   <div class='ocr_carea' id='block_1_34' title="bbox 257 3319 1850 3415">
    <p class='ocr_par' dir='ltr' id='par_1_34' title="bbox 257 3319 1850 3415">
     <span class='ocr_line' id='line_1_34' title="bbox 257 3319 1850 3415; baseline -0.013 -17"><span class='ocrx_word' id='word_1_233' title='bbox 257 3353 452 3415; x_wconf 86' lang='lat' dir='ltr'><strong>potcst;</strong></span> <span class='ocrx_word' id='word_1_234' title='bbox 485 3352 543 3396; x_wconf 91' lang='lat' dir='ltr'><strong>ct</strong></span> <span class='ocrx_word' id='word_1_235' title='bbox 583 3319 705 3395; x_wconf 81' lang='lat' dir='ltr'><strong>licet</strong></span> <span class='ocrx_word' id='word_1_236' title='bbox 749 3340 819 3394; x_wconf 85' lang='lat' dir='ltr'><strong>sit</strong></span> <span class='ocrx_word' id='word_1_237' title='bbox 849 3337 1062 3406; x_wconf 85' lang='lat' dir='ltr'><strong>profana</strong></span> <span class='ocrx_word' id='word_1_238' title='bbox 1107 3332 1334 3402; x_wconf 86' lang='lat' dir='ltr'><strong>negatio,</strong></span> <span class='ocrx_word' id='word_1_239' title='bbox 1357 3326 1624 3399; x_wconf 81' lang='lat' dir='ltr'><strong>profauior</strong></span> <span class='ocrx_word' id='word_1_240' title='bbox 1673 3319 1850 3380; x_wconf 72' lang='lat' dir='ltr'><strong>tamen</strong></span> 
     </span>
    </p>
   </div>
   <div class='ocr_carea' id='block_1_35' title="bbox 257 3417 1851 3504">
    <p class='ocr_par' dir='ltr' id='par_1_35' title="bbox 257 3417 1851 3504">
     <span class='ocr_line' id='line_1_35' title="bbox 257 3417 1851 3504; baseline -0.013 -12"><span class='ocrx_word' id='word_1_241' title='bbox 257 3437 646 3504; x_wconf 87' lang='lat' dir='ltr'><strong>absurdiorqne</strong></span> <span class='ocrx_word' id='word_1_242' title='bbox 691 3430 952 3487; x_wconf 85' lang='lat' dir='ltr'><strong>correctio</strong></span> <span class='ocrx_word' id='word_1_243' title='bbox 987 3438 1089 3483; x_wconf 87' lang='lat' dir='ltr'><strong>est.</strong></span> <span class='ocrx_word' id='word_1_244' title='bbox 1121 3426 1175 3480; x_wconf 91' lang='lat' dir='ltr'><strong>Si</strong></span> <span class='ocrx_word' id='word_1_245' title='bbox 1201 3426 1346 3480; x_wconf 88' lang='lat' dir='ltr'><strong>enim</strong></span> <span class='ocrx_word' id='word_1_246' title='bbox 1384 3421 1450 3476; x_wconf 89' lang='lat' dir='ltr'><strong>de</strong></span> <span class='ocrx_word' id='word_1_247' title='bbox 1489 3421 1698 3475; x_wconf 91' lang='lat' dir='ltr'><strong>duobus</strong></span> <span class='ocrx_word' id='word_1_248' title='bbox 1735 3417 1851 3487; x_wconf 90' lang='lat' dir='ltr'><strong>ejus</strong></span> 
     </span>
    </p>
   </div>
   <div class='ocr_carea' id='block_1_36' title="bbox 257 3511 1848 3586">
    <p class='ocr_par' dir='ltr' id='par_1_36' title="bbox 257 3511 1848 3586">
     <span class='ocr_line' id='line_1_36' title="bbox 257 3511 1848 3586; baseline -0.014 -2"><span class='ocrx_word' id='word_1_249' title='bbox 257 3529 490 3584; x_wconf 87' lang='lat' dir='ltr'><strong>decretis</strong></span> <span class='ocrx_word' id='word_1_250' title='bbox 517 3541 679 3581; x_wconf 90' lang='lat' dir='ltr'><strong>unum</strong></span> <span class='ocrx_word' id='word_1_251' title='bbox 702 3522 993 3586; x_wconf 77' lang='lat' dir='ltr'><strong>venereris,</strong></span> <span class='ocrx_word' id='word_1_252' title='bbox 1011 3520 1236 3574; x_wconf 89' lang='lat' dir='ltr'><strong>alterum</strong></span> <span class='ocrx_word' id='word_1_253' title='bbox 1263 3513 1564 3571; x_wconf 80' lang='lat' dir='ltr'><strong>cxsecreris</strong></span> <span class='ocrx_word' id='word_1_254' title='bbox 1581 3511 1848 3582; x_wconf 77' lang='lat' dir='ltr'><strong>ingratus&#39;</strong></span> 
     </span>
    </p>
   </div>
   <div class='ocr_carea' id='block_1_37' title="bbox 260 3601 1852 3689">
    <p class='ocr_par' dir='ltr' id='par_1_37' title="bbox 260 3601 1852 3689">
     <span class='ocr_line' id='line_1_37' title="bbox 260 3601 1852 3689; baseline -0.011 -15"><span class='ocrx_word' id='word_1_255' title='bbox 260 3623 327 3674; x_wconf 85' lang='lat' dir='ltr'><strong>ab</strong></span> <span class='ocrx_word' id='word_1_256' title='bbox 373 3620 491 3689; x_wconf 84' lang='lat' dir='ltr'><strong>ejus</strong></span> <span class='ocrx_word' id='word_1_257' title='bbox 527 3625 678 3687; x_wconf 87' lang='lat' dir='ltr'><strong>parte</strong></span> <span class='ocrx_word' id='word_1_258' title='bbox 711 3614 850 3686; x_wconf 88' lang='lat' dir='ltr'><strong>quod</strong></span> <span class='ocrx_word' id='word_1_259' title='bbox 893 3612 1138 3681; x_wconf 76' lang='lat' dir='ltr'><strong>suscipis,</strong></span> <span class='ocrx_word' id='word_1_260' title='bbox 1163 3619 1216 3664; x_wconf 90' lang='lat' dir='ltr'><strong>et</strong></span> <span class='ocrx_word' id='word_1_261' title='bbox 1266 3607 1339 3662; x_wconf 90' lang='lat' dir='ltr'><strong>illi</strong></span> <span class='ocrx_word' id='word_1_262' title='bbox 1380 3605 1590 3675; x_wconf 83' lang='lat' dir='ltr'><strong>cogeris</strong></span> <span class='ocrx_word' id='word_1_263' title='bbox 1633 3601 1852 3657; x_wconf 87' lang='lat' dir='ltr'><strong>obedire</strong></span> 
     </span>
    </p>
   </div>
   <div class='ocr_carea' id='block_1_38' title="bbox 260 3695 1854 3782">
    <p class='ocr_par' dir='ltr' id='par_1_38' title="bbox 260 3695 1854 3782">
     <span class='ocr_line' id='line_1_38' title="bbox 260 3695 1854 3782; baseline -0.012 -17"><span class='ocrx_word' id='word_1_264' title='bbox 260 3713 398 3782; x_wconf 84' lang='lat' dir='ltr'><strong>quod</strong></span> <span class='ocrx_word' id='word_1_265' title='bbox 433 3709 664 3780; x_wconf 67' lang='lat' dir='ltr'><strong>respuis;</strong></span> <span class='ocrx_word' id='word_1_266' title='bbox 687 3706 938 3778; x_wconf 90' lang='lat' dir='ltr'><strong>quoniam</strong></span> <span class='ocrx_word' id='word_1_267' title='bbox 976 3703 1131 3757; x_wconf 87' lang='lat' dir='ltr'><strong>unius</strong></span> <span class='ocrx_word' id='word_1_268' title='bbox 1181 3697 1323 3770; x_wconf 78' lang='lat' dir='ltr'><strong>quod</strong></span> <span class='ocrx_word' id='word_1_269' title='bbox 1368 3697 1461 3750; x_wconf 90' lang='lat' dir='ltr'><strong>tibi</strong></span> <span class='ocrx_word' id='word_1_270' title='bbox 1507 3695 1726 3749; x_wconf 83' lang='lat' dir='ltr'><strong>charum</strong></span> <span class='ocrx_word' id='word_1_271' title='bbox 1767 3701 1854 3748; x_wconf 88' lang='lat' dir='ltr'><strong>est</strong></span> 
     </span>
    </p>
   </div>
   <div class='ocr_carea' id='block_1_39' title="bbox 263 3787 1850 3873">
    <p class='ocr_par' dir='ltr' id='par_1_39' title="bbox 263 3787 1850 3873">
     <span class='ocr_line' id='line_1_39' title="bbox 263 3787 1850 3873; baseline -0.012 -16"><span class='ocrx_word' id='word_1_272' title='bbox 263 3804 542 3873; x_wconf 79' lang='lat' dir='ltr'><strong>dignitate,</strong></span> <span class='ocrx_word' id='word_1_273' title='bbox 569 3801 727 3855; x_wconf 88' lang='lat' dir='ltr'><strong>etiam</strong></span> <span class='ocrx_word' id='word_1_274' title='bbox 778 3798 830 3852; x_wconf 91' lang='lat' dir='ltr'><strong>id</strong></span> <span class='ocrx_word' id='word_1_275' title='bbox 875 3795 1017 3866; x_wconf 89' lang='lat' dir='ltr'><strong>quod</strong></span> <span class='ocrx_word' id='word_1_276' title='bbox 1054 3791 1370 3847; x_wconf 63' lang='lat' dir='ltr'><strong>aversabare</strong></span> <span class='ocrx_word' id='word_1_277' title='bbox 1413 3787 1850 3842; x_wconf 86' lang='lat' dir='ltr'><strong>defenditur:at-</strong></span> 
     </span>
    </p>
   </div>
   <div class='ocr_carea' id='block_1_40' title="bbox 260 3879 1854 3963">
    <p class='ocr_par' dir='ltr' id='par_1_40' title="bbox 260 3879 1854 3963">
     <span class='ocr_line' id='line_1_40' title="bbox 260 3879 1854 3963; baseline -0.013 -15"><span class='ocrx_word' id='word_1_278' title='bbox 260 3909 360 3963; x_wconf 89' lang='lat' dir='ltr'><strong>que</strong></span> <span class='ocrx_word' id='word_1_279' title='bbox 392 3891 780 3946; x_wconf 85' lang='lat' dir='ltr'><strong>absurdisstmc</strong></span> <span class='ocrx_word' id='word_1_280' title='bbox 801 3903 865 3944; x_wconf 87' lang='lat' dir='ltr'><strong>ea</strong></span> <span class='ocrx_word' id='word_1_281' title='bbox 890 3901 950 3942; x_wconf 82' lang='lat' dir='ltr'><strong>se</strong></span> <span class='ocrx_word' id='word_1_282' title='bbox 973 3885 1253 3955; x_wconf 78' lang='lat' dir='ltr'><strong>quisquam</strong></span> <span class='ocrx_word' id='word_1_283' title='bbox 1278 3879 1446 3934; x_wconf 89' lang='lat' dir='ltr'><strong>credit</strong></span> <span class='ocrx_word' id='word_1_284' title='bbox 1474 3885 1734 3947; x_wconf 72' lang='lat' dir='ltr'><strong>praecepta</strong></span> <span class='ocrx_word' id='word_1_285' title='bbox 1760 3889 1854 3929; x_wconf 86' lang='lat' dir='ltr'><strong>ve-</strong></span> 
     </span>
    </p>
   </div>
   <div class='ocr_carea' id='block_1_41' title="bbox 263 3967 1854 4052">
    <p class='ocr_par' dir='ltr' id='par_1_41' title="bbox 263 3967 1854 4052">
     <span class='ocr_line' id='line_1_41' title="bbox 263 3967 1854 4052; baseline -0.012 -14"><span class='ocrx_word' id='word_1_286' title='bbox 263 3984 459 4047; x_wconf 86' lang='lat' dir='ltr'><strong>nerari,</strong></span> <span class='ocrx_word' id='word_1_287' title='bbox 491 3997 715 4052; x_wconf 86' lang='lat' dir='ltr'><strong>quorum</strong></span> <span class='ocrx_word' id='word_1_288' title='bbox 750 3989 950 4049; x_wconf 85' lang='lat' dir='ltr'><strong>partem</strong></span> <span class='ocrx_word' id='word_1_289' title='bbox 975 3975 1134 4030; x_wconf 85' lang='lat' dir='ltr'><strong>audet</strong></span> <span class='ocrx_word' id='word_1_290' title='bbox 1174 3975 1461 4027; x_wconf 83' lang='lat' dir='ltr'><strong>incessere.</strong></span> <span class='ocrx_word' id='word_1_291' title='bbox 1492 3967 1640 4022; x_wconf 91' lang='lat' dir='ltr'><strong>Unde</strong></span> <span class='ocrx_word' id='word_1_292' title='bbox 1663 3980 1854 4020; x_wconf 85' lang='lat' dir='ltr'><strong>conse-</strong></span> 
     </span>
    </p>
   </div>
   <div class='ocr_carea' id='block_1_42' title="bbox 261 4059 1848 4147">
    <p class='ocr_par' dir='ltr' id='par_1_42' title="bbox 261 4059 1848 4147">
     <span class='ocr_line' id='line_1_42' title="bbox 261 4059 1848 4147; baseline -0.009 -20"><span class='ocrx_word' id='word_1_293' title='bbox 261 4076 511 4147; x_wconf 89' lang='lat' dir='ltr'><strong>quentius</strong></span> <span class='ocrx_word' id='word_1_294' title='bbox 552 4081 726 4145; x_wconf 87' lang='lat' dir='ltr'><strong>potest</strong></span> <span class='ocrx_word' id='word_1_295' title='bbox 751 4069 933 4140; x_wconf 81' lang='lat' dir='ltr'><strong>negari</strong></span> <span class='ocrx_word' id='word_1_296' title='bbox 979 4070 1062 4123; x_wconf 81' lang='lat' dir='ltr'><strong>lex</strong></span> <span class='ocrx_word' id='word_1_297' title='bbox 1111 4066 1377 4127; x_wconf 72' lang='lat' dir='ltr'><strong>universo,</strong></span> <span class='ocrx_word' id='word_1_298' title='bbox 1407 4076 1571 4131; x_wconf 87' lang='lat' dir='ltr'><strong>quam</strong></span> <span class='ocrx_word' id='word_1_299' title='bbox 1607 4059 1848 4129; x_wconf 73' lang='lat' dir='ltr'><strong>corrigi:</strong></span> 
     </span>
    </p>
   </div>
   <div class='ocr_carea' id='block_1_43' title="bbox 261 4151 1853 4230">
    <p class='ocr_par' dir='ltr' id='par_1_43' title="bbox 261 4151 1853 4230">
     <span class='ocr_line' id='line_1_43' title="bbox 261 4151 1853 4230; baseline -0.011 -10"><span class='ocrx_word' id='word_1_300' title='bbox 261 4183 422 4222; x_wconf 87' lang='lat' dir='ltr'><strong>nemo</strong></span> <span class='ocrx_word' id='word_1_301' title='bbox 442 4176 622 4220; x_wconf 87' lang='lat' dir='ltr'><strong>autem</strong></span> <span class='ocrx_word' id='word_1_302' title='bbox 649 4179 767 4219; x_wconf 87' lang='lat' dir='ltr'><strong>eam</strong></span> <span class='ocrx_word' id='word_1_303' title='bbox 803 4161 1090 4230; x_wconf 73' lang='lat' dir='ltr'><strong>corrigere,</strong></span> <span class='ocrx_word' id='word_1_304' title='bbox 1122 4157 1219 4212; x_wconf 81' lang='lat' dir='ltr'><strong>nisi</strong></span> <span class='ocrx_word' id='word_1_305' title='bbox 1252 4155 1444 4225; x_wconf 88' lang='lat' dir='ltr'><strong>impius</strong></span> <span class='ocrx_word' id='word_1_306' title='bbox 1488 4151 1709 4221; x_wconf 86' lang='lat' dir='ltr'><strong>quisque</strong></span> <span class='ocrx_word' id='word_1_307' title='bbox 1737 4157 1853 4203; x_wconf 82' lang='lat' dir='ltr'><strong>ten-</strong></span> 
     </span>
    </p>
   </div>
   <div class='ocr_carea' id='block_1_44' title="bbox 263 4241 1854 4328">
    <p class='ocr_par' dir='ltr' id='par_1_44' title="bbox 263 4241 1854 4328">
     <span class='ocr_line' id='line_1_44' title="bbox 263 4241 1854 4328; baseline -0.013 -14"><span class='ocrx_word' id='word_1_308' title='bbox 263 4263 485 4315; x_wconf 86' lang='lat' dir='ltr'><strong>tabit:a</strong></span> <span class='ocrx_word' id='word_1_309' title='bbox 538 4257 800 4328; x_wconf 79' lang='lat' dir='ltr'><strong>religiosis</strong></span> <span class='ocrx_word' id='word_1_310' title='bbox 851 4260 1056 4322; x_wconf 87' lang='lat' dir='ltr'><strong>ergoet</strong></span> <span class='ocrx_word' id='word_1_311' title='bbox 1097 4245 1446 4321; x_wconf 82' lang='lat' dir='ltr'><strong>prudentibus</strong></span> <span class='ocrx_word' id='word_1_312' title='bbox 1493 4251 1600 4298; x_wconf 89' lang='lat' dir='ltr'><strong>tota</strong></span> <span class='ocrx_word' id='word_1_313' title='bbox 1631 4241 1854 4310; x_wconf 85' lang='lat' dir='ltr'><strong>suscipi-</strong></span> 
     </span>
    </p>
   </div>
   <div class='ocr_carea' id='block_1_45' title="bbox 264 4331 1852 4417">
    <p class='ocr_par' dir='ltr' id='par_1_45' title="bbox 264 4331 1852 4417">
     <span class='ocr_line' id='line_1_45' title="bbox 264 4331 1852 4417; baseline -0.013 -10"><span class='ocrx_word' id='word_1_314' title='bbox 264 4353 400 4417; x_wconf 70' lang='lat' dir='ltr'><strong>tur’,</strong></span> <span class='ocrx_word' id='word_1_315' title='bbox 422 4361 531 4406; x_wconf 90' lang='lat' dir='ltr'><strong>tota</strong></span> <span class='ocrx_word' id='word_1_316' title='bbox 557 4350 815 4404; x_wconf 87' lang='lat' dir='ltr'><strong>laudatur.</strong></span> <span class='ocrx_word' id='word_1_317' title='bbox 838 4345 947 4400; x_wconf 87' lang='lat' dir='ltr'><strong>Nec</strong></span> <span class='ocrx_word' id='word_1_318' title='bbox 969 4357 1096 4398; x_wconf 87' lang='lat' dir='ltr'><strong>sane</strong></span> <span class='ocrx_word' id='word_1_319' title='bbox 1117 4351 1436 4412; x_wconf 82' lang='lat' dir='ltr'><strong>quemquam</strong></span> <span class='ocrx_word' id='word_1_320' title='bbox 1459 4343 1690 4399; x_wconf 85' lang='lat' dir='ltr'><strong>moveat,</strong></span> <span class='ocrx_word' id='word_1_321' title='bbox 1709 4331 1852 4402; x_wconf 85' lang='lat' dir='ltr'><strong>quod</strong></span> 
     </span>
    </p>
   </div>
   <div class='ocr_carea' id='block_1_46' title="bbox 263 4424 1854 4498">
    <p class='ocr_par' dir='ltr' id='par_1_46' title="bbox 263 4424 1854 4498">
     <span class='ocr_line' id='line_1_46' title="bbox 263 4424 1854 4498; baseline -0.013 0"><span class='ocrx_word' id='word_1_322' title='bbox 263 4447 418 4498; x_wconf 85' lang='lat' dir='ltr'><strong>ritum</strong></span> <span class='ocrx_word' id='word_1_323' title='bbox 455 4440 839 4497; x_wconf 88' lang='lat' dir='ltr'><strong>sacriﬁciorum</strong></span> <span class='ocrx_word' id='word_1_324' title='bbox 883 4445 1122 4491; x_wconf 85' lang='lat' dir='ltr'><strong>veterum</strong></span> <span class='ocrx_word' id='word_1_325' title='bbox 1159 4431 1288 4488; x_wconf 76' lang='lat' dir='ltr'><strong>Novi</strong></span> <span class='ocrx_word' id='word_1_326' title='bbox 1319 4425 1645 4483; x_wconf 86' lang='lat' dir='ltr'><strong>Testamenti</strong></span> <span class='ocrx_word' id='word_1_327' title='bbox 1677 4424 1854 4478; x_wconf 84' lang='lat' dir='ltr'><strong>videat</strong></span> 
     </span>
    </p>
   </div>
   <div class='ocr_carea' id='block_1_47' title="bbox 261 4515 1899 4591">
    <p class='ocr_par' dir='ltr' id='par_1_47' title="bbox 261 4515 1899 4591">
     <span class='ocr_line' id='line_1_47' title="bbox 261 4515 1899 4591; baseline -0.013 0"><span class='ocrx_word' id='word_1_328' title='bbox 261 4547 414 4591; x_wconf 73' lang='lat' dir='ltr'><strong>atate</strong></span> <span class='ocrx_word' id='word_1_329' title='bbox 443 4549 705 4590; x_wconf 88' lang='lat' dir='ltr'><strong>cessasse.</strong></span> <span class='ocrx_word' id='word_1_330' title='bbox 735 4532 851 4587; x_wconf 88' lang='lat' dir='ltr'><strong>Non</strong></span> <span class='ocrx_word' id='word_1_331' title='bbox 875 4541 955 4586; x_wconf 86' lang='lat' dir='ltr'><strong>est</strong></span> <span class='ocrx_word' id='word_1_332' title='bbox 985 4543 1084 4581; x_wconf 92' lang='lat' dir='ltr'><strong>una</strong></span> <span class='ocrx_word' id='word_1_333' title='bbox 1119 4525 1255 4581; x_wconf 88' lang='lat' dir='ltr'><strong>ratio</strong></span> <span class='ocrx_word' id='word_1_334' title='bbox 1291 4522 1544 4574; x_wconf 85' lang='lat' dir='ltr'><strong>virtutum</strong></span> <span class='ocrx_word' id='word_1_335' title='bbox 1574 4527 1627 4571; x_wconf 91' lang='lat' dir='ltr'><strong>et</strong></span> <span class='ocrx_word' id='word_1_336' title='bbox 1655 4518 1855 4571; x_wconf 84' lang='lat' dir='ltr'><strong>hostia-</strong></span> <span class='ocrx_word' id='word_1_337' title='bbox 1895 4515 1899 4520; x_wconf 81' lang='grc'><em>’</em></span> 
     </span>
    </p>
   </div>
   <div class='ocr_carea' id='block_1_48' title="bbox 265 4606 1852 4690">
    <p class='ocr_par' dir='ltr' id='par_1_48' title="bbox 265 4606 1852 4690">
     <span class='ocr_line' id='line_1_48' title="bbox 265 4606 1852 4690; baseline -0.015 -9"><span class='ocrx_word' id='word_1_338' title='bbox 265 4644 378 4682; x_wconf 82' lang='lat' dir='ltr'><strong>rom</strong></span> <span class='ocrx_word' id='word_1_339' title='bbox 409 4626 552 4682; x_wconf 86' lang='lat' dir='ltr'><strong>:alia</strong></span> <span class='ocrx_word' id='word_1_340' title='bbox 590 4631 674 4678; x_wconf 90' lang='lat' dir='ltr'><strong>est</strong></span> <span class='ocrx_word' id='word_1_341' title='bbox 722 4628 1104 4690; x_wconf 66' lang='lat' dir='ltr'><strong>prmceptorum</strong></span> <span class='ocrx_word' id='word_1_342' title='bbox 1151 4612 1477 4684; x_wconf 80' lang='lat' dir='ltr'><strong>pereunitas,</strong></span> <span class='ocrx_word' id='word_1_343' title='bbox 1512 4607 1614 4661; x_wconf 87' lang='lat' dir='ltr'><strong>alia</strong></span> <span class='ocrx_word' id='word_1_344' title='bbox 1644 4606 1852 4660; x_wconf 84' lang='lat' dir='ltr'><strong>sacriﬁ-</strong></span> 
     </span>
    </p>
   </div>
   <div class='ocr_carea' id='block_1_49' title="bbox 272 4698 1854 4786">
    <p class='ocr_par' dir='ltr' id='par_1_49' title="bbox 272 4698 1854 4786">
     <span class='ocr_line' id='line_1_49' title="bbox 272 4698 1854 4786; baseline -0.015 -11"><span class='ocrx_word' id='word_1_345' title='bbox 272 4722 474 4775; x_wconf 73' lang='lat' dir='ltr'><strong>ciorum</strong></span> <span class='ocrx_word' id='word_1_346' title='bbox 501 4715 884 4786; x_wconf 85' lang='lat' dir='ltr'><strong>temporalitas.</strong></span> <span class='ocrx_word' id='word_1_347' title='bbox 904 4710 1164 4766; x_wconf 76' lang='lat' dir='ltr'><strong>Veniente</strong></span> <span class='ocrx_word' id='word_1_348' title='bbox 1189 4718 1362 4760; x_wconf 86' lang='lat' dir='ltr'><strong>tamen</strong></span> <span class='ocrx_word' id='word_1_349' title='bbox 1381 4701 1614 4767; x_wconf 89' lang='lat' dir='ltr'><strong>Clu-isto,</strong></span> <span class='ocrx_word' id='word_1_350' title='bbox 1641 4700 1728 4769; x_wconf 91' lang='lat' dir='ltr'><strong>qui</strong></span> <span class='ocrx_word' id='word_1_351' title='bbox 1757 4698 1854 4752; x_wconf 54' lang='lat' dir='ltr'><strong>ho-a</strong></span> 
     </span>
    </p>
   </div>
   <div class='ocr_carea' id='block_1_50' title="bbox 263 4792 1854 4879">
    <p class='ocr_par' dir='ltr' id='par_1_50' title="bbox 263 4792 1854 4879">
     <span class='ocr_line' id='line_1_50' title="bbox 263 4792 1854 4879; baseline -0.014 -13"><span class='ocrx_word' id='word_1_352' title='bbox 263 4813 376 4866; x_wconf 70' lang='lat' dir='ltr'><strong>etiis</strong></span> <span class='ocrx_word' id='word_1_353' title='bbox 411 4809 736 4879; x_wconf 79' lang='lat' dir='ltr'><strong>ﬁgurabator</strong></span> <span class='ocrx_word' id='word_1_354' title='bbox 751 4806 1000 4875; x_wconf 88' lang='lat' dir='ltr'><strong>antiquis,</strong></span> <span class='ocrx_word' id='word_1_355' title='bbox 1017 4801 1229 4871; x_wconf 87' lang='lat' dir='ltr'><strong>impleta</strong></span> <span class='ocrx_word' id='word_1_356' title='bbox 1247 4804 1386 4860; x_wconf 91' lang='lat' dir='ltr'><strong>sunt,</strong></span> <span class='ocrx_word' id='word_1_357' title='bbox 1411 4810 1513 4849; x_wconf 90' lang='lat' dir='ltr'><strong>non</strong></span> <span class='ocrx_word' id='word_1_358' title='bbox 1527 4792 1854 4848; x_wconf 87' lang='lat' dir='ltr'><strong>condemna-</strong></span> 
     </span>
    </p>
   </div>
   <div class='ocr_carea' id='block_1_51' title="bbox 267 4884 1852 4974">
    <p class='ocr_par' dir='ltr' id='par_1_51' title="bbox 267 4884 1852 4974">
     <span class='ocr_line' id='line_1_51' title="bbox 267 4884 1852 4974; baseline -0.012 -17"><span class='ocrx_word' id='word_1_359' title='bbox 267 4912 314 4957; x_wconf 90' lang='lat' dir='ltr'><strong>ta</strong></span> <span class='ocrx_word' id='word_1_360' title='bbox 335 4945 347 4968; x_wconf 94' lang='lat'><strong>,</strong></span> <span class='ocrx_word' id='word_1_361' title='bbox 377 4919 498 4974; x_wconf 83' lang='lat' dir='ltr'><strong>quae</strong></span> <span class='ocrx_word' id='word_1_362' title='bbox 529 4903 735 4955; x_wconf 89' lang='lat' dir='ltr'><strong>fuerant</strong></span> <span class='ocrx_word' id='word_1_363' title='bbox 773 4898 1032 4953; x_wconf 89' lang='lat' dir='ltr'><strong>instituta.</strong></span> <span class='ocrx_word' id='word_1_364' title='bbox 1061 4893 1242 4961; x_wconf 84' lang='lat' dir='ltr'><strong>Neque</strong></span> <span class='ocrx_word' id='word_1_365' title='bbox 1281 4890 1422 4944; x_wconf 87' lang='lat' dir='ltr'><strong>enim</strong></span> <span class='ocrx_word' id='word_1_366' title='bbox 1454 4885 1564 4944; x_wconf 89' lang='lat' dir='ltr'><strong>suis</strong></span> <span class='ocrx_word' id='word_1_367' title='bbox 1603 4884 1852 4952; x_wconf 89' lang='lat' dir='ltr'><strong>tempori-</strong></span> 
     </span>
    </p>
   </div>
   <div class='ocr_carea' id='block_1_52' title="bbox 267 4975 1855 5063">
    <p class='ocr_par' dir='ltr' id='par_1_52' title="bbox 267 4975 1855 5063">
     <span class='ocr_line' id='line_1_52' title="bbox 267 4975 1855 5063; baseline -0.013 -15"><span class='ocrx_word' id='word_1_368' title='bbox 267 4995 362 5049; x_wconf 87' lang='lat' dir='ltr'><strong>bus</strong></span> <span class='ocrx_word' id='word_1_369' title='bbox 391 4987 792 5063; x_wconf 69' lang='lat' dir='ltr'><strong>prmdicuntur‘</strong></span> <span class='ocrx_word' id='word_1_370' title='bbox 811 4987 1080 5043; x_wconf 80' lang='lat' dir='ltr'><strong>exercita:</strong></span> <span class='ocrx_word' id='word_1_371' title='bbox 1105 4982 1199 5038; x_wconf 89' lang='lat' dir='ltr'><strong>sed</strong></span> <span class='ocrx_word' id='word_1_372' title='bbox 1223 4977 1541 5034; x_wconf 85' lang='lat' dir='ltr'><strong>succedente</strong></span> <span class='ocrx_word' id='word_1_373' title='bbox 1570 4975 1855 5045; x_wconf 86' lang='lat' dir='ltr'><strong>perfectio-</strong></span> 
     </span>
    </p>
   </div>
   <div class='ocr_carea' id='block_1_53' title="bbox 267 5070 1849 5158">
    <p class='ocr_par' dir='ltr' id='par_1_53' title="bbox 267 5070 1849 5158">
     <span class='ocr_line' id='line_1_53' title="bbox 267 5070 1849 5158; baseline -0.015 -16"><span class='ocrx_word' id='word_1_374' title='bbox 267 5103 353 5155; x_wconf 88' lang='lat' dir='ltr'><strong>ne,</strong></span> <span class='ocrx_word' id='word_1_375' title='bbox 381 5103 504 5158; x_wconf 68' lang='lat' dir='ltr'><strong>qua!</strong></span> <span class='ocrx_word' id='word_1_376' title='bbox 528 5086 784 5156; x_wconf 74' lang='lat' dir='ltr'><strong>promissa</strong></span> <span class='ocrx_word' id='word_1_377' title='bbox 804 5081 1191 5137; x_wconf 78' lang='lat' dir='ltr'><strong>ofﬁciis-eorum</strong></span> <span class='ocrx_word' id='word_1_378' title='bbox 1210 5075 1418 5129; x_wconf 89' lang='lat' dir='ltr'><strong>fuerant</strong></span> <span class='ocrx_word' id='word_1_379' title='bbox 1434 5072 1476 5138; x_wconf 79' lang='grc'><strong>³,</strong></span> <span class='ocrx_word' id='word_1_380' title='bbox 1514 5070 1849 5140; x_wconf 84' lang='lat' dir='ltr'><strong>quieverunt.</strong></span> 
     </span>
    </p>
   </div>
   <div class='ocr_carea' id='block_1_54' title="bbox 309 5159 1854 5248">
    <p class='ocr_par' dir='ltr' id='par_1_54' title="bbox 309 5159 1854 5248">
     <span class='ocr_line' id='line_1_54' title="bbox 309 5159 1854 5248; baseline -0.015 -13"><span class='ocrx_word' id='word_1_381' title='bbox 309 5187 471 5236; x_wconf 27' lang='lat' dir='ltr'><strong>‘Aec.</strong></span> <span class='ocrx_word' id='word_1_382' title='bbox 513 5177 625 5233; x_wconf 87' lang='lat' dir='ltr'><strong>lloc</strong></span> <span class='ocrx_word' id='word_1_383' title='bbox 655 5175 779 5248; x_wconf 81' lang='lat' dir='ltr'><strong>quid</strong></span> <span class='ocrx_word' id='word_1_384' title='bbox 825 5173 891 5228; x_wconf 90' lang='lat' dir='ltr'><strong>ad</strong></span> <span class='ocrx_word' id='word_1_385' title='bbox 921 5170 1068 5227; x_wconf 83' lang='lat' dir='ltr'><strong>rem?</strong></span> <span class='ocrx_word' id='word_1_386' title='bbox 1113 5169 1335 5224; x_wconf 82' lang='lat' dir='ltr'><strong>Peccata</strong></span> <span class='ocrx_word' id='word_1_387' title='bbox 1381 5169 1589 5234; x_wconf 86' lang='lat' dir='ltr'><strong>patrum</strong></span> <span class='ocrx_word' id='word_1_388' title='bbox 1633 5175 1692 5214; x_wconf 87' lang='lat' dir='ltr'><strong>se</strong></span> <span class='ocrx_word' id='word_1_389' title='bbox 1719 5159 1854 5212; x_wconf 80' lang='lat' dir='ltr'><strong>dixit</strong></span> 
     </span>
    </p>
   </div>
   <div class='ocr_carea' id='block_1_55' title="bbox 267 5256 1855 5328">
    <p class='ocr_par' dir='ltr' id='par_1_55' title="bbox 267 5256 1855 5328">
     <span class='ocr_line' id='line_1_55' title="bbox 267 5256 1855 5328; baseline -0.013 -4"><span class='ocrx_word' id='word_1_390' title='bbox 267 5271 406 5325; x_wconf 80' lang='lat' dir='ltr'><strong>Deus</strong></span> <span class='ocrx_word' id='word_1_391' title='bbox 432 5271 486 5325; x_wconf 92' lang='lat' dir='ltr'><strong>in</strong></span> <span class='ocrx_word' id='word_1_392' title='bbox 518 5269 654 5323; x_wconf 81' lang='lat' dir='ltr'><strong>ﬁlios</strong></span> <span class='ocrx_word' id='word_1_393' title='bbox 680 5265 1036 5328; x_wconf 71' lang='lat' dir='ltr'><strong>redditurum,</strong></span> <span class='ocrx_word' id='word_1_394' title='bbox 1057 5275 1162 5316; x_wconf 90' lang='lat' dir='ltr'><strong>non</strong></span> <span class='ocrx_word' id='word_1_395' title='bbox 1194 5256 1452 5313; x_wconf 89' lang='lat' dir='ltr'><strong>sacriﬁcia</strong></span> <span class='ocrx_word' id='word_1_396' title='bbox 1475 5273 1488 5310; x_wconf 89' lang='lat'><strong>:</strong></span> <span class='ocrx_word' id='word_1_397' title='bbox 1514 5262 1567 5308; x_wconf 91' lang='lat' dir='ltr'><strong>ct</strong></span> <span class='ocrx_word' id='word_1_398' title='bbox 1590 5267 1710 5307; x_wconf 88' lang='lat' dir='ltr'><strong>cum</strong></span> <span class='ocrx_word' id='word_1_399' title='bbox 1732 5265 1855 5320; x_wconf 87' lang='lat' dir='ltr'><strong>pos-</strong></span> 
     </span>
    </p>
   </div>
   <div class='ocr_carea' id='block_1_56' title="bbox 267 5348 1850 5430">
    <p class='ocr_par' dir='ltr' id='par_1_56' title="bbox 267 5348 1850 5430">
     <span class='ocr_line' id='line_1_56' title="bbox 267 5348 1850 5430; baseline -0.014 -13"><span class='ocrx_word' id='word_1_400' title='bbox 267 5363 366 5417; x_wconf 74' lang='lat' dir='ltr'><strong>sint</strong></span> <span class='ocrx_word' id='word_1_401' title='bbox 393 5363 554 5417; x_wconf 89' lang='lat' dir='ltr'><strong>etiam</strong></span> <span class='ocrx_word' id='word_1_402' title='bbox 583 5368 833 5430; x_wconf 78' lang='lat' dir='ltr'><strong>parentes</strong></span> <span class='ocrx_word' id='word_1_403' title='bbox 861 5355 1055 5411; x_wconf 88' lang='lat' dir='ltr'><strong>imitari</strong></span> <span class='ocrx_word' id='word_1_404' title='bbox 1087 5353 1258 5408; x_wconf 87' lang='lat' dir='ltr'><strong>malos</strong></span> <span class='ocrx_word' id='word_1_405' title='bbox 1289 5348 1447 5415; x_wconf 84' lang='lat' dir='ltr'><strong>ﬁlios,</strong></span> <span class='ocrx_word' id='word_1_406' title='bbox 1475 5357 1744 5414; x_wconf 84' lang='lat' dir='ltr'><strong>nunquam</strong></span> <span class='ocrx_word' id='word_1_407' title='bbox 1769 5351 1850 5396; x_wconf 86' lang='lat' dir='ltr'><strong>ta-</strong></span> 
     </span>
    </p>
   </div>
   <div class='ocr_carea' id='block_1_57' title="bbox 330 5553 1092 5623">
    <p class='ocr_par' dir='ltr' id='par_1_57' title="bbox 330 5553 1092 5623">
     <span class='ocr_line' id='line_1_57' title="bbox 330 5553 1092 5623; baseline -0.004 -17"><span class='ocrx_word' id='word_1_408' title='bbox 330 5563 342 5592; x_wconf 83' lang='grc'>¹</span> <span class='ocrx_word' id='word_1_409' title='bbox 373 5568 523 5609; x_wconf 79' lang='lat' dir='ltr'><strong>vetus</strong></span> <span class='ocrx_word' id='word_1_410' title='bbox 545 5559 699 5623; x_wconf 64' lang='lat' dir='ltr'><strong>culex</strong></span> <span class='ocrx_word' id='word_1_411' title='bbox 725 5565 872 5623; x_wconf 67' lang='lat' dir='ltr'><strong>Pot-L,</strong></span> <span class='ocrx_word' id='word_1_412' title='bbox 897 5553 1092 5623; x_wconf 49' lang='lat' dir='ltr'><strong>eligere:</strong></span> 
     </span>
    </p>
   </div>
   <div class='ocr_carea' id='block_1_58' title="bbox 328 5617 1133 5682">
    <p class='ocr_par' dir='ltr' id='par_1_58' title="bbox 328 5617 1133 5682">
     <span class='ocr_line' id='line_1_58' title="bbox 328 5617 1133 5682; baseline -0.002 -16"><span class='ocrx_word' id='word_1_413' title='bbox 328 5623 346 5653; x_wconf 68' lang='grc'>³</span> <span class='ocrx_word' id='word_1_414' title='bbox 371 5624 443 5671; x_wconf 65' lang='lat' dir='ltr'><strong>sic</strong></span> <span class='ocrx_word' id='word_1_415' title='bbox 467 5629 575 5670; x_wconf 57' lang='grc' dir='ltr'>διεδ.</span> <span class='ocrx_word' id='word_1_416' title='bbox 601 5617 1133 5682; x_wconf 57' lang='grc' dir='ltr'><strong>ι’ἰςιιὶενὶιιε,ῥίζαι-ρης.</strong></span> 
     </span>
    </p>
   </div>
   <div class='ocr_carea' id='block_1_59' title="bbox 332 5679 1198 5742">
    <p class='ocr_par' dir='ltr' id='par_1_59' title="bbox 332 5679 1198 5742">
     <span class='ocr_line' id='line_1_59' title="bbox 332 5679 1198 5742; baseline -0.006 -15"><span class='ocrx_word' id='word_1_417' title='bbox 332 5682 442 5731; x_wconf 70' lang='lat' dir='ltr'><strong>3sic</strong></span> <span class='ocrx_word' id='word_1_418' title='bbox 463 5683 600 5742; x_wconf 70' lang='lat' dir='ltr'><strong>\‘igu.</strong></span> <span class='ocrx_word' id='word_1_419' title='bbox 625 5679 674 5728; x_wconf 83' lang='lat' dir='ltr'><strong>tri</strong></span> <span class='ocrx_word' id='word_1_420' title='bbox 695 5689 760 5732; x_wconf 74' lang='grc' dir='ltr'><strong>Β..</strong></span> <span class='ocrx_word' id='word_1_421' title='bbox 782 5679 1057 5742; x_wconf 72' lang='lat' dir='ltr'><strong>susrim&#39;rar.</strong></span> <span class='ocrx_word' id='word_1_422' title='bbox 1142 5681 1198 5723; x_wconf 73' lang='lat' dir='ltr'><strong>at.</strong></span> 
     </span>
    </p>
   </div>
   <div class='ocr_carea' id='block_1_60' title="bbox 330 5739 1188 5804">
    <p class='ocr_par' dir='ltr' id='par_1_60' title="bbox 330 5739 1188 5804">
     <span class='ocr_line' id='line_1_60' title="bbox 330 5739 1188 5804; baseline -0.003 -15"><span class='ocrx_word' id='word_1_423' title='bbox 330 5742 350 5775; x_wconf 69' lang='grc'>⁸</span> <span class='ocrx_word' id='word_1_424' title='bbox 371 5745 445 5792; x_wconf 73' lang='lat' dir='ltr'><strong>Sic</strong></span> <span class='ocrx_word' id='word_1_425' title='bbox 467 5739 573 5791; x_wconf 50' lang='lat' dir='ltr'><strong>MSS.</strong></span> <span class='ocrx_word' id='word_1_426' title='bbox 606 5751 657 5791; x_wconf 67' lang='lat' dir='ltr'><strong>At</strong></span> <span class='ocrx_word' id='word_1_427' title='bbox 682 5743 817 5800; x_wconf 70' lang='lat' dir='ltr'><strong>editi,</strong></span> <span class='ocrx_word' id='word_1_428' title='bbox 839 5739 1188 5804; x_wconf 68' lang='lat' dir='ltr'><strong>prtt’Jiz&#39;tmtttr.</strong></span> 
     </span>
    </p>
   </div>
   <div class='ocr_carea' id='block_1_61' title="bbox 333 5805 740 5862">
    <p class='ocr_par' dir='ltr' id='par_1_61' title="bbox 333 5805 740 5862">
     <span class='ocr_line' id='line_1_61' title="bbox 333 5805 740 5862; baseline 0 -10"><span class='ocrx_word' id='word_1_429' title='bbox 333 5806 354 5838; x_wconf 69' lang='grc'><strong>⁵</strong></span> <span class='ocrx_word' id='word_1_430' title='bbox 387 5810 543 5862; x_wconf 63' lang='lat' dir='ltr'><strong>forte,</strong></span> <span class='ocrx_word' id='word_1_431' title='bbox 567 5805 740 5862; x_wconf 77' lang='lat' dir='ltr'><strong>fuerat.</strong></span> 
     </span>
    </p>
   </div>
   <div class='ocr_carea' id='block_1_62' title="bbox 1605 295 2148 354">
    <p class='ocr_par' dir='ltr' id='par_1_62' title="bbox 1605 295 2148 354">
     <span class='ocr_line' id='line_1_62' title="bbox 1605 295 2148 354; baseline 0.004 -2"><span class='ocrx_word' id='word_1_432' title='bbox 1605 297 1802 353; x_wconf 75' lang='lat' dir='ltr'><strong>LIBER</strong></span> <span class='ocrx_word' id='word_1_433' title='bbox 1843 295 2148 354; x_wconf 73' lang='lat' dir='ltr'><strong>TERTIUS.</strong></span> 
     </span>
    </p>
   </div>
   <div class='ocr_carea' id='block_1_63' title="bbox 3399 297 3534 359">
    <p class='ocr_par' dir='ltr' id='par_1_63' title="bbox 3399 297 3534 359">
     <span class='ocr_line' id='line_1_63' title="bbox 3399 297 3534 359; baseline 0.022 -3"><span class='ocrx_word' id='word_1_434' title='bbox 3399 297 3534 359; x_wconf 60' lang='lat' dir='ltr'><strong>I254</strong></span> 
     </span>
    </p>
   </div>
   <div class='ocr_carea' id='block_1_64' title="bbox 1960 412 3526 485">
    <p class='ocr_par' dir='ltr' id='par_1_64' title="bbox 1960 412 3526 485">
     <span class='ocr_line' id='line_1_64' title="bbox 1960 412 3526 485; baseline 0.006 -19"><span class='ocrx_word' id='word_1_435' title='bbox 1960 428 2080 466; x_wconf 85' lang='lat' dir='ltr'><strong>mea</strong></span> <span class='ocrx_word' id='word_1_436' title='bbox 2108 412 2239 467; x_wconf 81' lang='lat' dir='ltr'><strong>dixit</strong></span> <span class='ocrx_word' id='word_1_437' title='bbox 2265 412 2424 478; x_wconf 84' lang='lat' dir='ltr'><strong>Deus,</strong></span> <span class='ocrx_word' id='word_1_438' title='bbox 2458 412 2696 467; x_wconf 79' lang='lat' dir='ltr'><strong>Reddam</strong></span> <span class='ocrx_word' id='word_1_439' title='bbox 2724 421 2938 483; x_wconf 88' lang='lat' dir='ltr'><strong>peccata</strong></span> <span class='ocrx_word' id='word_1_440' title='bbox 2980 412 3205 468; x_wconf 73' lang='lat' dir='ltr'><strong>ﬁlTorum</strong></span> <span class='ocrx_word' id='word_1_441' title='bbox 3233 413 3288 469; x_wconf 86' lang='lat' dir='ltr'><strong>in</strong></span> <span class='ocrx_word' id='word_1_442' title='bbox 3317 424 3526 485; x_wconf 79' lang='lat' dir='ltr'><strong>patres:</strong></span> 
     </span>
    </p>
   </div>
   <div class='ocr_carea' id='block_1_65' title="bbox 1957 502 3527 572">
    <p class='ocr_par' dir='ltr' id='par_1_65' title="bbox 1957 502 3527 572">
     <span class='ocr_line' id='line_1_65' title="bbox 1957 502 3527 572; baseline -0.001 -16"><span class='ocrx_word' id='word_1_443' title='bbox 1957 502 2051 556; x_wconf 88' lang='lat' dir='ltr'><strong>sed</strong></span> <span class='ocrx_word' id='word_1_444' title='bbox 2082 502 2395 572; x_wconf 85' lang='lat' dir='ltr'><strong>ubicumque</strong></span> <span class='ocrx_word' id='word_1_445' title='bbox 2417 502 2517 557; x_wconf 91' lang='lat' dir='ltr'><strong>hoc</strong></span> <span class='ocrx_word' id='word_1_446' title='bbox 2538 503 2690 568; x_wconf 85' lang='lat' dir='ltr'><strong>dixit,</strong></span> <span class='ocrx_word' id='word_1_447' title='bbox 2715 517 2834 557; x_wconf 88' lang='lat' dir='ltr'><strong>cum</strong></span> <span class='ocrx_word' id='word_1_448' title='bbox 2857 517 2998 572; x_wconf 71' lang='lat' dir='ltr'><strong>smpe</strong></span> <span class='ocrx_word' id='word_1_449' title='bbox 3021 502 3122 557; x_wconf 90' lang='lat' dir='ltr'><strong>hoc</strong></span> <span class='ocrx_word' id='word_1_450' title='bbox 3140 503 3333 558; x_wconf 76' lang='lat' dir='ltr'><strong>dixerit</strong></span> <span class='ocrx_word' id='word_1_451' title='bbox 3356 504 3527 572; x_wconf 71' lang='lat' dir='ltr'><strong>(Deut.</strong></span> 
     </span>
    </p>
   </div>
   <div class='ocr_carea' id='block_1_66' title="bbox 1957 592 3532 659">
    <p class='ocr_par' dir='ltr' id='par_1_66' title="bbox 1957 592 3532 659">
     <span class='ocr_line' id='line_1_66' title="bbox 1957 592 3532 659; baseline 0.002 -13"><span class='ocrx_word' id='word_1_452' title='bbox 1957 610 2008 658; x_wconf 79' lang='grc' dir='ltr'><strong>ι’,</strong></span> <span class='ocrx_word' id='word_1_453' title='bbox 2040 593 2108 659; x_wconf 89' lang='grc'><strong>9;</strong></span> <span class='ocrx_word' id='word_1_454' title='bbox 2138 592 2298 648; x_wconf 84' lang='lat' dir='ltr'><strong>Nam.</strong></span> <span class='ocrx_word' id='word_1_455' title='bbox 2330 610 2438 658; x_wconf 81' lang='lat' dir='ltr'><strong>xw,</strong></span> <span class='ocrx_word' id='word_1_456' title='bbox 2465 594 2558 658; x_wconf 69' lang='lat'><strong>18;</strong></span> <span class='ocrx_word' id='word_1_457' title='bbox 2591 592 2759 648; x_wconf 78' lang='lat' dir='ltr'><strong>Exod.</strong></span> <span class='ocrx_word' id='word_1_458' title='bbox 2785 610 2879 656; x_wconf 82' lang='lat' dir='ltr'><strong>xx,</strong></span> <span class='ocrx_word' id='word_1_459' title='bbox 2921 594 2975 658; x_wconf 87' lang='lat'><strong>5,</strong></span> <span class='ocrx_word' id='word_1_460' title='bbox 3007 610 3150 658; x_wconf 77' lang='lat' dir='ltr'><strong>xxw,</strong></span> <span class='ocrx_word' id='word_1_461' title='bbox 3188 595 3241 659; x_wconf 84' lang='lat'><strong>7,</strong></span> <span class='ocrx_word' id='word_1_462' title='bbox 3269 604 3315 648; x_wconf 83' lang='lat' dir='ltr'><strong>et</strong></span> <span class='ocrx_word' id='word_1_463' title='bbox 3341 594 3532 649; x_wconf 85' lang='lat' dir='ltr'><strong>Jerem.</strong></span> 
     </span>
    </p>
   </div>
   <div class='ocr_carea' id='block_1_67' title="bbox 1960 685 3535 758">
    <p class='ocr_par' dir='ltr' id='par_1_67' title="bbox 1960 685 3535 758">
     <span class='ocr_line' id='line_1_67' title="bbox 1960 685 3535 758; baseline 0.002 -19"><span class='ocrx_word' id='word_1_464' title='bbox 1960 702 2130 750; x_wconf 87' lang='grc' dir='ltr'>χχχιι,</span> <span class='ocrx_word' id='word_1_465' title='bbox 2183 687 2296 752; x_wconf 82' lang='lat' dir='ltr'><strong>l8),</strong></span> <span class='ocrx_word' id='word_1_466' title='bbox 2354 695 2556 754; x_wconf 83' lang='lat' dir='ltr'><strong>patrum</strong></span> <span class='ocrx_word' id='word_1_467' title='bbox 2597 685 2727 738; x_wconf 85' lang='lat' dir='ltr'><strong>dixit</strong></span> <span class='ocrx_word' id='word_1_468' title='bbox 2768 687 2817 744; x_wconf 88' lang='lat' dir='ltr'><strong>in</strong></span> <span class='ocrx_word' id='word_1_469' title='bbox 2865 686 3036 750; x_wconf 87' lang='lat' dir='ltr'><strong>ﬁlios;</strong></span> <span class='ocrx_word' id='word_1_470' title='bbox 3085 686 3171 740; x_wconf 91' lang='lat' dir='ltr'><strong>ubi</strong></span> <span class='ocrx_word' id='word_1_471' title='bbox 3219 687 3402 757; x_wconf 88' lang='lat' dir='ltr'><strong>utique</strong></span> <span class='ocrx_word' id='word_1_472' title='bbox 3449 703 3535 758; x_wconf 82' lang='lat' dir='ltr'><strong>ge-</strong></span> 
     </span>
    </p>
   </div>
   <div class='ocr_carea' id='block_1_68' title="bbox 1957 777 3523 850">
    <p class='ocr_par' dir='ltr' id='par_1_68' title="bbox 1957 777 3523 850">
     <span class='ocr_line' id='line_1_68' title="bbox 1957 777 3523 850; baseline 0.002 -18"><span class='ocrx_word' id='word_1_473' title='bbox 1957 778 2267 844; x_wconf 85' lang='lat' dir='ltr'><strong>nerationis,</strong></span> <span class='ocrx_word' id='word_1_474' title='bbox 2311 792 2412 831; x_wconf 92' lang='lat' dir='ltr'><strong>non</strong></span> <span class='ocrx_word' id='word_1_475' title='bbox 2456 777 2762 831; x_wconf 87' lang='lat' dir='ltr'><strong>imitationis</strong></span> <span class='ocrx_word' id='word_1_476' title='bbox 2803 791 2860 833; x_wconf 88' lang='lat' dir='ltr'><strong>se</strong></span> <span class='ocrx_word' id='word_1_477' title='bbox 2903 778 3138 832; x_wconf 86' lang='lat' dir='ltr'><strong>ostendit</strong></span> <span class='ocrx_word' id='word_1_478' title='bbox 3179 779 3303 833; x_wconf 79' lang='lat' dir='ltr'><strong>vitia</strong></span> <span class='ocrx_word' id='word_1_479' title='bbox 3353 796 3523 850; x_wconf 81' lang='lat' dir='ltr'><strong>perse-</strong></span> 
     </span>
    </p>
   </div>
   <div class='ocr_carea' id='block_1_69' title="bbox 1955 872 2262 941">
    <p class='ocr_par' dir='ltr' id='par_1_69' title="bbox 1955 872 2262 941">
     <span class='ocr_line' id='line_1_69' title="bbox 1955 872 2262 941; baseline 0.003 -20"><span class='ocrx_word' id='word_1_480' title='bbox 1955 881 2202 941; x_wconf 83' lang='lat' dir='ltr'><strong>quentem</strong></span> <span class='ocrx_word' id='word_1_481' title='bbox 2224 872 2262 922; x_wconf 76' lang='grc'><strong>⁸.</strong></span> 
     </span>
    </p>
   </div>
   <div class='ocr_carea' id='block_1_70' title="bbox 2026 962 3530 1033">
    <p class='ocr_par' dir='ltr' id='par_1_70' title="bbox 2026 962 3530 1033">
     <span class='ocr_line' id='line_1_70' title="bbox 2026 962 3530 1033; baseline 0.002 -17"><span class='ocrx_word' id='word_1_482' title='bbox 2026 963 2189 1017; x_wconf 72' lang='lat' dir='ltr'><strong>XVII.</strong></span> <span class='ocrx_word' id='word_1_483' title='bbox 2231 962 2348 1017; x_wconf 79' lang='lat' dir='ltr'><strong>JnL.</strong></span> <span class='ocrx_word' id='word_1_484' title='bbox 2393 962 2656 1031; x_wconf 68' lang='lat' dir='ltr'><strong>Prteccpta</strong></span> <span class='ocrx_word' id='word_1_485' title='bbox 2685 970 2882 1027; x_wconf 87' lang='lat' dir='ltr'><strong>autem,</strong></span> <span class='ocrx_word' id='word_1_486' title='bbox 2922 963 3113 1033; x_wconf 87' lang='lat' dir='ltr'><strong>quibus</strong></span> <span class='ocrx_word' id='word_1_487' title='bbox 3142 963 3330 1033; x_wconf 89' lang='lat' dir='ltr'><strong>pietas,</strong></span> <span class='ocrx_word' id='word_1_488' title='bbox 3379 962 3530 1031; x_wconf 89' lang='lat' dir='ltr'><strong>ﬁdes,</strong></span> 
     </span>
    </p>
   </div>
   <div class='ocr_carea' id='block_1_71' title="bbox 1950 1057 3535 1123">
    <p class='ocr_par' dir='ltr' id='par_1_71' title="bbox 1950 1057 3535 1123">
     <span class='ocr_line' id='line_1_71' title="bbox 1950 1057 3535 1123; baseline 0.003 -15"><span class='ocrx_word' id='word_1_489' title='bbox 1950 1057 2176 1123; x_wconf 76' lang='lat' dir='ltr'><strong>justitia,</strong></span> <span class='ocrx_word' id='word_1_490' title='bbox 2203 1057 2457 1111; x_wconf 89' lang='lat' dir='ltr'><strong>sanctitas</strong></span> <span class='ocrx_word' id='word_1_491' title='bbox 2482 1058 2804 1122; x_wconf 88' lang='lat' dir='ltr'><strong>continetur,</strong></span> <span class='ocrx_word' id='word_1_492' title='bbox 2834 1071 2936 1108; x_wconf 90' lang='lat' dir='ltr'><strong>non</strong></span> <span class='ocrx_word' id='word_1_493' title='bbox 2964 1057 3132 1110; x_wconf 85' lang='lat' dir='ltr'><strong>solum</strong></span> <span class='ocrx_word' id='word_1_494' title='bbox 3157 1073 3260 1110; x_wconf 89' lang='lat' dir='ltr'><strong>non</strong></span> <span class='ocrx_word' id='word_1_495' title='bbox 3287 1073 3535 1112; x_wconf 85' lang='lat' dir='ltr'><strong>cessave-</strong></span> 
     </span>
    </p>
   </div>
   <div class='ocr_carea' id='block_1_72' title="bbox 1956 1137 3536 1217">
    <p class='ocr_par' dir='ltr' id='par_1_72' title="bbox 1956 1137 3536 1217">
     <span class='ocr_line' id='line_1_72' title="bbox 1956 1137 3536 1217; baseline 0.002 -17"><span class='ocrx_word' id='word_1_496' title='bbox 1956 1156 2094 1207; x_wconf 83' lang='lat' dir='ltr'><strong>runt,</strong></span> <span class='ocrx_word' id='word_1_497' title='bbox 2125 1163 2304 1200; x_wconf 87' lang='lat' dir='ltr'><strong>verum</strong></span> <span class='ocrx_word' id='word_1_498' title='bbox 2328 1137 2491 1201; x_wconf 84' lang='lat' dir='ltr'><strong>etiam</strong></span> <span class='ocrx_word' id='word_1_499' title='bbox 2519 1146 2786 1201; x_wconf 83' lang='lat' dir='ltr'><strong>cmmtlata</strong></span> <span class='ocrx_word' id='word_1_500' title='bbox 2814 1155 2952 1199; x_wconf 89' lang='lat' dir='ltr'><strong>sunt.</strong></span> <span class='ocrx_word' id='word_1_501' title='bbox 2983 1146 3044 1200; x_wconf 86' lang='lat' dir='ltr'><strong>Et</strong></span> <span class='ocrx_word' id='word_1_502' title='bbox 3073 1147 3185 1201; x_wconf 74' lang='lat' dir='ltr'><strong>lucc</strong></span> <span class='ocrx_word' id='word_1_503' title='bbox 3210 1147 3290 1202; x_wconf 88' lang='lat' dir='ltr'><strong>lex</strong></span> <span class='ocrx_word' id='word_1_504' title='bbox 3316 1148 3536 1217; x_wconf 76' lang='lat' dir='ltr'><strong>justitizn</strong></span> 
     </span>
    </p>
   </div>
   <div class='ocr_carea' id='block_1_73' title="bbox 1955 1222 3530 1310">
    <p class='ocr_par' dir='ltr' id='par_1_73' title="bbox 1955 1222 3530 1310">
     <span class='ocr_line' id='line_1_73' title="bbox 1955 1222 3530 1310; baseline 0.003 -19"><span class='ocrx_word' id='word_1_505' title='bbox 1955 1237 2006 1291; x_wconf 92' lang='lat' dir='ltr'><strong>in</strong></span> <span class='ocrx_word' id='word_1_506' title='bbox 2029 1237 2239 1306; x_wconf 89' lang='lat' dir='ltr'><strong>judiciis</strong></span> <span class='ocrx_word' id='word_1_507' title='bbox 2270 1238 2652 1303; x_wconf 62' lang='lat' dir='ltr'><strong>custodienda),</strong></span> <span class='ocrx_word' id='word_1_508' title='bbox 2684 1222 2840 1306; x_wconf 80' lang='lat' dir='ltr'><strong>quam</strong></span> <span class='ocrx_word' id='word_1_509' title='bbox 2865 1238 2931 1292; x_wconf 87' lang='lat' dir='ltr'><strong>de</strong></span> <span class='ocrx_word' id='word_1_510' title='bbox 2963 1239 3374 1296; x_wconf 88' lang='lat' dir='ltr'><strong>Deuteronomio</strong></span> <span class='ocrx_word' id='word_1_511' title='bbox 3404 1258 3530 1310; x_wconf 88' lang='lat' dir='ltr'><strong>pro-</strong></span> 
     </span>
    </p>
   </div>
   <div class='ocr_carea' id='block_1_74' title="bbox 1957 1327 3535 1400">
    <p class='ocr_par' dir='ltr' id='par_1_74' title="bbox 1957 1327 3535 1400">
     <span class='ocr_line' id='line_1_74' title="bbox 1957 1327 3535 1400; baseline 0.004 -20"><span class='ocrx_word' id='word_1_512' title='bbox 1957 1327 2188 1392; x_wconf 86' lang='lat' dir='ltr'><strong>tulimus,</strong></span> <span class='ocrx_word' id='word_1_513' title='bbox 2221 1344 2325 1381; x_wconf 90' lang='lat' dir='ltr'><strong>non</strong></span> <span class='ocrx_word' id='word_1_514' title='bbox 2355 1327 2419 1381; x_wconf 90' lang='lat' dir='ltr'><strong>ad</strong></span> <span class='ocrx_word' id='word_1_515' title='bbox 2468 1329 2891 1383; x_wconf 87' lang='lat' dir='ltr'><strong>ceremoniarum</strong></span> <span class='ocrx_word' id='word_1_516' title='bbox 2920 1338 3151 1393; x_wconf 78' lang='lat' dir='ltr'><strong>:etatem,</strong></span> <span class='ocrx_word' id='word_1_517' title='bbox 3179 1331 3271 1384; x_wconf 89' lang='lat' dir='ltr'><strong>sed</strong></span> <span class='ocrx_word' id='word_1_518' title='bbox 3295 1331 3360 1385; x_wconf 89' lang='lat' dir='ltr'><strong>ad</strong></span> <span class='ocrx_word' id='word_1_519' title='bbox 3394 1347 3535 1400; x_wconf 76' lang='lat' dir='ltr'><strong>pra:-</strong></span> 
     </span>
    </p>
   </div>
   <div class='ocr_carea' id='block_1_75' title="bbox 1953 1421 3532 1490">
    <p class='ocr_par' dir='ltr' id='par_1_75' title="bbox 1953 1421 3532 1490">
     <span class='ocr_line' id='line_1_75' title="bbox 1953 1421 3532 1490; baseline 0.003 -16"><span class='ocrx_word' id='word_1_520' title='bbox 1953 1430 2224 1488; x_wconf 79' lang='lat' dir='ltr'><strong>ceptorum</strong></span> <span class='ocrx_word' id='word_1_521' title='bbox 2275 1422 2661 1490; x_wconf 87' lang='lat' dir='ltr'><strong>perennitatem</strong></span> <span class='ocrx_word' id='word_1_522' title='bbox 2693 1421 2928 1489; x_wconf 89' lang='lat' dir='ltr'><strong>respicit,</strong></span> <span class='ocrx_word' id='word_1_523' title='bbox 2961 1437 3058 1476; x_wconf 89' lang='lat' dir='ltr'><strong>nec</strong></span> <span class='ocrx_word' id='word_1_524' title='bbox 3098 1439 3220 1476; x_wconf 90' lang='lat' dir='ltr'><strong>cum</strong></span> <span class='ocrx_word' id='word_1_525' title='bbox 3250 1425 3532 1479; x_wconf 90' lang='lat' dir='ltr'><strong>circumci-</strong></span> 
     </span>
    </p>
   </div>
   <div class='ocr_carea' id='block_1_76' title="bbox 1953 1510 3249 1581">
    <p class='ocr_par' dir='ltr' id='par_1_76' title="bbox 1953 1510 3249 1581">
     <span class='ocr_line' id='line_1_76' title="bbox 1953 1510 3249 1581; baseline 0.002 -17"><span class='ocrx_word' id='word_1_526' title='bbox 1953 1511 2102 1564; x_wconf 90' lang='lat' dir='ltr'><strong>sione</strong></span> <span class='ocrx_word' id='word_1_527' title='bbox 2133 1510 2395 1573; x_wconf 81' lang='lat' dir='ltr'><strong>discessit,</strong></span> <span class='ocrx_word' id='word_1_528' title='bbox 2424 1511 2515 1565; x_wconf 87' lang='lat' dir='ltr'><strong>scd</strong></span> <span class='ocrx_word' id='word_1_529' title='bbox 2543 1527 2662 1564; x_wconf 89' lang='lat' dir='ltr'><strong>cum</strong></span> <span class='ocrx_word' id='word_1_530' title='bbox 2685 1512 2886 1581; x_wconf 86' lang='lat' dir='ltr'><strong>justitia</strong></span> <span class='ocrx_word' id='word_1_531' title='bbox 2925 1523 3249 1581; x_wconf 83' lang='lat' dir='ltr'><strong>perseverat.</strong></span> 
     </span>
    </p>
   </div>
   <div class='ocr_carea' id='block_1_77' title="bbox 2023 1602 3534 1675">
    <p class='ocr_par' dir='ltr' id='par_1_77' title="bbox 2023 1602 3534 1675">
     <span class='ocr_line' id='line_1_77' title="bbox 2023 1602 3534 1675; baseline 0.004 -19"><span class='ocrx_word' id='word_1_532' title='bbox 2023 1603 2153 1658; x_wconf 75' lang='lat' dir='ltr'><strong>Acs.</strong></span> <span class='ocrx_word' id='word_1_533' title='bbox 2197 1602 2310 1656; x_wconf 83' lang='lat' dir='ltr'><strong>Jam</strong></span> <span class='ocrx_word' id='word_1_534' title='bbox 2347 1603 2437 1656; x_wconf 87' lang='lat' dir='ltr'><strong>tibi</strong></span> <span class='ocrx_word' id='word_1_535' title='bbox 2467 1603 2663 1657; x_wconf 89' lang='lat' dir='ltr'><strong>dictum</strong></span> <span class='ocrx_word' id='word_1_536' title='bbox 2689 1612 2786 1666; x_wconf 90' lang='lat' dir='ltr'><strong>est,</strong></span> <span class='ocrx_word' id='word_1_537' title='bbox 2822 1603 3124 1657; x_wconf 83' lang='lat' dir='ltr'><strong>hominibus</strong></span> <span class='ocrx_word' id='word_1_538' title='bbox 3142 1605 3256 1660; x_wconf 70' lang='lat' dir='ltr'><strong>bare</strong></span> <span class='ocrx_word' id='word_1_539' title='bbox 3278 1605 3534 1675; x_wconf 88' lang='lat' dir='ltr'><strong>imperata</strong></span> 
     </span>
    </p>
   </div>
   <div class='ocr_carea' id='block_1_78' title="bbox 1951 1693 3531 1767">
    <p class='ocr_par' dir='ltr' id='par_1_78' title="bbox 1951 1693 3531 1767">
     <span class='ocr_line' id='line_1_78' title="bbox 1951 1693 3531 1767; baseline 0.004 -22"><span class='ocrx_word' id='word_1_540' title='bbox 1951 1707 2070 1747; x_wconf 82' lang='lat' dir='ltr'><strong>esse</strong></span> <span class='ocrx_word' id='word_1_541' title='bbox 2093 1693 2309 1762; x_wconf 88' lang='lat' dir='ltr'><strong>judicia,</strong></span> <span class='ocrx_word' id='word_1_542' title='bbox 2349 1709 2450 1747; x_wconf 88' lang='lat' dir='ltr'><strong>nou</strong></span> <span class='ocrx_word' id='word_1_543' title='bbox 2487 1695 2593 1748; x_wconf 59' lang='lat' dir='ltr'><strong>lico</strong></span> <span class='ocrx_word' id='word_1_544' title='bbox 2624 1694 2791 1762; x_wconf 90' lang='lat' dir='ltr'><strong>posita</strong></span> <span class='ocrx_word' id='word_1_545' title='bbox 2842 1693 3166 1762; x_wconf 78' lang='lat' dir='ltr'><strong>praejudicia.</strong></span> <span class='ocrx_word' id='word_1_546' title='bbox 3222 1697 3453 1767; x_wconf 90' lang='lat' dir='ltr'><strong>Denique</strong></span> <span class='ocrx_word' id='word_1_547' title='bbox 3485 1699 3531 1752; x_wconf 88' lang='lat' dir='ltr'><strong>si</strong></span> 
     </span>
    </p>
   </div>
   <div class='ocr_carea' id='block_1_79' title="bbox 1951 1783 3533 1855">
    <p class='ocr_par' dir='ltr' id='par_1_79' title="bbox 1951 1783 3533 1855">
     <span class='ocr_line' id='line_1_79' title="bbox 1951 1783 3533 1855; baseline 0.005 -19"><span class='ocrx_word' id='word_1_548' title='bbox 1951 1783 2111 1837; x_wconf 84' lang='lat' dir='ltr'><strong>homo</strong></span> <span class='ocrx_word' id='word_1_549' title='bbox 2132 1784 2375 1854; x_wconf 90' lang='lat' dir='ltr'><strong>judicans</strong></span> <span class='ocrx_word' id='word_1_550' title='bbox 2415 1785 2571 1848; x_wconf 82' lang='lat' dir='ltr'><strong>dicat,</strong></span> <span class='ocrx_word' id='word_1_551' title='bbox 2604 1785 2842 1840; x_wconf 80' lang='lat' dir='ltr'><strong>Reddam</strong></span> <span class='ocrx_word' id='word_1_552' title='bbox 2875 1795 3086 1855; x_wconf 85' lang='lat' dir='ltr'><strong>peccata</strong></span> <span class='ocrx_word' id='word_1_553' title='bbox 3121 1798 3328 1855; x_wconf 83' lang='lat' dir='ltr'><strong>patrum</strong></span> <span class='ocrx_word' id='word_1_554' title='bbox 3373 1790 3423 1844; x_wconf 90' lang='lat' dir='ltr'><strong>in</strong></span> <span class='ocrx_word' id='word_1_555' title='bbox 3474 1789 3533 1844; x_wconf 87' lang='lat' dir='ltr'><strong>ﬁ-</strong></span> 
     </span>
    </p>
   </div>
   <div class='ocr_carea' id='block_1_80' title="bbox 1953 1876 3531 1950">
    <p class='ocr_par' dir='ltr' id='par_1_80' title="bbox 1953 1876 3531 1950">
     <span class='ocr_line' id='line_1_80' title="bbox 1953 1876 3531 1950; baseline 0.005 -20"><span class='ocrx_word' id='word_1_556' title='bbox 1953 1876 2079 1942; x_wconf 84' lang='lat' dir='ltr'><strong>lios;</strong></span> <span class='ocrx_word' id='word_1_557' title='bbox 2111 1877 2453 1947; x_wconf 89' lang='lat' dir='ltr'><strong>injustissimc</strong></span> <span class='ocrx_word' id='word_1_558' title='bbox 2480 1878 2626 1944; x_wconf 91' lang='lat' dir='ltr'><strong>dicit,</strong></span> <span class='ocrx_word' id='word_1_559' title='bbox 2655 1887 2707 1934; x_wconf 92' lang='lat' dir='ltr'><strong>et</strong></span> <span class='ocrx_word' id='word_1_560' title='bbox 2728 1878 2903 1932; x_wconf 85' lang='lat' dir='ltr'><strong>divino</strong></span> <span class='ocrx_word' id='word_1_561' title='bbox 2933 1879 3157 1950; x_wconf 85' lang='lat' dir='ltr'><strong>imperio</strong></span> <span class='ocrx_word' id='word_1_562' title='bbox 3184 1883 3531 1938; x_wconf 78' lang='lat' dir='ltr'><strong>contradicit:</strong></span> 
     </span>
    </p>
   </div>
   <div class='ocr_carea' id='block_1_81' title="bbox 1951 1969 3533 2043">
    <p class='ocr_par' dir='ltr' id='par_1_81' title="bbox 1951 1969 3533 2043">
     <span class='ocr_line' id='line_1_81' title="bbox 1951 1969 3533 2043; baseline 0.003 -19"><span class='ocrx_word' id='word_1_563' title='bbox 1951 1983 2052 2024; x_wconf 90' lang='lat' dir='ltr'><strong>nec</strong></span> <span class='ocrx_word' id='word_1_564' title='bbox 2091 1969 2206 2024; x_wconf 89' lang='lat' dir='ltr'><strong>ideo</strong></span> <span class='ocrx_word' id='word_1_565' title='bbox 2257 1981 2432 2025; x_wconf 88' lang='lat' dir='ltr'><strong>tamen</strong></span> <span class='ocrx_word' id='word_1_566' title='bbox 2485 1971 2623 2026; x_wconf 88' lang='lat' dir='ltr'><strong>Deus</strong></span> <span class='ocrx_word' id='word_1_567' title='bbox 2649 1979 2738 2024; x_wconf 87' lang='lat' dir='ltr'><strong>aut</strong></span> <span class='ocrx_word' id='word_1_568' title='bbox 2768 1970 3016 2039; x_wconf 84' lang='lat' dir='ltr'><strong>mendax,</strong></span> <span class='ocrx_word' id='word_1_569' title='bbox 3059 1981 3147 2026; x_wconf 90' lang='lat' dir='ltr'><strong>aut</strong></span> <span class='ocrx_word' id='word_1_570' title='bbox 3179 1973 3405 2043; x_wconf 78' lang='lat' dir='ltr'><strong>injustas</strong></span> <span class='ocrx_word' id='word_1_571' title='bbox 3431 1985 3533 2042; x_wconf 87' lang='lat' dir='ltr'><strong>est,</strong></span> 
     </span>
    </p>
   </div>
   <div class='ocr_carea' id='block_1_82' title="bbox 1949 2059 2361 2116">
    <p class='ocr_par' dir='ltr' id='par_1_82' title="bbox 1949 2059 2361 2116">
     <span class='ocr_line' id='line_1_82' title="bbox 1949 2059 2361 2116; baseline 0 -2"><span class='ocrx_word' id='word_1_572' title='bbox 1949 2074 2070 2115; x_wconf 90' lang='lat' dir='ltr'><strong>cum</strong></span> <span class='ocrx_word' id='word_1_573' title='bbox 2095 2061 2194 2116; x_wconf 86' lang='lat' dir='ltr'><strong>hoc</strong></span> <span class='ocrx_word' id='word_1_574' title='bbox 2214 2059 2361 2116; x_wconf 87' lang='lat' dir='ltr'><strong>dicit.</strong></span> 
     </span>
    </p>
   </div>
   <div class='ocr_carea' id='block_1_83' title="bbox 2025 2150 3529 2225">
    <p class='ocr_par' dir='ltr' id='par_1_83' title="bbox 2025 2150 3529 2225">
     <span class='ocr_line' id='line_1_83' title="bbox 2025 2150 3529 2225; baseline 0.001 -19"><span class='ocrx_word' id='word_1_575' title='bbox 2025 2151 2206 2206; x_wconf 76' lang='lat' dir='ltr'><strong>XVIII.</strong></span> <span class='ocrx_word' id='word_1_576' title='bbox 2247 2151 2367 2207; x_wconf 68' lang='lat' dir='ltr'><strong>Jac.</strong></span> <span class='ocrx_word' id='word_1_577' title='bbox 2408 2150 2464 2205; x_wconf 90' lang='lat' dir='ltr'><strong>lu</strong></span> <span class='ocrx_word' id='word_1_578' title='bbox 2493 2151 2737 2207; x_wconf 89' lang='lat' dir='ltr'><strong>absoluto</strong></span> <span class='ocrx_word' id='word_1_579' title='bbox 2767 2160 2848 2206; x_wconf 90' lang='lat' dir='ltr'><strong>est</strong></span> <span class='ocrx_word' id='word_1_580' title='bbox 2877 2151 3054 2221; x_wconf 80' lang='lat' dir='ltr'><strong>igitur,</strong></span> <span class='ocrx_word' id='word_1_581' title='bbox 3082 2152 3126 2206; x_wconf 91' lang='lat' dir='ltr'><strong>si</strong></span> <span class='ocrx_word' id='word_1_582' title='bbox 3154 2151 3319 2225; x_wconf 73' lang='lat' dir='ltr'><strong>Moysi</strong></span> <span class='ocrx_word' id='word_1_583' title='bbox 3355 2155 3529 2208; x_wconf 87' lang='lat' dir='ltr'><strong>credi-</strong></span> 
     </span>
    </p>
   </div>
   <div class='ocr_carea' id='block_1_84' title="bbox 1953 2241 3530 2313">
    <p class='ocr_par' dir='ltr' id='par_1_84' title="bbox 1953 2241 3530 2313">
     <span class='ocr_line' id='line_1_84' title="bbox 1953 2241 3530 2313; baseline 0.001 -17"><span class='ocrx_word' id='word_1_584' title='bbox 1953 2247 2037 2297; x_wconf 84' lang='lat' dir='ltr'><strong>tur</strong></span> <span class='ocrx_word' id='word_1_585' title='bbox 2063 2243 2248 2313; x_wconf 81' lang='lat' dir='ltr'><strong>magis,</strong></span> <span class='ocrx_word' id='word_1_586' title='bbox 2278 2259 2372 2312; x_wconf 88' lang='lat' dir='ltr'><strong>per</strong></span> <span class='ocrx_word' id='word_1_587' title='bbox 2400 2257 2556 2312; x_wconf 87' lang='lat' dir='ltr'><strong>quem</strong></span> <span class='ocrx_word' id='word_1_588' title='bbox 2585 2241 2721 2296; x_wconf 90' lang='lat' dir='ltr'><strong>Deus</strong></span> <span class='ocrx_word' id='word_1_589' title='bbox 2750 2241 3002 2312; x_wconf 89' lang='lat' dir='ltr'><strong>loquitur,</strong></span> <span class='ocrx_word' id='word_1_590' title='bbox 3034 2257 3189 2311; x_wconf 88' lang='lat' dir='ltr'><strong>quam</strong></span> <span class='ocrx_word' id='word_1_591' title='bbox 3214 2243 3530 2310; x_wconf 73' lang='lat' dir='ltr'><strong>Augustino,</strong></span> 
     </span>
    </p>
   </div>
   <div class='ocr_carea' id='block_1_85' title="bbox 1953 2331 3534 2404">
    <p class='ocr_par' dir='ltr' id='par_1_85' title="bbox 1953 2331 3534 2404">
     <span class='ocr_line' id='line_1_85' title="bbox 1953 2331 3534 2404; baseline -0.001 -17"><span class='ocrx_word' id='word_1_592' title='bbox 1953 2348 2047 2403; x_wconf 89' lang='lat' dir='ltr'><strong>per</strong></span> <span class='ocrx_word' id='word_1_593' title='bbox 2077 2349 2232 2404; x_wconf 87' lang='lat' dir='ltr'><strong>quem</strong></span> <span class='ocrx_word' id='word_1_594' title='bbox 2263 2333 2603 2398; x_wconf 74' lang='lat' dir='ltr'><strong>Manichcus,</strong></span> <span class='ocrx_word' id='word_1_595' title='bbox 2629 2341 2903 2402; x_wconf 89' lang='lat' dir='ltr'><strong>parentum</strong></span> <span class='ocrx_word' id='word_1_596' title='bbox 2931 2331 3160 2403; x_wconf 85' lang='lat' dir='ltr'><strong>peccatis</strong></span> <span class='ocrx_word' id='word_1_597' title='bbox 3186 2347 3306 2387; x_wconf 89' lang='lat' dir='ltr'><strong>reos</strong></span> <span class='ocrx_word' id='word_1_598' title='bbox 3327 2349 3534 2404; x_wconf 82' lang='lat' dir='ltr'><strong>perna-</strong></span> 
     </span>
    </p>
   </div>
   <div class='ocr_carea' id='block_1_86' title="bbox 1953 2424 2678 2478">
    <p class='ocr_par' dir='ltr' id='par_1_86' title="bbox 1953 2424 2678 2478">
     <span class='ocr_line' id='line_1_86' title="bbox 1953 2424 2678 2478; baseline -0.003 -1"><span class='ocrx_word' id='word_1_599' title='bbox 1953 2433 2122 2478; x_wconf 89' lang='lat' dir='ltr'><strong>turam</strong></span> <span class='ocrx_word' id='word_1_600' title='bbox 2153 2424 2288 2478; x_wconf 88' lang='lat' dir='ltr'><strong>ﬁlios</strong></span> <span class='ocrx_word' id='word_1_601' title='bbox 2312 2438 2414 2477; x_wconf 87' lang='lat' dir='ltr'><strong>non</strong></span> <span class='ocrx_word' id='word_1_602' title='bbox 2450 2424 2616 2478; x_wconf 90' lang='lat' dir='ltr'><strong>teucri</strong></span> <span class='ocrx_word' id='word_1_603' title='bbox 2638 2425 2678 2475; x_wconf 82' lang='grc'><strong>¹.</strong></span> 
     </span>
    </p>
   </div>
   <div class='ocr_carea' id='block_1_87' title="bbox 2024 2508 3531 2584">
    <p class='ocr_par' dir='ltr' id='par_1_87' title="bbox 2024 2508 3531 2584">
     <span class='ocr_line' id='line_1_87' title="bbox 2024 2508 3531 2584; baseline 0 -16"><span class='ocrx_word' id='word_1_604' title='bbox 2024 2517 2155 2570; x_wconf 77' lang='lat' dir='ltr'><strong>Aea.</strong></span> <span class='ocrx_word' id='word_1_605' title='bbox 2200 2514 2330 2568; x_wconf 83' lang='lat' dir='ltr'><strong>Eam</strong></span> <span class='ocrx_word' id='word_1_606' title='bbox 2361 2513 2520 2568; x_wconf 92' lang='lat' dir='ltr'><strong>ﬁdem</strong></span> <span class='ocrx_word' id='word_1_607' title='bbox 2552 2529 2636 2567; x_wconf 90' lang='lat' dir='ltr'><strong>me</strong></span> <span class='ocrx_word' id='word_1_608' title='bbox 2664 2511 2950 2567; x_wconf 82' lang='lat' dir='ltr'><strong>defendere</strong></span> <span class='ocrx_word' id='word_1_609' title='bbox 2980 2511 3235 2566; x_wconf 84' lang='lat' dir='ltr'><strong>adversus</strong></span> <span class='ocrx_word' id='word_1_610' title='bbox 3274 2522 3343 2574; x_wconf 88' lang='lat' dir='ltr'><strong>te,</strong></span> <span class='ocrx_word' id='word_1_611' title='bbox 3374 2508 3531 2584; x_wconf 82' lang='lat' dir='ltr'><strong>quam</strong></span> 
     </span>
    </p>
   </div>
   <div class='ocr_carea' id='block_1_88' title="bbox 1951 2607 3532 2679">
    <p class='ocr_par' dir='ltr' id='par_1_88' title="bbox 1951 2607 3532 2679">
     <span class='ocr_line' id='line_1_88' title="bbox 1951 2607 3532 2679; baseline 0.003 -19"><span class='ocrx_word' id='word_1_612' title='bbox 1951 2608 2195 2662; x_wconf 78' lang='lat' dir='ltr'><strong>catholici</strong></span> <span class='ocrx_word' id='word_1_613' title='bbox 2215 2609 2381 2662; x_wconf 90' lang='lat' dir='ltr'><strong>sancti</strong></span> <span class='ocrx_word' id='word_1_614' title='bbox 2401 2611 2633 2679; x_wconf 89' lang='lat' dir='ltr'><strong>clarique</strong></span> <span class='ocrx_word' id='word_1_615' title='bbox 2649 2607 2917 2673; x_wconf 84' lang='lat' dir='ltr'><strong>doctores,</strong></span> <span class='ocrx_word' id='word_1_616' title='bbox 2943 2607 3027 2677; x_wconf 89' lang='lat' dir='ltr'><strong>qui</strong></span> <span class='ocrx_word' id='word_1_617' title='bbox 3048 2607 3258 2662; x_wconf 76' lang='lat' dir='ltr'><strong>inerunt</strong></span> <span class='ocrx_word' id='word_1_618' title='bbox 3274 2621 3396 2663; x_wconf 86' lang='lat' dir='ltr'><strong>ante</strong></span> <span class='ocrx_word' id='word_1_619' title='bbox 3415 2624 3532 2676; x_wconf 90' lang='lat' dir='ltr'><strong>nos,</strong></span> 
     </span>
    </p>
   </div>
   <div class='ocr_carea' id='block_1_89' title="bbox 1953 2699 3532 2770">
    <p class='ocr_par' dir='ltr' id='par_1_89' title="bbox 1953 2699 3532 2770">
     <span class='ocr_line' id='line_1_89' title="bbox 1953 2699 3532 2770; baseline 0.001 -17"><span class='ocrx_word' id='word_1_620' title='bbox 1953 2701 2003 2754; x_wconf 91' lang='lat' dir='ltr'><strong>iu</strong></span> <span class='ocrx_word' id='word_1_621' title='bbox 2051 2701 2286 2755; x_wconf 83' lang='lat' dir='ltr'><strong>Ecclesia</strong></span> <span class='ocrx_word' id='word_1_622' title='bbox 2334 2701 2596 2755; x_wconf 88' lang='lat' dir='ltr'><strong>catholica</strong></span> <span class='ocrx_word' id='word_1_623' title='bbox 2655 2699 2954 2754; x_wconf 86' lang='lat' dir='ltr'><strong>didicerunt</strong></span> <span class='ocrx_word' id='word_1_624' title='bbox 3009 2709 3168 2770; x_wconf 89' lang='lat' dir='ltr'><strong>atque</strong></span> <span class='ocrx_word' id='word_1_625' title='bbox 3216 2699 3532 2764; x_wconf 89' lang='lat' dir='ltr'><strong>docuerunt,</strong></span> 
     </span>
    </p>
   </div>
   <div class='ocr_carea' id='block_1_90' title="bbox 1952 2789 3530 2860">
    <p class='ocr_par' dir='ltr' id='par_1_90' title="bbox 1952 2789 3530 2860">
     <span class='ocr_line' id='line_1_90' title="bbox 1952 2789 3530 2860; baseline -0.001 -15"><span class='ocrx_word' id='word_1_626' title='bbox 1952 2791 2108 2845; x_wconf 88' lang='lat' dir='ltr'><strong>etiam</strong></span> <span class='ocrx_word' id='word_1_627' title='bbox 2136 2791 2248 2860; x_wconf 89' lang='lat' dir='ltr'><strong>ipse</strong></span> <span class='ocrx_word' id='word_1_628' title='bbox 2267 2793 2402 2845; x_wconf 64' lang='lat' dir='ltr'><strong>nosti</strong></span> <span class='ocrx_word' id='word_1_629' title='bbox 2427 2811 2438 2846; x_wconf 90' lang='lat'><strong>:</strong></span> <span class='ocrx_word' id='word_1_630' title='bbox 2463 2790 2554 2844; x_wconf 85' lang='lat' dir='ltr'><strong>sed</strong></span> <span class='ocrx_word' id='word_1_631' title='bbox 2580 2791 2828 2860; x_wconf 91' lang='lat' dir='ltr'><strong>quoniam</strong></span> <span class='ocrx_word' id='word_1_632' title='bbox 2853 2789 2969 2844; x_wconf 85' lang='lat' dir='ltr'><strong>illos</strong></span> <span class='ocrx_word' id='word_1_633' title='bbox 2990 2791 3032 2844; x_wconf 91' lang='lat' dir='ltr'><strong>si</strong></span> <span class='ocrx_word' id='word_1_634' title='bbox 3055 2791 3293 2846; x_wconf 88' lang='lat' dir='ltr'><strong>lacerare</strong></span> <span class='ocrx_word' id='word_1_635' title='bbox 3311 2791 3530 2856; x_wconf 85' lang='lat' dir='ltr'><strong>audeas,</strong></span> 
     </span>
    </p>
   </div>
   <div class='ocr_carea' id='block_1_91' title="bbox 1955 2881 3535 2954">
    <p class='ocr_par' dir='ltr' id='par_1_91' title="bbox 1955 2881 3535 2954">
     <span class='ocr_line' id='line_1_91' title="bbox 1955 2881 3535 2954; baseline 0.003 -19"><span class='ocrx_word' id='word_1_636' title='bbox 1955 2899 2051 2936; x_wconf 84' lang='lat' dir='ltr'><strong>nec</strong></span> <span class='ocrx_word' id='word_1_637' title='bbox 2075 2884 2146 2936; x_wconf 88' lang='lat' dir='ltr'><strong>tui</strong></span> <span class='ocrx_word' id='word_1_638' title='bbox 2182 2894 2229 2936; x_wconf 90' lang='lat' dir='ltr'><strong>te</strong></span> <span class='ocrx_word' id='word_1_639' title='bbox 2261 2882 2466 2948; x_wconf 83' lang='lat' dir='ltr'><strong>ferunt;</strong></span> <span class='ocrx_word' id='word_1_640' title='bbox 2500 2883 2616 2936; x_wconf 87' lang='lat' dir='ltr'><strong>ideo</strong></span> <span class='ocrx_word' id='word_1_641' title='bbox 2645 2898 2804 2936; x_wconf 89' lang='lat' dir='ltr'><strong>unum</strong></span> <span class='ocrx_word' id='word_1_642' title='bbox 2838 2897 2922 2936; x_wconf 90' lang='lat' dir='ltr'><strong>me</strong></span> <span class='ocrx_word' id='word_1_643' title='bbox 2960 2881 3185 2952; x_wconf 85' lang='lat' dir='ltr'><strong>elegisti,</strong></span> <span class='ocrx_word' id='word_1_644' title='bbox 3215 2899 3370 2954; x_wconf 90' lang='lat' dir='ltr'><strong>quem</strong></span> <span class='ocrx_word' id='word_1_645' title='bbox 3403 2899 3535 2939; x_wconf 85' lang='lat' dir='ltr'><strong>con-</strong></span> 
     </span>
    </p>
   </div>
   <div class='ocr_carea' id='block_1_92' title="bbox 1953 2975 3533 3048">
    <p class='ocr_par' dir='ltr' id='par_1_92' title="bbox 1953 2975 3533 3048">
     <span class='ocr_line' id='line_1_92' title="bbox 1953 2975 3533 3048; baseline 0.001 -19"><span class='ocrx_word' id='word_1_646' title='bbox 1953 2977 2088 3032; x_wconf 85' lang='lat' dir='ltr'><strong>vicio</strong></span> <span class='ocrx_word' id='word_1_647' title='bbox 2119 2975 2236 3030; x_wconf 86' lang='lat' dir='ltr'><strong>falsi</strong></span> <span class='ocrx_word' id='word_1_648' title='bbox 2263 2977 2498 3030; x_wconf 88' lang='lat' dir='ltr'><strong>criminis</strong></span> <span class='ocrx_word' id='word_1_649' title='bbox 2525 2976 2839 3047; x_wconf 87' lang='lat' dir='ltr'><strong>appetitum,</strong></span> <span class='ocrx_word' id='word_1_650' title='bbox 2873 2976 3025 3046; x_wconf 87' lang='lat' dir='ltr'><strong>quasi</strong></span> <span class='ocrx_word' id='word_1_651' title='bbox 3067 2975 3372 3047; x_wconf 87' lang='lat' dir='ltr'><strong>fugiendum</strong></span> <span class='ocrx_word' id='word_1_652' title='bbox 3416 2994 3533 3048; x_wconf 84' lang='lat' dir='ltr'><strong>pcr-</strong></span> 
     </span>
    </p>
   </div>
   <div class='ocr_carea' id='block_1_93' title="bbox 1954 3067 3536 3138">
    <p class='ocr_par' dir='ltr' id='par_1_93' title="bbox 1954 3067 3536 3138">
     <span class='ocr_line' id='line_1_93' title="bbox 1954 3067 3536 3138; baseline 0.003 -16"><span class='ocrx_word' id='word_1_653' title='bbox 1954 3067 2205 3134; x_wconf 79' lang='lat' dir='ltr'><strong>suadeas;</strong></span> <span class='ocrx_word' id='word_1_654' title='bbox 2228 3077 2283 3122; x_wconf 91' lang='lat' dir='ltr'><strong>ut</strong></span> <span class='ocrx_word' id='word_1_655' title='bbox 2303 3067 2432 3124; x_wconf 81' lang='lat' dir='ltr'><strong>ﬁdes</strong></span> <span class='ocrx_word' id='word_1_656' title='bbox 2452 3069 2535 3122; x_wconf 89' lang='lat' dir='ltr'><strong>illa</strong></span> <span class='ocrx_word' id='word_1_657' title='bbox 2556 3068 2799 3138; x_wconf 78' lang='lat' dir='ltr'><strong>fugiatur,</strong></span> <span class='ocrx_word' id='word_1_658' title='bbox 2818 3085 2935 3138; x_wconf 72' lang='lat' dir='ltr'><strong>qua:</strong></span> <span class='ocrx_word' id='word_1_659' title='bbox 2951 3067 3168 3123; x_wconf 76' lang='lat' dir='ltr'><strong>defensa</strong></span> <span class='ocrx_word' id='word_1_660' title='bbox 3189 3087 3282 3124; x_wconf 87' lang='lat' dir='ltr'><strong>vos</strong></span> <span class='ocrx_word' id='word_1_661' title='bbox 3299 3070 3536 3126; x_wconf 87' lang='lat' dir='ltr'><strong>damnat.</strong></span> 
     </span>
    </p>
   </div>
   <div class='ocr_carea' id='block_1_94' title="bbox 1953 3158 3537 3228">
    <p class='ocr_par' dir='ltr' id='par_1_94' title="bbox 1953 3158 3537 3228">
     <span class='ocr_line' id='line_1_94' title="bbox 1953 3158 3537 3228; baseline 0.001 -15"><span class='ocrx_word' id='word_1_662' title='bbox 1953 3158 2068 3213; x_wconf 83' lang='lat' dir='ltr'><strong>Jam</strong></span> <span class='ocrx_word' id='word_1_663' title='bbox 2097 3170 2148 3213; x_wconf 90' lang='lat' dir='ltr'><strong>et</strong></span> <span class='ocrx_word' id='word_1_664' title='bbox 2179 3160 2423 3228; x_wconf 87' lang='lat' dir='ltr'><strong>superius</strong></span> <span class='ocrx_word' id='word_1_665' title='bbox 2449 3160 2538 3212; x_wconf 90' lang='lat' dir='ltr'><strong>tibi</strong></span> <span class='ocrx_word' id='word_1_666' title='bbox 2569 3158 2706 3222; x_wconf 86' lang='lat' dir='ltr'><strong>dixi;</strong></span> <span class='ocrx_word' id='word_1_667' title='bbox 2737 3159 2948 3228; x_wconf 90' lang='lat' dir='ltr'><strong>quando</strong></span> <span class='ocrx_word' id='word_1_668' title='bbox 2978 3175 3072 3228; x_wconf 85' lang='lat' dir='ltr'><strong>pro</strong></span> <span class='ocrx_word' id='word_1_669' title='bbox 3106 3159 3419 3216; x_wconf 83' lang='lat' dir='ltr'><strong>defensione</strong></span> <span class='ocrx_word' id='word_1_670' title='bbox 3443 3177 3537 3214; x_wconf 79' lang='lat' dir='ltr'><strong>ca-</strong></span> 
     </span>
    </p>
   </div>
   <div class='ocr_carea' id='block_1_95' title="bbox 1957 3250 3538 3322">
    <p class='ocr_par' dir='ltr' id='par_1_95' title="bbox 1957 3250 3538 3322">
     <span class='ocr_line' id='line_1_95' title="bbox 1957 3250 3538 3322; baseline 0.001 -17"><span class='ocrx_word' id='word_1_671' title='bbox 1957 3252 2163 3305; x_wconf 70' lang='lat' dir='ltr'><strong>tliolime</strong></span> <span class='ocrx_word' id='word_1_672' title='bbox 2216 3251 2370 3306; x_wconf 71' lang='lat' dir='ltr'><strong>ﬁdeia</strong></span> <span class='ocrx_word' id='word_1_673' title='bbox 2402 3250 2468 3304; x_wconf 86' lang='lat' dir='ltr'><strong>ab</strong></span> <span class='ocrx_word' id='word_1_674' title='bbox 2510 3251 2772 3304; x_wconf 68' lang='lat' dir='ltr'><strong>lta&#39;reticis</strong></span> <span class='ocrx_word' id='word_1_675' title='bbox 2816 3252 3167 3306; x_wconf 84' lang='lat' dir='ltr'><strong>contumelias</strong></span> <span class='ocrx_word' id='word_1_676' title='bbox 3211 3252 3390 3318; x_wconf 85' lang='lat' dir='ltr'><strong>audio,</strong></span> <span class='ocrx_word' id='word_1_677' title='bbox 3442 3268 3538 3322; x_wconf 90' lang='lat' dir='ltr'><strong>pro</strong></span> 
     </span>
    </p>
   </div>
   <div class='ocr_carea' id='block_1_96' title="bbox 1955 3340 3539 3412">
    <p class='ocr_par' dir='ltr' id='par_1_96' title="bbox 1955 3340 3539 3412">
     <span class='ocr_line' id='line_1_96' title="bbox 1955 3340 3539 3412; baseline 0.001 -17"><span class='ocrx_word' id='word_1_678' title='bbox 1955 3342 2196 3396; x_wconf 90' lang='lat' dir='ltr'><strong>laudibus</strong></span> <span class='ocrx_word' id='word_1_679' title='bbox 2228 3341 2416 3395; x_wconf 86' lang='lat' dir='ltr'><strong>habeo.</strong></span> <span class='ocrx_word' id='word_1_680' title='bbox 2449 3340 2582 3409; x_wconf 84' lang='lat' dir='ltr'><strong>Quid</strong></span> <span class='ocrx_word' id='word_1_681' title='bbox 2629 3341 2837 3395; x_wconf 84' lang='lat' dir='ltr'><strong>laboras</strong></span> <span class='ocrx_word' id='word_1_682' title='bbox 2877 3342 3029 3396; x_wconf 88' lang='lat' dir='ltr'><strong>nobis</strong></span> <span class='ocrx_word' id='word_1_683' title='bbox 3060 3342 3351 3411; x_wconf 74' lang='lat' dir='ltr'><strong>przcdicare</strong></span> <span class='ocrx_word' id='word_1_684' title='bbox 3394 3341 3539 3412; x_wconf 84' lang='lat' dir='ltr'><strong>quod</strong></span> 
     </span>
    </p>
   </div>
   <div class='ocr_carea' id='block_1_97' title="bbox 1956 3431 3539 3504">
    <p class='ocr_par' dir='ltr' id='par_1_97' title="bbox 1956 3431 3539 3504">
     <span class='ocr_line' id='line_1_97' title="bbox 1956 3431 3539 3504; baseline -0.003 -16"><span class='ocrx_word' id='word_1_685' title='bbox 1956 3433 2184 3488; x_wconf 88' lang='lat' dir='ltr'><strong>scimus?</strong></span> <span class='ocrx_word' id='word_1_686' title='bbox 2208 3432 2416 3504; x_wconf 83' lang='lat' dir='ltr'><strong>Moyses</strong></span> <span class='ocrx_word' id='word_1_687' title='bbox 2443 3449 2624 3487; x_wconf 88' lang='lat' dir='ltr'><strong>vermu</strong></span> <span class='ocrx_word' id='word_1_688' title='bbox 2649 3431 2784 3486; x_wconf 82' lang='lat' dir='ltr'><strong>dixit</strong></span> <span class='ocrx_word' id='word_1_689' title='bbox 2805 3449 2818 3486; x_wconf 89' lang='lat'><strong>:</strong></span> <span class='ocrx_word' id='word_1_690' title='bbox 2841 3431 2935 3487; x_wconf 89' lang='lat' dir='ltr'><strong>sed</strong></span> <span class='ocrx_word' id='word_1_691' title='bbox 2971 3440 3026 3486; x_wconf 90' lang='lat' dir='ltr'><strong>tu</strong></span> <span class='ocrx_word' id='word_1_692' title='bbox 3058 3431 3189 3486; x_wconf 87' lang='lat' dir='ltr'><strong>nihil</strong></span> <span class='ocrx_word' id='word_1_693' title='bbox 3219 3431 3370 3487; x_wconf 90' lang='lat' dir='ltr'><strong>dicis.</strong></span> <span class='ocrx_word' id='word_1_694' title='bbox 3399 3432 3539 3487; x_wconf 85' lang='lat' dir='ltr'><strong>Red-</strong></span> 
     </span>
    </p>
   </div>
   <div class='ocr_carea' id='block_1_98' title="bbox 1956 3522 3540 3595">
    <p class='ocr_par' dir='ltr' id='par_1_98' title="bbox 1956 3522 3540 3595">
     <span class='ocr_line' id='line_1_98' title="bbox 1956 3522 3540 3595; baseline 0.003 -19"><span class='ocrx_word' id='word_1_695' title='bbox 1956 3525 2074 3577; x_wconf 88' lang='lat' dir='ltr'><strong>dam</strong></span> <span class='ocrx_word' id='word_1_696' title='bbox 2099 3534 2300 3593; x_wconf 78' lang='lat' dir='ltr'><strong>peccata</strong></span> <span class='ocrx_word' id='word_1_697' title='bbox 2330 3534 2530 3595; x_wconf 85' lang='lat' dir='ltr'><strong>patrum</strong></span> <span class='ocrx_word' id='word_1_698' title='bbox 2561 3525 2616 3578; x_wconf 83' lang='lat' dir='ltr'><strong>in</strong></span> <span class='ocrx_word' id='word_1_699' title='bbox 2645 3523 2798 3593; x_wconf 77' lang='lat' dir='ltr'><strong>ﬁlios,</strong></span> <span class='ocrx_word' id='word_1_700' title='bbox 2825 3538 2927 3577; x_wconf 93' lang='lat' dir='ltr'><strong>non</strong></span> <span class='ocrx_word' id='word_1_701' title='bbox 2961 3523 3035 3577; x_wconf 88' lang='lat' dir='ltr'><strong>ait</strong></span> <span class='ocrx_word' id='word_1_702' title='bbox 3056 3522 3235 3587; x_wconf 91' lang='lat' dir='ltr'><strong>homo,</strong></span> <span class='ocrx_word' id='word_1_703' title='bbox 3259 3523 3354 3578; x_wconf 83' lang='lat' dir='ltr'><strong>sed</strong></span> <span class='ocrx_word' id='word_1_704' title='bbox 3377 3523 3540 3580; x_wconf 82' lang='lat' dir='ltr'><strong>Deus:</strong></span> 
     </span>
    </p>
   </div>
   <div class='ocr_carea' id='block_1_99' title="bbox 1956 3613 3538 3686">
    <p class='ocr_par' dir='ltr' id='par_1_99' title="bbox 1956 3613 3538 3686">
     <span class='ocr_line' id='line_1_99' title="bbox 1956 3613 3538 3686; baseline -0.001 -16"><span class='ocrx_word' id='word_1_705' title='bbox 1956 3632 2130 3686; x_wconf 85' lang='lat' dir='ltr'><strong>neque</strong></span> <span class='ocrx_word' id='word_1_706' title='bbox 2174 3627 2230 3671; x_wconf 88' lang='lat' dir='ltr'><strong>ut</strong></span> <span class='ocrx_word' id='word_1_707' title='bbox 2267 3615 2426 3670; x_wconf 82' lang='lat' dir='ltr'><strong>homo</strong></span> <span class='ocrx_word' id='word_1_708' title='bbox 2455 3615 2504 3670; x_wconf 91' lang='lat' dir='ltr'><strong>id</strong></span> <span class='ocrx_word' id='word_1_709' title='bbox 2534 3615 2711 3680; x_wconf 88' lang='lat' dir='ltr'><strong>faciat,</strong></span> <span class='ocrx_word' id='word_1_710' title='bbox 2760 3615 2902 3669; x_wconf 88' lang='lat' dir='ltr'><strong>Deus</strong></span> <span class='ocrx_word' id='word_1_711' title='bbox 2939 3613 3192 3685; x_wconf 64' lang='lat' dir='ltr'><strong>praecepit</strong></span> <span class='ocrx_word' id='word_1_712' title='bbox 3239 3613 3341 3669; x_wconf 84' lang='lat' dir='ltr'><strong>hoc</strong></span> <span class='ocrx_word' id='word_1_713' title='bbox 3387 3614 3538 3680; x_wconf 86' lang='lat' dir='ltr'><strong>loco;</strong></span> 
     </span>
    </p>
   </div>
   <div class='ocr_carea' id='block_1_100' title="bbox 1956 3704 2862 3775">
    <p class='ocr_par' dir='ltr' id='par_1_100' title="bbox 1956 3704 2862 3775">
     <span class='ocr_line' id='line_1_100' title="bbox 1956 3704 2862 3775; baseline -0.003 -14"><span class='ocrx_word' id='word_1_714' title='bbox 1956 3707 2048 3761; x_wconf 80' lang='lat' dir='ltr'><strong>Sed</strong></span> <span class='ocrx_word' id='word_1_715' title='bbox 2079 3707 2204 3775; x_wconf 89' lang='lat' dir='ltr'><strong>quid</strong></span> <span class='ocrx_word' id='word_1_716' title='bbox 2237 3707 2349 3774; x_wconf 86' lang='lat' dir='ltr'><strong>ipse</strong></span> <span class='ocrx_word' id='word_1_717' title='bbox 2377 3706 2552 3770; x_wconf 82' lang='lat' dir='ltr'><strong>faciat,</strong></span> <span class='ocrx_word' id='word_1_718' title='bbox 2589 3704 2862 3760; x_wconf 81' lang='lat' dir='ltr'><strong>indicavit.</strong></span> 
     </span>
    </p>
   </div>
   <div class='ocr_carea' id='block_1_101' title="bbox 2028 3786 3541 3864">
    <p class='ocr_par' dir='ltr' id='par_1_101' title="bbox 2028 3786 3541 3864">
     <span class='ocr_line' id='line_1_101' title="bbox 2028 3786 3541 3864; baseline 0.001 -16"><span class='ocrx_word' id='word_1_719' title='bbox 2028 3793 2170 3848; x_wconf 72' lang='lat' dir='ltr'><strong>XIX.</strong></span> <span class='ocrx_word' id='word_1_720' title='bbox 2212 3795 2332 3848; x_wconf 66' lang='lat' dir='ltr'><strong>Jun.</strong></span> <span class='ocrx_word' id='word_1_721' title='bbox 2376 3786 2546 3864; x_wconf 79' lang='lat' dir='ltr'><strong>Atque</strong></span> <span class='ocrx_word' id='word_1_722' title='bbox 2573 3795 2642 3848; x_wconf 89' lang='lat' dir='ltr'><strong>ita</strong></span> <span class='ocrx_word' id='word_1_723' title='bbox 2673 3811 2776 3849; x_wconf 91' lang='lat' dir='ltr'><strong>non</strong></span> <span class='ocrx_word' id='word_1_724' title='bbox 2807 3793 3035 3848; x_wconf 88' lang='lat' dir='ltr'><strong>transire</strong></span> <span class='ocrx_word' id='word_1_725' title='bbox 3077 3793 3144 3848; x_wconf 90' lang='lat' dir='ltr'><strong>ad</strong></span> <span class='ocrx_word' id='word_1_726' title='bbox 3178 3803 3420 3864; x_wconf 90' lang='lat' dir='ltr'><strong>posteros</strong></span> <span class='ocrx_word' id='word_1_727' title='bbox 3445 3810 3541 3864; x_wconf 80' lang='lat' dir='ltr'><strong>ge-</strong></span> 
     </span>
    </p>
   </div>
   <div class='ocr_carea' id='block_1_102' title="bbox 1959 3885 3544 3954">
    <p class='ocr_par' dir='ltr' id='par_1_102' title="bbox 1959 3885 3544 3954">
     <span class='ocr_line' id='line_1_102' title="bbox 1959 3885 3544 3954; baseline 0.001 -16"><span class='ocrx_word' id='word_1_728' title='bbox 1959 3885 2255 3939; x_wconf 87' lang='lat' dir='ltr'><strong>nerantium</strong></span> <span class='ocrx_word' id='word_1_729' title='bbox 2283 3885 2524 3947; x_wconf 88' lang='lat' dir='ltr'><strong>crimina,</strong></span> <span class='ocrx_word' id='word_1_730' title='bbox 2547 3885 2786 3954; x_wconf 86' lang='lat' dir='ltr'><strong>quamvis</strong></span> <span class='ocrx_word' id='word_1_731' title='bbox 2810 3900 2873 3939; x_wconf 86' lang='lat' dir='ltr'><strong>ex</strong></span> <span class='ocrx_word' id='word_1_732' title='bbox 2897 3885 2973 3939; x_wconf 88' lang='lat' dir='ltr'><strong>cis</strong></span> <span class='ocrx_word' id='word_1_733' title='bbox 2996 3885 3102 3938; x_wconf 89' lang='lat' dir='ltr'><strong>nati</strong></span> <span class='ocrx_word' id='word_1_734' title='bbox 3125 3886 3256 3950; x_wconf 89' lang='lat' dir='ltr'><strong>sint;</strong></span> <span class='ocrx_word' id='word_1_735' title='bbox 3283 3885 3420 3938; x_wconf 86' lang='lat' dir='ltr'><strong>sicut</strong></span> <span class='ocrx_word' id='word_1_736' title='bbox 3445 3900 3544 3939; x_wconf 91' lang='lat' dir='ltr'><strong>nec</strong></span> 
     </span>
    </p>
   </div>
   <div class='ocr_carea' id='block_1_103' title="bbox 1937 3976 3542 4048">
    <p class='ocr_par' dir='ltr' id='par_1_103' title="bbox 1937 3976 3542 4048">
     <span class='ocr_line' id='line_1_103' title="bbox 1937 3976 3542 4048; baseline -0.001 -15"><span class='ocrx_word' id='word_1_737' title='bbox 1937 3981 2184 4034; x_wconf 83' lang='lat' dir='ltr'><strong>ﬁliorum</strong></span> <span class='ocrx_word' id='word_1_738' title='bbox 2236 3977 2300 4031; x_wconf 90' lang='lat' dir='ltr'><strong>ad</strong></span> <span class='ocrx_word' id='word_1_739' title='bbox 2344 3987 2610 4047; x_wconf 87' lang='lat' dir='ltr'><strong>parentes,</strong></span> <span class='ocrx_word' id='word_1_740' title='bbox 2643 3977 2734 4048; x_wconf 92' lang='lat' dir='ltr'><strong>qui</strong></span> <span class='ocrx_word' id='word_1_741' title='bbox 2783 3977 2851 4031; x_wconf 92' lang='lat' dir='ltr'><strong>de</strong></span> <span class='ocrx_word' id='word_1_742' title='bbox 2891 3976 3012 4030; x_wconf 87' lang='lat' dir='ltr'><strong>ﬁliis</strong></span> <span class='ocrx_word' id='word_1_743' title='bbox 3059 3978 3169 4030; x_wconf 89' lang='lat' dir='ltr'><strong>suis</strong></span> <span class='ocrx_word' id='word_1_744' title='bbox 3209 3993 3542 4048; x_wconf 88' lang='lat' dir='ltr'><strong>nequaquam</strong></span> 
     </span>
    </p>
   </div>
   <div class='ocr_carea' id='block_1_104' title="bbox 1958 4067 3542 4142">
    <p class='ocr_par' dir='ltr' id='par_1_104' title="bbox 1958 4067 3542 4142">
     <span class='ocr_line' id='line_1_104' title="bbox 1958 4067 3542 4142; baseline 0 -18"><span class='ocrx_word' id='word_1_745' title='bbox 1958 4082 2178 4142; x_wconf 89' lang='lat' dir='ltr'><strong>potuere</strong></span> <span class='ocrx_word' id='word_1_746' title='bbox 2207 4069 2470 4140; x_wconf 88' lang='lat' dir='ltr'><strong>generari.</strong></span> <span class='ocrx_word' id='word_1_747' title='bbox 2505 4067 2576 4122; x_wconf 90' lang='lat' dir='ltr'><strong>lta</strong></span> <span class='ocrx_word' id='word_1_748' title='bbox 2619 4069 2776 4138; x_wconf 77' lang='lat' dir='ltr'><strong>igitur</strong></span> <span class='ocrx_word' id='word_1_749' title='bbox 2819 4068 3138 4122; x_wconf 76' lang='lat' dir='ltr'><strong>innocentia:</strong></span> <span class='ocrx_word' id='word_1_750' title='bbox 3171 4070 3417 4124; x_wconf 88' lang='lat' dir='ltr'><strong>nativitas</strong></span> <span class='ocrx_word' id='word_1_751' title='bbox 3446 4084 3542 4124; x_wconf 83' lang='lat' dir='ltr'><strong>sua</strong></span> 
     </span>
    </p>
   </div>
   <div class='ocr_carea' id='block_1_105' title="bbox 1956 4157 3542 4232">
    <p class='ocr_par' dir='ltr' id='par_1_105' title="bbox 1956 4157 3542 4232">
     <span class='ocr_line' id='line_1_105' title="bbox 1956 4157 3542 4232; baseline -0.001 -16"><span class='ocrx_word' id='word_1_752' title='bbox 1956 4162 2172 4217; x_wconf 85' lang='lat' dir='ltr'><strong>ofﬁcere</strong></span> <span class='ocrx_word' id='word_1_753' title='bbox 2198 4175 2300 4215; x_wconf 90' lang='lat' dir='ltr'><strong>non</strong></span> <span class='ocrx_word' id='word_1_754' title='bbox 2327 4168 2519 4232; x_wconf 88' lang='lat' dir='ltr'><strong>potest,</strong></span> <span class='ocrx_word' id='word_1_755' title='bbox 2549 4157 2685 4214; x_wconf 91' lang='lat' dir='ltr'><strong>sicut</strong></span> <span class='ocrx_word' id='word_1_756' title='bbox 2712 4174 2818 4214; x_wconf 90' lang='lat' dir='ltr'><strong>nou</strong></span> <span class='ocrx_word' id='word_1_757' title='bbox 2848 4166 3020 4230; x_wconf 87' lang='lat' dir='ltr'><strong>potest</strong></span> <span class='ocrx_word' id='word_1_758' title='bbox 3046 4157 3237 4214; x_wconf 87' lang='lat' dir='ltr'><strong>obesse</strong></span> <span class='ocrx_word' id='word_1_759' title='bbox 3273 4174 3394 4213; x_wconf 89' lang='lat' dir='ltr'><strong>cum</strong></span> <span class='ocrx_word' id='word_1_760' title='bbox 3436 4175 3542 4214; x_wconf 90' lang='lat' dir='ltr'><strong>non</strong></span> 
     </span>
    </p>
   </div>
   <div class='ocr_carea' id='block_1_106' title="bbox 1956 4253 2101 4310">
    <p class='ocr_par' dir='ltr' id='par_1_106' title="bbox 1956 4253 2101 4310">
     <span class='ocr_line' id='line_1_106' title="bbox 1956 4253 2101 4310; baseline -0.021 0"><span class='ocrx_word' id='word_1_761' title='bbox 1956 4264 2039 4310; x_wconf 86' lang='lat' dir='ltr'><strong>est</strong></span> <span class='ocrx_word' id='word_1_762' title='bbox 2062 4253 2101 4307; x_wconf 65' lang='grc'><strong>⁵.</strong></span> 
     </span>
    </p>
   </div>
   <div class='ocr_carea' id='block_1_107' title="bbox 2029 4340 3549 4417">
    <p class='ocr_par' dir='ltr' id='par_1_107' title="bbox 2029 4340 3549 4417">
     <span class='ocr_line' id='line_1_107' title="bbox 2029 4340 3549 4417; baseline -0.005 -14"><span class='ocrx_word' id='word_1_763' title='bbox 2029 4349 2160 4403; x_wconf 81' lang='lat' dir='ltr'><strong>Auc.</strong></span> <span class='ocrx_word' id='word_1_764' title='bbox 2203 4345 2407 4417; x_wconf 87' lang='lat' dir='ltr'><strong>Negare</strong></span> <span class='ocrx_word' id='word_1_765' title='bbox 2434 4353 2608 4398; x_wconf 88' lang='lat' dir='ltr'><strong>tamen</strong></span> <span class='ocrx_word' id='word_1_766' title='bbox 2639 4351 2935 4415; x_wconf 83' lang='lat' dir='ltr'><strong>nonpotes,</strong></span> <span class='ocrx_word' id='word_1_767' title='bbox 2960 4356 3118 4412; x_wconf 87' lang='lat' dir='ltr'><strong>posse</strong></span> <span class='ocrx_word' id='word_1_768' title='bbox 3143 4349 3396 4412; x_wconf 89' lang='lat' dir='ltr'><strong>parentes</strong></span> <span class='ocrx_word' id='word_1_769' title='bbox 3427 4340 3549 4395; x_wconf 89' lang='lat' dir='ltr'><strong>imi-</strong></span> 
     </span>
    </p>
   </div>
   <div class='ocr_carea' id='block_1_108' title="bbox 1961 4430 3542 4504">
    <p class='ocr_par' dir='ltr' id='par_1_108' title="bbox 1961 4430 3542 4504">
     <span class='ocr_line' id='line_1_108' title="bbox 1961 4430 3542 4504; baseline -0.006 -11"><span class='ocrx_word' id='word_1_770' title='bbox 1961 4439 2057 4494; x_wconf 90' lang='lat' dir='ltr'><strong>tari</strong></span> <span class='ocrx_word' id='word_1_771' title='bbox 2092 4438 2227 4492; x_wconf 89' lang='lat' dir='ltr'><strong>ﬁlios</strong></span> <span class='ocrx_word' id='word_1_772' title='bbox 2261 4451 2407 4502; x_wconf 88' lang='lat' dir='ltr'><strong>suos,</strong></span> <span class='ocrx_word' id='word_1_773' title='bbox 2453 4449 2554 4490; x_wconf 89' lang='lat' dir='ltr'><strong>nec</strong></span> <span class='ocrx_word' id='word_1_774' title='bbox 2585 4449 2812 4504; x_wconf 89' lang='lat' dir='ltr'><strong>unquam</strong></span> <span class='ocrx_word' id='word_1_775' title='bbox 2849 4433 3011 4487; x_wconf 91' lang='lat' dir='ltr'><strong>Deum</strong></span> <span class='ocrx_word' id='word_1_776' title='bbox 3043 4431 3260 4496; x_wconf 78' lang='lat' dir='ltr'><strong>dixisse,</strong></span> <span class='ocrx_word' id='word_1_777' title='bbox 3305 4430 3542 4486; x_wconf 77' lang='lat' dir='ltr'><strong>Reddam</strong></span> 
     </span>
    </p>
   </div>
   <div class='ocr_carea' id='block_1_109' title="bbox 1957 4522 3543 4601">
    <p class='ocr_par' dir='ltr' id='par_1_109' title="bbox 1957 4522 3543 4601">
     <span class='ocr_line' id='line_1_109' title="bbox 1957 4522 3543 4601; baseline -0.006 -16"><span class='ocrx_word' id='word_1_778' title='bbox 1957 4538 2172 4601; x_wconf 89' lang='lat' dir='ltr'><strong>peccata</strong></span> <span class='ocrx_word' id='word_1_779' title='bbox 2202 4528 2427 4581; x_wconf 88' lang='lat' dir='ltr'><strong>ﬁliorum</strong></span> <span class='ocrx_word' id='word_1_780' title='bbox 2458 4527 2510 4580; x_wconf 94' lang='lat' dir='ltr'><strong>in</strong></span> <span class='ocrx_word' id='word_1_781' title='bbox 2541 4535 2740 4596; x_wconf 89' lang='lat' dir='ltr'><strong>patres.</strong></span> <span class='ocrx_word' id='word_1_782' title='bbox 2771 4523 2904 4577; x_wconf 92' lang='lat' dir='ltr'><strong>Cum</strong></span> <span class='ocrx_word' id='word_1_783' title='bbox 2931 4537 3058 4592; x_wconf 89' lang='lat' dir='ltr'><strong>ergo</strong></span> <span class='ocrx_word' id='word_1_784' title='bbox 3085 4522 3236 4588; x_wconf 89' lang='lat' dir='ltr'><strong>dicit,</strong></span> <span class='ocrx_word' id='word_1_785' title='bbox 3265 4532 3467 4594; x_wconf 85' lang='lat' dir='ltr'><strong>patrum</strong></span> <span class='ocrx_word' id='word_1_786' title='bbox 3489 4523 3543 4580; x_wconf 81' lang='lat' dir='ltr'><strong>in</strong></span> 
     </span>
    </p>
   </div>
   <div class='ocr_carea' id='block_1_110' title="bbox 1958 4616 3549 4695">
    <p class='ocr_par' dir='ltr' id='par_1_110' title="bbox 1958 4616 3549 4695">
     <span class='ocr_line' id='line_1_110' title="bbox 1958 4616 3549 4695; baseline -0.005 -15"><span class='ocrx_word' id='word_1_787' title='bbox 1958 4627 2122 4695; x_wconf 78' lang='lat' dir='ltr'><strong>ﬁlios;</strong></span> <span class='ocrx_word' id='word_1_788' title='bbox 2153 4640 2258 4679; x_wconf 89' lang='lat' dir='ltr'><strong>non</strong></span> <span class='ocrx_word' id='word_1_789' title='bbox 2287 4621 2660 4686; x_wconf 78' lang='lat' dir='ltr'><strong>imitationem,</strong></span> <span class='ocrx_word' id='word_1_790' title='bbox 2692 4617 2784 4672; x_wconf 87' lang='lat' dir='ltr'><strong>sed</strong></span> <span class='ocrx_word' id='word_1_791' title='bbox 2811 4617 3206 4687; x_wconf 79' lang='lat' dir='ltr'><strong>generationem</strong></span> <span class='ocrx_word' id='word_1_792' title='bbox 3239 4616 3549 4683; x_wconf 76' lang='lat' dir='ltr'><strong>redarguit:</strong></span> 
     </span>
    </p>
   </div>
   <div class='ocr_carea' id='block_1_111' title="bbox 1961 4708 3544 4785">
    <p class='ocr_par' dir='ltr' id='par_1_111' title="bbox 1961 4708 3544 4785">
     <span class='ocr_line' id='line_1_111' title="bbox 1961 4708 3544 4785; baseline -0.006 -14"><span class='ocrx_word' id='word_1_793' title='bbox 1961 4733 2064 4771; x_wconf 86' lang='lat' dir='ltr'><strong>non</strong></span> <span class='ocrx_word' id='word_1_794' title='bbox 2088 4713 2354 4785; x_wconf 90' lang='lat' dir='ltr'><strong>quomodo</strong></span> <span class='ocrx_word' id='word_1_795' title='bbox 2374 4728 2437 4766; x_wconf 87' lang='lat' dir='ltr'><strong>cx</strong></span> <span class='ocrx_word' id='word_1_796' title='bbox 2459 4712 2548 4764; x_wconf 90' lang='lat' dir='ltr'><strong>illo</strong></span> <span class='ocrx_word' id='word_1_797' title='bbox 2567 4727 2694 4776; x_wconf 83' lang='lat' dir='ltr'><strong>uno,</strong></span> <span class='ocrx_word' id='word_1_798' title='bbox 2715 4710 2765 4764; x_wconf 93' lang='lat' dir='ltr'><strong>in</strong></span> <span class='ocrx_word' id='word_1_799' title='bbox 2779 4724 2884 4780; x_wconf 90' lang='lat' dir='ltr'><strong>quo</strong></span> <span class='ocrx_word' id='word_1_800' title='bbox 2904 4708 3014 4778; x_wconf 87' lang='lat' dir='ltr'><strong>ipsa</strong></span> <span class='ocrx_word' id='word_1_801' title='bbox 3034 4709 3083 4762; x_wconf 91' lang='lat' dir='ltr'><strong>in</strong></span> <span class='ocrx_word' id='word_1_802' title='bbox 3101 4708 3336 4763; x_wconf 88' lang='lat' dir='ltr'><strong>deterius</strong></span> <span class='ocrx_word' id='word_1_803' title='bbox 3356 4717 3544 4762; x_wconf 85' lang='lat' dir='ltr'><strong>natura</strong></span> 
     </span>
    </p>
   </div>
   <div class='ocr_carea' id='block_1_112' title="bbox 1959 4799 3552 4871">
    <p class='ocr_par' dir='ltr' id='par_1_112' title="bbox 1959 4799 3552 4871">
     <span class='ocr_line' id='line_1_112' title="bbox 1959 4799 3552 4871; baseline -0.007 -10"><span class='ocrx_word' id='word_1_804' title='bbox 1959 4817 2157 4862; x_wconf 88' lang='lat' dir='ltr'><strong>mutata</strong></span> <span class='ocrx_word' id='word_1_805' title='bbox 2185 4814 2283 4870; x_wconf 88' lang='lat' dir='ltr'><strong>est,</strong></span> <span class='ocrx_word' id='word_1_806' title='bbox 2310 4812 2366 4857; x_wconf 90' lang='lat' dir='ltr'><strong>ut</strong></span> <span class='ocrx_word' id='word_1_807' title='bbox 2393 4811 2607 4871; x_wconf 85' lang='lat' dir='ltr'><strong>propter</strong></span> <span class='ocrx_word' id='word_1_808' title='bbox 2633 4801 2732 4855; x_wconf 87' lang='lat' dir='ltr'><strong>hoc</strong></span> <span class='ocrx_word' id='word_1_809' title='bbox 2753 4802 2910 4855; x_wconf 89' lang='lat' dir='ltr'><strong>etiam</strong></span> <span class='ocrx_word' id='word_1_810' title='bbox 2941 4800 3072 4854; x_wconf 91' lang='lat' dir='ltr'><strong>mori</strong></span> <span class='ocrx_word' id='word_1_811' title='bbox 3100 4815 3320 4854; x_wconf 85' lang='lat' dir='ltr'><strong>necesse</strong></span> <span class='ocrx_word' id='word_1_812' title='bbox 3353 4800 3423 4852; x_wconf 90' lang='lat' dir='ltr'><strong>sit</strong></span> <span class='ocrx_word' id='word_1_813' title='bbox 3453 4799 3552 4851; x_wconf 85' lang='lat' dir='ltr'><strong>bo-</strong></span> 
     </span>
    </p>
   </div>
   <div class='ocr_carea' id='block_1_113' title="bbox 1959 4893 3546 4967">
    <p class='ocr_par' dir='ltr' id='par_1_113' title="bbox 1959 4893 3546 4967">
     <span class='ocr_line' id='line_1_113' title="bbox 1959 4893 3546 4967; baseline -0.008 -11"><span class='ocrx_word' id='word_1_814' title='bbox 1959 4903 2111 4967; x_wconf 84' lang='lat' dir='ltr'><strong>tnini,</strong></span> <span class='ocrx_word' id='word_1_815' title='bbox 2144 4898 2237 4952; x_wconf 90' lang='lat' dir='ltr'><strong>sed</strong></span> <span class='ocrx_word' id='word_1_816' title='bbox 2261 4907 2439 4952; x_wconf 83' lang='lat' dir='ltr'><strong>tamen</strong></span> <span class='ocrx_word' id='word_1_817' title='bbox 2457 4895 2634 4964; x_wconf 83' lang='lat' dir='ltr'><strong>aliquo</strong></span> <span class='ocrx_word' id='word_1_818' title='bbox 2654 4893 2811 4947; x_wconf 89' lang='lat' dir='ltr'><strong>modo</strong></span> <span class='ocrx_word' id='word_1_819' title='bbox 2832 4893 3081 4948; x_wconf 89' lang='lat' dir='ltr'><strong>nonnulla</strong></span> <span class='ocrx_word' id='word_1_820' title='bbox 3099 4907 3429 4960; x_wconf 87' lang='lat' dir='ltr'><strong>quorumque</strong></span> <span class='ocrx_word' id='word_1_821' title='bbox 3453 4906 3546 4959; x_wconf 76' lang='lat' dir='ltr'><strong>pa-</strong></span> 
     </span>
    </p>
   </div>
   <div class='ocr_carea' id='block_1_114' title="bbox 1961 4981 3551 5060">
    <p class='ocr_par' dir='ltr' id='par_1_114' title="bbox 1961 4981 3551 5060">
     <span class='ocr_line' id='line_1_114' title="bbox 1961 4981 3551 5060; baseline -0.012 -12"><span class='ocrx_word' id='word_1_822' title='bbox 1961 5003 2097 5048; x_wconf 89' lang='lat' dir='ltr'><strong>trum</strong></span> <span class='ocrx_word' id='word_1_823' title='bbox 2116 4998 2327 5060; x_wconf 87' lang='lat' dir='ltr'><strong>peccata</strong></span> <span class='ocrx_word' id='word_1_824' title='bbox 2351 4987 2643 5042; x_wconf 88' lang='lat' dir='ltr'><strong>redduntur</strong></span> <span class='ocrx_word' id='word_1_825' title='bbox 2658 4984 2709 5038; x_wconf 89' lang='lat' dir='ltr'><strong>in</strong></span> <span class='ocrx_word' id='word_1_826' title='bbox 2730 4983 2884 5045; x_wconf 87' lang='lat' dir='ltr'><strong>ﬁlios,</strong></span> <span class='ocrx_word' id='word_1_827' title='bbox 2908 4999 3010 5036; x_wconf 93' lang='lat' dir='ltr'><strong>non</strong></span> <span class='ocrx_word' id='word_1_828' title='bbox 3025 4981 3340 5047; x_wconf 79' lang='lat' dir='ltr'><strong>imitatione,</strong></span> <span class='ocrx_word' id='word_1_829' title='bbox 3355 4982 3446 5036; x_wconf 83' lang='lat' dir='ltr'><strong>sed</strong></span> <span class='ocrx_word' id='word_1_830' title='bbox 3465 4998 3551 5052; x_wconf 67' lang='lat' dir='ltr'><strong>gn-</strong></span> 
     </span>
    </p>
   </div>
   <div class='ocr_carea' id='block_1_115' title="bbox 1960 5071 3551 5150">
    <p class='ocr_par' dir='ltr' id='par_1_115' title="bbox 1960 5071 3551 5150">
     <span class='ocr_line' id='line_1_115' title="bbox 1960 5071 3551 5150; baseline -0.008 -13"><span class='ocrx_word' id='word_1_831' title='bbox 1960 5082 2235 5138; x_wconf 88' lang='lat' dir='ltr'><strong>neratione</strong></span> <span class='ocrx_word' id='word_1_832' title='bbox 2263 5077 2442 5150; x_wconf 88' lang='lat' dir='ltr'><strong>punita</strong></span> <span class='ocrx_word' id='word_1_833' title='bbox 2466 5094 2478 5130; x_wconf 94' lang='lat'>:</span> <span class='ocrx_word' id='word_1_834' title='bbox 2504 5075 2624 5130; x_wconf 90' lang='lat' dir='ltr'><strong>ideo</strong></span> <span class='ocrx_word' id='word_1_835' title='bbox 2651 5090 2754 5128; x_wconf 87' lang='lat' dir='ltr'><strong>non</strong></span> <span class='ocrx_word' id='word_1_836' title='bbox 2783 5072 2930 5136; x_wconf 90' lang='lat' dir='ltr'><strong>dicit,</strong></span> <span class='ocrx_word' id='word_1_837' title='bbox 2949 5071 3002 5124; x_wconf 83' lang='lat' dir='ltr'><strong>in</strong></span> <span class='ocrx_word' id='word_1_838' title='bbox 3027 5071 3222 5124; x_wconf 83' lang='lat' dir='ltr'><strong>tertiam</strong></span> <span class='ocrx_word' id='word_1_839' title='bbox 3243 5080 3288 5124; x_wconf 91' lang='lat' dir='ltr'><strong>et</strong></span> <span class='ocrx_word' id='word_1_840' title='bbox 3316 5081 3551 5140; x_wconf 83' lang='lat' dir='ltr'><strong>quartam</strong></span> 
     </span>
    </p>
   </div>
   <div class='ocr_carea' id='block_1_116' title="bbox 1961 5161 3550 5238">
    <p class='ocr_par' dir='ltr' id='par_1_116' title="bbox 1961 5161 3550 5238">
     <span class='ocr_line' id='line_1_116' title="bbox 1961 5161 3550 5238; baseline -0.011 -9"><span class='ocrx_word' id='word_1_841' title='bbox 1961 5175 2330 5235; x_wconf 87' lang='lat' dir='ltr'><strong>imitationem,</strong></span> <span class='ocrx_word' id='word_1_842' title='bbox 2367 5169 2459 5224; x_wconf 88' lang='lat' dir='ltr'><strong>sed</strong></span> <span class='ocrx_word' id='word_1_843' title='bbox 2488 5165 2893 5238; x_wconf 84' lang='lat' dir='ltr'><strong>generationem;</strong></span> <span class='ocrx_word' id='word_1_844' title='bbox 2922 5161 3072 5216; x_wconf 89' lang='lat' dir='ltr'><strong>vobis</strong></span> <span class='ocrx_word' id='word_1_845' title='bbox 3103 5161 3316 5232; x_wconf 88' lang='lat' dir='ltr'><strong>quidem</strong></span> <span class='ocrx_word' id='word_1_846' title='bbox 3361 5163 3550 5216; x_wconf 64' lang='lat' dir='ltr'><strong>nolcn-</strong></span> 
     </span>
    </p>
   </div>
   <div class='ocr_carea' id='block_1_117' title="bbox 1963 5253 3550 5335">
    <p class='ocr_par' dir='ltr' id='par_1_117' title="bbox 1963 5253 3550 5335">
     <span class='ocr_line' id='line_1_117' title="bbox 1963 5253 3550 5335; baseline -0.013 -11"><span class='ocrx_word' id='word_1_847' title='bbox 1963 5268 2118 5335; x_wconf 86' lang='lat' dir='ltr'><strong>tibus,</strong></span> <span class='ocrx_word' id='word_1_848' title='bbox 2143 5273 2504 5321; x_wconf 85' lang='lat' dir='ltr'><strong>verumtamen</strong></span> <span class='ocrx_word' id='word_1_849' title='bbox 2522 5270 2575 5314; x_wconf 91' lang='lat' dir='ltr'><strong>et</strong></span> <span class='ocrx_word' id='word_1_850' title='bbox 2596 5257 2765 5322; x_wconf 89' lang='lat' dir='ltr'><strong>vobis,</strong></span> <span class='ocrx_word' id='word_1_851' title='bbox 2785 5254 2957 5310; x_wconf 79' lang='lat' dir='ltr'><strong>velitis</strong></span> <span class='ocrx_word' id='word_1_852' title='bbox 2973 5253 3174 5323; x_wconf 76' lang='lat' dir='ltr'><strong>nolitis,</strong></span> <span class='ocrx_word' id='word_1_853' title='bbox 3188 5253 3550 5309; x_wconf 87' lang='lat' dir='ltr'><strong>audientibus.</strong></span> 
     </span>
    </p>
   </div>
   <div class='ocr_carea' id='block_1_118' title="bbox 2028 5452 3546 5528">
    <p class='ocr_par' dir='ltr' id='par_1_118' title="bbox 2028 5452 3546 5528">
     <span class='ocr_line' id='line_1_118' title="bbox 2028 5452 3546 5528; baseline -0.011 -16"><span class='ocrx_word' id='word_1_854' title='bbox 2028 5469 2041 5498; x_wconf 74' lang='grc' dir='ltr'><strong>ι</strong></span> <span class='ocrx_word' id='word_1_855' title='bbox 2071 5463 2357 5528; x_wconf 76' lang='lat' dir='ltr'><strong>vignierius,</strong></span> <span class='ocrx_word' id='word_1_856' title='bbox 2384 5459 2757 5524; x_wconf 78' lang='lat' dir='ltr'><strong>prosequentem.</strong></span> <span class='ocrx_word' id='word_1_857' title='bbox 2793 5460 2846 5504; x_wconf 81' lang='lat' dir='ltr'><strong>At</strong></span> <span class='ocrx_word' id='word_1_858' title='bbox 2880 5452 3035 5504; x_wconf 81' lang='lat' dir='ltr'><strong>codex</strong></span> <span class='ocrx_word' id='word_1_859' title='bbox 3082 5461 3212 5507; x_wconf 66' lang='lat' dir='ltr'><strong>man,</strong></span> <span class='ocrx_word' id='word_1_860' title='bbox 3258 5460 3546 5512; x_wconf 74' lang='lat' dir='ltr'><strong>persequen-</strong></span> 
     </span>
    </p>
   </div>
   <div class='ocr_carea' id='block_1_119' title="bbox 1963 5537 3547 5651">
    <p class='ocr_par' dir='ltr' id='par_1_119' title="bbox 1963 5537 3547 5651">
     <span class='ocr_line' id='line_1_119' title="bbox 1963 5537 3547 5651; baseline -0.011 -14"><span class='ocrx_word' id='word_1_861' title='bbox 1963 5537 2362 5651; x_wconf 45' lang='lat' dir='ltr'><strong>‘eTv-ignierius,</strong></span> <span class='ocrx_word' id='word_1_862' title='bbox 2387 5579 2593 5646; x_wconf 72' lang='lat' dir='ltr'><strong>aﬂirmat</strong></span> <span class='ocrx_word' id='word_1_863' title='bbox 2626 5590 2719 5628; x_wconf 86' lang='lat' dir='ltr'><strong>non</strong></span> <span class='ocrx_word' id='word_1_864' title='bbox 2747 5575 2918 5628; x_wconf 83' lang='lat' dir='ltr'><strong>teneri.</strong></span> <span class='ocrx_word' id='word_1_865' title='bbox 2953 5573 3114 5633; x_wconf 73' lang='lat' dir='ltr'><strong>Abest,</strong></span> <span class='ocrx_word' id='word_1_866' title='bbox 3152 5570 3377 5634; x_wconf 69' lang='lat' dir='ltr'><strong>afﬁrmat,</strong></span> <span class='ocrx_word' id='word_1_867' title='bbox 3406 5583 3435 5620; x_wconf 86' lang='lat' dir='ltr'><strong>a</strong></span> <span class='ocrx_word' id='word_1_868' title='bbox 3465 5577 3547 5620; x_wconf 78' lang='lat' dir='ltr'><strong>Ms.</strong></span> 
     </span>
    </p>
   </div>
   <div class='ocr_carea' id='block_1_120' title="bbox 1967 5662 2226 5704">
    <p class='ocr_par' dir='ltr' id='par_1_120' title="bbox 1967 5662 2226 5704">
     <span class='ocr_line' id='line_1_120' title="bbox 1967 5662 2226 5704; baseline -0.027 0"><span class='ocrx_word' id='word_1_869' title='bbox 1967 5662 2226 5704; x_wconf 73' lang='lat' dir='ltr'><strong>Portarum.</strong></span> 
     </span>
    </p>
   </div>
   <div class='ocr_carea' id='block_1_121' title="bbox 2031 5695 2869 5766">
    <p class='ocr_par' dir='ltr' id='par_1_121' title="bbox 2031 5695 2869 5766">
     <span class='ocr_line' id='line_1_121' title="bbox 2031 5695 2869 5766; baseline -0.016 -8"><span class='ocrx_word' id='word_1_870' title='bbox 2031 5695 2121 5761; x_wconf 55' lang='grc' dir='ltr'><strong>δ’ῖί</strong></span> <span class='ocrx_word' id='word_1_871' title='bbox 2136 5695 2358 5765; x_wconf 54' lang='lat' dir='ltr'><strong>iiiicrius,</strong></span> <span class='ocrx_word' id='word_1_872' title='bbox 2386 5716 2475 5766; x_wconf 87' lang='lat' dir='ltr'><strong>pro</strong></span> <span class='ocrx_word' id='word_1_873' title='bbox 2497 5697 2730 5766; x_wconf 72' lang='lat' dir='ltr'><strong>catholica</strong></span> <span class='ocrx_word' id='word_1_874' title='bbox 2751 5695 2869 5766; x_wconf 58' lang='lat' dir='ltr'><strong>fide.</strong></span> 
     </span>
    </p>
   </div>
   <div class='ocr_carea' id='block_1_122' title="bbox 2032 5754 3555 5831">
    <p class='ocr_par' dir='ltr' id='par_1_122' title="bbox 2032 5754 3555 5831">
     <span class='ocr_line' id='line_1_122' title="bbox 2032 5754 3555 5831; baseline -0.014 -8"><span class='ocrx_word' id='word_1_875' title='bbox 2032 5779 2050 5808; x_wconf 76' lang='grc' dir='ltr'><strong><em>ὀ</em></strong></span> <span class='ocrx_word' id='word_1_876' title='bbox 2077 5754 2444 5831; x_wconf 57' lang='lat' dir='ltr'><strong>idiiiitgaién.</strong></span> <span class='ocrx_word' id='word_1_877' title='bbox 2469 5763 2654 5815; x_wconf 85' lang='lat' dir='ltr'><strong>veteris</strong></span> <span class='ocrx_word' id='word_1_878' title='bbox 2688 5754 2866 5810; x_wconf 80' lang='lat' dir='ltr'><strong>codicis</strong></span> <span class='ocrx_word' id='word_1_879' title='bbox 2902 5762 3162 5815; x_wconf 76' lang='lat' dir='ltr'><strong>t‘ortarum,</strong></span> <span class='ocrx_word' id='word_1_880' title='bbox 3186 5763 3311 5815; x_wconf 78' lang='lat' dir='ltr'><strong>quoa</strong></span> <span class='ocrx_word' id='word_1_881' title='bbox 3344 5764 3436 5803; x_wconf 80' lang='lat' dir='ltr'><strong>non</strong></span> <span class='ocrx_word' id='word_1_882' title='bbox 3465 5754 3555 5802; x_wconf 81' lang='lat' dir='ltr'><strong>est.</strong></span> 
     </span>
    </p>
   </div>
  </div>
