4004 6190
432 254 569 310 1235

501 365 622 421 XX.
660 363 780 421 Jun.
820 365 950 419 Acta
972 362 1187 433 quidem
1208 373 1296 415 res
1320 366 1432 414 est:
1457 355 1551 413 scd
1584 364 1756 409 tamen
1789 361 1844 404 ut
1866 349 1933 404 ad
1956 348 2033 404 id‘

431 456 574 529 quod
599 454 764 513 aﬁ‘ero
784 456 855 511 sit
883 456 1116 510 intentus
1135 453 1323 514 lector,
1354 448 1638 503 admoneo.
1666 444 1721 500 Si
1749 443 2021 513 quispiam

433 552 704 615 existeret,
744 547 833 618 qui
878 547 980 601 hoc
1021 544 1360 616 proﬁteretur
1409 542 1652 596 libertate
1705 536 2009 599 verborum,

434 640 573 711 quod
608 636 1028 709 argumentando
1057 634 1419 690 Traducianus
1456 630 1720 687 conﬁcere
1766 636 2008 691 conatur,

434 732 487 787 id
513 740 612 793 est,
647 740 702 783 ιιι
745 744 970 797 pugnam
1000 726 1257 781 indiceret
1299 724 1399 794 legi
1444 723 1556 788 Dei,
1601 732 1655 776 et
1695 717 2012 775 sententiam

432 836 591 890 quant
617 819 953 889 protulimus.
978 817 1092 871 sine
1119 816 1296 885 aliquo
1318 816 1507 868 timore
1524 811 1839 880 deSpiccrel,
1863 822 2013 865 asse-

433 923 679 980 reretque
702 910 893 980 quibus
937 918 1116 979 posset
1141 906 1334 971 modis,
1363 904 1553 960 falsum
1594 903 1695 956 ltoc
1734 911 2015 968 utrumque

439 1016 560 1057 esse
590 1000 726 1069 quod
758 1000 901 1055 Deus
932 997 1133 1053 servari
1166 996 1352 1061 voluit,
1385 1002 1439 1049 ct
1475 991 1790 1048 sententiam
1821 989 1887 1043 de
1912 994 2014 1057 qtta

436 1090 701 1160 loquimur
729 1105 790 1144 ex
821 1098 1062 1158 utraque,
1103 1094 1355 1155 quantum
1396 1084 1447 1138 in
1474 1098 1532 1139 se
1554 1090 1687 1148 erat,
1713 1089 1860 1150 parte
1886 1078 2015 1132 sub-

438 1194 639 1249 rueret,
675 1194 892 1251 prorsus
923 1187 1158 1250 putasset
1179 1186 1422 1248 parentes
1448 1183 1663 1245 propter
1689 1172 1938 1235 ﬁliortttn,
1964 1178 2017 1225 et

439 1274 571 1328 lilios
599 1283 814 1341 propter
844 1282 1118 1341 parentum
1152 1280 1366 1340 peccata
1405 1279 1508 1322 tam
1539 1267 1711 1321 solere
1738 1279 1894 1334 quam
1922 1260 2017 1316 de-

437 1364 563 1417 bere
588 1362 826 1416 damnari
849 1380 861 1416 :
885 1377 981 1416 nec
1010 1360 1096 1415 ltic
1115 1361 1130 1391 ί
1157 1367 1331 1414 tamen
1357 1357 1475 1412 talis
1503 1353 1704 1427 peccati
1727 1353 2014 1412 traducem,

437 1453 519 1507 vel
544 1452 836 1508 secundum
853 1453 873 1483 ²
901 1451 1178 1522 opiniones
1207 1464 1350 1514 suas,
1383 1448 1560 1518 quiret
1586 1459 1848 1501 asserere.
1871 1439 2021 1497 Cur?

442 1542 700 1597 Videlicet
723 1543 844 1612 quia
875 1542 974 1596 etsi
1001 1548 1271 1595 constaret
1294 1538 1478 1592 falsam
1505 1536 1636 1607 legis
1661 1549 1780 1589 esse
1805 1542 2020 1587 senten-

442 1634 589 1698 tiam,
629 1649 746 1704 quae
784 1632 1155 1687 testillcaretur
1196 1628 1455 1699 ejusmodi
1485 1624 1900 1683 necessitudines
1931 1637 2020 1677 re-

443 1723 617 1794 Spergi
644 1723 841 1777 mutuis
863 1737 967 1777 non
996 1735 1152 1792 posse
1174 1717 1513 1785 criminibus;
1537 1724 1713 1772 tamen
1737 1715 2021 1770 inconcus-

442 1828 560 1866 sum
579 1812 599 1844 ³
628 1812 894 1877 manebat,
929 1810 1199 1866 traducem
1228 1824 1334 1865 non
1364 1822 1483 1864 esse
1509 1806 1728 1877 peccati.
1753 1804 1866 1860 lloc
1882 1804 2024 1859 enim

446 1905 582 1973 ipso,
615 1919 721 1973 quo
750 1912 803 1958 et
830 1912 1103 1972 parentum
1130 1911 1307 1957 reatus
1336 1900 1402 1955 ad
1436 1901 1592 1965 ﬁlios,
1623 1907 1676 1953 et
1702 1897 1927 1953 ﬁliorum
1958 1896 2024 1953 ad

446 2002 694 2063 parentes
724 1993 960 2057 redibat;
988 1992 1265 2048 constabat
1300 2007 1404 2047 non
1436 1989 1598 2046 fuisse
1638 1989 2022 2061 generationis,

442 2083 584 2154 quod
606 2083 672 2138 ad
702 2084 838 2139 ﬁlios
871 2083 1198 2154 gignentium
1226 2091 1439 2152 peccata
1469 2088 1850 2152 pervenerant;
1895 2094 2028 2149 quo-

444 2171 587 2229 niam
611 2183 665 2229 et
684 2189 714 2228 a
744 2173 866 2228 ﬁliis
886 2172 953 2228 ad
978 2182 1245 2242 parentes,
1272 2172 1358 2227 ubi
1383 2172 1656 2243 generatio
1674 2187 1793 2226 .non
1823 2178 2030 2241 poterat

443 2276 600 2319 causa
631 2279 770 2331 esse,
802 2273 1188 2319 remeaverant.
1236 2254 1370 2333 Quid
1401 2263 1668 2334 igiturhic
1707 2262 2027 2318 coniecerim

445 2367 719 2425 appareat,
748 2354 1102 2433 inviolabilem
1130 2354 1343 2424 quidem
1371 2369 1488 2408 esse
1509 2355 1876 2408 auctoritatem
1898 2352 2029 2422 legis

447 2447 661 2512 divinze,
693 2456 748 2503 et
774 2462 930 2516 quam
962 2445 1105 2500 nulla
1132 2454 1332 2515 queant
1359 2445 1683 2513 impietalum
1723 2453 2029 2513 argumenta

448 2554 734 2608 proruere:
758 2537 874 2607 ejus
890 2548 1064 2592 autem
1089 2537 1363 2591 sanctione
1388 2536 1741 2606 signatissime
1764 2543 1921 2606 atque
1938 2536 2031 2591 ab-

448 2627 771 2683 solutissime
803 2628 963 2682 fuisse
993 2628 1384 2698 prmscriplum,
1425 2625 1618 2681 fmdam
1658 2641 1778 2681 esse
1823 2625 2033 2695 opinio-

452 2733 574 2773 nem
605 2718 1105 2789 pervcrsitatemqne
1135 2714 1342 2786 judicii,
1384 2731 1543 2787 quam
1573 2715 1919 2770 mandaverat
1942 2729 2036 2770 ve-

457 2810 731 2865 hementer
759 2808 1068 2872 cavendam,
1113 2808 1159 2862 si
1200 2807 1274 2862 rei
1309 2807 1399 2860 lilii
1428 2821 1524 2876 pro
1553 2815 1771 2876 peccato
1798 2819 2031 2876 pronun-

453 2896 713 2955 tiarentur
742 2907 1049 2969 parentum;
1076 2913 1182 2968 quo
1211 2893 1449 2952 'fulmine
1494 2897 1725 2951 traducis
1766 2905 2034 2951 structura

451 2990 730 3046 dissilivit:
755 2998 1114 3045 verumtamen
1161 2988 1321 3044 tantis
1362 3003 1482 3044 esse
1510 2988 1745 3044 veritatis
1773 2987 2033 3058 prmsidiis

455 3080 732 3145 munitam,
759 3095 916 3149 quam
944 3088 1153 3136 tuemur
1183 3079 1361 3146 ﬁdem,
1388 3087 1447 3135 ut
1470 3094 1568 3135 nec
1606 3080 1672 3134 ab
1701 3094 1761 3134 ea
1801 3077 2039 3151 profani-

457 3176 585 3233 tate,
609 3185 728 3239 qua:
758 3179 935 3239 potest
964 3168 1057 3223 Dei
1085 3169 1254 3240 legem
1286 3183 1503 3240 negare,
1534 3169 1821 3238 quatiatur.

524 3261 564 3313 A
576 3259 871 3327 uc.Quaeris
883 3258 972 3314 ubi
988 3260 1250 3329 spolieris,
1271 3260 1580 3330 vagabunda
1593 3261 1912 3331 loquacitate
1928 3274 2033 3315 non

454 3351 723 3421 copiosus,
745 3349 837 3406 sed
854 3351 1072 3407 odiosus
1092 3351 1169 3406 eis
1189 3350 1277 3421 qui
1299 3350 1460 3406 rebus
1480 3350 1822 3418 inhaerentes,
1845 3364 2034 3419 super-

457 3441 560 3495 ﬁua
588 3441 746 3495 verba
776 3449 1146 3497 contemnunt.
1193 3440 1433 3495 Vinceris
1461 3440 1656 3512 quippe
1684 3440 1751 3494 ab
1777 3440 2032 3494 adversa-

456 3532 549 3587 riis
577 3547 711 3601 quos
730 3530 914 3598 habes,
946 3540 1000 3587 et
1028 3530 1315 3586 tiuceudos
1344 3530 1594 3600 proponis
1644 3529 1735 3584 tibi
1774 3543 1908 3599 quos
1929 3544 2036 3584 non

457 3623 645 3679 habes.
689 3622 818 3692 Quis
845 3624 987 3679 enim
1031 3623 1124 3677 tibi
1164 3621 1311 3686 dicit,
1340 3621 1528 3676 falsum
1556 3635 1675 3675 esse
1717 3619 1857 3691 quod
1898 3619 2037 3676 Deus

455 3731 674 3772 servare
700 3716 863 3771 voluit
883 3714 935 3770 in
960 3714 1175 3786 judiciis
1206 3714 1469 3779 humanis,
1503 3728 1619 3768 cum
1654 3712 1764 3781 jam
1793 3722 1969 3784 patres
1985 3720 2039 3769 et

459 3807 550 3863 ﬁlil
589 3823 712 3863 suas
741 3809 981 3880 proprias
1011 3822 1199 3863 causas
1245 3806 1443 3864 habent
1483 3806 1550 3861 ad
1599 3796 1749 3861 suam
1778 3807 2036 3878 cujusque

457 3902 639 3968 vitam,
671 3916 789 3971 quae
831 3901 1116 3970 separatim
1164 3898 1393 3967 ducitur,
1435 3899 1784 3969 pertinentes,
1835 3908 1893 3952 ut
1938 3912 2039 3953 nec

459 3994 550 4050 ﬁlii
581 4009 677 4064 pro
701 3994 956 4065 patribus,
983 4008 1081 4048 nec
1109 4002 1284 4064 patres
1310 4007 1405 4063 pro
1431 3979 1551 4046 ﬁliis
1574 3990 1894 4062 puniantur?
1925 3988 2035 4045 Nc-

460 4100 548 4140 mo
575 4086 654 4140 vel
680 4085 807 4156 legi,
838 4085 918 4139 vel
952 4083 1045 4138 tibi
1077 4085 1191 4138 luce
1220 4082 1417 4137 dicenti
1466 4080 1810 4135 adversatur:
1845 4088 1899 4133 tu
1929 4079 2037 4134 noli

459 4176 842 4231 obsurdescere
868 4174 1122 4228 adversus
1153 4172 1318 4227 Deum
1345 4171 1633 4235 dicentem,
1662 4168 1893 4224 Reddam
1918 4185 2037 4239 pec-

457 4278 571 4322 cata
598 4277 798 4338 patrum
827 4266 879 4319 in
902 4264 1070 4334 ﬁlios:
1089 4270 1143 4317 et
1180 4276 1297 4316 cum
1339 4260 1441 4315 hoc
1477 4259 1689 4314 assidue
1727 4258 1887 4322 dicat,
1915 4274 2041 4314 nus-

458 4360 616 4433 quam
642 4358 905 4414 dicentem
935 4361 1151 4425 peccata
1182 4352 1407 4407 ﬁliorum
1429 4365 1488 4406 se
1512 4348 1733 4405 reddere
1759 4348 1810 4403 in
1840 4356 2035 4420 patres;

462 4462 520 4508 ut
539 4450 804 4522 intelligas
834 4464 938 4503 non
964 4446 1054 4518 qui
1075 4459 1258 4501 eorum
1275 4457 1408 4514 quos
1425 4440 1716 4508 imitentur,
1745 4439 1841 4497 sed
1862 4440 1951 4513 qui
1971 4456 2037 4496 ex

438 4540 653 4613 quibus
680 4548 1001 4611 generentur
1026 4536 1248 4592 attendi.

534 4632 677 4688 XXI.
717 4631 834 4686 Jun.
874 4631 1026 4685 Nunc
1076 4628 1234 4699 igitur
1284 4626 1348 4682 ad
1389 4641 1509 4681 eum
1557 4624 1767 4696 quicum
1810 4624 2035 4696 agimus,

461 4737 638 4779 sermo
677 4720 945 4790 reSpiciat.
976 4717 1280 4788 Aequiescis
1310 4717 1410 4787 legi
1443 4716 1531 4770 Dei
1573 4715 1925 4786 (professione
1955 4715 2038 4770 in-

464 4816 639 4878 terim,
668 4822 923 4868 caeterum
951 4809 1076 4881 quid
1107 4806 1268 4866 facias
1303 4806 1719 4877 argumentando
1750 4805 2035 4877 novimus),

460 4923 526 4962 an
558 4904 797 4962 resistis?
817 4902 870 4959 Si
898 4901 1213 4972 acquiescis,
1249 4899 1454 4953 sublata
1484 4898 1784 4962 contentio;
1817 4897 1861 4952 si
1900 4897 2037 4952 resi-

460 5002 576 5068 stis,
609 5000 810 5054 snblata
842 4993 1161 5052 consensio‘
1192 5002 1293 5049 est.
1324 4991 1382 5047 Si
1425 4990 1736 5061 acquiescis,
1778 4989 2039 5045 exstincta

460 5090 942 5155 Traducianorum;
983 5088 1028 5143 si
1079 5084 1303 5149 resistis,
1348 5081 1760 5138 Maniclncornm
1806 5078 2036 5134 revelata

524 5269 538 5300 ¹
566 5272 722 5323 Forte,
743 5275 831 5314 nec
850 5262 937 5314 sic.
1200 5321 1209 5324 _
1400 5317 1411 5324 _
1818 5313 1832 5324 .
2007 5314 2017 5324 .

523 5331 544 5361 ²
570 5313 841 5392 sagittarius
864 5321 1210 5392 prmtcriit,_vel
1231 5317 1496 5392 semirutum
1521 5313 2039 5392 :_et_etr_v‘erbno,__qui-

460 5396 558 5458 ret_,
583 5374 992 5458 ἰὸῖᾑςὴηάτιτενει.
1017 5374 1283 5446 castigatur
1303 5381 1363 5431 ad
1385 5388 1489 5430 uss.
1533 5385 1656 5428 Port.
1690 5383 1803 5426 Mar.
1836 5374 1959 5424 Clar.

523 5454 545 5485 ⁸
569 5454 1175 5513 διε.11ειιι.,-ξηεοῇςβ⁸³υη²ς
1278 5500 1290 5513 .
1321 5502 1349 5513 _.
1478 5500 1522 5513 ..
1559 5507 1571 5513 -

522 5516 544 5545 ⁸
576 5500 658 5562 Hic
680 5524 743 5562 ex
901 5509 1105 5565 additur,
1129 5505 1173 5555 si
1192 5500 1391 5563 resistis,
1416 5500 1603 5565 sublata
1629 5500 1903 5559 consensio;
1925 5510 2040 5565 sup-

481 5576 561 5634 ηο.
578 5558 854 5642 "eme
1034 5558 1310 5642 Odessus!“
1338 5558 1664 5642 autem

461 5590 561 5683 Ille,
606 5590 717 5622 tum
752 5590 854 5642 πρε
893 5590 1003 5641 μα..
1034 5590 1310 5640 ψξξιιιιιιᾰιιιι
1340 5590 1390 5613 ut
1410 5590 1655 5632 υυυιιειυυο
1689 5590 1799 5631 ιιι-ις
1847 5590 1901 5611 υι
1919 5590 2037 5609 unus.

478 5650 592 5705 eeo,
608 5644 880 5691 contemta,
908 5631 1088 5693 Iegttur
1113 5636 1287 5679 iterum
1307 5660 1322 5686 ,
1348 5630 1592 5677 cmttmtto.
1621 5628 1669 5673 In
1691 5621 1857 5672 codtcc
1893 5629 2038 5681 Fort,

460 5708 634 5749 σθησιο.

1102 245 1347 305 OPERIS
1386 237 1803 298 IMPERFECTI
1838 236 2113 293 CONTRA
2154 233 2515 307 JULIANUM,
2556 237 2613 293 S.
2654 236 3019 296 AUGUSTINI

3556 239 3700 296 Εὕα

2117 351 2336 421 perﬁdia
2357 363 2439 408 est
2462 372 2475 408 :
2499 353 2786 411 dummodo
2805 363 3036 423 constet,
3054 351 3291 424 opinioni
3316 360 3508 408 vestrm
3523 363 3579 408 et
3595 356 3701 426 legi

2116 442 2209 498 Dei
2242 445 2549 516 neutiquam
2570 448 2877 502 convenire.

2188 535 2322 591 Ave.
2365 534 2478 607 Ego
2505 538 2785 608 acquiesco
2824 537 2926 608 legi
2956 536 3084 592 Dei:
3110 534 3205 591 sed
3234 544 3291 591 tu
3329 551 3437 591 non
3476 550 3697 605 acquie—

2117 626 2242 682 scis.
2274 626 2387 698 Ego
2413 642 2516 683 non
2544 644 2682 698 nego
2711 644 2809 684 nec
2838 629 3001 683 ﬁlium
3035 643 3130 697 pro
3155 638 3324 698 patre,
3363 620 3475 683 necr
3493 636 3701 696 patrem

2119 732 2216 787 pro
2242 718 2372 785 ﬁlio,
2399 720 2612 791 quando
2654 735 2779 776 suas
2805 729 3078 790 separatas
3120 734 3308 775 causas
3352 719 3571 784 habent,
3601 719 3705 774 deo

2119 811 2245 868 bere
2267 811 2539 868 damnari:
2564 812 2658 868 sed
2681 822 2738 868 tu
2765 812 2950 868 audire
2970 827 3074 868 non
3102 813 3180 867 vis
3207 811 3259 866 in
3288 810 3555 876 Levitieo,
3581 809 3707 864 Dis-

2121 903 2352 971 peribunt
2377 913 2586 974 propter
2610 913 2813 973 peccata
2839 913 3040 972 patrum
3080 918 3287 956 suorum
3320 900 3505 975 (Lerit.
3552 917 3705 962 xxvi.

2120 992 2242 1064 59);
2272 1002 2327 1047 et
2347 992 2402 1048 in
2428 994 2563 1048 libro
2586 994 2961 1059 Numerorum,
2994 992 3229 1048 Reddam
3259 1003 3463 1062 peccata
3495 1002 3706 1063 patrum

2119 1086 2174 1139 in
2199 1085 2332 1154 ﬁlios
2348 1102 2502 1157 usque
2522 1087 2574 1140 in
2588 1087 2787 1140 tertiam
2801 1094 2845 1139 et
2865 1092 3093 1155 quartam
3117 1087 3485 1154 generationem
3512 1083 3532 1155 (
3542 1083 3707 1138 Num.

2125 1191 2236 1242 xw,
2266 1176 2387 1247 £8);
2414 1186 2469 1231 et
2495 1175 2636 1246 apud
2665 1174 2974 1239 Jcrentiatn,
3008 1172 3243 1227 Reddam
3269 1184 3469 1241 peccata
3499 1184 3711 1242 patrum

2121 1268 2174 1323 in
2217 1269 2334 1324 sinu
2361 1269 2585 1338 ﬁliorum
2626 1283 2801 1322 eorum
2843 1276 2957 1338 post
2999 1282 3080 1321 eos
3131 1264 3344 1338 (larem.
3377 1281 3559 1329 xxxn,
3589 1266 3710 1331 IS).

2123 1361 2250 1417 Haec
2276 1371 2330 1416 et
2352 1363 2455 1417 alia
2484 1360 2676 1417 similia
2704 1371 2759 1415 tu
2785 1375 2892 1417 non
2921 1361 3103 1425 audis;
3150 1360 3234 1415 liis
3263 1374 3328 1415 ac
3355 1359 3550 1414 talibus
3575 1359 3710 1427 legis

2125 1453 2443 1508 testimoniis
2472 1460 2528 1506 tu
2559 1468 2663 1507 non
2688 1452 2981 1522 acquiescis
3003 1468 3016 1504 :
3039 1460 3094 1505 et
3114 1457 3294 1505 tamen
3321 1450 3482 1520 loqui,
3511 1458 3567 1505 et
3591 1448 3709 1505 Ma-

2126 1543 2358 1599 nicltaeos
2377 1542 2664 1600 Catholicis
2683 1543 2916 1612 obiicere
2944 1557 3051 1597 non
3070 1541 3321 1613 quiescis.

2196 1632 2363 1689 XXII.
2403 1633 2525 1689 Jun.
2564 1632 2677 1688 Nisi
2704 1633 2840 1688 forte
2865 1633 3032 1698 dicas,
3064 1633 3230 1688 Deum
3257 1631 3470 1703 quidem
3487 1631 3711 1688 bocim-

2128 1739 2365 1794 perasse,
2397 1724 2492 1779 sed
2521 1739 2627 1779 non
2656 1723 2829 1779 facere
2852 1722 2994 1794 quod
3016 1722 3288 1793 praecepit,
3312 1722 3419 1776 imo
3437 1721 3707 1777 contraria

2126 1830 2286 1886 agere
2310 1815 2377 1871 iis
2401 1831 2520 1885 qua:
2539 1815 2741 1886 agenda
2770 1813 3123 1870 mandaverit.

2199 1911 2334 1962 AUG.
2377 1906 2442 1960 Et
2471 1905 2572 1960 hoc
2600 1921 2755 1976 quam
2784 1904 3097 1976 insipienter
3125 1903 3348 1975 cogites,
3370 1919 3465 1959 cur
3498 1919 3603 1958 non
3620 1911 3709 1958 at-

2130 1996 2339 2052 tendis‘l
2368 1995 2518 2051 Facit
2541 1997 2683 2051 enim
2711 1996 2851 2051 Deus
2873 1993 3161 2066 aliquando
3189 2002 3375 2049 contra
3402 1995 3595 2064 quam'
3624 1993 3709 2047 l‘a-

2128 2084 2317 2141 cienda
2359 2085 2648 2142 mandavit.
2692 2084 2801 2141 Nec
2842 2099 2977 2155 opus
3003 2093 3087 2140 est
3111 2093 3168 2140 ut
3194 2084 3358 2140 multa
3383 2099 3712 2140 commemo-

2130 2190 2263 2245 rem,
2295 2190 2363 2231 ne
2391 2177 2460 2231 sit
2500 2176 2747 2247 longum:
2774 2190 2900 2231 ecce
2944 2174 3088 2247 quod
3115 2182 3302 2230 notum
3327 2183 3413 2232 est
3433 2174 3705 2237 omnibus,

2130 2265 2270 2323 dico.
2299 2265 2567 2321 Mandavit
2593 2266 2792 2321 homini
2818 2266 3091 2336 Scriptura
3120 2266 3319 2329 divina,
3350 2265 3554 2331 dicens,
3586 2264 3711 2319 Non

2130 2366 2179 2413 te
2216 2356 2387 2411 laudet
2425 2373 2480 2412 os
2510 2365 2654 2411 tuum
2682 2354 2864 2429 (Prov.
2900 2372 3065 2423 xxv",
3105 2353 3198 2428 2);
3228 2369 3327 2411 nec
3357 2364 3531 2411 tamen
3568 2354 3713 2409 Deus

2130 2449 2392 2505 dicendus
2415 2457 2498 2504 est
2521 2463 2775 2520 arrogans
2801 2458 2893 2505 aut
2916 2446 3197 2516 superbus,
3225 2460 3346 2500 cum
3367 2461 3427 2501 se
3451 2446 3711 2500 innume-

2131 2541 2370 2599 rabiliter
2402 2539 2628 2595 1audare
2670 2555 2775 2601 non
2823 2538 3039 2595 desinit.
3083 2538 3150 2592 Et
3194 2535 3334 2591 unde
3375 2537 3571 2606 agitur,
3601 2535 3714 2605 jam

2133 2634 2378 2704 superius
2400 2631 2780 2697 demonstravi,
2817 2628 3260 2701 quemadmodum
3286 2627 3427 2682 Deus
3455 2627 3576 2682 sine
3604 2626 3713 2681 ulla

2134 2727 2412 2797 iniquitate
2444 2740 2541 2796 pro
2562 2722 2792 2795 peceatis
2813 2730 3089 2793 parentum
3111 2719 3268 2775 simul
3290 2733 3412 2775 cum
3444 2719 3526 2773 eis
3548 2718 3718 2774 inter-

2134 2816 2325 2876 emerit
2336 2817 2581 2887 parvulos
2599 2832 2613 2869 :
2636 2814 2876 2886 quamvis
2892 2811 3226 2868 mandaverit
3240 2809 3461 2876 homini,
3484 2826 3552 2864 tte
3574 2808 3717 2863 ﬁlios

2136 2926 2234 2982 pro
2277 2910 2509 2981 peccatis
2550 2917 2780 2979 patrum,
2825 2921 2947 2960 cum
2984 2904 3207 2975 judicat,
3236 2902 3471 2957 damnet.
3500 2900 3627 2955 llaec
3667 2899 3715 2954 si

2135 3002 2462 3068 advertercs,
2494 3000 2592 3055 ista
2632 3014 2738 3053 non
2785 2997 3023 3053 diceres:
3052 3004 3146 3051 aut
3188 2995 3234 3051 si
3278 3003 3335 3050 et
3380 2993 3493 3048 [nec
3520 2992 3715 3047 adver-

2138 3097 2224 3163 tis,
2248 3102 2303 3151 et
2327 3104 2503 3151 tamen
2534 3094 2632 3148 ista
2669 3090 2832 3157 dicis;
2864 3088 3081 3145 adverte
3106 3089 3268 3144 etiam
3293 3100 3428 3145 vana
3452 3100 3574 3142 esse
3594 3101 3717 3156 qua:

2137 3185 2293 3243 dicis.

2207 3277 2396 3335 XXIII.
2433 3276 2552 3335 Jun.
2591 3274 2743 3345 Quod
2779 3275 2903 3331 licet
2929 3280 3141 3345 quantae
3162 3272 3231 3328 sit
3252 3267 3603 3342 profanitatis,
3628 3267 3716 3323 vix

2138 3370 2423 3426 indicatum
2437 3370 2546 3441 jam
2563 3367 2906 3424 vehementer
2918 3372 3191 3435 appareat,
3212 3372 3385 3419 tamen
3402 3376 3531 3433 pace
3552 3360 3717 3432 ipsius

2137 3461 2447 3525 divinitatis,
2476 3459 2628 3530 cujus
2646 3459 2954 3528 aequitatem
2981 3464 3214 3522 tuemur,
3234 3452 3393 3523 quale
3419 3453 3490 3507 sit
3514 3450 3618 3507 bne
3633 3451 3714 3505 vel

2091 3604 2094 3607 .
2138 3554 2241 3610 levi
2265 3553 2595 3609 discussione
2614 3550 2910 3607 videamus.
2933 3547 3129 3618 Utipse
3144 3548 3321 3617 itaque
3343 3545 3434 3599 ﬁat
3457 3543 3716 3615 legissuae

2140 3644 2530 3715 praevaricator,
2581 3655 2760 3698 rerum
2807 3638 3128 3696 necessitate
3150 3652 3270 3708 qua:
3292 3650 3415 3692 eum
3442 3642 3712 3705 premunt,

2139 3751 2208 3792 an
2227 3750 2322 3791 sua
2348 3733 2706 3791 imbecillitate
2731 3730 3097 3802 compellitur?
3118 3731 3218 3795 An,
3239 3728 3360 3798 quia
3378 3726 3567 3781 borum
3585 3740 3717 3780 nen-

2109 3861 2114 3867 -
2141 3836 2280 3882 trum
2306 3834 2409 3893 est,
2440 3824 2552 3879 sola
2578 3821 2797 3879 libidine
2821 3818 3241 3892 delinquendi’?
3267 3820 3336 3874 At
3358 3817 3461 3875 hoc
3484 3831 3583 3873 nec
3608 3815 3719 3872 Ma-

2140 3917 2378 3974 nicbaeus
2420 3916 2599 3971 dicere
2639 3914 2830 3986 potuit,
2856 3922 2911 3968 et
2935 3911 3056 3968 ideo
3079 3919 3416 3971 commentus
3442 3916 3526 3968 est
3548 3907 3717 3963 Deum

2140 4017 2374 4063 vestrum
2395 4020 2558 4077 grave
2585 4004 2825 4075 prrelium
2847 4002 3150 4073 pertulisse.

2162 4140 2167 4145 .
2210 4102 2347 4155 Αυα.
2390 4096 2561 4153 Verba
2585 4097 2776 4166 jactas,
2808 4110 2929 4151 cum
2975 4094 3135 4150 rebus
3172 4092 3431 4164 urgearis.
3477 4091 3595 4148 Non
3632 4101 3718 4147 est

2140 4191 2271 4262 legis
2307 4204 2417 4245 suae
2445 4189 2839 4259 praevaricator,
2884 4186 3097 4259 quando
3135 4185 3279 4241 aliud
3320 4185 3446 4241 facit
3482 4184 3624 4240 Deus
3662 4193 3720 4239 ut

2142 4284 2303 4346 Deus,
2333 4281 2475 4337 aliud
2512 4281 2742 4351 imperat
2764 4279 2986 4346 homini,
3017 4287 3077 4335 ut
3099 4277 3324 4334 homini.

2211 4372 2403 4429 XXIV.
2440 4372 2558 4428 Jun.
2598 4371 2654 4428 Si
2674 4386 2802 4442 ergo
2817 4366 3218 4432 ncccalamitas,
3244 4366 3718 4433 necimbecillitas,

2142 4480 2242 4523 nec
2260 4465 2422 4522 libido
2435 4466 2485 4522 ei
2508 4463 2957 4536 pratvaricationis
2969 4460 3250 4526 incumbit;
3272 4461 3359 4530 qui
3379 4460 3491 4515 ﬁeri
3520 4467 3716 4530 potest,

2141 4568 2201 4613 ut
2226 4573 2345 4615 eam
2369 4557 2587 4627 justitia:
2610 4554 2837 4611 formam
2863 4569 3021 4625 quam
3050 4551 3440 4607 commendavit
3456 4549 3716 4622 jubendo,

2142 4650 2380 4706 destruat
2404 4646 2724 4720 judicando?
2753 4646 2860 4701 imo
2898 4660 3002 4700 non
3044 4644 3097 4698 in
3128 4642 3281 4699 istam
3306 4641 3587 4712 justitiam,
3620 4640 3718 4696 sed

2144 4739 2195 4794 in
2223 4738 2571 4795 reverentiam
2611 4751 2762 4792 suam
2787 4735 3001 4791 steviat?
3026 4733 3192 4788 Tanta
3221 4742 3305 4788 est
3325 4732 3523 4803 quippe
3551 4733 3720 4801 requie

2143 4829 2268 4887 tatis
2296 4828 2547 4898 potentia,
2573 4835 2631 4881 ut
2657 4836 2712 4881 et
2731 4825 3002 4880 deviantes
3023 4831 3231 4893 arguat,
3259 4831 3313 4876 et
3338 4821 3478 4877 nulla
3513 4820 3719 4891 fugien-

2145 4923 2273 4977 tium
2319 4936 2348 4974 a
2390 4934 2449 4975 sc
2488 4918 2800 4974 auctoritate
2846 4916 3133 4973 minuatur.
3171 4914 3471 4977 Postremo,
3506 4913 3553 4967 si
3602 4927 3722 4982 qua:

2144 5020 2268 5073 sinit
2304 5012 2446 5082 justa
2472 5025 2503 5064 a
2533 5009 2686 5065 nobis
2727 4996 2841 5064 ﬁeri
2883 5006 3028 5074 velit,
3059 5015 3113 5061 et
3142 5005 3254 5076 ipse
3282 5003 3441 5059 faciat
3464 5001 3603 5072 quod
3638 5002 3718 5055 in-

2138 5104 2340 5174 justam
2369 5113 2482 5165 est;
2510 5102 2759 5172 justiores
2786 5115 2881 5155 nos
2897 5113 3055 5169 quam
3082 5098 3194 5167 ipse
3218 5106 3320 5161 est,
3347 5095 3493 5164 cupit
3522 5093 3723 5159 videri;

2144 5196 2253 5250 imo
2274 5210 2377 5248 non
2402 5192 2676 5264 justiores,
2707 5189 2799 5246 sed
2831 5204 2928 5244 nos
2955 5203 3157 5259 :cquos,
3179 5194 3235 5241 et
3260 5180 3611 5265 seliniqunm.

2216 5288 2348 5343 Atto.
2388 5283 2523 5353 Quid
2543 5292 2624 5338 est
2643 5281 2781 5353 quod
2803 5280 2955 5345 dicis,
2974 5279 3136 5335 homo
3155 5278 3243 5349 qni
3260 5278 3480 5333 multum
3497 5271 3725 5343 desipis?

2145 5379 2354 5447 Quanto
2373 5375 2659 5441 excelsior,
2692 5379 2835 5427 tanto
2857 5370 3246 5426 ittscrutabilior
3259 5368 3433 5422 divina
3449 5379 3608 5436 quam
3627 5363 3728 5417 ltu-

2213 5559 2229 5589 ι
2255 5562 2336 5603 us.
2363 5560 2508 5610 Port.,
2533 5556 2699 5601 contra
2727 5559 2853 5611 qua.

2210 5620 2231 5650 ι
2258 5601 2527 5679 ἰίῖειίίὸτὶιιὲ
2557 5601 2758 5679 versuti"!
2783 5607 3288 5679 auscultt-astermisit:
3317 5617 3384 5656 ,m
3407 5603 3522 5673 quia
3555 5601 3730 5653 horum

2148 5668 2368 5730 neutrum
2387 5682 2475 5739 est,
2498 5672 2598 5724 sola
2620 5670 2817 5724 libidine
2839 5668 3163 5733 delinquendi.
