3962 6180
311 287 443 343 125?

306 421 459 459 mana
481 406 706 475 justitia,
739 414 994 476 tantoque
1035 410 1104 462 ab
1150 407 1249 462 hac
1296 408 1380 461 illa
1430 407 1733 461 distantior.
1765 405 1895 471 Quis

304 498 446 550 enim
478 496 638 552 homo
662 499 837 566 justus
860 497 985 553 sinit
1016 499 1308 569 perpetrari
1340 501 1538 565 scelus,
1570 500 1708 570 quod
1735 500 1893 554 habet

306 587 359 641 in
388 596 651 656 potestate
679 604 783 642 non
809 590 1064 645 sinere"?
1093 592 1155 645 Et
1185 600 1362 646 tamen
1400 593 1528 647 sinit
1571 593 1684 646 nec
1731 594 1889 657 Deus,

303 677 794 747 incomparabiliter
812 680 970 750 justis
998 682 1249 736 omnibus
1281 682 1495 751 justior,
1528 692 1581 737 et
1617 684 1770 752 cujus
1797 698 1890 752 po—

304 779 467 823 testas
493 771 1087 841 estqincomparahiliter
1111 775 1357 828 omnibus
1399 777 1748 844 potestatibus
1770 791 1887 829 ma-

297 859 400 928 jor.
453 859 578 915 ch
621 863 814 932 cogita,
868 872 924 917 et
969 865 1074 919 noli
1117 865 1352 934 judicent
1408 867 1573 927 Deum
1620 866 1887 936 judieibus

298 951 607 1006 hominibus
621 968 954 1021 comparare,
977 970 1135 1024 quem
1154 972 1260 1010 non
1288 957 1630 1011 dubitandum
1660 967 1741 1011 est
1767 972 1887 1013 esse

294 1039 521 1108 justum,
554 1041 711 1095 etiam
742 1042 955 1111 quando
993 1044 1117 1097 facit
1145 1044 1286 1113 quod
1333 1046 1539 1100 videtur
1587 1045 1889 1101 hominibus

297 1128 573 1197 injustnm,
604 1141 661 1185 et
687 1132 828 1201 quod
853 1134 1011 1186 homo
1039 1134 1082 1187 si
1115 1133 1330 1200 faceret,
1359 1144 1503 1190 esset
1529 1137 1756 1205 injustus
1772 1139 1813 1192 ².

366 1221 535 1277 XXV.
562 1222 680 1276 Jun.
713 1224 794 1277 An
826 1222 957 1278 illud
982 1224 1193 1292 quidem
1217 1225 1415 1293 justum
1446 1236 1530 1281 est
1550 1269 1563 1289 .
1591 1228 1730 1296 quod
1764 1227 1877 1295 ipse

298 1310 441 1373 facit,
476 1311 528 1365 id
557 1321 659 1379 est,
687 1312 858 1369 aliena
885 1323 1100 1382 peccata
1127 1315 1246 1369 aliis
1281 1316 1621 1385 imputanda;
1653 1325 1707 1370 et
1732 1317 1883 1371 nobis

300 1402 541 1472 prwcipit
566 1401 706 1471 quod
729 1403 983 1472 injustnm
1005 1413 1107 1471 est,
1130 1415 1188 1460 ut
1218 1422 1645 1477 unumquemque
1672 1424 1769 1478 pro
1796 1425 1886 1462 vo-

297 1492 513 1549 luntatis
539 1508 649 1550 sua:
677 1495 885 1551 delictis
911 1507 1062 1550 lenm
1083 1497 1529 1566 pronuntiemus?

354 1589 499 1659 Anc.
545 1589 684 1658 Lege
722 1589 865 1659 quod
898 1590 990 1644 tibi
1030 1590 1277 1661 superius
1318 1606 1630 1662 responsum
1670 1601 1754 1647 est
1784 1611 1796 1646 :
1830 1601 1885 1647 et

296 1680 442 1735 disce
465 1722 480 1745 ,
517 1681 561 1735 si
592 1690 741 1750 potes
761 1721 778 1748 ,
806 1681 1253 1751 quemadmodum
1282 1694 1498 1753 peccata
1527 1684 1800 1754 originalis
1826 1692 1882 1739 et

295 1772 465 1827 aliena
485 1773 848 1843 intelligantur
861 1783 915 1829 et
933 1784 1148 1841 nostra;
1171 1791 1277 1830 non
1298 1776 1484 1831 eadem
1504 1792 1661 1832 causa
1681 1777 1877 1845 aliena,

299 1879 397 1932 qua
444 1874 624 1919 nostra
659 1884 673 1920 :
703 1866 877 1920 aliena
904 1865 1082 1933 enim,
1124 1867 1245 1938 quia
1288 1884 1393 1923 non
1436 1885 1497 1924 ea
1543 1869 1594 1924 in
1638 1885 1731 1924 sua
1773 1870 1880 1924 vita

294 1955 515 2024 quisque
541 1956 840 2021 commisit;
869 1967 1049 2012 nostra
1074 1974 1224 2025 vero,
1252 1960 1373 2029 quia
1402 1961 1497 2015 fuit
1521 1961 1714 2027 Adam,
1741 1970 1795 2017 et
1825 1962 1876 2016 in

199 2039 204 2043 ’
293 2046 389 2100 illo
408 2046 605 2103 fuimus
629 2063 817 2104 onmes
843 2048 1117 2120 (Ambros.,
1150 2050 1236 2104 lib.
1264 2052 1296 2105 7
1319 2052 1371 2105 in
1397 2051 1525 2106 Luc.
1556 2056 1676 2122 xv).

360 2137 552 2192 XXVI.
584 2138 706 2193 ιω..
736 2140 804 2193 Ει
830 2138 973 2195 unde
998 2140 1046 2194 ei
1077 2148 1169 2195 aut
1198 2148 1340 2194 tanta
1372 2142 1587 2208 invidia,
1617 2149 1706 2196 aut
1734 2150 1878 2195 tanta

289 2230 591 2299 malignitas
615 2230 638 2283 ?
669 2229 866 2284 Invidia
889 2239 972 2286 est
996 2231 1162 2298 enim,
1193 2231 1239 2287 si
1268 2231 1335 2286 ad
1363 2232 1463 2287 hoc
1491 2232 1701 2302 decepit
1741 2249 1878 2302 prm-

284 2318 538 2388 cipiendo
563 2329 859 2379 creaturam
888 2334 1036 2375 suam
1059 2361 1075 2387 ,
1106 2335 1175 2375 ne
1202 2321 1422 2376 virtutes
1446 2322 1561 2392 ejus
1582 2365 1596 2387 ,
1629 2324 1680 2377 in
1705 2338 1875 2393 quan-

287 2419 399 2467 tum
440 2420 686 2479 poterat,
729 2421 1014 2468 conaretur
1053 2412 1246 2468 imitari
1276 2431 1289 2465 :
1320 2414 1621 2484 malignitas
1657 2425 1832 2469 autem
1857 2456 1872 2481 ,

289 2503 395 2557 imo
422 2501 714 2556 crudelitas
734 2545 748 2569 ,
777 2503 823 2557 si
865 2503 1044 2571 puniat
1069 2511 1286 2573 prOpter
1314 2504 1508 2573 injusta
1536 2519 1698 2574 opera
1726 2521 1872 2561 mor-

289 2592 450 2653 tales,
482 2607 602 2661 qute
628 2606 748 2649 cum
780 2592 882 2662 legi
910 2592 1025 2662 ejus
1055 2592 1311 2649 obediunt
1343 2605 1734 2664 perpetrarent.

360 2687 490 2738 Anc.
536 2682 650 2737 iam
691 2685 934 2753 superius
976 2683 1368 2753 demonstravi,
1411 2686 1654 2756 quasdam
1707 2688 1870 2744 Deum

283 2772 424 2845 juste
444 2773 639 2841 facere,
665 2790 785 2845 quae
811 2776 857 2828 si
889 2775 1049 2831 homo
1074 2775 1249 2843 faciat,
1274 2778 1468 2847 injuste
1495 2778 1635 2834 facit.
1662 2779 1793 2835 Nam
1818 2791 1873 2837 et

286 2866 508 2936 injurias
536 2866 661 2922 snas
692 2867 832 2922 Deus
862 2868 1135 2923 ulciscitur
1158 2871 1303 2939 juste
1330 2887 1343 2924 :
1370 2869 1674 2926 hominibus
1693 2883 1870 2928 autem

281 2958 478 3012 dicitur
495 3000 510 3024 ,
546 2956 667 3012 Non
693 2974 778 3012 vos
803 2959 940 3028 ipsos
961 2959 1289 3025 vindicantes,
1314 2961 1618 3025 charissimi,
1647 2963 1736 3016 sed
1758 2964 1874 3017 date

281 3048 451 3102 locum
481 3050 570 3104 ira:
596 3065 615 3103 :
640 3051 882 3119 scriptum
907 3061 978 3105 est
1004 3053 1159 3118 enim,
1185 3050 1318 3106 Mihi
1339 3053 1645 3119 vindictam;
1676 3070 1767 3125 ego
1794 3072 1872 3109 re-

279 3140 521 3204 tribuam,
554 3140 675 3193 dirit
706 3139 952 3195 Dominus
982 3141 1155 3209 (Rom.
1192 3158 1296 3207 xu,
1331 3142 1445 3213 l9).

354 3230 449 3284 XX
464 3232 569 3285 ‘t'll.
598 3232 717 3286 Jun.
745 3234 827 3287 An
855 3231 993 3287 forte
1021 3247 1129 3288 non
1169 3234 1321 3301 punit
1350 3233 1513 3306 (quod
1544 3234 1755 3305 quidem
1790 3235 1870 3291 fa-

280 3324 355 3376 cit
381 3321 714 3394 prudenter),
746 3324 839 3378 sed
868 3324 1029 3379 etiam
1058 3335 1431 3380 remuneratur
1461 3326 1704 3392 famulos,
1733 3342 1873 3397 pra:-

278 3414 450 3482 ceptis
501 3416 613 3468 suis
662 3415 789 3468 licet
833 3414 1144 3484 injustitiam
1194 3416 1508 3472 docentibus
1549 3418 1873 3474 obsecutos?

281 3505 352 3558 Et
376 3505 499 3575 quid
533 3506 581 3561 ei
615 3505 806 3574 profuit
828 3506 1087 3572 invidere,
1115 3506 1160 3561 si
1189 3518 1242 3561 et
1270 3507 1491 3576 injustas
1520 3524 1609 3564 res
1628 3510 1870 3566 faciendo

278 3612 348 3650 eo
378 3609 736 3666 pervenerunt
780 3598 1066 3664 mortales,
1112 3614 1221 3667 quo
1257 3601 1415 3654 etiam
1454 3600 1713 3669 justitiam
1756 3616 1870 3657 scr-

280 3687 455 3740 vaudo
480 3686 792 3742 venissent?
823 3688 1063 3756 Cumque
1088 3688 1215 3753 illis,
1245 3704 1379 3758 quos
1404 3691 1770 3753 circumvenit,
1801 3692 1869 3747 de

278 3777 530 3833 felicitate
561 3778 687 3832 nihil
716 3789 917 3847 pereat,
943 3777 1029 3832 hic
1054 3787 1231 3834 tamen
1262 3778 1601 3849 benignitatis
1630 3795 1691 3835 ac
1712 3781 1870 3850 justi‘

279 3871 369 3923 tia:
395 3870 717 3925 conscientia
744 3869 899 3924 simul
928 3880 984 3925 et
1008 3869 1212 3924 honore
1238 3869 1491 3938 privatur.
1518 3870 1727 3936 Quanto
1752 3880 1868 3925 erat

281 3961 611 4015 tolerabilius
650 3976 680 4013 a
716 3959 988 4030 religionis
1013 3958 1346 4029 professione
1374 3960 1508 4014 colla
1539 3960 1863 4027 subducere,

277 4069 440 4120 quam
470 4067 563 4123 per
598 4061 706 4108 tam
735 4063 997 4122 prmrnpta
1017 4090 1033 4118 ,
1064 4060 1172 4107 tam
1211 4051 1446 4107 exitialia
1486 4052 1689 4106 orbitas
1717 4052 1737 4082 ³
1764 4052 1864 4107 du-

277 4157 402 4197 cere
418 4143 441 4196 ?

350 4234 484 4289 Anc.
514 4232 773 4302 Sequeris
792 4241 844 4287 te
868 4275 882 4298 ,
912 4232 1041 4287 nihil
1068 4232 1271 4288 dicens.
1295 4232 1378 4287 Ah
1404 4230 1632 4287 humana
1659 4233 1863 4301 justitia

276 4325 524 4379 discerne
549 4324 817 4389 divinam;
847 4333 901 4378 et
927 4323 1131 4377 videbis
1151 4323 1293 4392 juste
1335 4324 1496 4378 Deum
1525 4333 1736 4392 peccata
1769 4340 1863 4391 pa-

276 4425 421 4469 trum
451 4413 678 4469 reddere
716 4414 767 4467 in
809 4414 983 4478 filios;
1011 4412 1151 4484 quod
1182 4424 1358 4467 tamen
1391 4414 1444 4468 in
1468 4413 1669 4482 judicio
1693 4430 1791 4470 suo
1818 4416 1863 4470 si

277 4506 442 4561 homo
467 4508 569 4561 sibi
594 4516 832 4576 usurpet,
866 4507 1090 4576 injustus
1114 4516 1215 4562 est.
1245 4507 1321 4562 Ne
1355 4514 1409 4560 tu
1434 4507 1700 4563 exorbites
1723 4524 1753 4562 a
1781 4510 1863 4563 via

268 4602 436 4671 jesta,
467 4611 524 4656 ut
552 4618 672 4658 cum
698 4602 850 4656 audis
879 4609 1089 4670 peccata
1113 4609 1319 4670 patrum
1344 4600 1395 4654 in
1418 4600 1557 4656 ﬁlios
1578 4601 1858 4665 vindicari,

271 4705 365 4748 aut
397 4694 563 4748 Deum
608 4693 748 4749 nolis
772 4691 794 4724 ⁸
824 4694 875 4748 id
904 4692 1110 4758 facere,
1151 4701 1241 4745 aut
1276 4691 1544 4747 hominem
1575 4692 1706 4748 velis
1730 4733 1746 4759 ,
1779 4695 1863 4748 vel

275 4786 596 4841 testimoniis
633 4786 715 4840 vel
743 4785 1005 4841 mandatis
1032 4783 1332 4839 resistendo
1360 4784 1577 4839 divinis.

346 4877 585 4933 XXVIII.
614 4878 731 4933 Jun.
763 4877 925 4948 Igitur
949 4877 1197 4947 quoniam
1228 4876 1309 4932 vel
1340 4892 1368 4930 a
1396 4877 1565 4932 servis
1592 4877 1703 4933 suis
1732 4877 1861 4933 nihil

272 4971 383 5024 tale
424 4970 685 5023 committi
719 4970 857 5025 Dens
885 4969 1048 5032 sinit,
1092 4968 1251 5037 quale
1298 4976 1350 5021 tu
1395 4967 1463 5021 ah
1505 4968 1624 5037 ipso
1666 4970 1862 5027 asseris

274 5061 610 5130 perpetrari;
644 5061 982 5116 manifestum
1010 5069 1111 5123 est,
1148 5069 1197 5113 te
1227 5072 1331 5115 non
1361 5060 1535 5114 minus
1560 5061 1628 5116 ab
1657 5060 1862 5116 honore

270 5154 421 5220 ejus,
454 5166 614 5222 quam
642 5151 709 5207 ah
736 5150 965 5205 humana
1005 5150 1215 5205 ratione
1251 5148 1467 5218 fugisse.
1496 5150 1572 5204 Ac
1601 5166 1693 5219 per
1722 5152 1824 5205 hoc
1843 5192 1857 5213 ,

270 5258 382 5296 non
426 5242 708 5311 Pelagiano
730 5284 744 5307 ,
784 5243 920 5295 sicut
963 5241 1096 5295 dicis
1120 5282 1136 5305 ,
1176 5255 1358 5295 errore
1394 5239 1688 5308 decipimur
1721 5259 1735 5296 :
1766 5242 1861 5297 sed

273 5330 392 5401 lege
419 5330 514 5385 Dei
541 5330 821 5400 dirigimur
842 5372 858 5395 ,
893 5338 948 5383 nt
973 5343 1277 5384 asseramus
1307 5328 1543 5398 iniquum
1584 5344 1704 5383 θεειε
1725 5372 1740 5396 ,
1771 5345 1862 5399 pa-

336 5529 359 5598 ξ
393 5529 464 5598 ξεὶο
494 5533 599 5576 Mss.
624 5527 915 5598 vigmerius,
951 5526 1078 5590 quod
1101 5524 1239 5576 habet
1275 5532 1547 5598 potestatem
1570 5524 1857 5598 nonsinerc.

337 5588 360 5621 ’
383 5590 455 5637 sic
477 5598 621 5637 vetus
643 5588 797 5651 codex
821 5596 942 5639 Port.
966 5588 1023 5651 at
1050 5597 1156 5637 Mar.
1175 5588 1286 5639 cum
1299 5589 1587 5651 \‘ign..esset
1610 5588 1857 5649 injustam.

337 5651 362 5681 ³
384 5651 456 5699 sic
477 5657 580 5700 Mss.
608 5649 894 5708 \‘ignierius,
917 5647 1148 5701 orbitatis.

335 5711 362 5743 ⁸
382 5711 535 5761 Edttio
559 5712 880 5772 Vignteriaua,
904 5709 1053 5760 nobis.
1080 5711 1366 5763 Emendatur
1392 5724 1453 5761 cx
1480 5716 1831 5777 manuscriptis.

524 5804 795 5864 PATROL.
843 5803 1026 5863 XLV.

1668 286 1870 341 [ΛηΕῆ
1911 278 2229 345 TERTIUS.

3450 294 3588 365 ista

2008 417 2216 461 rentum
2243 408 2467 465 crimina
2498 410 2619 467 filiis
2645 413 2911 486 imputari.

2072 500 2205 553 Acs.
2248 499 2362 555 Non
2390 503 2592 568 semel,
2629 505 2721 559 sed
2758 508 2953 576 saepius
2976 507 3109 564 dixit
3156 511 3295 569 Deus
3320 556 3336 582 ,
3369 513 3582 587 peccaia

2002 597 2207 655 patrum
2238 604 2297 644 se
2321 590 2547 648 reddere
2573 595 2625 649 in
2655 596 2814 653 filios.
2840 598 2940 655 Ubi
2967 601 3149 672 utique
3179 621 3285 661 non
3323 607 3495 677 dixit,
3526 613 3577 667 in

1999 689 2176 748 patres
2201 698 2259 737 se
2281 684 2504 740 reddere
2533 699 2746 757 peccata
2774 690 3024 761 filiorum,
3057 704 3149 751 aut
3174 696 3225 751 in
3251 698 3444 757 fratres
3474 703 3581 759 fta-

1999 781 2158 838 trum,
2200 786 2292 831 ant
2320 776 2372 831 in
2403 779 2604 834 amicos
2631 783 2945 849 amicorum,
2979 797 3069 842 aut
3097 789 3149 843 in
3179 790 3323 847 cives
3346 794 3538 850 civium
3561 834 3575 860 ,

1995 876 2086 918 aut
2110 866 2309 935 aliquid
2334 868 2597 937 ejusmodi
2621 887 2637 936 ;
2666 883 2720 927 ut
2741 874 3020 942 sciremus,
3053 881 3267 950 quando
3293 884 3420 939 illud
3443 885 3547 941 dici
3565 918 3577 927 ο

1997 963 2097 1021 tur,
2127 959 2527 1025 generationem
2555 963 2837 1034 redargui,
2874 983 2977 1022 non
3010 969 3360 1029 imitationem
3395 993 3407 1029 :
3436 978 3578 1046 quod

1992 1056 2046 1100 et
2074 1055 2129 1101 tu
2161 1063 2344 1116 posses
2373 1050 2424 1105 in
2455 1051 2650 1108 divinis
2674 1055 2900 1125 eloijuiis
2925 1059 3243 1132 intelligere,
3273 1065 3317 1119 si
3344 1080 3451 1120 non
3474 1068 3578 1122 Pe-

1991 1137 2202 1208 lagiano
2228 1139 2563 1208 impedireris
2588 1160 2792 1201 errore.

2064 1228 2255 1283 XXIX.
2294 1230 2412 1286 Jun.
2454 1232 2606 1301 Quod
2645 1235 2832 1293 tradux
2874 1242 3117 1309 peccati,
3159 1244 3574 1304 Manichaeorum

1991 1316 2120 1380 tilia,
2150 1329 2324 1374 vestra
2364 1331 2565 1390 mater,
2608 1323 2707 1380 hac
2741 1334 3055 1398 tempestate
3085 1334 3447 1405 prodigialiter
3485 1356 3577 1409 pc-

1989 1408 2193 1477 periSSe
2219 1411 2466 1468 defletur.

2063 1490 2200 1557 Asc.
2231 1502 2344 1557 Non
2370 1507 2726 1574 ratiocinaris,
2753 1510 2848 1566 sed
2871 1515 3191 1575 conviciaris
3210 1528 3267 1575 et
3283 1521 3573 1579 calumnias

1987 1589 2082 1645 ris.
2112 1591 2307 1663 Relege
2327 1596 2572 1666 antiquos
2592 1599 2754 1654 divini
2778 1602 2970 1673 eloquii
2996 1615 3343 1677 tractaturos;
3371 1623 3425 1669 et
3454 1606 3572 1671 vide

1986 1697 2093 1739 non
2137 1684 2237 1740 hac
2283 1696 2627 1757 tempestate,
2668 1692 2762 1748 sed
2800 1694 2958 1766 longe
2994 1692 3118 1754 ante
3160 1716 3261 1757 nos
3302 1703 3352 1757 in
3396 1705 3571 1761 verbis

1984 1774 2221 1843 Apostoli
2251 1776 2352 1832 hoc
2376 1779 2703 1838 intellectum
2725 1799 2863 1850 esse,
2887 1789 3028 1857 quod
3058 1793 3394 1859 apertissime
3413 1796 3566 1861 dixit,

1985 1863 2037 1919 id
2067 1876 2182 1931 est,
2225 1868 2364 1937 quod
2396 1886 2487 1939 per
2528 1889 2682 1927 unum
2709 1875 2960 1934 hominem
2985 1892 3244 1950 peccatum
3275 1885 3479 1942 intravit
3514 1889 3569 1944 in

1982 1957 2227 2011 mundum
2247 1998 2262 2024 ,
2292 1970 2340 2015 et
2366 1978 2456 2031 per
2480 1976 2737 2035 peccatum
2772 1985 2943 2035 mors;
2965 1980 3013 2025 et
3033 1972 3104 2026 ita
3131 1974 3184 2027 in
3206 1991 3376 2032 omnes
3400 1978 3566 2035 Itoni-

1980 2334 2163 2392 pcstas
2192 2327 2375 2381 novitii
2405 2328 2668 2399 dogmatis
2699 2336 2859 2390 vestri
2896 2352 2929 2390 a
2968 2337 3102 2394 facie
3133 2342 3357 2412 projeeit
3381 2346 3565 2400 cathoo

1978 2413 2094 2469 lica:
2129 2415 2386 2472 Ecclesiae
2405 2460 2420 2483 ,
2455 2429 2703 2491 tanquam
2725 2424 3000 2493 pulverem
3026 2443 3183 2498 quem
3210 2432 3419 2504 projicit
3445 2451 3565 2491 ven-

1978 2513 2065 2560 tus
2092 2521 2125 2562 ι
2162 2506 2298 2563 facie
2327 2518 2501 2567 terrae.

2050 2594 2220 2651 XXX.
2278 2598 2399 2655 ιω..
2455 2601 2589 2657 Esse
2643 2602 2802 2674 igitur
2846 2604 2951 2663 hee
3003 2624 3032 2663 a
3085 2610 3194 2666 Deo
3243 2613 3561 2684 imperatum

1975 2687 2117 2755 quod
2148 2691 2462 2759 asserimus,
2494 2694 2705 2751 claruit.
2737 2698 2803 2752 Et
2822 2702 3067 2768 quamvis
3090 2709 3371 2763 sententia:
3398 2710 3562 2779 ipsius

1975 2788 2158 2847 aperta
2205 2790 2259 2836 et
2299 2783 2593 2840 intellectui
2640 2790 2877 2844 omnium
2922 2794 3200 2851 conciliata
3238 2803 3562 2868 germanitas

1975 2868 2175 2924 nullius
2220 2871 2271 2926 in
2299 2887 2358 2927 se
2399 2891 2606 2931 naevum
2637 2878 2980 2937 obscuritatis
3016 2884 3294 2943 admiserit
3331 2907 3345 2947 :
3385 2901 3563 2948 tamen

1974 2975 2044 3015 ne
2071 2970 2123 3015 tu
2150 2962 2216 3017 ad
2242 2964 2438 3034 ingenii
2477 2971 2643 3024 nostri
2671 2970 2948 3043 confugias
2976 2978 3309 3046 tarditatem,
3336 2994 3390 3038 et
3413 2984 3560 3040 dicas

1976 3067 2081 3107 non
2105 3069 2205 3108 nos
2232 3056 2531 3126 intelligere
2552 3059 2692 3129 quod
2719 3076 3044 3133 praeceptum
3071 3079 3190 3135 est;
3217 3071 3322 3125 alio
3349 3089 3561 3145 quoque

1979 3145 2284 3200 testimonio
2321 3164 2426 3201 non
2450 3149 2560 3218 jam
2591 3156 2842 3222 prmcepti
2868 3197 2882 3219 ,
2913 3157 3007 3212 sed
3043 3163 3222 3229 aperis
3268 3167 3558 3223 secundum

1976 3248 2297 3306 prmceptum
2326 3242 2567 3306 exerciti,
2591 3245 3036 3312 quemadmodum
3071 3246 3139 3305 sit
3167 3253 3250 3307 lex
3291 3255 3559 3313 intellecta

1976 3325 2283 3384 doceamus.
2326 3328 2576 3399 Legimus
2614 3334 2666 3387 in
2714 3335 2851 3390 libro
2885 3348 3075 3406 quarto
3112 3341 3418 3413 Regnorum
3446 3388 3460 3413 ,
3488 3351 3557 3405 de

1973 3417 2216 3472 Amessia
2243 3419 2488 3475 lilioJoas
2514 3424 2653 3493 regis
2670 3424 2804 3479 Juda
2824 3443 2836 3479 :
2855 3425 3071 3482 Factum
3095 3441 3186 3500 est,
3208 3434 3395 3504 inquit,
3412 3450 3557 3506 post-

1971 3526 2122 3580 quam
2155 3512 2429 3566 stabilitum
2467 3526 2540 3569 est
2584 3534 2796 3587 regnum
2836 3520 2889 3573 in
2920 3523 3150 3578 manibus
3204 3526 3348 3595 ejus,
3379 3530 3558 3583 occidit

1972 3616 2152 3671 pueros
2180 3618 2297 3655 suos
2321 3605 2407 3671 qni
2419 3606 2702 3662 acciderant
2720 3619 2913 3676 patrem
2936 3627 3083 3666 suum
3098 3631 3117 3677 ;
3134 3616 3222 3668 sed
3238 3618 3371 3685 ﬁlios
3387 3635 3558 3673 eorum

1974 3706 2073 3742 non
2098 3692 2280 3745 occidit
2302 3733 2316 3755 ,
2340 3697 2614 3751 secundum
2657 3708 3002 3754 testamentum
3042 3703 3165 3774 legis
3201 3705 3431 3774 Domini,
3458 3726 3557 3780 quo

1974 3792 2278 3852 praereptum
2308 3795 2409 3852 cst,
2439 3785 2561 3840 Non
2593 3791 2867 3844 morientur
2890 3803 3058 3861 patres
3081 3813 3173 3864 pro
3201 3798 3343 3866 filiis,
3372 3817 3461 3855 nec
3490 3804 3556 3867 ﬁ-

1973 3872 2030 3926 lii
2059 3889 2151 3942 pro
2178 3875 2401 3942 patribus
2429 3876 2518 3948 (Ν
2541 3876 2667 3946 Reg.
2703 3896 2808 3944 xw,
2836 3883 2888 3943 5,
2918 3881 2994 3953 h).
3029 3883 3187 3939 Vides
3213 3891 3559 3956 quemadmo-

1972 3964 2099 4019 dum
2132 3965 2368 4021 bistoria:
2395 3967 2525 4023 fides
2548 3969 2805 4036 justitiam
2834 3973 2974 4039 regis
2994 3973 3284 4041 judicautis
3309 3981 3558 4036 ostende-

1971 4056 2043 4108 rit
2075 4073 2090 4109 :
2118 4055 2206 4124 qui
2256 4058 2497 4126 quamvis
2546 4058 2728 4112 fuisset
2775 4058 3039 4125 devotus;
3089 4073 3264 4119 tamen
3308 4072 3553 4135 quoniam

1970 4146 2296 4201 claudicasse
2333 4148 2593 4202 animoin
2636 4150 2902 4209 nonnullis
2948 4152 3209 4216 refertur,
3258 4157 3323 4209 ad
3369 4157 3552 4226 judieii

1968 4237 2086 4306 ejus
2108 4238 2562 4294 conﬁrmationem
2584 4273 2601 4307 ,
2626 4253 3058 4299 commemorabo
3097 4246 3231 4316 legis
3258 4247 3346 4304 Dei
3376 4265 3553 4306 acces-

1968 4331 2040 4385 sit
2066 4331 2375 4385 auctoritas.
2419 4330 2499 4386 Ne
2535 4334 2677 4387 enim
2720 4350 2904 4403 parum
2944 4335 3162 4393 haberet
3195 4342 3443 4410 ponderis
3473 4344 3549 4396 fa-

1968 4432 2112 4477 etum
2137 4422 2239 4477 hoc
2267 4423 2694 4481 consideratione
2733 4426 3007 4491 facientis,
3054 4433 3347 4487 secundum
3385 4435 3555 4505 legem

1968 4521 2023 4567 et
2053 4521 2425 4569 testamentum
2460 4515 2551 4568 Dei
2571 4516 2976 4571 commendatur
2997 4522 3296 4590 impletum.

2038 4604 2175 4659 Anc.
2209 4603 2320 4659 lloe
2342 4603 2599 4672 judicium
2630 4606 2767 4662 Deus
2797 4605 3069 4665 hominum
3095 4613 3253 4669 voluit
3281 4629 3549 4679 essegnon

1966 4709 2140 4759 suum,
2194 4696 2282 4765 qui
2328 4695 2482 4762 dixit,
2541 4695 2774 4751 Reddam
2819 4711 3023 4769 peccata
3068 4716 3268 4773 patrum
3318 4708 3370 4761 in
3417 4709 3552 4776 [ilius

1969 4787 2145 4857 (Deut.
2181 4804 2235 4853 ν,
2263 4789 2339 4858 9).
2372 4788 2523 4854 Quod
2550 4792 2706 4845 etiam
2741 4807 2838 4861 per
2867 4793 3136 4851 hutnincm
3165 4798 3305 4863 fecit,
3338 4803 3550 4869 quando

1973 4896 2068 4949 per
2093 4881 2274 4937 Jcsum
2314 4880 2477 4944 Nave,
2520 4898 2624 4939 non
2650 4884 2824 4939 solum
2853 4886 3056 4951 Achar,
3097 4888 3190 4942 sed
3222 4891 3379 4944 etiam
3413 4893 3550 4946 ίίιιω

1966 4969 2083 5039 ejus
2104 4970 2299 5025 occidit
2328 4969 2505 5042 (Josue
2528 4988 2620 5037 vn,
2648 4974 2739 5037 24,
2762 4974 2854 5044 25)
2888 4993 2901 5027 :
2934 4978 3013 5029 vel
3045 4992 3140 5047 per
3172 4980 3419 5037 cuu'tdent
3451 5001 3546 5052 po-

1968 5060 2075 5130 puli
2101 5060 2181 5115 sui
2220 5059 2431 5125 ducem,
2474 5063 2612 5117 filios
2636 5062 3056 5120 Chananaeorum
3081 5069 3239 5123 etiam
3276 5076 3544 5140 parvulos,

1967 5150 2200 5205 nondum
2224 5161 2436 5220 peccata
2461 5162 2736 5220 parentum
2758 5155 2871 5209 suis
2895 5157 3130 5213 moribus
3152 5161 3403 5228 imitatos.
3427 5180 3546 5219 cum

1967 5240 2168 5296 eisdem
2201 5252 2376 5294 tamen
2406 5243 2713 5310 patentibus
2742 5254 2799 5297 ut
2824 5249 3079 5317 perirent,
3103 5267 3206 5307 non
3235 5253 3425 5321 injusta
3454 5255 3567 5307 uti—'

1967 5348 2073 5402 que
2106 5334 2389 5388 severitate
2430 5333 2701 5390 damnavit
2743 5337 2759 5368 ¹
2792 5336 2900 5403 (Id.
2930 5356 2980 5395 vt
3003 5384 3017 5405 ,
3043 5343 3146 5405 εὶς
3180 5360 3239 5406 x,
3271 5341 3384 5414 ιθ).
3431 5343 3545 5398 Νυιὶ

1968 5438 2097 5493 ergo
2126 5425 2416 5493 l0quaciter
2449 5434 2607 5494 atque
2632 5427 2862 5484 inaniter
2891 5434 3246 5502 multiplicare
3287 5441 3375 5487 tua
3408 5438 3542 5488 lcri-

1967 5527 2092 5587 pta;
2122 5518 2217 5573 sed
2243 5518 2557 5587 scripturam
2592 5519 2685 5576 Dei
2709 5522 2993 5593 diligenter
3021 5524 3258 5590 attende,
3302 5538 3370 5580 ne
3398 5524 3548 5596 quod

2032 5715 2046 5745 ι
2072 5712 2227 5763 Codcv
2259 5720 2409 5774 νοτε..
2427 5714 2687 5765 ηιτυιίιαιοίι.

2659 5816 3076 5897 {Quor-ants.)
