3962 6180
389 232 525 289 1259

388 350 438 400 in
468 362 567 400 una
600 344 715 414 ejus
740 338 892 414 parte
924 343 1195 411 aperuisse
1224 350 1272 393 te
1311 351 1481 409 putas,
1512 338 1752 392 clausum
1783 348 1968 417 contra

388 450 438 493 te
470 440 519 492 in
550 439 715 491 altera
746 435 1001 489 invenias.

458 528 645 583 XXXI.
679 527 795 581 λιιι..
833 524 1043 578 Duobus
1071 532 1123 576 et
1157 522 1323 575 tribus
1350 521 1595 584 testibus,
1639 522 1798 575 etiam
1842 535 1972 574 con-

391 634 467 675 tra
509 620 819 690 sanguinem
852 615 1083 671 hominis
1106 654 1120 678 ,
1172 612 1319 668 credi
1350 614 1487 666 solet
1516 630 1528 665 :
1562 621 1761 681 quanto
1807 612 1974 680 magis

389 713 594 767 duobus
637 710 804 764 sacris
855 707 1101 770 testibus,
1147 706 1248 775 legi
1293 721 1413 775 qua:
1452 706 1506 758 in
1558 705 1972 759 Deuteronomio

386 804 707 866 continetur,
737 811 790 854 et
816 797 1051 852 historia:
1088 813 1207 867 qua:
1248 796 1449 865 [legum
1479 794 1616 850 facta
1656 794 1969 864 complet-ti-

388 908 506 960 tur,
540 910 636 965 pro
666 893 757 948 Dei
798 892 1003 946 honore
1033 889 1387 944 crederetur?
1424 887 1707 955 Quomodo
1745 886 1971 957 judieari

387 989 561 1052 vellet,
594 987 706 1056 ipse
742 983 1073 1055 praescripsit
1103 999 1117 1035 :
1149 981 1419 1051 quomodo
1455 981 1598 1050 quod
1628 980 1975 1035 mandaverat

384 1080 551 1149 accipi
592 1077 851 1142 deberet,
902 1073 1196 1129 secundum
1233 1073 1404 1142 legem
1452 1071 1568 1141 ejus
1614 1071 1809 1140 judicia
1847 1086 1971 1141 pro-

386 1174 490 1226 lata
536 1180 815 1231 testantur.
873 1170 939 1224 Et
991 1169 1267 1224 dubitatur
1311 1166 1484 1221 adhuc
1535 1167 1807 1221 traducem
1846 1181 1972 1236 pcc-

386 1265 487 1316 cati
538 1263 931 1332 Scripturarum
985 1260 1196 1332 probari
1243 1258 1562 1314 auctoritate
1610 1274 1715 1312 non
1775 1256 1974 1328 posse?

385 1356 541 1410 Certe
567 1365 690 1409 sunt
712 1355 807 1409 ista
836 1352 1126 1419 contraria,
1160 1366 1255 1420 pro
1276 1351 1472 1421 quibus
1505 1359 1609 1404 tam
1648 1349 1821 1418 longis
1845 1363 1974 1403 con-

386 1447 614 1513 ilictibus
643 1446 947 1508 d’imicatnr,
973 1444 1029 1515 id
1059 1451 1162 1509 est,
1191 1458 1354 1497 unum
1383 1441 1525 1511 quod
1553 1457 1583 1494 a
1613 1441 1788 1506 vobis,
1827 1439 1970 1494 aliud

385 1536 525 1603 quod
553 1552 581 1590 a
611 1536 766 1591 nobis
791 1535 1132 1601 defenditur;
1176 1544 1230 1588 et
1273 1536 1342 1588 ita
1381 1533 1653 1589 contraria
1697 1542 1856 1603 atque
1883 1548 1971 1587 re-

388 1631 697 1699 pugnantia,
725 1638 781 1683 ιιι
809 1644 904 1683 vos
931 1626 1323 1697 persequendo,
1357 1641 1456 1681 nos
1482 1625 1833 1695 disputando,
1874 1642 1972 1681 vos

387 1721 587 1788 furore,
622 1739 717 1775 nos
744 1725 949 1776 ratione
973 1730 1258 1776 certemus.
1292 1719 1529 1789 Utraque
1569 1734 1698 1788 ergo
1726 1734 1847 1787 pars
1891 1718 1973 1772 di-

386 1825 528 1869 stare
553 1813 654 1869 sibi
677 1815 791 1869 lucc
813 1823 866 1869 et
891 1828 1191 1883 repugnare
1222 1812 1508 1876 consentit,
1537 1812 1588 1866 id
1625 1819 1726 1874 est,
1756 1820 1974 1881 prepter

390 1915 668 1972 parentum
698 1915 914 1973 peccata
958 1904 1130 1972 puniri
1159 1903 1327 1967 ﬁlios,
1356 1910 1409 1956 et
1436 1911 1654 1973 propter
1696 1910 1972 1971 parentum

388 2006 602 2065 peccata
634 1996 773 2050 ﬁlios
803 2011 906 2051 non
949 1995 1125 2065 puniri
1156 2014 1170 2050 :
1200 1995 1403 2050 crimen
1447 1994 1690 2049 naturale
1719 2009 1840 2049 esse
1864 2036 1880 2060 ,
1921 2003 1976 2047 et

387 2086 588 2141 crimen
631 2087 874 2141 naturale
916 2102 1022 2140 non
1049 2101 1170 2141 esse
1204 2102 1216 2138 :
1252 2094 1309 2138 ut
1339 2094 1616 2154 parentum
1658 2092 1872 2154 peccata
1913 2084 1975 2137 ﬁ-

388 2178 471 2231 liis
497 2177 843 2247 imputentur,
874 2176 969 2231 Dei
997 2176 1113 2246 lege
1136 2175 1445 2245 praescribi;
1483 2185 1538 2230 et
1567 2184 1621 2229 ut
1650 2191 1756 2229 non
1799 2176 1973 2245 impu-

387 2276 567 2322 tenlur
609 2276 888 2336 parentum
920 2277 1136 2335 peccata
1178 2265 1299 2319 ﬁliis
1326 2306 1340 2329 ,
1382 2264 1473 2320 Dei
1512 2265 1628 2335 lege
1674 2266 1968 2334 praescribi.

388 2361 490 2414 llas
521 2359 800 2428 opiniones
837 2370 1023 2414 contra
1051 2369 1224 2414 semet
1269 2359 1668 2428 sententiasque
1709 2359 1973 2414 bellantes

388 2449 583 2518 pariter
609 2463 760 2502 veras
783 2465 888 2502 non
928 2463 1087 2519 posse
1115 2463 1236 2504 esse
1261 2448 1600 2504 manifestum
1630 2457 1726 2504 est.
1758 2448 1890 2503 Nam
1920 2456 1975 2504 et

385 2539 755 2609 disputationis
776 2539 998 2594 eruditae
1017 2540 1034 2570 ι
1059 2539 1262 2609 regulis
1282 2538 1560 2605 indicatur,
1585 2554 1707 2595 cum
1727 2539 1794 2595 de
1816 2538 1974 2595 rebus

386 2630 604 2684 incertis
627 2631 806 2698 opinio
830 2629 1027 2700 duplex
1053 2631 1306 2697 nascitur,
1340 2638 1621 2700 utramque
1643 2631 1827 2684 falsam
1855 2646 1975 2688 esse

388 2736 563 2790 passe,
594 2730 871 2790 utramque
897 2736 1075 2775 veram
1097 2736 1217 2776 esse
1241 2737 1346 2774 non
1375 2735 1551 2790 posse.
1580 2721 1731 2788 Quod
1757 2722 1972 2791 quidem

388 2816 441 2868 in
467 2814 746 2884 Specicbus
771 2814 1019 2879 diversis,
1047 2821 1102 2867 et
1134 2828 1252 2883 qum
1281 2814 1514 2868 medium
1547 2812 1743 2869 habere
1781 2815 1970 2868 dicun-

389 2917 503 2972 tur;
534 2921 639 2960 non
667 2915 841 2961 tamen
873 2906 923 2958 in
958 2905 1039 2958 his
1061 2920 1180 2974 qua:
1205 2904 1471 2959 contraria
1497 2915 1644 2971 sunt,
1673 2906 1765 2959 sed
1798 2905 1975 2962 medio

386 3004 592 3061 carent,
616 2996 831 3050 evenire
859 3003 1049 3065 potest.
1075 2994 1227 3049 Nota:
1257 2994 1550 3050 dialecticis
1572 3012 1657 3050 res
1682 3006 1806 3051 sunt
1835 3015 1847 3051 :
1878 2997 1971 3052 sed

386 3098 604 3156 propter
643 3086 896 3141 lectorem
926 3085 1223 3156 disciplinae
1253 3085 1411 3154 hujus
1449 3094 1722 3156 expertem
1749 3128 1763 3153 ,
1797 3086 1974 3158 aliquo

387 3176 439 3230 id
465 3191 764 3232 reseremus
795 3175 1061 3246 exemplo.

456 3270 589 3325 Avo.
622 3267 696 3322 lta
717 3269 911 3336 qumris
937 3267 1077 3322 unde
1103 3267 1268 3322 libros
1294 3267 1700 3338 loquacissimos
1728 3269 1970 3338 impleas,

387 3369 444 3414 ut
463 3360 621 3414 etiam
642 3358 990 3423 dialecticam,
1014 3358 1104 3412 ubi
1124 3373 1258 3427 opus
1278 3373 1383 3412 non
1407 3367 1508 3422 est,
1533 3358 1761 3414 lectores
1785 3373 1970 3413 eorum

386 3449 582 3505 docere
607 3449 847 3513 coneris;
879 3463 984 3502 non
1014 3449 1255 3518 cogitans
1280 3448 1549 3518 quomodo
1579 3449 1793 3518 abjiciat
1819 3450 1974 3505 Chri-

386 3541 454 3595 sti
507 3540 746 3594 Ecclesia
789 3539 1126 3594 dialecticum
1152 3578 1171 3605 ,
1214 3555 1374 3609 quem
1423 3541 1595 3594 cernit
1641 3542 1971 3597 haereticum.

388 3631 520 3700 Quis
547 3630 692 3686 enim
724 3640 774 3685 te
805 3629 855 3685 id
891 3645 1050 3701 agere
1088 3645 1192 3685 non
1222 3630 1520 3701 intelligat,
1553 3641 1610 3687 ut
1637 3633 1689 3686 in
1713 3633 1971 3704 sapientia

393 3723 542 3778 verbi
568 3737 795 3779 evacues
824 3737 1036 3777 crucem
1063 3720 1260 3777 Christi
1288 3722 1330 3794 (Ι
1360 3722 1480 3779 Cor.
1524 3740 1560 3789 ι,
1595 3726 1720 3796 17);
1760 3727 1848 3797 qui
1878 3741 1974 3797 pro

387 3815 633 3870 omnibus
660 3829 756 3884 pro
780 3814 972 3885 quibus
999 3823 1240 3870 mortuus
1264 3823 1365 3879 est,
1399 3814 1451 3869 in
1482 3815 1675 3885 quibus
1695 3824 1747 3870 et
1771 3824 1822 3870 te
1847 3832 1976 3871 eon-

392 3906 574 3962 ﬁtente
598 3915 723 3960 sunt
751 3905 976 3976 parvuli,
1004 3906 1058 3960 in
1083 3906 1454 3964 remissionem
1487 3916 1828 3977 peccatorum
1849 3921 1972 3963 san-

387 3998 603 4068 guinem
634 3996 768 4052 fudit
792 3998 817 4051 ἲ

458 4089 676 4149 XXXII.
705 4089 825 4146 ἔω..
856 4089 1087 4157 Veniat,
1127 4089 1281 4145 verbi
1305 4091 1505 4159 gratia,
1540 4090 1591 4145 in
1622 4091 1972 4162 qumstionem

388 4180 569 4236 Colias
593 4222 607 4247 ,
638 4195 746 4250 quo
774 4179 933 4235 fuerit
961 4178 1183 4234 aﬁ‘ectus
1220 4180 1404 4234 colore
1426 4221 1441 4245 ,
1484 4192 1539 4235 et
1568 4197 1704 4236 unus
1733 4198 1854 4237 eum
1896 4183 1977 4237 ni-

387 4289 562 4341 grum,
587 4272 722 4327 alter
757 4270 1043 4326 candidum
1069 4269 1235 4325 fuisse
1259 4270 1543 4326 conﬁrmet
1576 4290 1589 4326 :
1615 4271 1827 4327 diversa
1858 4272 1974 4329 haec

386 4366 568 4436 opinio
593 4374 765 4435 potest
790 4374 1013 4434 utraque
1035 4362 1168 4418 falsa
1190 4405 1205 4430 ,
1248 4372 1471 4433 utraque
1493 4372 1671 4419 autem
1703 4379 1826 4419 vera
1854 4380 1976 4421 esse

389 4474 494 4512 non
524 4466 716 4527 potest.
740 4457 856 4513 Non
883 4458 1027 4514 enim
1057 4465 1234 4527 potest
1269 4471 1391 4512 esse
1429 4471 1638 4523 verum,
1669 4457 1877 4527 nigrum
1910 4459 1975 4513 il-

388 4549 498 4602 lum
547 4547 728 4611 fuisso.
769 4548 814 4601 si
853 4547 1111 4602 candidus
1152 4545 1252 4601 fuit
1276 4561 1522 4617 semper;
1566 4555 1657 4601 aut
1685 4548 1971 4603 candidum

388 4637 574 4703 fuisse,
622 4638 667 4691 si
716 4638 868 4707 niger
916 4639 1063 4692 omni
1111 4645 1269 4692 aetate
1316 4640 1628 4708 permansit.
1676 4638 1800 4694 llaec
1846 4655 1974 4711 ergo

392 4739 614 4799 utraque
635 4728 839 4797 opinio,
882 4743 1002 4799 qua:
1030 4729 1185 4783 simul
1215 4744 1340 4784 vera
1376 4744 1497 4785 esse
1521 4746 1626 4785 non
1655 4740 1867 4801 potest,
1896 4733 1971 4787 si-

389 4824 499 4877 mul
540 4823 669 4879 falsa
699 4822 950 4879 essehoc
989 4821 1151 4876 modo
1190 4830 1396 4892 potest;
1438 4824 1483 4877 si
1536 4839 1635 4879 nec
1668 4824 1928 4880 candidus
1953 4869 1968 4893 ,

389 4930 487 4970 nec
516 4914 704 4984 niger,
752 4913 846 4969 sed
874 4913 1043 4968 ﬂavus
1084 4912 1203 4982 ejus
1243 4913 1395 4967 color
1436 4912 1570 4980 fuit;
1617 4915 1703 4970 vel
1744 4915 1970 4972 infracto

385 5007 639 5070 candore,
673 5020 772 5060 nec
799 5014 975 5060 tamen
1007 5004 1177 5060 infusa
1214 5004 1492 5073 nigredine
1514 5047 1530 5071 ,
1574 5021 1640 5061 ex
1681 5008 1969 5063 contrariis

387 5096 726 5152 mediocriter
750 5104 1096 5164 temperatus.
1126 5093 1359 5150 Facilius
1385 5109 1515 5165 ergo
1545 5111 1633 5150 res
1660 5096 1887 5152 diversae
1914 5105 1969 5151 et

382 5186 667 5246 contraria:
690 5186 869 5256 negari
895 5196 1117 5255 possunt
1140 5187 1356 5257 pariter,
1381 5202 1540 5257 quam
1563 5188 1761 5257 pariter
1777 5203 1971 5258 appro-

385 5280 520 5336 bari.
552 5277 658 5333 Ista
679 5284 857 5332 autem
883 5276 1174 5342 contraria,
1203 5293 1323 5347 quae
1354 5278 1584 5333 medium
1612 5293 1718 5332 non
1747 5278 1965 5345 habent,

387 5381 444 5425 ut
468 5380 595 5441 puta
621 5371 820 5425 bonum
848 5374 904 5422 et
926 5368 1122 5421 malum
1144 5407 1158 5428 .
1181 5367 1380 5436 justum
1406 5376 1461 5423 et
1484 5369 1738 5439 injustam
1763 5410 1777 5433 ,
1810 5370 1965 5424 inno-

385 5465 557 5519 centia
580 5473 637 5517 et
660 5471 858 5526 reatus,
889 5473 946 5516 ιιι
971 5475 1080 5516 uno
1108 5471 1344 5532 tempore
1375 5463 1428 5521 in
1457 5480 1618 5523 unum
1649 5474 1807 5536 atque
1828 5465 1968 5522 idem

451 5678 467 5723 ι
498 5681 765 5745 t'ignterius
776 5713 792 5741 ,
807 5677 1031 5733 eruditio.
1048 5685 1178 5743 ass,
1207 5677 1423 5730 erudiar.

1059 223 1301 279 OPERIS
1342 219 1745 275 ιλιιιιίιιιπιιςτι
1788 218 1963 272 CONT

2099 219 2454 283 JULIANUM,
2497 219 2553 273 S.
2596 219 2957 275 AUGUSTINI

3530 223 3663 278 1250

2081 341 2378 395 convenire
2427 356 2529 395 non
2574 352 2834 412 possunt,
2887 345 2956 397 ita
3010 360 3227 400 necesse
3275 356 3356 401 est
3400 357 3456 402 ut
3497 350 3665 404 altero

2078 445 2262 484 eorum
2295 432 2487 499 posito,
2517 434 2741 487 alterum
2766 434 3054 505 denegetur
3083 455 3094 489 ε
3125 437 3174 491 id
3203 447 3305 501 est,
3335 448 3395 491 ut
3424 438 3503 492 vtl
3535 456 3665 507 pra:-

2078 533 2313 591 ceptnm,
2347 525 2431 578 vel
2458 526 2761 593 consilium,
2801 528 2884 582 vel
2921 528 3287 597 adjumenlum
3313 570 3329 596 ,
3361 548 3465 585 ιιυιι
3494 542 3665 600 potest

2077 616 2237 670 simul
2275 617 2326 670 in
2362 633 2469 672 uno
2509 627 2746 688 tempore
2788 628 2843 674 et
2875 621 3076 690 justum
3107 633 3160 677 et
3202 623 3456 690 injustum
3496 640 3657 687 8856;

2080 707 2149 760 ita
2176 716 2230 760 et
2255 706 2414 760 homo
2434 722 2541 761 non
2565 716 2738 776 potest
2760 724 2867 764 uno
2886 711 3184 781 eodemque
3210 719 3449 781 tempore
3470 723 3523 768 et
3547 730 3667 768 reus

2078 806 2132 851 et
2158 799 2438 862 innocens,
2466 808 2522 852 ct
2548 800 2717 853 bcnus
2746 810 2799 855 et
2827 802 3000 856 malus
3025 818 3165 858 esse.

2149 890 2284 944 Avo.
2311 888 2481 944 Nemo
2505 892 2694 960 quaerit
2722 892 2871 961 cujus
2898 894 3058 949 fuerit
3081 896 3280 950 coloris
3314 896 3498 951 Golias
3527 915 3540 949 :
3570 898 3661 951 sed

2081 987 2134 1032 tu
2162 980 2379 1048 qtneris,
2409 990 2466 1034 ut
2492 980 2782 1048 insidicris,
2815 984 3006 1051 quibus
3033 993 3085 1039 te
3108 986 3381 1041 coloribus
3407 988 3664 1057 versipel-

2080 1068 2144 1123 lis
2176 1068 2435 1124 involvas.
2479 1070 2534 1125 Si
2562 1071 2837 1126 dialectica
2867 1075 2965 1127 ista
2987 1115 3001 1139 ,
3035 1091 3157 1144 quae
3187 1086 3240 1131 te
3266 1092 3370 1130 non
3402 1077 3625 1132 :edilicat
3645 1120 3663 1142 ,

2077 1160 2170 1215 sed
2199 1162 2366 1225 inllat,
2394 1174 2447 1217 et
2472 1164 2777 1229 ridiculum,
2809 1169 3060 1236 quoniam
3091 1169 3107 1199 ι
3138 1168 3556 1238 jactanticulnm,
3589 1171 3664 1225 fa-

2077 1254 2186 1319 cit;
2220 1255 2262 1308 si
2305 1257 2438 1322 hu-c,
2483 1257 2718 1327 inquam,
2751 1258 3054 1328 dialectica,
3098 1277 3216 1331 qua:
3243 1265 3437 1318 asserit
3478 1281 3664 1318 unum-

2076 1362 2337 1417 quemque
2359 1349 2554 1405 bonum
2585 1360 2641 1404 et
2669 1351 2868 1404 malum
2902 1352 3061 1405 simul
3085 1368 3207 1407 esse
3246 1369 3350 1409 non
3377 1370 3556 1425 posse,
3596 1356 3673 1411 ad‘

2077 1437 2222 1507 leges
2249 1439 2555 1495 Christianae
2584 1441 2962 1511 disputationis
2991 1445 3307 1512 admittitur,
3337 1462 3444 1501 non
3485 1459 3660 1517 potest

2076 1542 2198 1582 esse
2223 1545 2360 1583 unus
2387 1529 2547 1585 homo
2583 1530 2744 1585 simul
2770 1541 2821 1586 et
2849 1542 3038 1587 natura
3067 1534 3236 1589 bonus
3261 1575 3277 1599 ,
3319 1545 3374 1590 et
3403 1537 3529 1591 vitio
3554 1553 3667 1593 ma-

2077 1619 2159 1674 lus
2188 1636 2201 1672 :
2234 1620 2375 1690 quod
2408 1629 2582 1675 tamen
2613 1637 2733 1678 esse
2780 1638 2938 1693 posse
2973 1625 3168 1680 clamat
3204 1628 3436 1694 veritas;
3475 1644 3576 1683 nec
3609 1639 3665 1685 tu

2077 1725 2260 1779 negas,
2288 1720 2344 1765 et
2379 1723 2565 1767 contra
2605 1712 2940 1770 dialecticam
2978 1726 3120 1771 tuam
3168 1720 3319 1772 testis
3345 1721 3506 1775 etiam
3552 1720 3667 1791 ipse

2078 1800 2389 1870 produceris
2413 1843 2428 1868 ,
2459 1819 2579 1858 cum
2608 1805 2745 1860 sicut
2782 1822 2842 1861 se
2872 1822 2959 1861 res
2987 1807 3181 1876 habet,
3214 1809 3407 1864 horum
3436 1813 3663 1869 duorum

2076 1907 2194 1962 qua:
2221 1896 2487 1949 contraria
2515 1911 2634 1951 esse
2657 1912 2760 1952 non
2787 1900 3033 1970 ambigis.
3054 1902 3284 1957 alterum
3311 1904 3499 1959 tribuis
3522 1905 3639 1961 Con
3656 1936 3668 1945 ι

2077 1983 2233 2041 ditori
2289 1984 2543 2053 hominis,
2590 1989 2819 2044 alterum
2873 1991 3153 2047 voluntati.
3198 1994 3493 2052 Erubescat
3534 2012 3665 2069 ergo

2075 2080 2356 2136 dialectica
2379 2091 2488 2148 tua,
2508 2093 2561 2137 et
2582 2084 2723 2139 sicut
2744 2094 2797 2139 tu
2813 2085 2881 2140 de
2896 2088 3292 2155 communione,
3317 2090 3387 2144 ita
3404 2101 3457 2146 et
3473 2093 3583 2163 ipsa
3600 2092 3669 2147 de

2076 2175 2472 2230 Catholicorum
2502 2176 2863 2246 disputatione
2887 2179 3131 2235 discedat
3161 2199 3173 2235 :
3208 2182 3253 2235 si
3280 2194 3457 2238 autem
3478 2227 3492 2250 ,
3519 2186 3669 2254 quod

2077 2277 2341 2336 optamus,
2371 2275 2424 2321 tu
2455 2268 2630 2323 redire
2654 2270 2908 2335 volueris,
2938 2270 3069 2325 foris
3099 2273 3209 2342 ipsa
3239 2286 3536 2330 remaneat.

2148 2358 2384 2414 XXXIII.
2407 2360 2525 2415 JUL.
2552 2361 2633 2415 Ad
2660 2376 2874 2416 causam
2894 2363 3068 2433 itaque
3086 2363 3381 2420 referantur
3395 2368 3666 2438 exempla.

2080 2451 2147 2507 Ut
2174 2462 2450 2521 parentum
2483 2463 2699 2522 peccata
2748 2454 2869 2510 ﬁliis
2914 2456 3260 2525 imputentur,
3293 2467 3347 2511 et
3392 2470 3670 2527 parentum

2076 2554 2291 2615 peccata
2315 2546 2437 2600 ﬁliis
2464 2562 2571 2601 non
2621 2548 2961 2617 imputentur,
2995 2564 3096 2603 non
3128 2558 3301 2618 potest
3329 2551 3429 2605 hoc
3460 2560 3672 2605 utrum-

2076 2650 2181 2706 que
2228 2637 2550 2690 contrarium
2588 2640 2786 2707 pariter
2808 2640 3008 2708 justum
3030 2640 3242 2710 probari
3274 2660 3287 2695 :
3317 2642 3411 2695 sed
3448 2642 3494 2695 si
3516 2644 3675 2711 justi-

2079 2727 2148 2780 tia
2176 2735 2278 2793 est,
2304 2730 2666 2796 generantium
2698 2730 2935 2785 sobolem
2973 2746 3116 2784 ream
3168 2732 3415 2795 teneri';
3451 2748 3672 2787 necesse

2076 2827 2230 2873 estut
2248 2817 2502 2887 injustitia
2527 2819 2615 2884 sit,
2642 2821 2686 2873 si
2721 2832 2937 2895 propter
2984 2821 3169 2876 eadem
3200 2833 3415 2891 peccata
3442 2838 3532 2877 rea
3560 2840 3667 2878 non

2076 2923 2195 2965 esse
2210 2910 2435 2964 dicatur.
2474 2911 2540 2965 Et
2567 2912 2702 2965 sicut
2741 2912 2940 2967 bonum
2977 2922 3060 2968 est
3092 2912 3234 2980 juste
3259 2913 3568 2983 praeripere,
3600 2914 3672 2968 ita

2077 3004 2275 3057 malum
2298 3012 2379 3058 est
2410 3004 2603 3072 injuSte
2628 3004 2915 3074 quidquam
2938 3004 3128 3075 jubere
3157 3023 3170 3058 :
3196 3015 3250 3060 et
3295 3008 3535 3076 quamvis
3576 3023 3666 3062 res

2077 3097 2356 3166 perspicua
2406 3096 2826 3166 argumentando
2852 3098 3023 3152 levior
3056 3096 3166 3158 ﬁat,
3194 3106 3367 3153 tamen
3421 3097 3672 3166 quoniam

2077 3202 2290 3242 causam
2316 3188 2369 3241 in
2392 3188 2635 3242 absoluto
2661 3188 2888 3256 positam
2935 3188 3084 3257 juvat
3113 3190 3272 3243 etiam
3319 3188 3449 3257 legis
3476 3188 3674 3243 divinae

2078 3279 2399 3333 conﬁrmare
2439 3278 2704 3349 sull'ragiis
2727 3321 2742 3345 ,
2791 3279 3146 3334 inluercamus
3172 3279 3294 3333 huic
3322 3278 3458 3343 loco,
3488 3280 3540 3333 iu
3566 3296 3675 3349 quo

2076 3369 2398 3439 quicumque
2425 3384 2553 3425 sana
2585 3380 2764 3424 mente
2783 3371 3104 3436 constiterit,
3136 3386 3229 3440 per
3246 3380 3506 3440 praerupta
3525 3386 3647 3440 qua:
3663 3400 3676 3412 -

2076 3464 2305 3518 stionum
2336 3464 2673 3533 prmsentium
2716 3479 2898 3519 errare
2938 3479 3045 3517 non
3098 3464 3307 3519 sinitur.
3364 3464 3675 3533 Acquiescis

2078 3554 2256 3623 igitur,
2299 3554 2638 3608 annuntiator
2666 3555 2925 3609 naturalis
2954 3554 3099 3620 mali,
3157 3556 3522 3624 praseriptum
3549 3570 3673 3610 esse

2078 3644 2194 3714 lege
2239 3644 2371 3712 Dei,
2416 3660 2483 3700 ne
2523 3644 2614 3698 lilii
2661 3645 2947 3714 puniantur
2994 3647 3047 3699 in
3099 3646 3327 3716 peccatis
3368 3654 3671 3715 parentum.

2078 3738 2337 3808 Agnoscis
2359 3738 2541 3805 etiam,
2565 3752 2668 3792 non
2696 3737 2851 3792 aliter
2889 3737 2991 3793 hoc
3021 3746 3341 3808 prteceptnm
3367 3738 3434 3791 ab
3463 3737 3552 3791 illo
3577 3752 3689 3807 po-.

2076 3828 2206 3899 pulo
2235 3827 2558 3882 intellectum
2605 3826 2787 3895 fuisse,
2819 3843 3020 3898 quama
3044 3828 3197 3883 nobis
3226 3843 3365 3883 nunc
3386 3828 3675 3883 observan-

2078 3921 2203 3975 dum
2225 3919 2542 3975 defenditur.
2577 3920 2643 3974 Et
2682 3920 2800 3975 ideo
2828 3936 3004 3990 regem
3048 3920 3343 3975 Amessiam
3394 3921 3675 3989 pratccptis

2079 4010 2172 4065 Dei
2202 4009 3019 4080 obedientem,indignationem,
3059 4025 3217 4080 quam
3267 4010 3334 4064 de
3362 4011 3525 4080 patris
3578 4012 3666 4064 sui

2080 4101 2444 4156 internecione
2482 4109 2821 4171 conceperat,
2877 4099 3128 4155 laudabili
3166 4100 3531 4155 moderatione
3556 4098 3674 4155 frc-

2078 4207 2234 4247 nasse
2259 4208 2274 4258 ;
2305 4200 2465 4262 atque
2492 4192 2684 4247 occisis
2723 4192 2804 4246 sui
2832 4192 3071 4263 parentis
3100 4191 3525 4260 percussoribus,
3577 4206 3674 4245 eo~

2077 4298 2196 4338 rum
2222 4291 2395 4338 tamen
2429 4282 2549 4336 ﬁliis
2580 4297 2686 4336 non
2737 4296 2832 4352 per
2861 4282 3144 4351 ignaviam,
3176 4281 3268 4337 sed
3296 4297 3391 4352 per
3410 4283 3673 4352 justitiam

2079 4372 2683 4442 pepercisse.Laudatur
2708 4372 2921 4442 quidem
2952 4372 3240 4436 Amessias,
3259 4384 3314 4427 et
3337 4371 3441 4426 hoc
3468 4386 3672 4426 secun-

2076 4463 2204 4517 dum
2245 4462 2337 4517 Dei
2387 4461 2617 4516 refertur
2661 4461 2851 4516 fecisse
2896 4462 3100 4531 legem;
3157 4461 3673 4530 commendatorque

2076 4552 2321 4608 obcdisse
2346 4553 2603 4608 voluntati
2633 4552 2838 4606 Domini
2865 4571 2877 4605 :
2907 4552 3000 4607 sed
3031 4561 3207 4606 tamen
3248 4552 3543 4608 infuscatus
3564 4568 3665 4606 va-

2078 4644 2257 4699 nitatis
2274 4644 2512 4714 reliquiis
2546 4658 2653 4698 non
2683 4652 2903 4710 tacetur,
2925 4651 2980 4698 et
3006 4643 3305 4698 ostenditur
3326 4643 3668 4698 devotionem

2079 4735 2243 4790 David
2288 4736 2451 4805 patris
2500 4735 2580 4789 sui
2628 4735 2866 4789 imitatus
2904 4750 3009 4788 non
3049 4749 3210 4791 esse:
3244 4735 3331 4790 hic
3368 4745 3541 4790 tamen
3596 4738 3671 4790 ah

2077 4830 2164 4885 illa
2190 4828 2400 4900 generis
2424 4828 2507 4883 sui
2548 4826 2827 4881 sanctitate
2851 4825 3201 4897 degenerans,
3232 4827 3400 4882 tenuit
3433 4827 3485 4880 in
3523 4824 3673 4896 judi-

2075 4921 2161 4976 cio
2185 4918 2608 4975 commendatam
2635 4917 2810 4972 divina
2840 4917 2956 4986 lege
2971 4916 3252 4986 justitiam,
3286 4925 3485 4971 tantum
3511 4931 3669 4970 reve-

2076 5014 2245 5069 rentia
2292 5014 2586 5083 perspicua“:
2624 5011 2889 5082 aequitatis
2918 5011 3145 5066 valebat.
3196 5010 3330 5077 Quid
3370 5026 3501 5082 ergo
3537 5012 3667 5067 mali

2076 5104 2208 5160 ﬁdes
2260 5112 2349 5159 tua
2390 5103 2775 5173 complectatur
2819 5101 3092 5173 expende:
3126 5100 3264 5158 hanc
3332 5102 3667 5172 iniquitatem

2075 5198 2185 5253 Deo
2212 5197 2485 5264 admoves,
2506 5211 2663 5267 quem
2695 5205 2951 5249 :rternum
2985 5202 3037 5249 et
3062 5195 3205 5263 pium
3232 5204 3286 5249 ct
3308 5194 3508 5264 justum
3526 5195 3667 5248 fate-

2074 5303 2211 5352 mur,
2240 5302 2398 5359 quam
2423 5301 2526 5342 nec
2551 5284 2801 5356 superbia
2827 5285 3124 5355 purpurati,
3177 5272 3279 5339 nec
3314 5284 3467 5338 dolor
3511 5300 3668 5338 com-

2074 5380 2218 5435 misit
2246 5379 2437 5435 orbati.

2139 5560 2156 5592 ι
2182 5559 2338 5621 vign.,
2372 5568 2531 5620 quam.
2555 5562 2683 5612 Mss,
2708 5553 2946 5621 quatient.
2986 5613 3000 5621 _
3299 5614 3311 5621 -
3529 5571 3544 5587 .

2138 5623 2158 5652 ³
2182 5613 2467 5681 τὶξιιίὲνὶἰιε,
2490 5631 2583 5668 non
2606 5613 2773 5668 teneri.
2802 5613 3032 5666 t‘articula
3056 5626 3243 5677 negans
3270 5614 3411 5665 abest
3443 5626 3471 5664 ι
3493 5627 3667 5666 manu-

2047 5682 2260 5743 scriptis.
