3962 6180
306 266 431 319 1261

369 380 501 433 Anc.
537 376 805 429 Amcssias
835 372 996 427 homo
1025 371 1141 434 fuit,
1179 372 1261 424 cui
1291 384 1393 423 noa
1434 370 1622 422 licebat
1646 369 1884 437 judicare

300 470 363 523 de
390 467 633 531 occultis,
665 481 784 535 quae
809 478 965 518 nosse
991 478 1093 516 non
1120 471 1326 531 poterat
1349 478 1361 513 :
1397 460 1516 513 ideo
1563 468 1886 526 prreeeptum

300 559 438 630 quod
462 559 645 612 datum
683 565 766 611 est
793 555 993 609 homini
1041 554 1091 607 in
1118 553 1317 622 judicio
1349 566 1449 606 suo
1477 550 1664 616 tenuit,
1690 559 1747 603 ut
1792 565 1886 619 pro

302 659 516 721 peccato
537 659 813 720 parentum
842 663 947 700 non
974 645 1240 700 occideret
1271 643 1426 697 ﬁlios.
1472 644 1754 698 Peccatum
1787 656 1888 694 au-

301 751 527 797 tcmtam
554 754 824 810 magnum,
868 745 927 791 ut
948 744 1179 791 verteret
1205 736 1220 766 ¹
1245 735 1297 788 in
1333 742 1598 797 naturam,
1629 731 1767 801 quod
1796 747 1890 799 per

304 847 463 885 unum
494 832 760 884 hominem
789 828 1001 882 intravit
1025 826 1077 879 in
1107 824 1384 888 mundum,
1409 825 1524 876 sine
1566 837 1672 891 quo
1712 822 1888 875 nullus

304 922 465 976 homo
492 920 742 982 nascitur,
773 918 1038 988 quomodo
1078 924 1258 985 posset
1291 915 1357 968 ab
1384 913 1686 968 hominibus
1712 911 1891 966 vindi-

301 1014 431 1076 cari,
454 1009 880 1082 quandoquidem
911 1009 981 1062 ita
1003 1008 1055 1061 in
1084 1020 1272 1061 omnes
1293 1004 1536 1059 homines
1557 1017 1678 1058 cum
1709 1011 1882 1057 morte

305 1104 629 1177 pertransiit,
661 1102 780 1156 utei
812 1115 965 1170 poena
985 1114 1080 1154 sua
1107 1098 1178 1152 sit
1196 1111 1377 1151 comes
1412 1109 1578 1163 usque
1623 1093 1689 1147 ad
1720 1093 1885 1147 inter-

306 1199 439 1251 itum
466 1195 865 1264 sempiternum,
891 1190 991 1244 nisi
1016 1189 1102 1243 ubi
1119 1188 1292 1244 divina
1319 1188 1482 1257 gratia
1495 1184 1889 1255 generationem

308 1285 706 1357 regeneratione
726 1281 995 1337 sanaverit
1020 1280 1047 1334 ἲ
1093 1279 1204 1334 Hoc
1243 1292 1373 1348 ergo
1400 1276 1464 1329 ad
1490 1276 1583 1330 Dei
1606 1274 1885 1344 judicium,

310 1394 412 1431 non
442 1377 508 1430 ad
553 1374 822 1429 hominum
858 1373 1104 1443 pertinet,
1158 1371 1294 1426 sicut
1333 1370 1434 1424 alia
1468 1368 1653 1433 multa,
1683 1368 1751 1423 de
1776 1368 1893 1437 qui-

310 1470 408 1523 bus
438 1467 680 1521 homines
702 1464 941 1534 judicare
982 1461 1202 1516 omnino
1247 1474 1351 1514 non
1373 1468 1618 1529 possunt.
1663 1459 1726 1511 Et
1773 1456 1893 1510 ideo

311 1559 463 1613 aliter
493 1555 761 1610 mandavit
803 1552 1004 1607 homini
1031 1558 1278 1621 parentes
1305 1558 1359 1604 et
1402 1550 1535 1602 ﬁlios
1574 1546 1891 1617 judicandos

309 1650 414 1718 jam
440 1647 723 1717 separatim
768 1644 1012 1716 proprias
1048 1644 1183 1697 vitas
1217 1650 1433 1711 agentes
1460 1640 1670 1704 ',alitcr
1716 1647 1893 1694 autem

312 1740 558 1811 judicavit
587 1740 719 1809 ipse,
747 1736 960 1807 quando
980 1733 1456 1805 prtevaricatricem
1475 1741 1715 1786 naturam
1734 1745 1890 1800 quam

317 1838 534 1884 noverat
574 1830 626 1882 in
683 1828 880 1892 radice,
927 1822 1168 1896 quamvis
1212 1820 1443 1877 nondum
1496 1821 1809 1890 pullulasset
1842 1820 1894 1874 in

313 1919 547 1989 germine
571 1958 587 1986 ,
641 1917 928 1973 secundum
992 1913 1386 1969 inscrutabilem
1434 1910 1692 1981 justitiam
1747 1924 1897 1964 suam

314 2026 429 2066 cum
455 2013 620 2080 stirpe
639 2009 926 2065 damnavit.
958 2008 1273 2062 liberaturus
1319 2004 1387 2058 ab
1413 2003 1513 2057 hac
1557 2002 1897 2057 damnatione

312 2118 443 2171 quos
468 2102 646 2162 vellet.
677 2116 772 2171 per
822 2098 1044 2169 gratiam
1084 2094 1429 2149 nihilominus
1453 2090 1848 2145 inscrutabilem
1883 2108 1895 2143 :

309 2194 555 2263 quamvis
575 2201 630 2245 et
648 2190 928 2259 separatim
951 2187 1058 2257 jam
1082 2185 1387 2240 viventibus
1430 2183 1550 2237 ﬁliis
1569 2190 1783 2252 peccata
1809 2195 1898 2235 se-

310 2284 538 2354 paratim
563 2281 848 2336 viventium
876 2277 1104 2333 reddidit
1141 2286 1346 2346 patrum
1369 2292 1382 2326 :
1412 2272 1552 2343 quod
1575 2273 1734 2328 licere
1755 2270 1899 2340 judi-

309 2375 451 2428 canti
492 2373 691 2426 homini
749 2370 912 2424 noluit
939 2386 953 2433 ;
978 2367 1096 2438 quia
1157 2365 1300 2420 novit
1340 2365 1452 2433 ipse
1496 2378 1591 2418 cur
1631 2362 1747 2416 hme
1789 2361 1899 2429 ipsa

313 2464 517 2520 faciat'
560 2462 774 2533 quando
822 2460 964 2525 facit,
1022 2458 1072 2513 id
1122 2465 1302 2511 autem
1346 2454 1572 2509 humana
1621 2452 1899 2508 inﬁrmitas

314 2556 500 2610 nescit.

386 2643 621 2701 XXXIV.
646 2642 760 2697 Jun.
791 2641 986 2695 Verum
1005 2647 1059 2692 ut
1094 2650 1379 2705 urgeamus
1416 2634 1587 2688 locum
1623 2630 1901 2688 :constitit

315 2751 506 2807 nempe
535 2733 848 2803 iujustitiam
883 2731 994 2784 Deo
1036 2728 1311 2782 adhaerere
1336 2738 1441 2778 non
1498 2736 1674 2792 posse,
1704 2721 1897 2775 consti-

317 2830 377 2882 tit
405 2830 565 2883 etiam
592 2825 662 2880 ah
714 2825 830 2894 ipso
855 2836 976 2876 esse
1003 2818 1387 2890 praescriptum,
1437 2830 1505 2869 ne
1547 2813 1725 2868 obsint
1777 2811 1901 2866 ﬁliis

315 2926 531 2992 peccata
583 2912 967 2986 generantium.
1014 2907 1255 2964 Asseruit
1290 2905 1502 2976 quidem
1548 2902 1659 2971 ipsa
1710 2901 1900 2969 prmci-

317 2991 508 3081 pientis
521 3009 769 3077 dignitas,
791 3005 840 3058 in
842 3004 1042 3074 justum
1063 3000 1114 3054 id
1126 3013 1245 3054 esse
1262 2995 1401 3066 quod
1422 2994 1683 3064 prohibet.
1709 2991 1897 3053 Porro,

315 3080 373 3157 ut
396 3114 616 3171 agamus
647 3107 817 3153 tecum
841 3093 1128 3156 liberalius,
1152 3085 1505 3158 respondendi
1544 3084 1713 3141 tribuo
1738 3080 1902 3135 faculv

317 3207 478 3250 latent
510 3193 575 3248 de
599 3193 680 3246 his
700 3190 904 3245 duabus
924 3186 1280 3257 opinionibus,
1316 3198 1446 3252 quas
1471 3195 1631 3252 supra
1656 3178 1900 3233 cominus

319 3286 499 3357 posui,
526 3286 576 3338 id
606 3291 708 3345 est,
734 3292 789 3336 ut
822 3282 1149 3350 imputantur
1190 3282 1405 3346 peccata
1442 3279 1719 3339 parentum
1758 3266 1901 3333 filiis,

316 3355 406 3429 vel
450 3390 557 3429 non
599 3373 961 3441 imputentur;
998 3380 1155 3437 quam
1208 3373 1361 3434 putas
1401 3360 1545 3417 credi
1589 3358 1848 3429 justitiam
1883 3355 1906 3387 ⁸

316 3464 561 3520 debere?
585 3463 641 3518 Si
674 3460 874 3516 dixeris
902 3467 1043 3513 tuam
1095 3453 1337 3526 quamvis
1380 3452 1541 3506 etiam
1570 3450 1757 3504 ultimo
1777 3461 1906 3502 con-

317 3557 507 3610 venire
550 3553 752 3623 judicio
780 3552 838 3617 ⁸;
866 3547 1061 3612 refero,
1113 3556 1289 3600 utrum
1326 3543 1470 3596 illam
1497 3555 1614 3610 quae
1652 3536 1907 3592 remansit

319 3657 583 3712 nostram,
611 3646 806 3713 justam
834 3657 902 3696 an
947 3639 1193 3708 injustam
1235 3642 1408 3705 putes.
1461 3631 1587 3687 Sine
1615 3629 1775 3684 dubio
1803 3629 1906 3682 ini-

317 3751 480 3806 quam
512 3727 1121 3804 pronuntiahis.Ath:ec
1168 3724 1298 3793 legis
1341 3720 1657 3775 auctoritate
1704 3724 1896 3772 costo-

317 3824 517 3881 dienda
544 3822 842 3877 mandatur.
874 3817 1034 3873 Vides
1059 3828 1186 3885 ergo
1212 3825 1374 3866 unum
1413 3806 1714 3864 necessario
1736 3819 1905 3859 rema-

318 3930 457 3971 nere
471 3913 539 3968 dc
569 3911 739 3966 tribus
769 3929 781 3965 :
810 3915 983 3963 utaut
1018 3906 1191 3975 legem
1241 3901 1332 3955 Dei
1385 3897 1598 3953 fatearis
1636 3895 1904 3964 injustam,

258 3984 270 3991 ’
316 4007 439 4060 imo
466 3986 747 4074 per'legem
779 3999 944 4055 Deum
970 3997 1142 4066 ipsum
1196 3988 1489 4059 iniquitatis
1533 3998 1787 4047 accuses;
1818 3991 1911 4037 aut

317 4104 479 4153 certe
515 4093 584 4150 ad
621 4106 808 4148 vocem
858 4086 1129 4157 confugias
1165 4082 1541 4153 magistrorum
1589 4086 1823 4142 tuorum,
1845 4084 1903 4131 et

316 4186 482 4242 dicas
512 4184 681 4253 legem
711 4195 830 4251 quac
854 4193 950 4249 per
975 4177 1190 4247 Moysen
1215 4172 1337 4227 data
1368 4178 1469 4234 est,
1502 4184 1531 4221 a
1556 4168 1665 4223 Deo
1692 4173 1783 4220 tuo
1804 4180 1909 4218 non

321 4275 499 4330 fuisse
527 4271 827 4327 mandatam
856 4284 871 4333 ;
900 4275 992 4321 aut
1015 4265 1059 4319 si
1085 4263 1189 4317 hoc
1208 4273 1489 4328 utrumque
1537 4256 1776 4327 proferre
1804 4268 1910 4307 non

320 4365 523 4429 audes,
547 4362 818 4418 traducem
841 4356 1040 4428 peccati
1056 4353 1221 4409 asseri
1246 4359 1427 4406 contra
1442 4347 1573 4418 legis
1595 4347 1911 4401 documenta

319 4466 380 4513 et
406 4461 680 4527 praecepta
726 4449 958 4505 fatearis.
992 4444 1174 4513 Neque
1222 4441 1363 4496 enim
1416 4437 1551 4492 adeo
1598 4446 1647 4490 te
1671 4435 1917 4505 desipere

323 4526 500 4618 posse
514 4541 838 4600 credendum
859 4547 959 4603 est,
987 4545 1045 4591 ut
1061 4535 1207 4590 dicas
1230 4532 1395 4586 Deum
1411 4528 1669 4599 justitiam
1699 4526 1913 4597 quidem

323 4639 384 4692 in
422 4634 727 4705 praeceptis,
759 4631 812 4685 in
830 4626 1046 4698 iudiciis
1065 4638 1192 4679 vero
1222 4621 1553 4692 iniquitatem
1576 4627 1759 4673 tenere
1782 4632 1797 4681 ;
1824 4623 1917 4670 aut

321 4737 487 4784 certe
504 4722 796 4780 secundum
826 4719 1015 4789 dogma
1058 4723 1313 4777 vestrum,
1347 4711 1399 4765 in
1443 4708 1656 4780 judiciis
1702 4706 1916 4778 quidem

322 4832 559 4874 servare
580 4814 861 4885 justitiam,
909 4806 1191 4879 prtcceptis
1233 4811 1410 4858 autem
1456 4799 1785 4871 iniquitatem
1822 4797 1919 4852 do-

397 5000 420 5027 ·
446 4992 613 5041 codex
652 4998 782 5047 Man,
814 4990 1093 5047 verteretur.
1119 4982 1222 5047 Alii,
1243 4990 1367 5047 Mss,
1401 4982 1605 5047 verteret
1631 4989 1655 5047 :7
1685 4974 1812 5047 quod
1850 4975 1928 5024 hic

359 5036 927 5113 assive—tt‘surjfaturﬁtt
954 5036 1000 5096 in
1024 5044 1105 5094 ilio
1128 5044 1357 5113 ambrosii
1386 5052 1519 5113 saepe
1549 5036 1925 5113 citato'loco’e‘x

346 5104 423 5166 il).
454 5117 488 5164 7
513 5116 562 5164 in
582 5104 699 5161 Luc?
717 5124 781 5161 xu
801 5104 881 5174 is
900 5117 1106 5174 Quorum
1131 5106 1244 5154 licet
1264 5104 1499 5174 dissensio
1536 5112 1626 5162 per
1649 5104 1929 5161 [ξι-ξενωθεὶ-

334 5200 359 5227 ί
385 5181 583 5227 tionem
604 5174 740 5237 primi
759 5171 963 5221 hominis
984 5172 1031 5217 in
1056 5174 1271 5237 naturam
1291 5171 1509 5232 verterit.
1532 5177 1601 5237 Im

399 5217 1014 5289 ivv'i‘éiiilsiiiig‘."éi7im.
1064 5229 1182 5276 Clar.
1209 5262 1224 5284 ,
1280 5221 1474 5289 propria
1521 5219 1632 5270 vitia
1688 5217 1924 5289 ltﬂDtﬂ!€§.

328 5287 654 5352 Praetulimus
671 5297 747 5344 hic
764 5294 1027 5342 lectionem
1052 5290 1238 5352 veteris
1249 5287 1430 5336 codicis
1447 5292 1710 5352 Portarum.
1731 5287 1932 5352 itamsc

328 5337 1024 5419 i-{iI-“s'tfxiiiiiigagiihiiénilis,
1044 5337 1149 5413 cap.
1179 5349 1240 5398 58
1263 5360 1276 5397 :
1303 5343 1561 5410 separatim
1579 5340 1744 5407 procul
1768 5337 1932 5399 dubio,
1962 5400 1969 5404 ἓ

332 5422 535 5516 inquit,
556 5433 667 5468 suus
691 5420 809 5466 ritas
832 5420 996 5477 agunt.
1058 5471 1068 5481 α
1276 5468 1288 5479 .

464 5481 633 5530 Codex
656 5487 798 5535 Port.,
831 5489 918 5526 cur
940 5475 1027 5524 hoc
1048 5475 1169 5533 male
1190 5471 1351 5534 furuit.

402 5541 837 5602 ‘lt'orte,justum.
900 5601 903 5602 ν
1059 5594 1146 5602 ’Μ
1187 5592 1200 5602 ε
1275 5592 1301 5602 ,Α
1379 5588 1415 5602 Α,
1460 5589 1488 5602 Η
1590 5587 1599 5598 ο

405 5609 430 5639 ο
473 5591 814 5658 Μωρὶξειωη.
837 5601 971 5656 Crit.,
987 5611 1042 5660 _p.
1058 5594 1172 5660 534,
1187 5592 1310 5656 legit
1333 5605 1345 5640 :
1367 5591 1415 5640 Si
1438 5591 1622 5641 diariis
1646 5595 1775 5638 (eam
1794 5599 1936 5648 quam

332 5670 411 5724 ris
437 5664 592 5716 etiam
615 5655 784 5712 ultimo
804 5655 1047 5711 murmure
1060 5655 1263 5720 judiao.
1330 5660 1385 5702 tt.

1675 253 1874 307 UBER
1917 253 2233 309 TERTIUS.

3440 256 3578 313 19.62

1999 383 2123 421 cere
2153 388 2163 420 :
2196 369 2333 437 quod
2364 370 2482 422 licet
2504 370 2746 440 superius
2780 372 3062 439 egerimus,
3094 387 3231 426 nunc
3279 383 3451 427 tamen
3477 391 3572 431 ne-

1998 461 2230 514 cessario
2257 462 2614 530 n-petiviutus.

2071 553 2203 606 Avo.
2234 548 2429 604 Odiosc
2458 552 2673 620 repetis,
2717 553 2858 621 quod
2907 563 3079 609 otiose
3120 555 3349 621 loqueris
3383 574 3396 611 :
3424 567 3575 611 vacat

1998 640 2140 695 enim
2191 640 2283 694 tibi
2338 642 2550 695 easdem
2605 657 2688 695 res
2731 643 3050 711 loquacitate
3105 646 3404 713 revolvere,
3446 663 3578 716 quas

2000 744 2106 782 non
2146 736 2302 798 potes
2345 744 2589 783 asserere
2638 731 2902 797 veritate;
2932 741 2987 787 et
3027 733 3205 788 dicere
3240 749 3354 789 sme
3398 736 3575 799 modo,

2001 833 2120 888 qua:
2164 829 2405 875 astruere
2445 836 2547 875 non
2585 822 2729 876 vales
2756 824 2862 877 ullo
2891 825 3067 879 modo.
3097 825 3186 880 \‘is
3227 828 3365 882 enim
3411 829 3578 882 videri

2002 910 2138 966 inter
2165 927 2223 967 se
2244 927 2362 967 esse
2387 912 2492 967 duo
2523 913 2619 967 ista
2648 916 2932 982 contraria,
2952 916 3101 971 reddi
3128 917 3178 971 iu
3212 918 3345 973 ﬁlios
3366 928 3577 989 peccata

2000 1010 2230 1071 patrum,
2264 1013 2423 1072 etpro
2442 1008 2667 1072 peccatis
2685 1014 2888 1074 patrum
2920 1007 3058 1062 ﬁlios
3087 1024 3191 1063 non
3209 1024 3330 1065 esse
3355 1010 3579 1081 punien-

1999 1093 2099 1148 dos
2127 1111 2141 1148 :
2169 1095 2318 1164 quasi
2365 1111 2462 1165 ego
2502 1111 2662 1150 unum
2691 1095 2877 1151 horum
2918 1098 3110 1166 dicam,
3153 1100 3376 1157 alterum
3421 1102 3573 1159 Deus.

2001 1181 2194 1252 Surde,
2222 1192 2503 1256 utrumque
2534 1185 2675 1239 Deus
2719 1186 2881 1253 dixit;
2912 1202 3038 1259 ergo
3069 1200 3356 1262 utrumque
3376 1193 3576 1261 justum

2000 1287 2102 1342 est,
2133 1279 2253 1348 quia
2272 1278 2447 1347 justus
2476 1278 2575 1333 hoc
2607 1278 2760 1333 dixit.
2788 1278 2893 1334 Sed
2920 1281 3059 1350 quod
3100 1282 3239 1337 inter
3282 1299 3340 1337 se
3368 1293 3580 1338 contra-

2002 1367 2249 1423 ria'Deus
2276 1382 2381 1422 non
2418 1368 2490 1422 sit
2517 1369 2744 1435 loculus,
2782 1379 2838 1423 ut
2868 1371 3148 1442 intelligas,
3172 1373 3261 1426 Dei
3297 1372 3494 1442 judicis
3518 1386 3573 1428 et

2002 1459 2231 1513 hominis
2278 1458 2470 1528 judicis
2519 1474 2615 1528 pro
2666 1459 2971 1515 diversitate
3012 1475 3289 1517 causarum
3335 1463 3580 1519 discerne

2000 1551 2401 1620 personaszita
2431 1567 2528 1605 nec
2574 1551 2739 1606 Deum
2785 1553 3029 1621 quamvis
3069 1554 3122 1608 in
3172 1554 3309 1610 ﬁbos
3366 1565 3574 1626 patrum

2002 1650 2220 1711 peccata
2272 1640 2603 1708 reddentem,
2636 1658 2785 1697 reum
2828 1642 3014 1711 facies,
3046 1659 3146 1700 nec
3187 1646 3457 1702 hominem
3504 1649 3583 1703 sic

1996 1731 2234 1801 judicare
2246 1733 2551 1802 compelles.
2573 1733 2676 1788 Sed
2704 1742 2757 1788 tu
2778 1733 2882 1787 duo
2904 1734 3002 1788 ista
3031 1735 3176 1788 velut
3198 1739 3338 1790 inter
3360 1751 3419 1790 se
3448 1753 3578 1792 con-

2003 1823 2184 1889 traria,
2210 1830 2349 1876 tanta
2395 1823 2693 1892 prolixitate
2735 1832 2789 1879 et
2830 1824 3179 1894 perplexitate
3211 1827 3581 1896 disputationis

2004 1931 2108 1969 non
2138 1917 2209 1970 ob
2227 1915 2367 1970 aliud
2387 1917 2512 1970 mihi
2544 1917 2749 1986 objicis,
2775 1918 2871 1971 nisi
2896 1919 3015 1988 quia
3060 1919 3286 1973 multum
3317 1921 3572 1991 loqueris.

2004 2012 2058 2058 et
2079 2019 2263 2073 parum
2290 2005 2453 2073 sapis.

2076 2093 2442 2148 XXXV.‘JUL.
2494 2094 2550 2150 Si
2599 2103 2774 2150 autem
2824 2096 3022 2151 dixeris
3067 2107 3350 2168 utrumque
3375 2099 3578 2168 justum

2006 2200 2146 2250 esse,
2190 2191 2245 2239 et
2267 2185 2406 2255 quod
2438 2200 2535 2240 nus
2589 2174 2834 2254 dicimus,
2886 2197 2942 2243 et
2978 2189 3119 2259 quod
3142 2204 3256 2254 vos,
3301 2190 3353 2244 id
3384 2201 3485 2257 est,
3524 2202 3577 2246 et

2006 2274 2146 2345 quod
2170 2276 2250 2329 lex
2277 2277 2508 2343 sanxit‘,
2532 2288 2584 2331 et
2606 2278 2746 2347 quod
2774 2277 3095 2335 Maniclueus
3114 2280 3582 2352 Tradueianusque

2005 2368 2262 2422 conﬁnxit
2291 2385 2303 2420 :
2337 2368 2423 2423 hic
2460 2383 2588 2424 sane
2613 2369 2828 2424 rationis
2860 2372 3149 2440 perspicua:
3188 2375 3472 2441 potentiam
3488 2389 3581 2427 co-

2006 2459 2269 2525 hibentes,
2301 2456 2577 2530 benignius
2599 2470 2650 2516 te
2679 2463 3028 2516 convenimus
3053 2472 3107 2517 et
3137 2464 3333 2518 mitius.
3358 2465 3464 2520 Cur
3496 2481 3585 2521 er-

2004 2568 2072 2623 go
2094 2552 2138 2606 si
2159 2552 2373 2608 creditis
2402 2563 2456 2608 et
2477 2554 2575 2607 hoc
2598 2553 2792 2608 bonum
2835 2569 2956 2610 esse
2997 2554 3135 2625 quod
3162 2555 3410 2621 dicimus,
3439 2564 3493 2610 et
3520 2556 3585 2609 il-

2006 2642 2094 2697 lud
2122 2644 2316 2698 bonum
2344 2660 2463 2700 esse
2519 2645 2658 2714 quod
2707 2645 2896 2709 dicitis,
2948 2647 3110 2701 tantis
3165 2657 3326 2702 totam
3383 2648 3582 2702 Italiam

2007 2733 2321 2790 factionibus
2346 2737 2743 2792 commovistis?
2776 2738 2880 2791 Cur
2904 2738 3194 2793 seditiones
3241 2739 3425 2793 Roma:
3457 2754 3587 2795 eon-

2007 2825 2177 2880 ductis
2231 2827 2438 2896 pOpulis
2481 2827 2793 2881 excitastis?
2821 2843 2915 2881 cur
2952 2828 3020 2883 de
3058 2830 3354 2899 sumptibus
3384 2844 3584 2899 paupe~

2007 2934 2123 2972 rum
2145 2920 2425 2989 saginastis
2454 2935 2548 2989 per
2567 2928 2727 2974 t0tam
2757 2936 2890 2989 pene
2918 2920 3150 2976 Africam
3191 2939 3445 2992 equorum
3468 2939 3586 2993 grew

2006 3024 2121 3078 ges,
2164 3024 2296 3078 quos
2320 3020 2674 3078 prosequente
2706 3011 2896 3082 Alypio
2927 3011 3151 3065 tribunis
3172 3022 3225 3067 et
3252 3012 3568 3067 centurioni-

2010 3097 2108 3150 bus
2156 3097 2461 3151 destinastis
2485 3098 2508 3149 ?
2532 3113 2627 3152 cur
2654 3109 3014 3152 matronarum
3041 3100 3230 3154 oblatis
3260 3101 3585 3155 haereditati-

2012 3184 2108 3239 bus
2135 3195 2419 3255 potestates
2450 3188 2627 3241 saeculi
2670 3188 3003 3258 corrupistis,
3038 3197 3093 3241 ut
3136 3189 3187 3241 in
3233 3204 3328 3242 nos
3385 3189 3578 3258 stipula

2009 3276 2203 3331 furoris
2241 3277 2434 3347 publici
2463 3277 2726 3333 arderet?
2762 3294 2859 3333 cur
2902 3277 3200 3348 dissipastis
3234 3278 3586 3334 Ecclesiarum

2011 3370 2239 3437 quietem
2258 3367 2285 3421 ?
2316 3384 2412 3424 cur
2436 3367 2671 3438 religiosi
2701 3369 2952 3439 principis
2988 3379 3226 3439 tempora
3259 3371 3586 3438 persecutio-

2011 3473 2136 3513 num
2166 3458 2432 3527 impietate
2463 3458 2805 3522 maculastis;
2836 3459 2879 3513 si
2904 3475 2933 3511 a
2961 3458 3114 3514 nobis
3151 3460 3279 3514 nihil
3306 3461 3327 3492 ³
3352 3460 3493 3513 aliud
3506 3459 3591 3514 di-

2011 3552 2167 3615 citur,
2192 3566 2350 3620 quam
2382 3550 2522 3619 quod
2550 3550 2709 3605 etiam
2732 3559 2787 3604 tu
2823 3550 3017 3605 bonum
3046 3554 3254 3621 cogeris
3290 3551 3530 3606 conﬁteri
3562 3552 3587 3606 ?

2083 3640 2386 3695 Auc.Sicut
2415 3639 2544 3694 falsa
2584 3648 2710 3694 sunt
2750 3641 2972 3695 crimina
3016 3657 3134 3710 qua:
3179 3640 3366 3710 ohjicis
3414 3640 3587 3707 nobis,

2014 3733 2086 3786 ita
2124 3732 2252 3785 falsa
2282 3741 2403 3785 sunt
2432 3731 2679 3801 dogmata
2724 3747 2843 3801 quae
2872 3731 3069 3802 ﬁngitis
3102 3732 3271 3786 vobis.
3301 3731 3404 3786 Sed
3433 3731 3593 3785 dicite

2015 3833 2266 3893 quantum
2298 3822 2517 3891 potestis
2546 3835 2705 3876 omne
2735 3823 2931 3875 malum
2971 3822 3230 3877 adversus
3276 3837 3393 3888 nos,
3441 3838 3597 3876 men-

2016 3912 2236 3966 tientes:
2264 3925 2361 3965 nos
2411 3910 2775 3964 tantummodo
2816 3911 3074 3965 adversus
3112 3925 3207 3966 vos
3250 3911 3591 3965 Christianam

2018 3999 2179 4056 ﬁdem
2206 4009 2259 4055 et
2277 3999 2590 4055 catholicam
2614 3998 2981 4054 defendemus.
3013 3998 3219 4070 thuid
3241 4013 3375 4069 opus
3400 4011 3479 4054 est
3497 4016 3592 4054 vo-

2018 4091 2099 4146 bis
2124 4089 2348 4145 reddere
2366 4089 2559 4144 similia
2604 4089 2905 4158 maledicta,
2928 4099 3108 4145 etnon
3141 4090 3313 4160 potius
3356 4090 3597 4161 Evange-

2020 4180 2094 4235 lio
2118 4179 2356 4245 credere,
2384 4188 2543 4249 atque
2578 4179 2827 4249 gaudere,
2852 4178 2992 4248 quod
3022 4193 3087 4235 ex
3131 4179 3247 4233 istis
3296 4178 3595 4236 falsissimis

2019 4270 2314 4327 maledictis
2355 4271 2546 4326 vestris
2608 4271 2762 4325 nobis
2810 4284 3017 4325 merces
3062 4280 3318 4339 augeatur
3352 4270 3408 4324 in
3446 4271 3597 4326 caelis

2022 4361 2251 4432 (Matth.
2276 4361 2430 4430 v,ll,
2464 4359 2530 4414 12
2552 4360 2614 4430 )?
2637 4358 2916 4428 Quomodo
2933 4368 3111 4414 autem
3129 4360 3181 4412 in
3201 4358 3299 4413 hac
3324 4374 3386 4414 re
3410 4359 3476 4413 de
3495 4375 3599 4429 qua

2024 4466 2165 4509 nunc
2184 4451 2407 4519 agimus,
2437 4457 2492 4504 et
2513 4449 2637 4502 illud
2661 4447 2803 4518 quod
2825 4448 3019 4513 dicitis,
3064 4458 3119 4503 et
3145 4449 3269 4503 illud
3292 4450 3430 4518 quod
3459 4450 3596 4503 diei-

2024 4557 2163 4610 mus,
2189 4543 2383 4598 bonum
2430 4555 2552 4595 esse
2596 4553 2877 4609 possumus
2918 4539 3324 4606 credere;cum
3361 4540 3601 4595 dicamus

2026 4650 2127 4691 nos
2157 4636 2322 4690 Deum
2363 4631 2581 4696 dixisse,
2612 4631 2844 4686 Reddam
2868 4640 3074 4701 peccata
3100 4641 3303 4703 patrum
3330 4633 3382 4686 in
3410 4633 3546 4703 ﬁlios
3575 4648 3594 4687 :

2026 4742 2123 4783 vos
2151 4734 2327 4781 autem
2348 4724 2489 4796 quod
2515 4724 2767 4795 praecepit
2796 4723 2996 4779 homini
3019 4724 3294 4793 judicanti,
3326 4739 3394 4779 ne
3409 4736 3600 4793 pecca-
3658 4732 3664 4737 '
3698 4764 3710 4804 τ

2030 4829 2078 4874 ta
2102 4826 2310 4890 patrum
2352 4816 2539 4872 reddat
2567 4817 2619 4871 in
2664 4816 2821 4882 ﬁlios,
2851 4816 2923 4870 ita
2970 4814 3215 4878 laudetis,
3243 4815 3459 4880 utquod
3492 4815 3605 4885 ipse
3692 4828 3708 4890 ζ

2029 4881 2249 4965 sedixit
2275 4907 2516 4969 reddere,
2548 4914 2794 4976 tanquam
2840 4913 3078 4958 nostrum
3118 4905 3371 4973 arguatis,
3403 4913 3459 4960 et
3484 4881 3602 4959 tan-

2031 5014 2190 5070 quam
2237 4997 2424 5051 falsum
2468 4997 2830 5066 injustumque
2856 4993 2928 5048 sit
2953 4992 3300 5062 improbetis;
3331 4993 3505 5047 neciu
3542 5009 3609 5046 eo
3688 4986 3699 5027 ῗ

2032 5104 2146 5151 vos,
2179 5104 2284 5144 non
2314 5087 2489 5154 nobis,
2510 5084 2604 5141 sed
2635 5086 2746 5140 Deo
2769 5082 3023 5153 refragari
3058 5083 3477 5154 calumniarique
3491 5097 3606 5135 sen-

2034 5180 2215 5249 titulis?

2105 5269 2345 5326 XXXVI.
2368 5269 2487 5325 Jun.
2516 5267 2713 5322 Verum
2743 5262 2999 5320 ha’ctcnus
3044 5265 3257 5320 mitiore
3275 5266 3371 5317 sim
3400 5260 3611 5315 functus

2037 5363 2252 5433 εἰκαῖα
2350 5374 2493 5416 nunc
2555 5367 2731 5413 autem
2787 5357 3039 5426 splendor
3083 5357 3338 5410 flammea:
3388 5351 3611 5410 rationis

2104 5526 2118 5545 ’
2145 5520 2303 5569 (ode:
2327 5524 2471 5575 πνοι-ιη
2501 5512 2696 5576 etquod
2722 5512 2804 5576 lea;
2830 5509 3110 5576 miseruit.

2102 5585 2123 5615 ’
2149 5561 2518 5649 messis;
2530 5561 3095 5649 h'iiginjs'izuuddicaur;
3116 5562 3293 5617 omisso
3309 5599 3325 5629 ,
3360 5561 3498 5619 ηιωι,
3523 5571 3615 5623 κα.

2039 5646 2254 5694 stituitur
2293 5654 2355 5690 ex
2396 5644 2745 5699 manuscriptis.
