4004 6190
444 294 579 349 1963

445 406 699 472 ostendit,
740 405 895 459 malis
929 414 980 457 et
1023 403 1200 470 bonis,
1255 402 1491 473 profanis
1531 411 1583 456 et
1618 403 1804 468 sacris,
1848 403 2024 472 piiset

445 501 644 573 impiis,
670 499 828 570 justis
862 507 916 551 et
943 496 1150 565 iniquis,
1194 496 1393 549 nullum
1419 511 1537 550 esse
1563 495 1886 548 consortium
1914 511 1927 554 ;
1951 504 2030 548 at-

441 608 547 661 que
576 591 694 646 idco
721 591 857 643 inter
888 595 1145 656 przeeepta
1177 597 1231 641 et
1271 585 1472 656 judicia
1514 585 1602 638 Dei
1633 585 1762 638 nihil
1791 600 1910 639 esse
1933 600 2029 654 pu-

438 697 696 751 gnarum;
724 677 1047 733 contrarium
1072 685 1248 730 autem
1271 689 1411 741 esse,
1441 674 1611 728 aliena
1646 685 1856 744 peccata
1907 675 2027 728 aliis

447 775 724 843 imputare,
751 780 805 825 et
842 769 1031 824 eadem
1067 783 1134 823 ne
1161 769 1487 837 imputenlur
1525 767 1734 837 jubere.
1762 766 2024 832 Quoniam

443 862 512 918 de
527 863 606 916 his
625 862 829 915 duobus
843 874 1062 915 necesse
1088 868 1190 923 est,
1214 873 1320 911 uno
1342 871 1618 918 concesso,
1641 855 1866 910 alterum
1897 854 2024 908 sul)-

443 953 658 1016 moveri,
690 952 738 1006 id
757 962 860 1018 est,
906 965 1012 1005 uno
1052 949 1219 1019 justo,
1273 948 1495 1002 alterum
1533 947 1770 1016 iniquum
1819 944 2019 999 doceri.

444 1041 635 1114 lnlege
663 1054 839 1096 autem
893 1042 986 1096 Dei
1027 1040 1393 1111 priescriptum
1437 1052 1577 1102 esse,
1619 1053 1686 1091 ne
1739 1045 2023 1106 parentum

441 1147 654 1208 peccata
697 1136 820 1189 ﬁliis
864 1135 1190 1204 imputeutur
1221 1131 1408 1202 (Deut.
1439 1145 1586 1195 sxw,
1638 1129 1766 1198 I6).
1794 1131 1870 1182 Ac
1932 1144 2027 1197 per

438 1229 558 1293 hoc,
587 1227 774 1282 eadem
801 1227 1115 1281 auctoritate
1153 1223 1476 1278 contrarium
1501 1222 1636 1291 ejus,
1671 1220 1722 1275 id
1769 1230 1873 1288 est,
1897 1221 2024 1288 opi-

437 1320 650 1375 nionem
677 1319 932 1384 traducis,
955 1333 1076 1372 cum
1103 1315 1406 1371 Manichatis
1437 1313 1672 1369 funditus
1709 1313 1996 1366 corruisse.

507 1414 642 1468 Ana.
673 1411 855 1466 Toties
880 1410 1058 1465 dicere
1083 1424 1208 1464 vera
1233 1423 1318 1462 me
1335 1407 1494 1478 piget,
1520 1421 1640 1461 cum
1667 1405 1823 1459 toties
1865 1414 1916 1458 te
1937 1403 2021 1458 di-

437 1519 562 1559 cere
604 1518 738 1557 vana
778 1515 883 1556 non
938 1500 1152 1570 pudeat.
1213 1499 1438 1553 Peccata
1467 1506 1678 1568 patrum
1710 1509 1769 1549 se
1797 1493 2024 1549 reddere

439 1593 494 1646 in
530 1593 665 1646 ﬁlios
721 1593 858 1647 Deus
912 1591 1076 1645 dicit:
1111 1598 1321 1660 peccata
1370 1596 1575 1657 patrum
1627 1600 1696 1640 ne
1743 1584 1930 1640 reddat
1973 1585 2027 1638 in

443 1683 617 1748 ﬁlios,
675 1683 813 1736 Deus
856 1681 1073 1751 quidem
1100 1722 1116 1745 ,
1156 1678 1250 1734 sed
1299 1677 1497 1731 homini
1549 1675 2026 1743 dicitzutrumque

439 1773 836 1842 approbandum
863 1780 965 1836 est,
994 1773 1114 1840 quia
1146 1779 1427 1838 utrumque
1453 1767 1589 1820 Deus
1618 1765 1764 1820 dicit.

510 1863 771 1918 XXXVII.
803 1863 925 1917 Jun.
963 1859 1182 1916 Ostendi
1213 1868 1356 1914 certe
1381 1873 1488 1912 non
1519 1872 1616 1912 nos
1652 1856 1796 1911 aliud
1838 1855 2025 1911 delen-

439 1956 590 2019 dere,
623 1970 780 2024 quam
829 1952 971 2023 quod
1025 1952 1197 2022 primo
1239 1950 1376 2004 ratio
1415 1949 1589 2019 signat
1639 1947 2023 2018 aequissimum,

437 2057 547 2098 tum
576 2045 734 2098 etiam
760 2043 896 2097 Deus
933 2057 1026 2096 sua
1055 2042 1168 2112 lege
1196 2039 1494 2105 conﬁrmat,
1526 2037 1684 2092 tertio
1713 2052 1821 2090 non
1872 2035 2028 2089 aliter

435 2154 593 2209 quam
635 2137 922 2192 asserimus
959 2177 973 2198 ,
1013 2135 1064 2188 id
1106 2133 1247 2204 quod
1303 2130 1474 2186 fuerat
1528 2136 1870 2200 praeceptum,
1906 2143 2026 2183 cum

436 2229 615 2296 operis
644 2226 800 2281 laude
824 2225 1166 2294 completum.
1193 2221 1518 2276 lnculcatum
1533 2227 1614 2274 est
1639 2233 1850 2288 quoque
1878 2217 2016 2272 hanc

440 2335 621 2374 veram
644 2332 764 2372 esse
805 2316 1085 2385 justitiam,
1107 2327 1265 2383 quam
1298 2312 1510 2381 placere
1541 2308 1641 2363 sibi
1690 2309 1829 2363 Deus
1865 2307 2026 2362 etiam

441 2405 797 2478 praecipiendo
824 2406 1158 2459 monstravit.
1202 2404 1279 2455 Ac
1325 2416 1418 2471 per
1469 2399 1595 2464 hoc,
1622 2398 1863 2453 constitit
1891 2398 2023 2452 nihil

437 2499 746 2554 adminiculi
771 2496 1113 2550 Maniehmam
1147 2493 1418 2548 traducem
1455 2499 1546 2545 aut
1579 2489 1634 2543 in
1665 2490 1894 2555 ratione,
1934 2498 2027 2543 aut

441 2589 494 2642 in
521 2589 653 2657 legis
675 2586 991 2641 testimoniis
1012 2583 1272 2638 invenire.

511 2678 646 2731 Aue.
667 2673 941 2729 Manichmi
971 2672 1156 2727 dicunt
1195 2678 1438 2724 naturam
1464 2669 1581 2723 sine
1626 2669 1776 2722 initio
1818 2682 2030 2736 semper

443 2767 680 2820 malam:
722 2764 861 2820 unde
909 2777 1068 2818 omne
1111 2762 1308 2816 malum
1363 2774 1483 2816 esse
1529 2759 1877 2815 contendunt.
1916 2759 2023 2814 Ca-

444 2858 626 2913 tholici
669 2865 872 2924 autem,
917 2855 1057 2925 quod
1088 2869 1207 2909 esse
1240 2852 1505 2915 noluistis,
1535 2851 1803 2905 conditam
1828 2851 2020 2906 bonam

441 2956 765 3019 peccatoque
801 2947 1059 3009 vitiatam,
1092 2943 1302 2999 medico
1329 2942 1544 2998 Christo
1585 2941 1822 3011 indigere
1847 2957 1876 2994 a
1901 2957 2027 3011 par-

440 3039 578 3094 vulis
606 3052 772 3108 usque
811 3035 876 3090 ad
927 3032 1406 3104 senes:quoniam
1444 3046 1540 3099 pro
1592 3032 1840 3085 omnibus
1887 3046 2028 3085 mor-

441 3138 565 3184 tuus
616 3139 735 3184 est:
765 3142 891 3197 ergo
923 3139 1110 3180 omnes
1161 3122 1356 3178 mortui
1405 3131 1525 3174 sunt
1554 3121 1571 3190 (
1597 3120 1637 3173 ll
1661 3121 1775 3173 Cor.
1810 3136 1861 3183 v,
1892 3121 1958 3174 li
1982 3120 2024 3190 ).

441 3221 594 3277 Unde
635 3220 909 3274 Manicha-i
965 3217 1320 3288 separandum
1347 3230 1376 3269 a
1408 3215 1550 3269 bono
1587 3215 1783 3267 malum
1807 3214 1887 3268 sic
1915 3215 2026 3282 opi-

441 3323 651 3378 nantur,
679 3321 736 3366 ut
773 3320 922 3366 extra
950 3310 1020 3364 sit
1047 3327 1060 3363 :
1096 3323 1194 3364 nos
1231 3323 1358 3362 vero
1383 3306 1624 3376 quamvis
1645 3306 1841 3359 malum
1864 3321 1893 3358 a
1925 3307 2022 3358 bo-

441 3422 511 3460 no
533 3403 876 3472 intelligentia
915 3416 1244 3470 separemus,
1289 3397 1488 3453 nec‘id
1516 3396 1657 3466 quod
1699 3397 1896 3450 malum
1936 3396 2017 3449 di-

439 3497 612 3561 citur,
659 3495 886 3562 aliquam
938 3493 1288 3546 substantiam
1317 3507 1436 3546 esse
1489 3489 1812 3553 credamus;
1849 3500 2023 3544 tamen

439 3587 510 3641 ab
548 3587 611 3640 iis
636 3585 726 3654 qui
771 3584 1083 3648 liberantur,
1143 3600 1247 3636 non
1304 3584 1371 3636 ita
1435 3581 1787 3650 separandum
1829 3582 2026 3635 malum

441 3686 710 3748 putamus,
740 3685 796 3728 ut
819 3683 966 3730 extra
1019 3675 1082 3728 sit
1110 3691 1124 3737 ;
1156 3674 1252 3730 sed
1278 3675 1327 3728 in
1357 3674 1434 3729 eis
1465 3673 1756 3727 sanandum
1775 3688 1892 3728 esse
1920 3688 2024 3727 SCI-

439 3784 581 3833 mus,
611 3775 667 3821 ut
694 3781 797 3820 non
823 3765 911 3819 sit.
935 3764 1009 3819 Illi
1042 3768 1182 3819 enim
1205 3764 1401 3818 malmn
1447 3763 1795 3818 substantiam
1829 3764 2018 3816 malam

439 3861 658 3916 dicunt’
685 3877 698 3924 ;
726 3872 823 3912 nos
841 3857 1020 3910 vitium
1038 3857 1346 3911 substantia:
1377 3857 1549 3920 bona},
1576 3856 1881 3925 nullamque
1899 3857 2026 3910 sub-

440 3951 711 4009 stantiam.
735 3951 999 4016 Quantum
1036 3949 1474 4005 intersitattende
1507 3965 1520 4010 ;
1548 3959 1602 4002 et
1625 3947 1808 4001 desine
1853 3947 2024 4001 medi-

439 4057 558 4097 cum
585 4041 849 4096 Christum
872 4040 1122 4094 sanandis
1158 4038 1390 4107 parvulis
1416 4038 1684 4102 invidere,
1722 4052 1788 4091 ne
1827 4037 1900 4089 ira
1932 4038 2025 4091 Dei

439 4142 652 4188 maneat
679 4147 838 4201 super
867 4145 962 4185 eos
989 4130 1232 4192 dicentis,
1263 4129 1492 4183 Reddam
1514 4139 1714 4197 peccata
1745 4138 1944 4196 patrum
1974 4129 2025 4180 in

439 4225 592 4289 filios.
625 4223 776 4280 Illum
802 4221 979 4289 aspice
1009 4220 1096 4288 qui
1139 4219 1240 4273 hoc
1259 4219 1393 4272 dixit
1425 4237 1438 4271 ε
1475 4219 1615 4273 Deus
1639 4227 1742 4282 est,
1776 4233 1879 4271 non
1912 4218 2022 4272 Ma-

438 4312 696 4368 nichxnus.
736 4310 888 4364 lllnm
911 4308 1090 4378 aspice
1119 4307 1206 4376 qui
1258 4306 1410 4370 dixit,
1448 4305 1549 4358 Per
1587 4306 1839 4359 hominem
1866 4322 2019 4371 mors,

440 4414 488 4458 et
514 4421 603 4473 per
652 4403 904 4457 hominem
946 4399 1245 4454 resurrectio
1274 4407 1588 4451 mortuorum
1614 4413 1632 4450 :
1657 4398 1783 4449 sicut
1810 4398 1940 4450 enim
1965 4398 2015 4451 in

439 4494 604 4548 Adam
629 4509 798 4546 omnes
826 4491 1130 4550 moriuntur,
1180 4489 1252 4541 sic
1279 4497 1324 4541 et
1362 4489 1414 4541 in
1438 4486 1639 4542 Christo
1659 4503 1829 4540 omnes
1857 4488 2021 4556 vivi/i-

437 4581 716 4652 cabuntur(
746 4583 764 4636 Ι
790 4580 906 4635 Cor.
943 4597 1034 4644 xv,
1075 4580 1166 4645 2I,
1196 4579 1307 4647 22)
1342 4597 1355 4633 :
1391 4578 1678 4647 Apostolus
1702 4577 1895 4633 Christi
1923 4589 2021 4644 est,

440 4687 548 4727 non
597 4670 890 4737 discipulus
927 4668 1222 4723 Manicha-i.
1277 4668 1427 4722 Illum
1485 4669 1666 4737 aSpice
1720 4668 1812 4738 qui
1865 4669 2019 4735 dixit,

444 4781 466 4814 ε
501 4762 701 4820 Omnes
727 4759 969 4814 homines
986 4759 1084 4812 sub
1111 4768 1328 4826 peccato
1349 4759 1616 4812 nascimur
1640 4777 1658 4810 ι
1683 4759 2020 4828 (Ambrosius,

439 4855 504 4908 de
525 4851 847 4918 Pamitentia,
906 4850 994 4904 lib.
1027 4851 1076 4916 I,
1126 4865 1240 4918 cap.
1271 4849 1308 4902 2
1337 4851 1412 4904 vel
1434 4850 1512 4921 5)
1547 4867 1562 4904 :
1612 4852 1892 4920 episc0pus
1942 4861 2025 4906 est

440 4943 755 5008 catholicus,
806 4957 911 4996 non
940 4939 1282 5003 Manichacus,
1315 4950 1408 4994 aut
1437 4940 1700 5010 Pelagius,
1731 4950 1826 4995 aut
1863 4941 2020 4995 Pela-

437 5035 630 5104 gianus
645 5034 942 5089 limreticus.
958 5033 1292 5102 Quapropter
1315 5032 1565 5101 quoniam
1600 5042 1874 5101 peceatum
1894 5047 2024 5102 ope-

435 5126 513 5180 ris
535 5125 684 5194 punit
727 5134 782 5180 et
820 5125 999 5188 homo,
1031 5133 1306 5194 peccatum
1345 5133 1521 5178 autem
1565 5125 1783 5194 originis
1811 5125 2020 5178 nonnisi

436 5217 578 5272 Deus
609 5233 621 5268 :
656 5215 774 5270 ideo
798 5216 958 5279 Deus,
974 5230 1096 5270 cum
1113 5232 1170 5271 se
1185 5216 1327 5270 dicat
1353 5224 1568 5285 peccata
1599 5226 1806 5284 patrum
1831 5215 2022 5270 redde-

431 5309 561 5364 rein
600 5307 769 5373 ﬁlios,
809 5307 1046 5376 prmcipit
1080 5315 1254 5361 tamen
1293 5305 1490 5361 homini
1539 5320 1607 5360 ne
1649 5319 1744 5374 pro
1790 5305 2022 5374 peccatis

433 5407 641 5466 patrum
667 5395 886 5451 damnet
913 5405 967 5451 et
1007 5395 1164 5449 ﬁlios.
1227 5395 1480 5449 Discerne
1509 5393 1686 5448 divina
1716 5403 1769 5447 et
1790 5392 2018 5448 humana

432 5489 646 5558 judicia,
664 5499 718 5544 et
734 5487 971 5544 invenies
987 5487 1128 5542 inter
1145 5502 1206 5542 se
1217 5485 1322 5540 duo
1341 5487 1440 5541 ista
1467 5500 1570 5542 non
1589 5501 1708 5542 esse
1728 5486 2018 5540 contraria.

415 5655 420 5658 _
496 5601 512 5632 ’
538 5599 699 5650 Codex
723 5609 867 5658 Port.,
893 5613 969 5651 ne.

795 5659 1198 5724 \‘ignieriusnlli
1225 5661 1352 5713 enim
1389 5661 1566 5712 malum
1612 5660 1874 5714 substantia
1914 5675 2017 5712 ma-

1108 292 1351 347 OI’ERIS
1391 291 1796 345 lMPIiIlFECII
1838 291 2105 346 CONTRA
2148 294 2503 361 JLTLI.\.\'U.\I,
2547 298 2600 351 S.
2645 299 3009 354 AUGUS'l‘iBI

3582 305 3708 357 lilii

2208 407 2488 462 XXXVIII.
2519 409 2636 462 JUL.
2662 410 2765 464 Sed
2793 428 2857 465 ne
2882 411 3015 465 forte
3037 414 3222 467 existat
3247 415 3363 483 quis
3388 431 3554 484 usque
3580 419 3712 470 adeo

2133 496 2391 566 obstipus,
2424 509 2480 552 ut
2509 501 2800 570 perspicuis
2827 501 2924 554 sibi
2955 502 3078 555 velit
3103 505 3380 557 sententiis
3405 507 3714 572 approbari.

2136 585 2300 639 Deum
2338 586 2585 642 videlicet
2627 605 2731 643 non
2780 591 2934 642 aliter
2972 591 3243 659 judicare,
3288 608 3445 661 quam
3486 594 3712 662 judieari

2131 678 2440 748 imperavit;
2487 681 2630 750 quod
2668 682 2881 751 quidem
2921 691 3004 736 est
3042 685 3400 738 contentionis
3430 687 3707 740 nefanda-z

2132 780 2310 826 tamen
2340 774 2590 842 quoniam
2617 773 2828 828 veritati
2857 789 3002 828 arma
3033 775 3374 846 suppeditant
3400 777 3466 830 ad
3499 793 3711 832 omnem

2129 859 2568 917 documentorum
2615 864 2947 929 satietatem,
3006 866 3056 917 in
3109 865 3158 918 id
3210 867 3380 934 ipsum
3432 868 3712 923 ostendere

2130 959 2296 1006 testes
2322 955 2614 1008 acerrimos
2641 969 2744 1009 non
2776 955 2994 1024 pigebit.
3024 955 3277 1024 Impletus
3319 956 3499 1027 itaque
3527 970 3712 1012 saneto

2130 1041 2333 1111 Spiritu
2366 1044 2598 1114 loquitur
2626 1045 2874 1100 Ezechiel
2903 1045 3159 1116 propheta
3189 1065 3200 1099 :
3235 1045 3425 1100 Factus
3450 1057 3521 1101 est
3550 1065 3713 1102 sermo

2129 1135 2337 1190 Domini
2363 1137 2432 1190 ad
2460 1153 2558 1204 me,
2592 1138 2760 1190 dicens
2783 1154 2802 1192 :
2835 1137 2940 1191 Fili
2967 1139 3182 1191 hominis
3200 1181 3212 1202 ,
3247 1139 3369 1208 quid
3399 1141 3533 1194 vobis
3559 1158 3711 1210 para-

2131 1226 2300 1280 bolam
2325 1227 2472 1281 istam
2498 1229 2552 1281 in
2577 1238 2709 1282 terra
2739 1227 2924 1292 Israel,
2955 1229 3248 1295 dicentium,
3282 1228 3465 1282 Patres
3494 1232 3712 1284 mandu-

2129 1327 2363 1370 caverunt
2380 1334 2527 1371 uvam
2546 1319 2797 1381 acerbam,
2821 1327 2867 1371 et
2886 1317 3056 1371 dentes
3075 1319 3296 1386 filiorum
3319 1319 3713 1389 obstupuerunt!

2140 1405 2264 1460 Vivo
2285 1424 2396 1478 ego,
2425 1409 2548 1460 dicit
2577 1407 2780 1462 Adonei
2804 1408 3072 1472 Dominus,
3102 1410 3148 1463 si
3167 1411 3386 1480 amplius
3410 1412 3604 1466 dicetur
3621 1431 3710 1481 pa-

2129 1499 2307 1552 rabola
2327 1502 2436 1553 htcc
2455 1501 2508 1554 in
2530 1499 2695 1554 Israel
2721 1517 2742 1554 :
2769 1501 3006 1571 quoniam
3027 1517 3196 1555 omnes
3217 1502 3402 1556 animm
3420 1519 3545 1556 mete
3561 1514 3709 1568 sunt;

2130 1591 2551 1659 quemadmodum
2581 1592 2753 1644 anima
2795 1593 2982 1661 patris,
3013 1594 3084 1645 ita
3115 1602 3160 1646 et
3189 1594 3360 1646 anima
3388 1595 3513 1661 ﬁlii,
3545 1611 3710 1650 omnes

2130 1680 2314 1733 anima
2351 1696 2476 1734 mea
2511 1691 2647 1734 sunt.
2696 1682 2878 1734 Anima
2924 1698 3038 1751 quae
3065 1694 3269 1752 peccat,
3315 1685 3428 1754 ipsa
3456 1685 3709 1739 morietur.

2135 1767 2302 1823 Homo
2326 1781 2490 1824 autem
2515 1774 2600 1840 qui
2628 1773 2781 1840 fuerit
2795 1774 2986 1843 justus,
3014 1773 3098 1842 qui
3122 1775 3274 1845 faciet
3291 1775 3545 1843 judicium
3566 1785 3612 1829 et
3624 1777 3710 1846 ju-

2130 1863 2339 1930 stitiam,
2365 1865 2417 1917 in
2444 1864 2694 1918 montibus
2720 1880 2821 1918 non
2844 1865 3184 1928 manducabit,
3212 1877 3257 1917 et
3280 1867 3452 1920 oculos
3476 1883 3594 1920 suos
3616 1885 3708 1920 non

2132 1955 2339 2008 extollet
2373 1955 2441 2007 ad
2465 1954 2715 2008 desideria
2744 1956 2923 2009 domus
2952 1954 3148 2021 Israel,
3179 1965 3227 2009 et
3260 1972 3467 2009 uxorem
3497 1958 3712 2026 proximi

2132 2048 2212 2100 sui
2239 2064 2338 2101 non
2365 2047 2743 2111 contaminabit,
2771 2058 2820 2100 et
2848 2048 2916 2100 ad
2942 2047 3203 2102 mulierem
3230 2059 3588 2102 menstruatam
3615 2065 3709 2102 non

2131 2139 2357 2205 accedet,
2399 2148 2446 2192 et
2489 2140 2739 2192 hominem
2767 2155 2865 2192 non
2902 2139 3176 2208 deprimet,
3209 2150 3256 2192 et
3296 2141 3479 2210 pignus
3507 2140 3709 2193 debitori

2131 2230 2324 2296 reddet,
2356 2239 2402 2283 et
2427 2230 2662 2298 rapinam
2688 2246 2787 2282 non
2816 2231 3073 2300 rapuerit,
3107 2247 3290 2299 panem
3314 2247 3457 2284 suum
3484 2231 3710 2284 esurienti

2132 2323 2300 2388 dabit,
2331 2332 2378 2375 et
2404 2323 2595 2375 nudum
2623 2321 2808 2392 aperiet
2835 2321 3142 2384 vestimento,
3189 2333 3236 2374 et
3268 2323 3533 2390 pecuniam
3570 2338 3710 2375 suam

2131 2415 2184 2468 in
2212 2430 2417 2468 usuram
2443 2429 2542 2466 non
2564 2412 2722 2475 dabit,
2753 2421 2798 2464 et
2818 2411 3328 2480 superabundantiam
3356 2428 3454 2464 non
3479 2411 3708 2481 accipiet,

2131 2517 2178 2560 et
2201 2507 2263 2559 ab
2284 2507 2532 2576 injustitia
2552 2516 2734 2558 avertet
2759 2521 2962 2556 manum
2978 2521 3142 2570 suam,
3161 2514 3205 2556 et
3215 2505 3466 2573 judicium
3477 2506 3676 2574 justum
3698 2506 3708 2532 '

2132 2597 2282 2665 faciet
2306 2597 2434 2649 inter
2453 2597 2613 2648 virum
2635 2604 2678 2647 et
2703 2596 2983 2663 proximum
3008 2595 3146 2664 ejus;
3174 2605 3217 2646 et
3238 2596 3286 2646 in
3309 2595 3574 2662 pra'ceptis
3595 2595 3712 2646 meis

2132 2686 2439 2750 ambulavit,
2471 2696 2518 2737 et
2532 2685 2924 2753 justiﬁcationes
2957 2700 3092 2736 meas
3121 2684 3381 2736 custodiuit
3401 2725 3415 2745 ,
3447 2692 3500 2735 ut
3529 2686 3712 2752 faccrtt

2133 2793 2254 2832 cas:
2273 2778 2447 2848 justus
2472 2786 2542 2828 est
2569 2777 2692 2840 iste,
2735 2775 2836 2827 vita
2874 2775 3031 2838 vivet,
3073 2774 3191 2828 dicit
3218 2773 3415 2826 Adonai
3446 2773 3711 2826 Dominus.

2133 2867 2198 2922 Et
2224 2870 2268 2922 si
2295 2871 2519 2938 genuerit
2557 2869 2717 2934 ﬁlium
2749 2868 3091 2934 pestilentem,
3135 2865 3471 2931 e/fundentem
3508 2869 3714 2936 sangui-

2133 2977 2278 3024 nem,
2313 2970 2358 3013 et
2389 2961 2650 3030 facientem
2676 2969 2908 3028 peccata,
2952 2959 3004 3011 in
3045 2960 3123 3010 via
3152 2959 3310 3026 patris
3338 2959 3414 3010 sui
3443 2959 3576 3025 justi
3616 2975 3712 3009 non

2131 3053 2433 3118 ambulavit,
2460 3052 2548 3106 sed
2573 3052 2658 3120 qni
2685 3052 2737 3104 in
2764 3052 3013 3105 montibus
3040 3052 3388 3116 manducavit,
3423 3061 3468 3103 et
3509 3066 3713 3103 uxorem

2135 3145 2350 3214 proximi
2381 3147 2459 3198 sui
2498 3146 2886 3208 contaminavit,
2938 3155 2983 3196 et
3028 3144 3310 3196 mendicum
3359 3154 3403 3196 et
3448 3160 3714 3213 pauperem

2133 3238 2406 3304 depressit,
2451 3247 2498 3289 et
2546 3240 2776 3304 rapinam
2825 3237 3023 3304 rapuit,
3074 3246 3120 3289 et
3171 3237 3351 3306 pignus
3402 3253 3500 3288 non
3549 3238 3716 3288 reddi-

2135 3326 2239 3390 dit,
2285 3337 2328 3379 et
2371 3327 2423 3378 in
2459 3327 2730 3380 simulacra
2768 3327 2933 3396 posuit
2967 3326 3138 3379 oculos
3183 3344 3298 3379 suos
3323 3369 3337 3390 ,
3382 3334 3427 3380 et
3474 3328 3714 3396 iniquita-

2133 3426 2228 3470 tem
2255 3417 2408 3486 fecit,
2436 3433 2548 3469 cum
2579 3433 2730 3469 usura
2756 3418 2925 3478 dedit,
2957 3427 3002 3469 et
3037 3417 3548 3485 superabundantiam
3575 3433 3713 3470 acccc

2133 3511 2205 3579 pit
2245 3525 2262 3562 :
2294 3510 2373 3562 hic
2407 3509 2508 3561 vita
2546 3525 2644 3560 non
2688 3509 2847 3570 vivet;
2875 3524 3044 3561 omnes
3084 3511 3208 3560 istas
3246 3508 3534 3576 iniquitates
3577 3509 3710 3576 fecit,

2133 3608 2292 3651 morte
2321 3599 2579 3662 morietur,
2611 3599 2817 3666 sanguis
2844 3599 2950 3666 ejus
2979 3613 3130 3666 super
3170 3599 3333 3665 ipsum
3373 3598 3484 3649 erit.
3524 3598 3584 3650 Si
3622 3616 3710 3649 au.

2133 3702 2227 3743 tem
2253 3692 2475 3761 genuerit
2501 3691 2662 3758 filium
2680 3732 2693 3753 ,
2735 3701 2781 3743 et
2808 3691 2983 3742 viderit
3022 3691 3192 3742 omnia
3225 3703 3425 3757 peccata
3456 3691 3614 3759 patris
3638 3692 3717 3742 sui

2131 3798 2242 3850 qua?
2267 3781 2404 3852 fecit,
2437 3789 2483 3833 et
2507 3782 2756 3845 timuerit,
2791 3790 2837 3832 et
2865 3797 2966 3832 non
2996 3780 3166 3848 fecerit
3190 3781 3462 3833 secundum
3501 3781 3598 3832 ista
3618 3821 3631 3843 ,
3662 3781 3711 3830 in

2131 3871 2379 3924 montibus
2407 3887 2506 3922 non
2543 3870 2896 3932 manducavit,
2929 3881 2972 3922 ct
3013 3870 3181 3923 oculos
3210 3886 3327 3922 suos
3365 3885 3461 3921 non
3488 3870 3662 3922 levavit
3694 3871 3711 3899 '

2131 3963 2198 4014 ad
2227 3963 2477 4016 desideria
2502 3963 2682 4014 domus
2712 3961 2907 4026 Israel,
2947 3972 2993 4014 et
3024 3978 3230 4014 uxorem
3270 3963 3488 4031 proximi
3512 3963 3590 4013 sui
3617 3978 3712 4014 non

2131 4053 2514 4118 contaminavit,
2543 4064 2588 4105 et
2615 4054 2866 4105 hominem
2902 4068 3000 4104 non
3027 4052 3299 4119 depressit,
3333 4061 3380 4104 et
3407 4053 3589 4120 pignus
3615 4068 3712 4104 non

2133 4147 2438 4216 pigneravit,
2471 4154 2515 4197 et
2544 4146 2777 4214 rapinam
2820 4161 2919 4197 non
2948 4145 3146 4214 rapuit,
3195 4161 3374 4212 panem
3411 4160 3557 4197 suum
3597 4160 3710 4197 esu-

2129 4237 2279 4288 rienti
2304 4236 2473 4298 dedit,
2503 4244 2549 4288 et
2577 4235 2768 4287 nudum
2797 4235 2992 4302 operuit
3017 4236 3304 4288 vestimento
3325 4275 3338 4298 ,
3368 4245 3414 4286 et
3439 4233 3501 4286 ab
3527 4234 3710 4303 iniqui-

2131 4337 2230 4381 tate
2257 4328 2430 4381 avertit
2459 4344 2660 4380 mannm
2689 4343 2833 4380 suam
2853 4369 2867 4392 ,
2901 4343 3104 4379 usuram
3132 4335 3176 4378 ct
3201 4325 3710 4394 superabundantiam

2130 4435 2229 4471 non
2259 4419 2468 4486 accepit,
2491 4417 2744 4487 justitiam
2771 4418 2916 4488 fecit,
2949 4417 3071 4470 etin
3107 4417 3368 4485 prwccptis
3395 4416 3515 4468 meis
3535 4417 3711 4466 ambu-

2130 4508 2248 4561 lavit
2274 4524 2290 4562 :
2315 4509 2408 4561 iste
2436 4525 2534 4561 non
2563 4508 2801 4561 morietur
2827 4510 2879 4561 in
2908 4509 3064 4578 patris
3093 4508 3172 4560 sui
3204 4507 3582 4576 iniquitatibus,
3616 4508 3710 4559 vim

2128 4599 2272 4652 vivet.
2316 4598 2469 4652 Pater
2498 4607 2670 4656 autem
2702 4599 2811 4667 ejus
2845 4599 2961 4666 quia
2997 4597 3319 4650 tribulatione
3347 4596 3634 4657 tribularit,
3671 4609 3711 4646 rt

2129 4691 2363 4760 rapinam
2384 4691 2578 4760 rapuit,
2611 4689 2864 4742 contraria
2889 4689 3006 4758 fecit
3021 4689 3072 4740 in
3101 4687 3264 4740 medio
3293 4688 3481 4756 populo
3509 4702 3637 4746 meo,
3667 4699 3709 4736 ct

2133 4791 2356 4836 mortuus
2383 4791 2453 4835 est
2480 4783 2530 4834 in
2556 4799 2648 4835 sua
2668 4781 2948 4850 iniquitate.
2981 4779 3045 4832 Et
3066 4779 3264 4832 dixistis
3287 4794 3306 4831 :
3335 4778 3470 4844 Quid
3487 4787 3558 4830 est
3580 4779 3712 4844 quod

2131 4889 2230 4925 non
2258 4872 2450 4942 accepit
2479 4871 2788 4941 iniquitatem
2819 4871 2977 4940 patris
3003 4870 3083 4921 sui
3109 4868 3282 4936 filius?
3310 4867 3441 4931 Quia
3463 4867 3603 4934 ﬁlius
3622 4867 3707 4934 ju-

2129 4970 2315 5023 stitiam
2341 4978 2385 5022 et
2401 4969 2655 5038 judicium
2683 4977 2729 5019 et
2772 4964 3166 5018 misericordiam
3197 4964 3348 5033 fecit,
3389 4961 3558 5014 omnia
3589 4960 3711 5029 legi-

2129 5062 2251 5114 tima
2275 5077 2385 5113 mea
2410 5059 2733 5122 conservavit,
2767 5066 2812 5110 ct
2843 5057 2958 5126 fecit
2987 5073 3076 5121 ea;
3108 5056 3207 5108 vita
3231 5055 3372 5108 vivet.
3411 5053 3591 5105 Anima
3621 5068 3711 5103 au-

2129 5161 2225 5204 tem
2251 5166 2362 5220 qua:
2399 5159 2595 5221 peccat,
2629 5149 2741 5217 ipsa
2771 5148 3028 5200 morietur.
3070 5144 3237 5198 Filius
3273 5161 3372 5197 non
3399 5144 3608 5210 accipiet
3637 5145 3711 5194 in-

2126 5245 2372 5312 iustitiam
2398 5244 2556 5313 patris
2579 5241 2677 5305 sui,
2709 5255 2866 5308 neque
2893 5248 3034 5308 pater
3053 5237 3260 5305 accipiet
3288 5235 3588 5305 injustitiam
3617 5234 3710 5300 [itit

2127 5337 2205 5390 sui
2234 5336 2255 5366 ³
2279 5353 2291 5388 :
2313 5335 2522 5405 ,justitia
2539 5332 2666 5403 justi
2693 5347 2845 5400 super
2872 5330 3037 5398 ipsum
3060 5329 3152 5381 erit
3171 5368 3185 5393 ,
3219 5320 3272 5380 εί
3293 5327 3530 5395 iniquitas
3553 5323 3710 5391 iniqui

2192 5535 2207 5564 ι
2235 5532 2306 5580 sic
2329 5539 2432 5580 Mss.
2455 5531 2592 5591 juxta
2614 5534 2739 5591 LXX.
2779 5533 2833 5576 At
2856 5525 2992 5583 editi,
3006 5522 3254 5586 judicium
3277 5533 3459 5573 verum.

2188 5596 2209 5626 ¹
2233 5593 2392 5642 (iudex
2417 5590 2561 5647 Pert.,
2587 5590 2755 5652 posuit.

2191 5656 2210 5686 ³
2243 5661 2341 5702 Huc
2385 5645 2667 5703 revocamus
2712 5650 2968 5699 lectionem
3015 5655 3239 5698 veterum
3287 5645 3539 5699 librorum,
3584 5649 3707 5691 Fort.

2121 5713 2233 5762 Mar.
2275 5717 2401 5766 Clar.
2439 5730 2526 5778 pro
2545 5728 2637 5777 qua
2666 5713 2931 5774 \‘igniet'ius
2967 5725 3074 5762 eam
3099 5713 3144 5759 in
3178 5709 3381 5770 reliquis
3417 5707 3558 5755 dictis
3598 5711 3709 5752 lisc-
