3962 6180
329 318 450 376 1265

326 446 461 500 super
484 427 647 497 ipsum
682 423 793 476 erit.
823 420 891 476 Et
917 420 1117 491 iniquus
1143 419 1185 491 si
1213 427 1464 472 convertat
1490 433 1544 473 se
1570 415 1633 471 ab
1659 413 1888 471 omnibus

325 518 654 592 iniquitatibus
679 516 783 570 suis
802 531 926 583 quas
947 513 1085 583 fecit,
1110 520 1156 563 et
1180 508 1427 564 custodiat
1456 508 1627 563 omnia
1649 506 1891 560 mandata

328 631 423 667 mea
442 653 455 675 ,
500 618 544 662 et
581 607 736 678 faciat
754 605 1005 677 judicium
1031 613 1075 656 et
1095 601 1345 673 justitiam
1383 610 1430 654 ct
1460 598 1892 660 misericordiam;

327 707 412 760 rita
440 702 583 766 vivet,
614 708 658 755 et
686 715 784 751 non
807 696 1044 753 morietur
1065 711 1083 748 :
1112 694 1279 748 uumia
1302 692 1485 746 delicta
1508 693 1616 762 ejus
1644 705 1892 760 quiscum-

324 812 410 861 que
432 794 547 864 fecit
568 835 582 856 ,
625 808 725 845 non
755 798 898 842 erunt
926 788 976 841 in
1018 787 1291 850 memoria;
1322 785 1372 837 in
1395 801 1489 838 sua
1514 783 1719 852 justilia
1742 797 1894 853 quam

323 888 447 955 fecit,
473 885 570 937 rita
596 884 740 936 vivet.
772 880 1032 950 Numquid
1053 879 1302 933 voluntate
1325 876 1433 930 volo
1455 886 1662 930 mortem
1683 875 1863 946 iujusti
1879 915 1893 937 ,

324 977 432 1029 dicit
470 972 669 1027 Adonai
712 970 957 1023 Dominus
978 1010 993 1035 ,
1033 970 1221 1041 quam’
1256 977 1309 1022 ut
1342 975 1534 1020 avertat
1565 982 1619 1018 se
1639 981 1669 1017 α
1694 966 1771 1018 via
1800 979 1898 1018 sua

322 1066 447 1121 mula
466 1108 482 1132 ,
512 1073 557 1119 et
596 1063 765 1115 vivat?
791 1060 915 1115 Cum
954 1077 1006 1114 se
1044 1070 1211 1114 autent
1240 1058 1529 1117 converterit
1552 1058 1724 1129 justus
1746 1074 1779 1108 ιι
1803 1073 1898 1111 sua

315 1157 528 1228 justitia,
553 1164 598 1208 et
622 1152 796 1224 fecerit
820 1152 1104 1221 iniquitates
1124 1151 1397 1207 secundum
1419 1167 1591 1205 omnes
1611 1149 1898 1220 iniquitates

316 1263 433 1307 quas
458 1246 577 1316 fecit
601 1244 827 1313 iniquus,
868 1245 911 1297 si
934 1243 1143 1314 fecerit,
1178 1258 1275 1294 non
1302 1241 1426 1295 viret
1451 1257 1468 1292 :
1500 1256 1669 1293 omnes
1680 1240 1898 1313 juslilitv

316 1338 419 1404 ejus
446 1352 571 1404 quas
608 1334 757 1406 fecit,
802 1350 899 1385 non
930 1343 1070 1385 erunt
1099 1333 1148 1386 in
1182 1332 1459 1394 memoria;
1488 1332 1539 1383 iu
1580 1331 1758 1384 delicto
1790 1330 1900 1399 ejus

314 1445 409 1496 quo
436 1426 648 1484 excidit.
680 1436 726 1479 et
756 1425 805 1478 in
846 1424 1060 1495 pereatis
1086 1408 1190 1477 suis
1215 1424 1391 1492 quibus
1420 1422 1669 1493 peccavit,
1699 1422 1748 1476 in
1776 1422 1898 1490 ipsis

318 1521 573 1574 morietur.
613 1515 682 1573 Et
720 1516 915 1570 dixistis
937 1532 955 1568 :
987 1513 1108 1568 Non
1138 1514 1307 1582 dirigit
1345 1515 1423 1567 via
1454 1512 1677 1567 Domini.
1718 1512 1899 1565 Audite

316 1626 473 1672 nunc,
508 1607 690 1675 domus
734 1605 918 1659 Israel.
969 1604 1234 1674 Numquid
1272 1604 1352 1657 via
1393 1619 1502 1657 mea
1543 1620 1642 1657 non
1687 1601 1900 1672 dirigit?

319 1698 470 1753 Nunc
500 1698 580 1751 via
610 1710 771 1750 vestra
811 1712 910 1749 non
940 1703 1010 1748 cst
1040 1711 1205 1764 (equa.
1237 1691 1364 1749 Cum
1396 1694 1634 1747 convertit
1658 1709 1710 1745 se
1732 1693 1900 1759 justus

315 1809 344 1843 a
371 1808 464 1844 sua
481 1791 716 1862 justitia,
752 1799 796 1843 et
823 1788 945 1858 facit
975 1787 1250 1851 delictum;
1282 1786 1523 1840 morietur
1548 1786 1600 1839 in
1632 1802 1688 1839 eo
1718 1784 1899 1838 delicto

311 1870 446 1947 quod
478 1882 616 1951 fecit,
636 1880 686 1933 in
714 1880 821 1948 ipso
852 1878 1113 1933 morietur.
1140 1877 1203 1931 Et
1232 1894 1346 1930 cum
1371 1876 1599 1929 avertirit
1621 1892 1674 1929 se
1701 1875 1900 1944 iniquus

311 1972 368 2026 ab
400 1972 666 2041 iniquitate
685 1987 777 2023 sua
797 1986 949 2041 quam
975 1969 1112 2040 fecit,
1143 1977 1189 2023 et
1211 1968 1382 2038 fecerit
1396 1967 1652 2036 judicium
1680 1976 1725 2021 et
1746 1966 1903 2036 justi-

308 2065 432 2118 tiam
458 2082 478 2119 :
509 2065 591 2118 Itic
614 2064 836 2116 animam
856 2078 999 2116 suam
1026 2059 1310 2127 custodivit,
1342 2068 1389 2112 et
1415 2060 1553 2123 tivit,
1583 2066 1638 2111 ut
1664 2065 1902 2110 averteret

304 2173 358 2210 se
387 2156 456 2209 ab
485 2154 713 2208 omnibus
748 2151 1091 2224 iniquitatibus
1119 2152 1225 2205 suis
1245 2191 1260 2217 ,
1289 2166 1415 2219 quas
1446 2149 1591 2220 fecit,
1618 2149 1720 2201 vita
1738 2148 1898 2213 vivet,

298 2260 350 2302 et
399 2265 507 2302 non
535 2247 793 2300 morietur.
842 2244 906 2298 Et
936 2244 1058 2318 dicit
1093 2242 1274 2296 domus
1312 2239 1521 2295 Israel:
1553 2238 1673 2294 Non
1699 2240 1903 2311 corrigit

301 2340 387 2391 via
440 2336 670 2390 Domini.
723 2333 983 2405 Numquid
1019 2333 1099 2386 via
1139 2349 1251 2386 mea
1295 2348 1397 2386 non
1443 2331 1681 2402 corrigit,
1725 2331 1903 2384 domus

305 2426 526 2480 Israel?
572 2425 758 2479 Nonne
805 2426 965 2494 magis
1007 2425 1086 2477 via
1129 2431 1291 2477 vestra
1334 2439 1435 2477 non
1482 2422 1729 2492 corrigit?
1776 2419 1903 2476 Ideo

304 2531 714 2586 unumquemque
730 2524 940 2568 vestrum
953 2513 1229 2568 secundum
1250 2513 1355 2565 vias
1369 2511 1528 2581 ipsius
1530 2511 1774 2580 judicabo
1790 2526 1899 2578 vos,

304 2604 692 2670 domuslsracl,
717 2603 835 2657 dicit
855 2602 1055 2655 Adonai
1076 2599 1318 2655 Dominus
1336 2598 1547 2672 (Ezech.
1564 2600 1758 2663 xvm,l
1787 2599 1898 2670 50).

376 2700 519 2753 Avo.
566 2696 692 2751 llaec
738 2712 832 2766 per
878 2680 1216 2749 Ezechielem
1260 2691 1572 2763 praphetam
1620 2691 1902 2760 promissio

304 2798 386 2845 est
415 2788 544 2843 novi
584 2787 906 2843 Testamenti
928 2826 943 2852 ,
987 2800 1144 2856 quam
1176 2798 1280 2838 non
1312 2782 1593 2852 intelligis,
1639 2782 1732 2839 ubi
1764 2782 1903 2838 Deus

303 2888 657 2952 regeneratos
685 2868 1034 2948 a‘gencratis,
1065 2876 1108 2930 si
1132 2875 1241 2946 jam
1268 2874 1321 2928 in
1347 2872 1637 2943 majoribus
1660 2871 1903 2926 aetatibus

302 2981 458 3038 sunt,
504 2970 799 3027 secundum
835 2971 1045 3039 propria
1087 2967 1223 3022 facta
1271 2965 1544 3021 discernit.
1598 2964 1672 3020 De
1714 2964 1904 3034 quibus

304 3064 447 3117 enim
477 3062 697 3126 dicitur,
730 3060 912 3113 Anima
946 3058 1102 3128 patris
1128 3073 1236 3109 mea
1266 3066 1358 3122 est,
1388 3064 1433 3109 et
1464 3054 1637 3109 anima
1670 3055 1765 3123 ﬁlii
1795 3071 1905 3109 mea

303 3163 412 3222 est;
454 3152 750 3224 separatim
778 3151 959 3220 procul
1003 3149 1162 3204 dubio
1193 3162 1315 3203 suas
1345 3147 1481 3201 vitas
1505 3156 1686 3217 agunt.
1719 3146 1775 3202 Si
1805 3161 1903 3200 au-

304 3255 410 3300 tem
441 3243 594 3298 [ilius
619 3242 792 3296 adhuc
820 3249 962 3295 esset
991 3240 1041 3292 in
1072 3238 1262 3292 lumbis
1289 3238 1456 3307 patris
1478 3237 1581 3302 sui,
1609 3236 1746 3291 sicut
1769 3237 1905 3291 scri-

304 3345 456 3406 ptum
506 3343 600 3390 est
648 3332 715 3387 de
741 3308 922 3397 'Levi,
969 3329 1109 3400 quod
1159 3329 1210 3383 in
1260 3327 1451 3384 lumbis
1501 3326 1597 3383 fuit
1642 3326 1903 3393 Ahralue,

305 3426 528 3497 quando
553 3423 850 3480 decimatus
869 3432 950 3477 est
972 3436 1002 3475 a
1021 3418 1407 3475 Melchisedech
1430 3417 1696 3473 Abraham
1720 3416 1902 3487 (Ilebr.

306 3519 401 3584 τη,
433 3518 492 3586 9,
521 3516 650 3586 10);
689 3530 797 3570 non
829 3521 1006 3583 posset
1036 3521 1161 3568 tunc
1198 3512 1301 3566 dici
1324 3553 1338 3578 ,
1381 3511 1566 3565 Anima
1602 3510 1760 3582 patris
1798 3526 1908 3564 mea

304 3618 414 3675 est,
448 3618 499 3663 et
527 3607 710 3662 anima
735 3606 831 3675 ﬁlii
855 3621 966 3659 mea
1001 3614 1102 3670 est,
1144 3602 1357 3674 quando
1395 3619 1497 3657 una
1527 3602 1706 3673 utique
1733 3602 1907 3657 anima

304 3710 440 3755 erat.
473 3701 681 3755 Velans
710 3708 884 3753 autem
911 3695 1178 3765 Propheta
1209 3693 1519 3766 mysterium
1547 3707 1646 3749 suo
1672 3701 1912 3765 tempore

303 3792 701 3856 revolandum,
751 3787 1211 3860 regenerationem
1265 3802 1372 3842 non
1428 3784 1760 3850 nominavit,
1816 3800 1913 3855 per

305 3901 469 3953 quam
496 3883 732 3956 quisque
758 3881 897 3936 tilias
921 3879 1152 3935 hominis
1177 3893 1243 3933 ex
1273 3875 1440 3932 Adam
1454 3876 1654 3932 transit
1672 3875 1737 3931 ad
1758 3874 1911 3931 Chri-

305 3986 450 4031 stum
480 3995 495 4030 :
532 3974 635 4030 sed
667 3971 805 4044 quod
838 3987 943 4027 non
975 3970 1109 4025 dixit
1148 3970 1239 4025 illo
1269 3978 1542 4039 tempore,
1576 3968 1795 4040 intelligi
1822 3982 1916 4023 vo-

310 4068 410 4122 luit
439 4068 553 4123 isto
586 4075 844 4137 tempore,
878 4078 981 4132 quo
1009 4061 1178 4117 fuerat
1202 4060 1269 4116 ad
1291 4059 1562 4116 Christum
1591 4060 1912 4116 transeunti-

310 4157 411 4214 bus
439 4155 806 4212 auferendum
834 4154 1098 4209 velamen.
1129 4150 1259 4205 Nam
1290 4151 1540 4220 quoniam
1568 4150 1833 4220 proﬁteris
1863 4157 1915 4211 te

308 4265 434 4303 esse
465 4248 850 4311 christianum,
882 4244 1123 4314 quamvis
1145 4242 1398 4298 ostendas
1421 4240 1791 4301 autichristum
1814 4281 1828 4304 ,
1854 4240 1913 4296 id

307 4340 538 4396 elliccrc
568 4338 796 4391 utoliens
814 4348 868 4390 ut
888 4333 1132 4390 Christus
1154 4333 1318 4403 gratis
1339 4341 1583 4387 mortuus
1601 4330 1706 4395 sit;
1733 4346 1916 4401 qumro

307 4451 334 4484 ει
364 4442 442 4497 te,
477 4429 740 4491 utrum,si
768 4429 927 4483 homo
956 4426 1113 4481 faciat
1139 4439 1299 4494 opera
1331 4424 1420 4478 illa
1448 4432 1637 4479 cuncta
1658 4422 1878 4493 iustitiae
1897 4465 1913 4491 ,

307 4538 430 4593 quae
454 4520 729 4592 propheta
749 4517 994 4574 Ezechiel
1017 4516 1170 4571 toties
1193 4513 1486 4584 repetendo
1506 4523 1913 4579 couummorat,

307 4617 481 4669 etiam
524 4627 636 4667 non
667 4617 1046 4682 regeneratus,
1091 4606 1196 4660 vita
1225 4605 1385 4659 vivat.
1416 4603 1471 4659 Si
1501 4604 1637 4659 dicis
1663 4619 1784 4659 cum
1813 4605 1917 4659 vita

312 4704 528 4765 vivere,
562 4699 881 4755 contradicit
905 4697 1147 4754 Christus
1175 4695 1507 4759 autiehristo,
1540 4704 1594 4749 et
1621 4695 1767 4761 dicit,
1801 4694 1920 4751 Nisi

308 4793 759 4848 ntandttcaveritis
794 4807 1004 4847 carnem
1042 4806 1233 4853 meam,
1272 4798 1320 4842 et
1359 4788 1577 4844 biberitis
1623 4788 1919 4867 sanguinem

309 4902 485 4938 ηιεωιι
510 4864 542 4949 ,Α
566 4899 667 4937 non
701 4881 942 4935 habebitis
979 4881 1131 4933 vitam
1162 4881 1211 4932 in
1253 4879 1390 4933 vobis
1431 4877 1620 4947 (Joan.
1662 4864 1918 4947 v1.54):

307 4992 481 5044 quem
514 4974 698 5028 cibum
723 4982 777 5029 et
799 4980 977 5042 potum
1005 4969 1072 5024 ad
1103 4977 1444 5038 regeneratos
1472 4968 1758 5037 pertinere,
1791 4968 1922 5023 velis

310 5066 483 5130 nolis,
519 5062 732 5132 cogeris
757 5060 1019 5116 conﬁteri.
1053 5058 1108 5115 Si
1136 5068 1313 5113 autem
1348 5065 1493 5111 tanta
1521 5057 1660 5112 mole
1694 5059 1923 5112 auctori-

1676 303 1875 360 LIBER
1913 300 2223 361 TERTIUS.

3442 315 3465 369 Ι
3476 314 3579 371 286

2002 414 2294 486 Apostolus
2335 419 2505 477 Adam
2540 436 2606 477 ex
2650 430 2797 492 parte
2832 423 3072 491 peccati,
3113 434 3170 479 et
3208 422 3479 481 Christum
3515 443 3578 481 ex

2002 518 2150 579 parte
2170 508 2389 581 iustitia:
2411 515 2678 582 proponit,
2705 516 2920 585 opponi.
2953 515 3262 573 Evidentius
3282 530 3459 572 autem
3489 519 3579 572 tibi

2001 602 2276 659 ostendam
2302 603 2366 659 ad
2394 620 2595 661 novum
2622 607 3022 665 Testamentum
3064 611 3328 680 pertinere
3347 654 3362 677 ,
3395 612 3447 665 in
3476 626 3583 681 quo

2003 703 2438 764 regeneratorum
2468 697 2754 759 haereditas
2782 709 2900 765 est,
2930 701 3073 772 qttod
3099 702 3431 758 Ezechielem
3458 719 3584 771 pro;

2002 786 2217 855 phetam
2245 788 2445 845 dixisse
2460 804 2852 846 commemoras
2877 810 2892 847 :
2927 806 3031 847 non
3057 794 3272 863 quidem
3298 808 3461 858 nunc,
3490 796 3584 847 sed

2002 892 2127 931 cum
2159 877 2360 934 dixeris
2397 881 2605 944 munis,
2635 896 2755 952 qua:
2779 882 2846 937 de
2868 883 3004 952 ipsis
3032 886 3208 939 verbis
3236 885 3351 955 ejus
3378 894 3482 940 tum
3508 886 3587 940 lo-

1998 966 2281 1035 quaeitatis
2305 984 2456 1024 more
2483 970 2718 1026 dicturus
2743 986 2825 1027 es.

2075 1055 2318 1111 XXXIX.
2347 1056 2467 1114 let.
2512 1057 2800 1117 Videtume
2844 1069 3082 1118 assertor
3124 1062 3402 1132 locupules
3446 1065 3587 1135 judi-

2003 1144 2205 1200 ciorum
2234 1147 2249 1179 ¹
2279 1162 2499 1207 suorum
2534 1150 2672 1205 Deus
2692 1191 2707 1214 ,
2739 1151 2830 1220 qui
2854 1160 2967 1207 tam
2994 1152 3174 1209 multis
3214 1155 3479 1224 capitibus
3518 1156 3590 1212 de

2008 1237 2106 1292 hac
2135 1239 2431 1306 qumstione
2459 1256 2565 1297 non
2596 1242 2766 1297 solum
2788 1243 3067 1314 iudicavit,
3095 1248 3189 1301 sed
3213 1248 3374 1301 etiam
3401 1248 3587 1318 dispu-

2008 1328 2172 1382 tavit?
2202 1329 2363 1385 Plaue
2386 1331 2477 1400 qui
2504 1341 2800 1402 temporum
2826 1345 3126 1395 nostrorum
3151 1337 3469 1408 praevideret
3502 1356 3590 1393 er-

2004 1434 2154 1474 rores
2174 1460 2190 1486 ,
2222 1428 2367 1477 tanta
2400 1422 2680 1478 verborum
2724 1439 2941 1480 suorum
2972 1427 3055 1480 vel
3096 1429 3212 1482 luce
3231 1470 3246 1492 ,
3286 1429 3368 1483 vel
3399 1431 3551 1496 copia
3571 1470 3586 1492 ,

2005 1507 2111 1561 duo
2139 1519 2219 1562 est
2243 1509 2387 1578 jnste
2425 1521 2679 1581 operatus
2707 1525 2763 1568 et
2800 1516 3020 1583 provide
3046 1517 3067 1548 '
3092 1534 3106 1569 :
3138 1532 3301 1572 unum
3323 1559 3338 1583 ,
3372 1532 3440 1573 ne
3468 1519 3588 1588 quis

2006 1600 2111 1654 ulla
2157 1602 2507 1670 qttaestionutn
2551 1604 2897 1674 ambiguitate
2942 1616 3280 1672 moveretur;
3321 1608 3488 1674 aliud,
3520 1623 3590 1663 ne

2004 1690 2142 1759 apud
2173 1706 2267 1746 eos
2305 1709 2395 1762 qm
2427 1708 2487 1748 se
2517 1694 2905 1751 immersisseut
2930 1705 3122 1766 sponte
3150 1699 3435 1769 naufragiis
3454 1742 3467 1765 ,
3495 1713 3591 1754 ex-

2003 1784 2293 1839 cusationis
2319 1785 2493 1840 tabula
2515 1786 2619 1840 ulla
2640 1797 2964 1843 remaneret.
2990 1790 3249 1859 Loquitur
3266 1790 3333 1844 ad
3352 1790 3586 1857 Judaeos,

2004 1874 2091 1943 qui
2117 1877 2480 1946 captivitatem
2510 1879 2805 1934 sceleribus
2827 1881 3100 1950 exigentes
3118 1923 3133 1948 ,
3161 1882 3227 1936 ad
3251 1883 3590 1938 relevandam

2008 1966 2237 2033 propria:
2269 1968 2723 2034 praevaricationis
2764 1969 3014 2024 invidiam
3041 2012 3055 2036 ,
3099 1973 3439 2040 parentibus,
3485 1989 3591 2029 non

2009 2054 2247 2109 moribus
2275 2056 2415 2121 suis,
2447 2056 2681 2111 debitam
2708 2073 2826 2113 eam
2859 2058 3023 2114 fuisse
3046 2061 3355 2128 jactahant:
3385 2070 3442 2117 et
3468 2079 3596 2119 cou-

2009 2144 2155 2201 vCuit
2171 2159 2268 2200 eos
2287 2147 2601 2202 auctoritate
2624 2148 2813 2217 patria.
2840 2148 3032 2218 thuid
3052 2149 3211 2217 vobis,
3237 2153 3420 2221 inquit,
3449 2154 3595 2208 istam

2009 2235 2334 2305 parabolam,
2375 2246 2430 2290 ut
2475 2237 2656 2292 dicatis
2674 2278 2691 2304 ,
2744 2237 2987 2297 Parentes
3016 2242 3445 2296 manducaverrmt
3476 2258 3596 2298 uvas

2006 2325 2229 2393 acerbas,
2252 2336 2299 2381 et
2321 2328 2548 2395 ﬁliorum
2576 2329 2750 2383 dentes
2776 2329 3187 2402 obstupuerant?
3224 2332 3348 2387 Vivo
3372 2350 3485 2404 ego,
3513 2335 3597 2389 di-

2008 2417 2074 2469 cit
2094 2417 2294 2471 Adonai
2316 2416 2585 2485 Dominus,
2613 2421 2660 2474 si
2678 2420 2881 2475 dicetur
2906 2423 3127 2490 amplius
3153 2424 3395 2493 parabola
3417 2426 3525 2480 hac
3543 2427 3599 2480 in

2008 2504 2175 2563 Israel
2197 2523 2217 2562 :
2240 2509 2476 2579 quoniam
2504 2526 2678 2566 omnes
2716 2512 2904 2567 anima
2929 2529 3054 2569 metu
3080 2528 3230 2581 sunt;
3267 2518 3597 2587 quemadmo-

2006 2599 2132 2653 dum
2154 2601 2326 2655 anima
2361 2603 2541 2671 patris,
2570 2606 2643 2657 ita
2670 2603 2844 2658 anima
2881 2606 3007 2674 filii,
3052 2622 3226 2663 omnes
3263 2610 3449 2664 anima!
3473 2626 3598 2666 mea

2006 2699 2144 2747 sunt.
2174 2693 2358 2747 Anima
2384 2709 2500 2763 quer
2528 2704 2722 2763 peccat,
2751 2694 2868 2766 ipsa
2894 2697 3154 2753 morietur.

2079 2781 2216 2839 Atto.
2245 2783 2379 2838 Cum
2404 2784 2500 2852 ait,
2544 2784 2606 2840 Si
2637 2785 2838 2840 dicetur
2873 2786 3095 2858 amplius
3130 2788 3374 2858 parabola
3412 2792 3522 2844 hac
3545 2791 3599 2845 in

2010 2869 2207 2936 Israel;
2252 2874 2486 2929 ostendit
2528 2875 2707 2931 solere
2752 2875 2854 2931 dici
2879 2917 2894 2941 ,
2947 2876 3131 2933 Patres
3172 2880 3596 2935 manducaverunt

2009 2977 2156 3016 uvam
2181 2963 2448 3030 acerbam,
2493 2975 2541 3018 et
2567 2965 2742 3019 dentes
2788 2967 3013 3034 filiorum
3057 2968 3443 3039 obstupuerunt.
3489 2970 3600 3026 Nec

2012 3054 2184 3122 arguit
2219 3055 2341 3123 quia
2378 3054 2673 3122 dicebatur,
2714 3056 2811 3110 sed
2848 3058 3112 3126 promittit
3146 3059 3238 3113 ubi
3259 3060 3280 3091 ⁸
3307 3075 3414 3114 non
3442 3060 3595 3116 diea-

2012 3151 2119 3198 tur.
2160 3142 2317 3200 Unde
2354 3153 2535 3201 autem
2575 3143 2679 3200 hoc
2716 3144 2984 3213 dicebant,
3031 3149 3131 3203 nisi
3178 3150 3335 3218 quia,
3368 3150 3599 3206 Reddam

2012 3241 2221 3303 peccata
2257 3242 2465 3301 patrum
2502 3234 2555 3288 in
2594 3234 2732 3304 filios
2768 3233 2957 3306 (Deut.
2989 3251 3043 3302 v,
3081 3236 3170 3307 9),
3204 3238 3371 3293 Deum
3400 3238 3602 3295 dixisse

2011 3322 2288 3381 sciebant?
3111 3312 3130 3327 “

2084 3410 2197 3471 XL.
2231 3413 2345 3470 Jun.
2369 3414 2451 3469 Ad
2473 3416 2878 3486 exemplaudam
2898 3426 2955 3472 et
2978 3417 3397 3474 conlinnandam
3417 3420 3600 3491 judieii

2013 3503 2095 3559 sui
2123 3503 2427 3575 equitatem
2447 3505 2751 3576 iuramento
2776 3507 2916 3563 Deus
2940 3508 3127 3577 utitur,
3151 3518 3207 3565 et
3231 3512 3600 3567 auctoritatem

2000 3595 2283 3653 constituti
2315 3596 2671 3654 obtestatione
2694 3600 2951 3654 cumulat.
2994 3600 3262 3657 lntellexit
3304 3601 3408 3656 hoc
3436 3616 3603 3671 genus

2015 3684 2266 3755 loquendi
2294 3687 2618 3758 Apostolus,
2657 3691 2749 3760 qui
2790 3690 2858 3745 ad
2892 3690 3160 3748 .llebraios
3194 3693 3268 3746 ita
3301 3692 3553 3748 disseruit
3586 3710 3601 3748 :

2027 3774 2211 3833 Volous
2231 3817 2247 3843 ,
2298 3778 2502 3849 inquit,
2555 3780 2695 3835 Deus
2741 3782 3004 3837 ostendere
3051 3783 3399 3852 promissionis
3447 3785 3601 3838 luere-

2017 3865 2165 3921 dibus
2191 3867 2589 3923 iutmobilitatem
2629 3871 2830 3923 consilii
2866 3872 2980 3936 sui,
3005 3872 3306 3941 interposuit
3334 3874 3606 3943 jusjuran-

2019 3956 2138 4011 dum
2153 3996 2171 4021 ,
2209 3966 2264 4011 ut
2290 3974 2380 4028 per
2404 3958 2532 4014 duas
2554 3975 2635 4014 res
2659 3959 2937 4015 immobiles
2954 4000 2969 4025 ,
2994 3962 3177 4031 quibus
3196 3962 3511 4033 impossibile
3535 3975 3607 4017 est

2021 4048 2222 4102 mentiri
2251 4047 2414 4103 Deum
2435 4089 2451 4114 ,
2493 4050 2822 4121 fortissimum
2846 4051 3082 4106 solatium
3112 4050 3386 4107 habeamus
3411 4051 3603 4123 (Hebr.

2003 4155 2092 4205 ,vn,
2124 4139 2209 4203 17,
2241 4139 2356 4209 18).

2090 4234 2228 4289 Anc.
2260 4230 2331 4288 Et
2353 4231 2423 4289 ibi
2448 4248 2650 4291 novum
2678 4232 3079 4291 Testamentum
3094 4235 3533 4305 -ρτυπιίῑιθιηιιηι,

2093 4320 2226 4375 XLI.
2252 4320 2370 4377 ιω..
2406 4322 2620 4378 Duobus
2643 4338 2770 4392 ergo
2794 4322 2879 4378 his
2899 4324 3107 4380 ostendi
3132 4325 3281 4392 dicit,
3312 4326 3476 4381 Deum
3504 4342 3607 4382 non

2025 4427 2183 4482 posse
2211 4413 2426 4469 mentiri
2447 4455 2463 4480 ,
2484 4412 2596 4468 hoc
2625 4413 2739 4482 ipso
2762 4414 2884 4484 quia
2908 4416 3186 4484 promisit,
3213 4427 3372 4488 atque
3398 4417 3448 4472 id
3470 4419 3611 4489 quod

2026 4505 2270 4574 promisit
2295 4505 2417 4575 quia
2442 4520 2501 4560 se
2525 4513 2748 4561 testatur
2767 4505 2987 4575 implere
3015 4523 3029 4560 :
3052 4522 3156 4562 non
3180 4509 3320 4579 qutid
3342 4510 3482 4565 Deus
3496 4512 3612 4566 sine

2024 4599 2367 4655 attestatione
2400 4598 2499 4654 tali
2529 4598 2860 4654 imbecillum
2880 4606 3046 4670 atque
3070 4600 3286 4656 dubium
3312 4602 3485 4658 soleat
3511 4602 3611 4658 ha—

2026 4691 2154 4746 bere
2190 4703 2531 4753 sermouem;
2576 4689 2669 4745 sed
2713 4699 2774 4745 ut
2800 4690 3076 4747 veritatem
3106 4706 3255 4747 suam
3281 4691 3612 4747 documentis

2025 4781 2315 4852 grandibus
2340 4789 2604 4848 oneraret,
2632 4798 2698 4838 eo
2720 4798 2917 4854 genere
2944 4783 3226 4838 locutionis
3248 4783 3272 4817 ⁸
3295 4785 3491 4840 abusus
3510 4794 3612 4852 est,

2026 4872 2167 4943 quod
2195 4872 2497 4928 hominibus
2523 4872 2685 4929 etiam
2715 4873 2902 4931 fallere
2927 4874 3101 4930 solitis
3128 4876 3271 4931 credi
3303 4876 3480 4932 faciat.
3504 4877 3617 4933 Hoc

2016 4979 2158 5033 ergo
2185 4962 2422 5033 pondere
2436 4964 2494 5018 iu
2512 4966 2768 5034 praesenti
2795 4980 3184 5037 quoquecausa
3204 4969 3458 5025 admonet
3479 4970 3616 5025 Deus

2028 5065 2191 5125 atque
2236 5055 2532 5125 prescribit
2554 5098 2569 5123 ,
2615 5065 2670 5112 et
2706 5066 2763 5111 ut
2780 5057 2967 5114 nullus
3006 5058 3108 5115 hoc
3136 5062 3276 5130 quod
3302 5062 3616 5117 Traduciaui

310 5157 446 5211 tatis
477 5155 718 5208 obtritas
743 5155 787 5220 ²,
819 5149 1160 5222 responderis
1184 5164 1305 5204 eum
1344 5148 1435 5219 qui
1462 5148 1638 5204 omnia
1668 5148 1755 5202 illa
1783 5148 1920 5203 bona
1970 5170 2001 5191 ο
2024 5155 2312 5212 asserunt,
2351 5146 2422 5203 de
2455 5148 2658 5219 :populo
2680 5149 3021 5219 suspicetur,
3051 5160 3107 5207 et
3134 5152 3299 5207 Deum
3327 5170 3431 5208 non
3462 5167 3620 5221 posse

312 5247 517 5300 fecerit
542 5287 560 5308 ,
590 5245 634 5298 si
673 5260 778 5298 non
824 5242 982 5297 fuerit
1011 5250 1387 5311 regeneratus,
1428 5240 1530 5292 vita
1564 5254 1668 5292 non
1703 5238 1919 5295 vivere:

311 5335 605 5405 responde
629 5350 746 5405 qua:
789 5348 946 5389 causa
973 5334 1077 5399 sit;
1106 5346 1160 5385 0"
1189 5331 1307 5385 vide
1330 5329 1668 5401 generationi
1697 5344 1918 5398 regene-
1950 5334 1953 5337 “

313 5433 637 5496 rationem,
691 5444 796 5483 non
840 5427 1119 5482 imitation.
1166 5425 1549 5490 imitationem,
1597 5422 1646 5476 in
1688 5439 1752 5475 eo
1783 5423 1922 5493 quod

312 5583 509 5634 chielis
541 5581 881 5636 substituerat,
904 5592 1014 5642 qua:
1038 5585 1113 5642 c_s_t
1140 5575 1394 5642 uitulorum
1427 5577 1664 5642 versiculis
1695 5584 1713 5621 \
1730 5577 1927 5641 ulgatte,

312 5644 545 5699 scilicet,
572 5648 615 5691 et
642 5649 777 5706 priter
799 5635 890 5689 non
914 5635 1119 5702 portabit
1142 5637 1435 5699 iniquitatem
1458 5635 1564 5700 lilii,
1584 5646 1677 5687 etc.

385 5708 402 5737 ι
436 5704 773 5764 v'emsetulex
798 5709 945 5759 nuru,
970 5708 1220 5764 quantum.

384 5768 409 5799 ⁸
433 5762 731 5825 Viguierius
754 5771 806 5813 et
826 5757 1059 5811 Mssdt'ar.
1081 5761 1222 5820 t:lar.,
1246 5757 1509 5810 obstrictus.
1544 5767 1688 5823 νυνι,
1707 5760 1922 5813 obtritas.

2022 5253 2097 5294 eo
2132 5253 2292 5309 quem
2326 5238 2620 5296 detestatur
2645 5242 2815 5297 modo
2834 5241 3109 5311 judicare,
3135 5253 3417 5315 cognoscat
3447 5261 3460 5295 :
3501 5243 3619 5297 Vivo

2035 5345 2153 5399 ego,
2185 5330 2305 5383 dicit
2331 5330 2530 5385 Adonai
2555 5331 2831 5401 Dominus,
2854 5334 2898 5388 si
2925 5336 3141 5405 amplius
3166 5334 3357 5388 dicetur
3381 5334 3621 5403 parabole

2036 5436 2142 5475 nate
2168 5420 2219 5473 in
2249 5418 2433 5476 Israel.

2101 5586 2114 5609 ι
2144 5582 2338 5632 Deerat,
2360 5572 2664 5638 ⁸ᾔιιςίίιοίωπηη
2692 5588 2708 5625 :
2732 5578 3005 5638 restituitur
3031 5588 3091 5624 ex
3114 5577 3466 5638 manuscriptis.

2100 5640 2119 5667 ²
2138 5639 2332 5700 ςὶᾳνιδιδε.
2375 5636 2490 5685 Edita
2513 5646 2696 5700 autem,
2727 5637 2947 5700 providit.

2101 5700 2121 5731 ³
2145 5698 2282 5755 mliti,
2297 5703 2363 5745 ut.
2388 5703 2516 5755 itas,
2538 5697 2633 5747 ubi.

2105 5759 2123 5788 ⁸
2158 5765 2206 5808 tn
2230 5765 2357 5821 Mss,
2380 5759 2667 5812 elocutionis.
