3962 6180
335 397 467 455 I267

403 515 537 566 Aac.
587 508 706 563 Non
731 508 911 562 dicitur
938 507 989 560 in
1019 505 1184 560 Israel
1201 543 1218 571 ,
1251 511 1392 558 recte
1416 501 1623 556 diceres
1643 539 1658 563 ,
1685 496 1732 551 si
1760 509 1914 550 veros

333 600 597 656 Israelitas
630 604 969 668 regeneratos
994 594 1206 648 videres
1228 634 1242 656 ,
1274 594 1326 646 in
1357 592 1546 662 quibus
1569 590 1673 643 hoc
1703 602 1808 642 non
1833 584 1887 639 di
1906 614 1920 626 -

332 702 502 744 cetur.
550 688 680 743 Nam
725 687 778 741 in
816 687 898 739 his
923 686 1010 755 qui
1040 700 1144 738 non
1175 688 1586 753 regenerantur,
1618 677 1809 732 merito
1835 675 1920 729 di-

331 783 507 844 eitur;
546 779 794 849 quoniam
837 792 941 830 non
982 785 1108 830 sunt
1155 774 1344 838 Israel,
1385 770 1675 826 secundum
1703 767 1752 822 id
1781 764 1919 836 quod

331 871 409 923 ait
448 868 512 923 ad
560 870 826 922 Ilomanos
864 866 1183 936 Apostolus,
1226 863 1346 918 Non
1383 863 1514 917 enim
1549 876 1719 914 omnes
1747 858 1832 926 qui
1860 872 1925 909 ea:

341 959 537 1023 Israel,
583 958 636 1011 hi
670 966 788 1012 sunt
811 955 979 1011 Israel
1007 972 1025 1010 :
1055 955 1141 1009 ubi
1167 956 1282 1008 sine
1311 952 1473 1006 dubio
1502 950 1641 1004 ﬁlios
1670 949 1789 1002 novi
1817 946 1921 999 Te-

341 1048 586 1102 stamenti
613 1089 628 1112 ,
670 1046 772 1101 hoc
801 1057 882 1102 est
924 1047 1060 1100 ﬁlios
1095 1043 1462 1113 promissionis
1485 1081 1500 1106 ,
1528 1040 1738 1094 volebat
1767 1037 1924 1091 intel-

351 1140 441 1209 igi.
478 1138 728 1208 Denique
753 1138 992 1207 sequitur
1022 1155 1034 1190 :
1065 1134 1170 1190 Sed
1196 1135 1250 1188 in
1275 1133 1427 1188 Isaac
1453 1130 1707 1185 vocabitur
1733 1129 1820 1181 tibi
1849 1144 1930 1181 se-

342 1246 453 1283 men
479 1245 497 1289 ;
524 1228 617 1282 ltoc
643 1236 744 1293 est,
774 1244 875 1282 non
905 1227 989 1296 qui
1016 1226 1110 1295 ﬁlii
1135 1224 1300 1278 carnis
1319 1265 1334 1290 ,
1367 1222 1419 1276 hi
1448 1222 1542 1291 ﬁlii
1571 1219 1684 1284 Dei,
1710 1217 1798 1271 sed
1826 1216 1921 1284 ﬁlii

346 1320 688 1392 promissionis
719 1320 1024 1389 deputantur
1050 1319 1102 1370 in
1130 1316 1314 1370 semine
1344 1313 1521 1385 (Rom.
1548 1327 1601 1366 IX
1623 1350 1636 1373 ,
1665 1311 1698 1365 6
1727 1308 1804 1380 8).

415 1409 572 1464 XLII.
619 1407 737 1464 Jun.
781 1407 915 1477 Quid
963 1415 1048 1463 est
1091 1406 1229 1470 hoc,
1278 1404 1509 1474 Amplius
1552 1418 1653 1454 non
1693 1399 1883 1452 dicetur
1912 1413 1931 1451 :

349 1514 466 1553 cum
511 1499 613 1552 hoc
657 1513 822 1566 usque
854 1496 1010 1551 hodie
1036 1496 1195 1549 tantis
1220 1493 1626 1547 Maniclueorum
1657 1487 1934 1543 conatibus

350 1589 658 1642 ast-seratur?
698 1588 802 1643 Sed
835 1587 936 1641 hoc
965 1598 1045 1641 est
1073 1584 1212 1656 quod
1240 1583 1467 1644 indicat,
1499 1581 1746 1650 quoniam
1773 1591 1932 1630 nemo

347 1681 433 1746 qui
465 1690 546 1734 est
571 1680 638 1734 de
664 1679 861 1749 populo
890 1677 1047 1732 Israel
1069 1718 1084 1739 ,
1113 1676 1200 1730 vel
1226 1675 1315 1744 qui
1343 1673 1501 1742 hujus
1528 1665 1816 1740 Script'ura:
1843 1683 1938 1721 au-

347 1770 644 1822 ctoritatem
671 1768 889 1836 suscipit
909 1809 922 1833 ,
956 1775 1077 1836 post
1099 1764 1457 1821 deﬁnitionem
1484 1776 1655 1815 meam
1686 1761 1786 1813 tale
1811 1756 1936 1827 quid

349 1859 564 1913 audebit
606 1859 894 1914 accredere
944 1859 981 1912 ¹.
1029 1858 1196 1911 Porro
1242 1855 1414 1908 omnis
1459 1854 1547 1922 qui
1593 1853 1644 1905 in
1689 1851 1776 1904 illa
1819 1849 1937 1917 0pi~

354 1952 512 2004 uioue
552 1950 878 2019 perstiterit,
919 1963 1018 2002 nec
1057 1947 1142 2000 bis
1181 1945 1362 1999 obedit
1399 1943 1633 2009 Litteris,
1668 1955 1765 1994 nec
1794 1940 1845 1992 in
1875 1951 1940 1991 eo

354 2040 439 2108 qui
469 2050 551 2092 est
576 2053 731 2092 verus
763 2037 920 2092 Israel
950 2034 1406 2090 annumerabitur.

427 2131 561 2183 Acc.
606 2128 660 2183 Si
708 2143 834 2197 ergo
874 2135 991 2196 post
1019 2125 1381 2179 deﬁnitionem
1411 2137 1558 2176 suam
1585 2122 1699 2176 vult
1724 2119 1942 2189 intelligi

359 2221 497 2274 Deus
524 2220 625 2274 hoc
651 2219 917 2274 neminem
945 2216 1269 2272 crediturum
1295 2232 1308 2281 ;
1337 2212 1678 2285 qumrendum
1705 2219 1787 2266 est
1805 2253 1818 2277 ,
1849 2225 1946 2265 cur

357 2321 483 2368 ante
530 2313 666 2366 hanc
710 2329 816 2366 non
847 2310 1086 2380 improbe
1112 2309 1460 2370 credebatur,
1493 2314 1704 2375 peccata
1739 2312 1942 2373 patrum

357 2404 515 2457 etiam
558 2403 610 2455 in
653 2401 792 2456 ﬁlios
835 2415 954 2455 esse
991 2397 1281 2454 reddenda.
1319 2398 1387 2451 Et
1414 2396 1460 2449 si
1487 2398 1619 2448 bene
1645 2403 1942 2463 quaeratur,

359 2493 660 2548 invenietur
703 2499 922 2560 propter
961 2488 1245 2544 obnoxiam
1287 2486 1680 2557 generationem
1707 2485 1904 2538 dictum
1928 2524 1943 2548 ,

363 2581 594 2636 Reddam
621 2589 825 2648 peccata
855 2591 1057 2649 patrum
1081 2579 1134 2632 in
1159 2579 1310 2646 filios.
1339 2576 1489 2632 Unde
1513 2585 1692 2629 natum
1713 2584 1794 2628 est
1823 2590 1946 2643 pro-

363 2673 602 2727 verbium
649 2671 779 2726 illud
821 2671 888 2726 de
919 2670 1033 2725 uvis
1062 2669 1288 2724 acerbis.
1321 2667 1545 2736 Propter
1575 2666 1792 2719 liberam
1821 2679 1948 2718 vero

365 2763 824 2833 regenerationem
855 2762 1176 2831 promissum
1207 2768 1290 2813 est
1313 2757 1710 2813 Testamentum
1732 2770 1946 2823 novum,

339 2855 455 2924 pubi
504 2855 606 2908 hoc
644 2854 872 2922 amplius
914 2867 1020 2906 non
1059 2850 1305 2904 dicatur:
1334 2847 1453 2917 quia
1509 2845 1803 2901 Itrereditati
1851 2844 1948 2899 da-

366 2959 568 3000 uitiosa:
581 2959 697 3013 qua:
710 2943 932 2997 venitex
956 2940 1148 3005 Adam,
1176 2955 1271 3009 per
1292 2937 1486 2993 Christi
1512 2937 1733 3006 gratiam
1757 2950 1954 2990 renun-

369 3036 565 3100 tiatur,
605 3032 818 3103 quando
859 3031 1192 3087 renuntiatur
1218 3029 1340 3084 huic
1365 3029 1585 3092 saeculo,
1616 3027 1704 3081 ubi
1734 3041 1952 3082 necesse

367 3136 449 3181 est
480 3126 644 3195 premi
671 3125 799 3195 jugo
823 3124 970 3195 gravi
1001 3123 1140 3176 ﬁlios
1164 3123 1331 3176 Adam
1348 3163 1364 3187 ,
1391 3136 1496 3177 non
1521 3121 1701 3190 utique
1724 3120 1916 3190 injuste
1935 3161 1949 3185 ,

368 3234 396 3271 a
440 3217 531 3274 die
572 3217 746 3272 exitus
772 3216 840 3271 de
866 3224 1053 3271 ventre
1082 3213 1266 3268 matris
1291 3228 1507 3279 eorum,
1534 3228 1702 3281 usque
1729 3213 1779 3266 in
1810 3212 1951 3266 diem

370 3309 659 3378 sepultura:
701 3307 753 3361 in
799 3315 1023 3360 matrem
1064 3304 1300 3359 omnium
1332 3301 1519 3372 (Eccti.
1552 3317 1652 3366 χι,
1686 3300 1736 3371 I)
1772 3318 1786 3354 :
1815 3300 1955 3355 unde

371 3413 524 3452 sacra
572 3398 851 3467 mysteria,
894 3396 1053 3450 etiam
1088 3394 1317 3465 parvulis
1345 3393 1767 3448 renuntiantibus
1788 3433 1800 3457 ,
1828 3392 1956 3447 satis

371 3489 496 3558 quid
527 3497 712 3557 agatur
740 3487 1046 3542 ostendunt.

444 3580 626 3635 XLIII.
666 3580 786 3636 Ine.
825 3579 1112 3648 Postquam
1154 3576 1417 3646 parabola:
1445 3575 1584 3630 illius
1611 3575 1842 3629 vanitate
1871 3590 1956 3628 re-

375 3671 637 3742 prehensa
673 3714 688 3738 ,
735 3671 911 3726 sanxit
959 3668 1273 3725 sententiam
1329 3663 1750 3737 promulgatione
1801 3677 1959 3735 atque

373 3762 728 3817 obtestatione
761 3761 938 3815 divina
961 3799 977 3826 ,
1009 3761 1166 3813 etiam
1191 3757 1407 3827 justitiae
1433 3773 1542 3812 suae
1567 3756 1812 3827 dignatur
1835 3771 1960 3825 ape-

373 3853 481 3908 rire
503 3853 783 3915 rationem,
808 3865 904 3906 cur
925 3849 1342 3904 necessitudines
1364 3848 1592 3917 peccatis
1614 3863 1717 3900 non
1739 3861 1962 3917 graven-

377 3952 461 3996 tur
505 3942 774 3997 alienis-'.
824 3941 1074 4006 Quoniam
1115 3956 1285 3994 omnes
1323 3940 1540 4004 animat,
1591 3939 1793 4007 inquit,
1840 3953 1963 3992 mea

377 4045 528 4099 sunt;
565 4033 983 4105 quemadmodum
1022 4034 1193 4086 anima
1232 4033 1423 4104 patris,
1456 4033 1528 4085 ita
1555 4040 1604 4086 et
1628 4032 1797 4084 anima
1825 4030 1959 4099 lilii,

376 4141 546 4180 attines
589 4127 774 4180 anima:
811 4139 934 4178 mea:
979 4132 1095 4176 sunt
1144 4138 1164 4176 :
1218 4123 1388 4175 anima
1438 4137 1551 4191 qua:
1599 4129 1802 4190 peccat,
1848 4121 1960 4190 ipsa

379 4215 636 4268 morietur.
706 4215 880 4280 Quare
937 4227 1065 4281 ergo
1125 4221 1266 4265 esset
1326 4212 1625 4279 aequissima
1684 4211 1962 4265 sententia:

381 4306 480 4360 ista
533 4303 829 4358 moderatio
858 4343 873 4370 ,
929 4303 1254 4372 proprietate
1306 4315 1515 4370 quoque
1565 4301 1794 4356 ostendit
1845 4303 1961 4355 ani-

380 4410 606 4450 tuarum.

454 4487 590 4540 Auc.
640 4483 746 4538 Ista
791 4483 1088 4553 proprietas
1132 4482 1426 4537 animarum
1471 4481 1537 4535 ad
1579 4482 1712 4534 vitas
1737 4482 1965 4552 pertinet

383 4581 675 4644 separatas.
708 4573 822 4627 Non
847 4573 987 4628 enim
1018 4573 1221 4628 renasci
1245 4573 1434 4642 aliquis
1461 4573 1560 4626 nisi
1589 4581 1741 4626 natus
1770 4581 1961 4641 potest.

383 4667 562 4731 Quare
598 4673 772 4719 autem
800 4663 1091 4718 decimatus
1114 4673 1197 4718 est
1220 4663 1348 4718 Levi
1377 4679 1496 4718 cum
1523 4672 1665 4718 esset
1689 4664 1740 4717 in
1772 4663 1966 4718 lumbis

386 4755 614 4810 Ahraha:
635 4795 650 4821 ,
686 4755 785 4808 nisi
813 4754 934 4824 quia
961 4753 1193 4808 nondum
1224 4755 1278 4809 in
1304 4754 1382 4810 cis
1409 4755 1580 4809 fuerat
1605 4769 1819 4810 suarum
1846 4768 1968 4824 pro-

387 4846 583 4915 prietas
607 4844 946 4901 animarum?

459 4937 641 4992 XLIV.
674 4939 790 4993 JUL.
824 4939 954 4993 Cum
978 4937 1154 4992 anima
1180 4979 1194 5004 ,
1220 4937 1426 5007 inquit,
1458 4919 1621 5007 patris
1645 4953 1760 4993 mea
1787 4937 1887 5002 sit,
1915 4944 1971 4991 et

387 5029 560 5082 anima
613 5030 701 5083 ﬁlii
742 5045 858 5085 mea
900 5031 969 5084 sit
1011 5029 1136 5102 (quo
1167 5027 1502 5092 testimonio,
1530 5037 1587 5082 ut
1610 5028 1789 5082 multis
1814 5027 1966 5091 aliis,

388 5119 613 5190 docetur
636 5160 651 5185 ,
682 5120 910 5173 animam
941 5120 1070 5174 nihil
1096 5119 1293 5175 debere
1319 5119 1630 5183 seminibus,
1653 5133 1810 5188 quam
1832 5118 1970 5170 Deus

387 5211 495 5282 juri
545 5225 642 5265 suo
687 5208 979 5281 vindicat);
1028 5211 1415 5280 iniquissimum
1446 5250 1462 5274 ,
1513 5209 1721 5279 inquit,
1764 5217 1819 5261 et
1861 5218 2005 5261 διο-ο

393 5303 556 5356 Iidum
612 5307 731 5365 est,
786 5308 843 5353 ut
887 5315 1004 5353 mea
1055 5316 1169 5370 res,
1225 5316 1340 5355 mea
1389 5301 1562 5370 imago
1609 5299 1796 5353 alienis
1843 5313 1969 5367 gra-

395 5401 548 5447 vetur
575 5390 842 5461 operibus.

464 5485 597 5539 Auc.
634 5483 862 5551 Separas
888 5496 1016 5550 ergo
1042 5495 1255 5534 carnem
1285 5496 1314 5534 a
1337 5481 1455 5550 jure
1484 5482 1573 5536 Dei
1597 5523 1610 5547 ,
1637 5495 1792 5550 quem
1819 5488 1972 5549 putas

395 5576 625 5628 animam
671 5573 835 5627 solam
878 5572 981 5642 juri
1031 5571 1243 5640 preprio
1285 5571 1549 5626 vindicare
1576 5588 1589 5636 ;
1618 5582 1669 5624 et
1699 5570 1890 5624 oblitus
1915 5585 1973 5623 cs

463 5749 482 5812 ξ
505 5747 579 5795 sic
598 5753 703 5812 Mss
732 5757 780 5796 Al
807 5748 956 5812 editio
981 5748 1204 5812 \‘ignierii
1242 5748 1407 5809 prima,
1437 5761 1494 5796 ac
1519 5747 1741 5798 reddere.

460 5807 484 5840 ⁸
513 5812 644 5863 Mss,
659 5809 869 5858 alternis.

1013 387 1252 445 OPERIS
1290 379 1697 440 IMPERFECTI
1737 374 2008 437 CONTRA
2049 372 2406 436 JULHNUM,
2448 373 2484 427 S
2546 371 2910 428 AUGUSTINI

3470 373 3605 429 120$

2026 487 2163 560 quod
2208 489 2459 558 scriptum
2501 495 2609 553 est,
2659 487 2803 542 Sicut
2847 489 2976 540 enim
3006 487 3181 540 mulier
3210 503 3270 540 ea:
3295 487 3428 553 viro,
3457 488 3528 540 ita
3558 498 3603 542 et

2027 585 2099 636 vir
2123 600 2210 651 per
2237 583 2491 635 mulierem
2514 598 2532 646 ;
2559 581 2725 635 tnnnia
2745 590 2908 634 autem
2929 598 2990 634 ex
3021 580 3124 634 Deo
3158 581 3198 652 (l
3222 581 3339 635 Ccr.
3365 599 3445 645 XI,
3472 582 3604 650 12)?

2027 673 2178 741 Quod
2212 683 2369 728 certe
2411 681 2502 726 aut
2545 672 2832 726 secundum
2877 687 3090 725 carnem
3139 673 3337 727 dictum
3379 683 3492 739 est,
3519 684 3610 729 aut

2029 763 2315 819 secundum
2359 774 2638 833 utrumque
2663 780 2677 827 ;
2725 778 2828 817 non
2857 771 3034 817 tamen
3064 764 3353 818 secundum
3380 767 3609 820 animam

2030 856 2216 910 solam.
2243 855 2393 923 Quod
2421 864 2594 909 autem
2625 854 2715 907 tibi
2744 854 2918 920 placet
2949 862 3005 907 ιιι
3032 854 3174 908 dicat
3199 855 3334 908 Deus
3353 896 3367 921 ,
3392 854 3614 927 Iniquis-

2029 946 2209 1000 simum
2247 955 2292 998 et
2325 943 2564 998 stolidum
2603 951 2676 997 est
2701 989 2710 1004 ,
2746 953 2799 997 ut
2828 960 2938 997 mea
2965 960 3042 997 res
3062 988 3077 1010 ,
3109 959 3215 998 mea
3245 947 3411 1016 imago
3437 949 3615 1002 alienis

2031 1045 2261 1106 gravetur
2301 1035 2533 1105 aperibus
2579 1047 2597 1086 :
2632 1049 2729 1088 cur
2757 1049 2862 1087 non
2893 1035 3088 1102 quaeris
3118 1035 3256 1089 unde
3283 1037 3352 1090 sit
3377 1036 3574 1105 justum
3597 1080 3612 1103 ,

2033 1134 2089 1179 ut
2134 1125 2308 1179 anima
2353 1140 2513 1179 carne
2562 1124 2628 1178 de
2673 1125 2979 1193 parentibus
3029 1134 3194 1179 tracta
3237 1136 3291 1180 et
3328 1128 3490 1196 ipsius
3521 1128 3615 1182 Dei

2035 1225 2281 1286 gravetur
2316 1214 2620 1286 operibus?
2663 1217 2865 1283 Corpus
2898 1217 3036 1269 enim
3064 1217 3406 1286 corruptibile
3432 1234 3614 1288 aggra—

2037 1317 2124 1361 vat
2147 1311 2378 1361 animam
2412 1307 2567 1377 (Sap.
2600 1322 2681 1371 ιι,
2712 1307 2823 1377 15).
2854 1306 2920 1361 Ει
2947 1317 3070 1376 puto
3099 1317 3147 1361 te
3170 1323 3488 1378 agnoscere,
3525 1312 3615 1365 Dei

2036 1418 2171 1471 opus
2212 1416 2332 1456 esse
2368 1403 2527 1456 etiam
2554 1400 2896 1469 corruptibile
2919 1414 3131 1470 corpus.
3159 1401 3292 1468 Quid
3324 1402 3482 1471 igitur
3510 1420 3619 1457 me-

2037 1495 2143 1548 ruit
2171 1495 2343 1563 imago
2375 1493 2464 1547 Dei
2490 1533 2503 1557 ,
2535 1502 2585 1556 ut
2617 1492 2682 1546 ad
2714 1492 3145 1561 impedimentum
3174 1508 3350 1546 rerum
3373 1493 3619 1548 scienda-

2039 1601 2155 1639 rum
2185 1584 2511 1654 corruptibili
2539 1600 2764 1653 corpore
2791 1593 3072 1654 gravetur,
3101 1585 3145 1639 si
3177 1585 3377 1639 nullum
3407 1595 3487 1640 est
3513 1589 3619 1641 uri-

2039 1677 2214 1747 ginalc
2257 1677 2571 1747 peccatum?
2611 1674 2716 1730 Cur
2756 1685 2932 1731 autem
2979 1691 3080 1730 non
3121 1677 3280 1731 etiam
3322 1678 3462 1732 ιιοιι¹
3492 1678 3622 1734 facis

2042 1771 2204 1823 Deum
2244 1768 2451 1832 dicere,
2494 1766 2882 1836 Iniquissimum
2918 1774 2973 1821 et
3000 1766 3245 1820 stolidum
3276 1777 3391 1834 est,
3421 1777 3479 1822 ut
3507 1785 3620 1823 mea

2043 1875 2162 1925 res,
2209 1873 2323 1912 mea
2367 1859 2540 1928 imago
2583 1873 2674 1926 per
2719 1857 3082 1911 inﬁdelitatem
3125 1857 3210 1910 vel
3252 1859 3621 1928 negligentiam

2047 1958 2320 2018 parentum
2365 1949 2448 2002 vel
2485 1947 2843 2017 quorumlibet
2882 1949 3020 2000 inter
3057 1963 3192 2016 quos
3231 1949 3389 2014 vivit,
3422 1950 3504 2002 vel
3533 1965 3624 2018 per

2045 2055 2431 2111 quamcumque
2452 2039 2842 2102 necessitatem,
2869 2037 2983 2091 sine
3011 2037 3283 2106 Baptismo
3307 2040 3373 2094 de
3401 2055 3624 2109 corpore

2047 2142 2237 2199 exeat,
2265 2141 2317 2187 et
2345 2131 2410 2185 ad
2441 2146 2658 2200 regnum
2686 2145 2860 2184 meum
2889 2144 2992 2183 non
3022 2130 3332 2184 admittatur
3354 2173 3368 2195 ,
3396 2148 3493 2186 nec
3523 2132 3626 2186 vita

2048 2223 2223 2289 vivat,
2271 2222 2390 2291 quia
2437 2235 2651 2274 carnem
2695 2228 2929 2273 sanctam
2979 2235 3083 2273 non
3123 2221 3493 2286 manducavit,
3529 2237 3625 2276 nec

2048 2314 2358 2384 sanguinem
2404 2311 2534 2364 bibit
2577 2310 2752 2380 (Joan.
2795 2327 2842 2364 vt
2870 2353 2884 2376 ,
2914 2309 3004 2383 54)
3025 2311 3048 2363 ?
3073 2313 3152 2365 An
3184 2324 3236 2366 et
3260 2322 3442 2366 contra
3475 2314 3627 2366 istam

2049 2405 2242 2460 Christi
2275 2406 2590 2460 sententiam
2615 2403 2909 2473 disputahis
2935 2417 3089 2474 atque
3113 2405 3389 2470 clamabis,
3422 2406 3626 2470 dicens,

2051 2496 2308 2560 Prorsus,
2350 2495 2554 2549 etiamsi
2593 2509 2695 2547 non
2736 2494 3126 2548 manducaverit
3151 2509 3362 2549 carnem
3396 2495 3630 2562 Christi,

2051 2603 2223 2657 neque
2266 2587 2458 2642 biberit
2482 2587 2596 2656 ejus
2623 2587 2958 2655 sanguinem,
2990 2586 3092 2640 vita
3120 2587 3302 2640 vivet?
3331 2586 3376 2641 0
3406 2603 3592 2641 vocem
3615 2630 3631 2653 ,

2052 2681 2202 2748 cujus
2229 2719 2246 2746 ,
2293 2679 2393 2732 nisi
2440 2679 2732 2732 antichriSti
2760 2679 2772 2731 !
2820 2677 2993 2742 Vade,
3044 2677 3126 2730 dic
3155 2679 3250 2730 ista
3273 2720 3287 2742 ,
3320 2679 3454 2731 doce
3484 2679 3585 2731 ista
3616 2695 3631 2730 :

2053 2770 2267 2824 audiant
2317 2778 2366 2822 te
2407 2768 2694 2822 Christiani
2723 2768 2820 2820 viri
2862 2775 2915 2822 et
2945 2766 3152 2820 femina:
3177 2806 3191 2832 ,
3219 2767 3435 2819 audiant
3463 2767 3634 2820 homi-

2055 2876 2149 2916 nes
2174 2869 2351 2914 mente
2381 2858 2650 2927 corrupti,
2681 2857 2890 2926 reprobi
2916 2856 3054 2911 circa
3086 2856 3240 2908 ﬁdem
3267 2873 3280 2920 ;
3311 2856 3524 2909 audiant
3547 2865 3631 2923 te,

2054 2959 2231 3004 ament
2261 2958 2310 3004 te
2333 2991 2348 3015 ,
2381 2949 2644 3002 honorent
2671 2958 2755 3013 te,
2782 2956 3028 3016 pascant,
3057 2947 3283 2998 vestiant
3305 2986 3320 3010 ,
3351 2957 3537 2999 ornent
3560 2957 3633 3010 te,

2055 3050 2107 3095 et
2132 3040 2392 3110 perditum
2420 3037 2691 3108 sequendo
2717 3037 2936 3105 perdant
2961 3046 3012 3090 et
3038 3051 3113 3091 se.
3149 3037 3252 3091 Sed
3283 3038 3425 3091 nevit
3455 3038 3636 3090 Domi-

2057 3148 2154 3185 nus
2191 3133 2278 3202 qui
2308 3141 2430 3184 sunt
2454 3134 2572 3198 ejus
2601 3127 2665 3198 (Il
2691 3127 2824 3181 Tim.
2854 3143 2888 3181 ιι
2911 3169 2924 3192 ,
2959 3124 3046 3199 19)
3081 3145 3092 3179 :
3125 3142 3222 3180 nec
3249 3127 3635 3196 desperandum

2058 3235 2139 3280 est
2185 3232 2240 3279 et
2284 3223 2351 3278 de
2387 3223 2567 3287 vobis,
2608 3220 2856 3288 quamdiu
2894 3219 3144 3288 patientia
3172 3218 3287 3287 ejus
3320 3217 3641 3288 impenditur

2059 3317 2226 3370 Vobis.

2129 3403 2286 3460 XLV.
2339 3403 2457 3459 JUL.
2503 3401 2598 3456 Cui
2645 3401 2783 3454 hunc
2826 3409 3020 3455 statum
3065 3397 3222 3463 dedi,
3269 3407 3325 3451 ut
3364 3398 3409 3451 ei
3440 3396 3637 3451 nolenti

2062 3511 2217 3551 nemo
2260 3502 2476 3548 noceret
2514 3501 2767 3545 externus
2795 3532 2808 3556 ,
2854 3490 2947 3543 sed
2995 3498 3183 3560 sponte
3219 3495 3518 3556 capesseret
3556 3488 3637 3541 vel

2061 3595 2332 3657 peccatum
2361 3584 2444 3638 vel
2471 3582 2722 3652 justitiam
2745 3622 2758 3643 ,
2789 3580 2872 3634 vel
2895 3580 3168 3648 prmmium
3199 3578 3278 3631 vel
3308 3588 3530 3630 reatum.

2133 3679 2263 3732 Anc.
2300 3676 2371 3728 De
2397 3674 2565 3744 prima
2593 3671 2819 3725 hominis
2844 3679 3030 3723 natura
3060 3668 3158 3722 hoc
3178 3668 3278 3721 dici
3313 3676 3500 3735 potest,
3534 3681 3637 3719 non

2061 3768 2128 3822 de
2157 3768 2252 3821 ista
2279 3767 2455 3819 vitiata
2483 3772 2638 3831 atque
2666 3761 2933 3815 damnata.
2963 3759 3142 3828 Neque
3169 3759 3308 3813 enim
3336 3767 3387 3811 et
3415 3759 3465 3810 in
3490 3772 3640 3826 para-

2062 3857 2180 3910 diso
2218 3866 2340 3909 ante
2377 3863 2649 3924 peccatum
2688 3849 3003 3921 aggravabat
3043 3847 3274 3901 animam
3305 3863 3497 3916 corpus
3524 3863 3640 3900 cor-

2065 3946 2314 4016 ruptibile
2358 3962 2372 3998 :
2416 3952 2506 3997 aut
2549 3957 2674 3996 vero
2719 3955 2885 4011 usque
2926 3940 3059 3993 adeo
3087 3955 3182 3993 vos
3209 3950 3385 3994 mente
3409 3939 3641 4007 corrupti

2064 4038 2194 4092 estis
2213 4078 2226 4099 ,
2258 4045 2315 4088 ut
2341 4035 2499 4088 etiam
2529 4033 2629 4086 hoc
2653 4033 2832 4086 dicere
2860 4030 3116 4084 audeatis.
3143 4029 3196 4084 Si
3222 4039 3394 4084 autem
3419 4046 3521 4082 non
3544 4045 3644 4081 au-

2062 4126 2201 4180 detis
2219 4166 2233 4188 ,
2263 4125 2423 4178 dicite
2448 4137 2611 4192 quare
2634 4121 2959 4193 corruptibili
2981 4136 3202 4189 corpore
3223 4122 3396 4189 imago
3420 4121 3508 4173 Dei
3534 4135 3649 4172 nie-

2065 4217 2230 4271 ruerit
2262 4212 2564 4284 aggravari,
2592 4214 2680 4282 qui
2710 4228 2813 4266 non
2844 4213 2998 4266 vultis
3024 4227 3144 4266 cum
3174 4198 3431 4265 catholica
3463 4211 3649 4264 Eccle-

2065 4311 2142 4364 sia
2173 4309 2372 4378 peccati
2402 4305 2657 4376 originem
2687 4305 2948 4359 conﬁteri.

2135 4400 2318 4456 XLVI.
2349 4399 2465 4455 JUL.
2498 4397 2790 4468 Indignaris
2817 4399 2990 4467 itaque
3021 4397 3181 4464 mihi,
3204 4396 3511 4466 eurjuranti
3539 4411 3652 4448 nta-

2066 4492 2147 4562 gis
2195 4491 2307 4545 Deo
2350 4490 2598 4556 credam,
2647 4505 2803 4558 quam
2858 4489 3145 4542 Manichzno
3190 4486 3512 4546 somnianti,
3558 4485 3650 4553 qui

2068 4581 2211 4635 nulla
2260 4580 2585 4650 prmsertim,
2630 4579 2672 4633 si
2719 4593 2824 4632 non
2869 4593 3011 4630 sana:
3049 4576 3168 4630 ﬁdei
3202 4575 3500 4630 testimonia
3524 4616 3536 4635 ,
3565 4573 3650 4627 vel

2067 4681 2377 4742 argumenta
2423 4671 2621 4739 promit
2662 4669 2926 4739 vigilantis
2957 4668 3148 4738 ingenii
3180 4685 3192 4719 :
3221 4683 3337 4736 qua:
3366 4668 3485 4720 licet
3511 4681 3652 4719 nunc

2069 4777 2226 4833 quam
2268 4770 2410 4815 tanta
2441 4760 2662 4815 inveniri
2689 4770 2914 4830 queant,
2946 4768 3003 4813 ut
3031 4759 3266 4813 veritatis
3293 4758 3505 4811 valeant
3532 4755 3655 4809 Iun-

2069 4854 2314 4909 dainenta
2345 4852 2679 4914 convellere;
2710 4860 2883 4906 tamen
2915 4866 3031 4918 qua:
3057 4851 3140 4904 vel
3170 4851 3220 4902 in
3252 4848 3655 4918 prmsentiarum

2071 4954 2255 5002 contra
2293 4945 2598 5000 stoliditatis
2637 4944 2892 5013 pudorem
2927 4942 3100 4996 solatii
3128 4941 3394 5011 quidpiam
3417 4981 3430 5003 ,
3458 4939 3505 4994 si
3532 4947 3658 5008 apte

2072 5038 2394 5100 dicerentur,
2420 5037 2695 5090 aﬁ'errent.
2729 5035 2972 5090 Persistit
3002 5035 3162 5100 Deus,
3198 5033 3246 5086 id
3277 5033 3415 5102 quod
3444 5047 3656 5086 sacrum

2074 5130 2267 5184 fecerat
2299 5127 2653 5197 prmcipiendo
2675 5169 2688 5192 ,
2716 5128 3046 5182 communire
3075 5125 3320 5195 iurando.
3350 5125 3523 5194 Pergit
3548 5124 3659 5192 pla-

2074 5233 2198 5272 num
2228 5217 2401 5272 facere
2426 5218 2584 5272 etiam
2617 5232 2710 5286 per
2734 5217 2974 5285 exempla
3002 5216 3140 5286 quod
3172 5216 3343 5270 sancit
3369 5217 3389 5246 ’
3410 5255 3427 5281 ,
3454 5225 3506 5268 ct
3528 5214 3661 5268 dicit

2074 5309 2192 5379 quia
2219 5309 2260 5362 si
2284 5308 2439 5362 fuerit
2468 5306 2490 5338 ³
2519 5307 2679 5360 homo
2706 5322 2891 5360 omnes
2910 5306 3128 5375 justitiae
3155 5301 3360 5374 species
3383 5303 3660 5372 impolluta

2075 5400 2360 5454 devotione
2401 5397 2706 5452 custodiens
2732 5438 2745 5460 ,
2788 5407 2842 5452 et
2867 5396 2953 5451 hic
2978 5397 3217 5467 genuerit
3247 5395 3411 5449 ﬁlium
3441 5395 3526 5464 qui
3562 5409 3661 5462 pe-

2077 5490 2381 5544 stilentibus
2421 5488 2656 5542 moribus
2693 5488 3054 5552 adhmrescat,
3093 5497 3249 5556 atque
3287 5488 3354 5542 ab
3384 5486 3661 5542 itincribus

2147 5686 2158 5715 ί
2188 5691 2266 5732 MS.
2292 5691 2435 5740 Port.,
2459 5682 2555 5736 Ιιίιό

2144 5747 2163 5775 ¹
2185 5746 2297 5793 Editi
2320 5781 2332 5804 ,
2375 5744 2530 5793 sentit.
2554 5744 2671 5792 (:lar.
2701 5753 2844 5802 Port.,
2877 5745 3046 5796 sancit.
3079 5751 3170 5794 Mar
3195 5742 3412 5805 ,sunctt't.

2150 5807 2169 5838 ³
2192 5809 2262 5855 sic
2285 5813 2389 5856 uss.
2413 5815 2466 5856 At
2490 5809 2646 5869 vign.,
2671 5806 2851 5866 fecerit.
