3962 6180
329 388 451 444 1269

326 505 558 561 deﬂectat
585 502 837 573 paternis,
875 503 1005 557 nihil
1032 503 1079 558 ei
1111 504 1276 573 prosit
1299 510 1439 558 tanta
1469 504 1633 573 patris
1653 518 1780 556 cura
1803 502 1892 571 ju-

325 598 468 651 stitia:
499 605 802 664 eotnparata
830 595 1096 650 nobilitas.
1127 598 1301 666 Atque
1330 595 1456 651 Item
1488 612 1518 651 c
1547 597 1763 666 regione
1793 596 1892 649 bu-

325 689 399 754 jns
442 687 730 755 peccatoris
768 685 933 742 ﬁlium
978 688 1199 755 statuit,
1232 686 1397 757 patris
1422 686 1504 742 sui
1535 687 1645 741 vias
1672 687 1894 742 consilio

306 767 531 834 'meliore
571 778 854 848 fugientem
880 822 895 846 ,
939 781 1273 851 ostenditque
1314 782 1445 836 nihil
1485 778 1534 836 ei
1569 796 1760 836 nocere
1790 782 1892 835 ini-

319 872 559 942 quitatem
589 872 842 940 parentis.
870 872 1167 944 Parcmque
1190 874 1546 929 conditionem
1574 875 1791 944 justitia!
1813 874 1893 929 fa-

317 963 380 1016 cit
414 970 572 1031 atque
600 964 799 1032 peccati
824 1006 839 1030 ,
868 979 1116 1019 asserens
1142 966 1264 1019 vitia
1291 966 1655 1037 generantinm
1687 967 1757 1019 ita
1786 980 1890 1020 non

318 1054 387 1109 ire
411 1068 505 1122 per
532 1055 733 1108 semina
759 1094 775 1121 ,
806 1055 943 1110 sicut
967 1071 1070 1109 non
1096 1064 1294 1126 queunt
1322 1056 1400 1112 ire
1421 1056 1677 1127 virtutes;
1707 1056 1799 1111 sed
1826 1057 1892 1111 ad

310 1144 388 1213 jus
424 1159 581 1199 suum
609 1159 798 1200 omnes
826 1146 1030 1201 animas
1061 1147 1326 1216 pertinere
1351 1163 1367 1201 :
1395 1162 1490 1217 per
1514 1146 1653 1217 quod
1684 1157 1739 1201 et
1766 1146 1890 1202 illud

311 1232 605 1287 ostenditur
647 1233 922 1303 profanum
946 1277 961 1302 ,
1005 1236 1145 1305 quod
1175 1235 1309 1291 dicis
1338 1238 1665 1292 nasccntium
1693 1245 1745 1292 et
1774 1238 1887 1290 aui-

310 1341 414 1378 mas
438 1334 495 1379 et
525 1340 746 1395 corpora
774 1341 803 1379 a
827 1326 947 1395 jure
970 1326 1166 1381 diaboli
1198 1327 1474 1397 possideri.

373 1419 508 1473 Aac.
540 1417 656 1471 Iam
684 1417 780 1472 tibi
809 1433 1125 1489 responsum
1154 1429 1236 1475 est
1268 1437 1281 1473 :
1312 1420 1540 1475 inaniter
1564 1420 1885 1475 verbosaris.

308 1508 466 1563 'l'otus
490 1509 652 1563 homo
671 1551 686 1575 ,
714 1508 816 1564 hoc
834 1519 916 1565 est
936 1519 992 1566 et
1013 1510 1186 1564 anima
1213 1520 1266 1565 ct
1284 1526 1498 1580 corpus,
1524 1526 1620 1581 per
1639 1511 1855 1565 substan
1868 1536 1891 1554 ε

307 1600 424 1653 tiam
455 1614 609 1654 suam
634 1599 699 1654 ad
717 1602 808 1669 jus
829 1602 1058 1670 pertinet
1078 1601 1349 1657 Creatoris
1377 1621 1388 1656 :
1419 1618 1513 1672 per
1532 1603 1715 1657 vitium
1735 1618 1884 1669 vero,

304 1690 437 1760 quod
483 1691 629 1745 nulla
673 1692 964 1747 substantia
1013 1700 1125 1757 est,
1169 1692 1380 1747 diabolo
1403 1702 1486 1747 est
1511 1693 1884 1762 mancipatus;

305 1782 398 1837 sub
422 1782 615 1838 eadem
645 1792 821 1837 tamen
844 1792 1106 1853 poteState
1128 1783 1394 1840 Creatoris
1415 1826 1428 1851 ,
1457 1784 1557 1840 sub
1576 1801 1678 1855 qua
1698 1793 1753 1841 et
1774 1788 1887 1855 ipse

303 1884 377 1925 est
406 1871 657 1927 diabolus
683 1875 1021 1929 constitutus.

370 1961 575 2017 XLVII.
623 1963 743 2019 JUL.
785 1966 1003 2020 Asserta
1033 1965 1294 2020 examinis
1319 1966 1401 2020 sui
1429 1965 1559 2021 libra
1582 2009 1596 2033 ,
1623 1966 1732 2035 jam
1761 1973 1888 2021 tunc

299 2052 603 2120 opinionem
642 2062 875 2111 vestram
919 2056 970 2109 in
1013 2055 1096 2111 bis
1122 2057 1211 2127 qui
1238 2058 1430 2111 similia
1456 2056 1847 2112 arbitrabantur
1869 2098 1885 2122 ,

296 2153 530 2198 accusat.
577 2143 647 2198 Et
685 2146 881 2199 dixistis
923 2163 943 2199 :
984 2145 1121 2212 Quid
1154 2155 1258 2212 est,
1291 2149 1427 2216 quod
1452 2163 1551 2200 non
1578 2149 1766 2217 accepit
1792 2149 1890 2202 ini-

291 2235 541 2303 quitatem
584 2236 741 2304 patris
786 2237 866 2290 sui
913 2236 1099 2306 ﬁlius?
1146 2237 1396 2304 Quoniam
1436 2238 1642 2302 anima,
1686 2239 1885 2309 inquit.

291 2339 411 2394 qua:
458 2334 660 2394 peccat,
708 2326 822 2395 ipsa
866 2327 1106 2380 morietur
1149 2342 1169 2381 :
1205 2328 1343 2397 ﬁlius
1366 2339 1531 2382 autem
1557 2345 1654 2382 non
1680 2330 1889 2400 accipiet

292 2414 600 2483 injustiliam
646 2417 805 2485 patris
847 2418 928 2470 sui
945 2456 961 2483 ,
1005 2434 1163 2487 nequc
1187 2426 1328 2487 pater
1353 2418 1563 2487 accipiet
1589 2419 1888 2489 injustitiam

296 2504 388 2571 filii
437 2504 519 2557 sui
565 2521 584 2558 :
618 2506 824 2573 justitia
860 2508 995 2576 justi
1031 2523 1183 2575 super
1219 2508 1387 2577 ipsum
1414 2509 1541 2571 crit,
1575 2517 1618 2560 ct
1647 2508 1887 2579 iniquitas

296 2595 451 2663 iniqui
478 2612 635 2663 super
660 2597 824 2665 ipsum
848 2598 960 2649 erit.
989 2596 1120 2663 Quis
1149 2605 1386 2651 nostrum
1413 2598 1428 2628 ¹
1457 2596 1579 2653 hinc
1599 2612 1717 2652 cum
1742 2605 1883 2653 tanta

297 2687 565 2759 diligentia
615 2703 844 2758 unquam
888 2688 1159 2757 disputare
1205 2688 1495 2756 potuisset,
1533 2704 1654 2744 cum
1688 2698 1884 2759 quanta

300 2779 432 2833 Deus
475 2795 570 2847 per
608 2794 669 2834 os
712 2779 993 2848 Propheta:
1031 2779 1113 2833 sui
1141 2778 1454 2845 dividendo,
1483 2782 1840 2851 comparando
1864 2822 1878 2847 ,

297 2869 696 2941 repetendoque
723 2869 1014 2925 disseruit?

361 2965 504 3019 Ave.
547 2964 614 3018 Et
657 2973 832 3017 tamen
869 2978 989 3018 cum
1033 2961 1137 3017 hoc
1170 2961 1354 3019 fecerit
1378 2963 1553 3030 Deus,
1581 2973 1739 3019 tanta:
1765 2981 1885 3034 per—

296 3054 563 3124 spicuitati
609 3056 895 3111 verborum
934 3054 1050 3123 ejus
1078 3054 1269 3109 misces
1298 3054 1672 3125 loquacitatem
1705 3064 1846 3111 tuam
1868 3098 1883 3122 ,

296 3145 464 3201 δείθηε
492 3146 686 3200 bonam
713 3162 816 3201 IIOII
845 3161 965 3202 esse
987 3160 1202 3201 causam
1224 3156 1385 3201 luam.

363 3234 602 3292 XLVIII.
650 3236 770 3291 ιω..
820 3236 1017 3292 Verum
1068 3254 1173 3292 non
1216 3237 1318 3292 hoc
1354 3237 1526 3293 solum
1573 3238 1887 3307 esplanasse

293 3334 606 3390 contentus,
648 3326 788 3381 aliud
828 3342 1040 3397 quoque
1077 3328 1143 3383 ad
1183 3328 1643 3384 confirmationem
1667 3329 1887 3398 justitia:

296 3416 481 3486 hujus,
537 3433 567 3472 a
613 3418 992 3474 misericordia:
1031 3422 1284 3490 operibus
1315 3421 1564 3477 admovet
1598 3436 1884 3492 argumen-

296 3517 436 3575 tum;
483 3519 544 3564 et
586 3512 925 3579 pronuntiat,
971 3511 1074 3566 illis
1113 3513 1244 3582 ipsis
1278 3514 1520 3583 personis
1552 3529 1671 3583 qua:
1694 3522 1885 3584 sponte

296 3610 652 3667 peccaverunt
678 3644 692 3667 ,
742 3603 787 3657 si
830 3604 897 3658 ad
937 3605 1305 3672 paenitentiam
1349 3606 1885 3677 emendationemque

295 3692 635 3765 confugerint
659 3735 674 3761 ,
707 3710 922 3752 errores
948 3697 1249 3765 praeteritos
1273 3713 1379 3751 non
1407 3713 1620 3754 nocere.
1646 3698 1881 3770 Iniquus,

296 3784 490 3855 inquit,
540 3788 587 3840 si
624 3796 879 3841 conuertat
917 3804 971 3841 se
997 3788 1061 3841 ab
1086 3788 1431 3858 iniquitatibus
1460 3791 1565 3843 suis
1587 3806 1711 3860 quas
1731 3793 1847 3862 fecit
1866 3834 1881 3859 ,

295 3886 338 3928 ct
360 3877 616 3932 custodiat
647 3880 884 3931 rotundata
912 3895 1064 3944 mea;
1091 3879 1260 3933 omnia
1287 3880 1471 3934 delicta
1496 3881 1606 3951 ejus
1632 3896 1887 3951 quiscum—

296 3980 384 4036 quc
410 3971 534 4040 fecit
559 4011 572 4034 ,
617 3985 716 4023 non
746 3978 892 4023 erunt
928 3971 981 4024 in
1020 3972 1297 4035 memoria;
1320 3971 1372 4024 in
1396 3988 1490 4026 sua
1506 3972 1710 4042 justitia
1735 3988 1899 4042 quam

297 4064 437 4129 fecit,
484 4065 592 4119 rita
631 4063 774 4118 rivet.
817 4064 872 4119 Id
908 4073 1027 4132 est,
1069 4079 1190 4119 cum
1232 4065 1285 4119 in
1329 4064 1431 4121 hoc
1472 4065 1572 4119 sim
1612 4066 1886 4136 proposito

296 4154 592 4211 clementiae
616 4198 631 4222 ,
672 4164 729 4210 ut
760 4157 919 4212 etiam
947 4158 1159 4228 propria
1189 4158 1489 4230 indulgeam
1520 4168 1735 4229 peccata
1761 4175 1883 4214 cor-

297 4249 451 4299 rectis
472 4289 485 4310 ,
543 4247 632 4314 qui
681 4256 853 4316 potest
903 4248 1018 4301 fieri
1049 4257 1106 4302 ut
1135 4249 1387 4319 imputem
1417 4251 1589 4305 aliena
1616 4252 1884 4306 nascenti-

300 4335 436 4391 bus?
469 4347 568 4393 aut
605 4338 788 4393 sinunt
819 4354 904 4394 res
924 4380 940 4406 ,
968 4348 1025 4394 ut
1051 4342 1116 4395 sit
1145 4341 1284 4410 apud
1314 4357 1400 4397 me
1426 4357 1512 4397 rea
1541 4342 1842 4398 innocentia
1866 4384 1881 4408 ,

297 4445 412 4483 cum
439 4430 731 4496 conditur;
762 4432 901 4502 apud
925 4446 1083 4502 quem
1107 4440 1191 4487 est
1212 4431 1398 4488 efficax
1420 4475 1434 4501 ,
1468 4434 1512 4488 si
1536 4435 1618 4489 vel
1645 4434 1886 4504 interpo~

300 4519 398 4577 lata
426 4524 743 4593 repetatur?

364 4616 500 4671 Ace.
534 4616 648 4669 Alia
678 4625 761 4671 est
790 4632 947 4671 causa
974 4619 1339 4687 pmnitentium
1364 4660 1380 4683 ,
1412 4619 1511 4673 alia
1536 4621 1883 4682 nascentium.

302 4704 426 4761 Nam
454 4722 679 4776 prorsus
707 4708 974 4778 quomodo
996 4709 1199 4779 justum
1229 4710 1521 4765 ostendatis
1548 4711 1714 4766 Deum
1737 4754 1751 4775 ,
1781 4727 1886 4765 non

301 4798 549 4853 invenitis
568 4840 583 4865 ,
632 4801 674 4854 si
704 4811 756 4855 et
785 4803 836 4855 iu
866 4802 1208 4857 nascentibus
1234 4804 1373 4858 nulla
1405 4814 1616 4873 peccata
1646 4805 1847 4859 invenit
1869 4847 1884 4872 ,

298 4899 349 4943 et
392 4907 488 4947 eos
536 4902 711 4947 tamen
753 4895 1084 4965 corruptibili
1128 4911 1379 4966 corpore,
1416 4906 1468 4952 et
1508 4906 1584 4951 tot
1626 4897 1889 4968 tantisque

302 4985 518 5055 insuper
558 4987 949 5042 calamitatibus
994 4997 1261 5057 aggravat.
1304 4988 1417 5042 Non
1447 4989 1588 5043 enim
1621 4991 1886 5044 numerari

302 5088 521 5142 possunt
541 5078 678 5132 mala
706 5094 824 5147 quae
846 5080 1114 5148 patiuntur
1144 5079 1391 5143 infantes,
1424 5079 1648 5147 febrem,
1674 5080 1884 5146 tussim,

300 5168 564 5235 scabiem,
610 5168 823 5225 dolores
865 5185 1195 5239 quorumque
1241 5171 1602 5225 membrorum
1629 5214 1644 5240 ,
1685 5174 1888 5228 ventris

303 5255 538 5325 ﬂuxum,
590 5259 919 5325 lumbricos,
967 5269 1022 5315 et
1066 5262 1168 5315 alia
1213 5261 1619 5316 innumerabilia
1664 5279 1728 5318 ex
1775 5264 1888 5333 ipsa

302 5363 466 5404 carne
503 5351 782 5405 existentia
809 5382 832 5407 .-
864 5361 917 5407 et
945 5353 1177 5422 ipsarum
1203 5354 1533 5408 curationum
1558 5370 1714 5425 quam
1742 5372 1888 5411 mor-

304 5439 491 5495 borum
538 5444 685 5514 plura
728 5452 1021 5511 tormenta,
1063 5454 1117 5501 et
1155 5447 1486 5503 extrinsecus
1526 5450 1664 5503 ictus
1705 5451 1890 5505 vulne-

304 5544 417 5584 rum
437 5572 452 5597 ,
488 5534 664 5603 plagas
687 5536 965 5592 verberum
990 5578 1005 5602 ,
1040 5537 1284 5594 incursus
1313 5538 1631 5596 dtemouum.
1658 5541 1765 5597 Vos
1791 5559 1888 5598 au-

305 5629 410 5677 tem
439 5627 705 5695 sapientes
734 5627 1005 5696 haeretici,
1030 5645 1099 5685 ne
1121 5630 1386 5689 fateamini
1414 5635 1671 5706 originale
1699 5652 1885 5706 pecca-

369 5797 384 5826 ⁸
411 5796 485 5847 sic
508 5805 612 5851 Mss.
648 5807 701 5851 At
734 5806 869 5866 \‘igu.
907 5811 1129 5855 rastrum.

1679 384 1879 440 LIBER
1921 386 2239 441 TERTIUS.

3451 399 3587 458 I270

2003 511 2112 556 tum
2136 545 2150 569 ,
2182 505 2350 573 parati
2380 505 2509 559 estis
2539 506 2730 560 talibus
2760 506 2979 563 floribus
3006 509 3227 578 implere
3253 514 3583 582 paradisum.

1999 592 2054 648 Si
2085 596 2227 649 enim
2261 594 2376 649 lucc
2406 596 2477 650 ibi
2513 596 2685 651 futura
2716 595 2877 654 fuisse
2906 614 3012 653 non
3039 600 3252 667 dicitis;
3285 619 3468 672 qua'ro
3489 622 3586 662 cur

1999 687 2107 739 sint
2146 686 2197 739 in
2243 687 2475 756 parvulis
2519 688 2721 742 nullum
2763 688 3113 753 habentibus.
3144 703 3198 746 ut
3226 696 3544 751 mutenditis
3568 740 3584 763 ,

1999 774 2217 831 omnino
2259 785 2552 845 peccatum.
2601 778 2659 832 Si
2698 788 2875 833 autem
2915 788 2971 835 et
2998 781 3095 835 ista
3126 783 3195 836 ibi
3223 782 3395 839 futura
3425 784 3589 842 fuisse

2001 882 2107 921 non
2153 867 2465 921 erubescitis
2507 867 2725 934 dicere;
2771 870 2957 939 quales
2979 871 3252 927 christiani
3280 874 3395 930 sitis
3419 918 3433 941 ,
3461 877 3587 946 quid

2001 974 2099 1015 nos
2124 974 2260 1028 opus
2284 967 2369 1013 est
2389 959 2567 1015 dicere
2585 960 2610 1013 ?

2069 1048 2257 1104 XLIX.
2294 1049 2412 1104 IUL.
2456 1049 2730 1120 Displicuit
2774 1050 2878 1107 hoc
2918 1053 3210 1110 cultoribus
3264 1056 3524 1112 idolorum
3572 1076 3584 1111 :

1998 1140 2245 1212 displicet
2269 1150 2324 1195 et
2349 1141 2499 1195 vobis
2527 1141 2661 1197 fides
2691 1153 2868 1197 nostra
2891 1185 2905 1209 ,
2937 1161 3095 1214 quam
3130 1147 3317 1204 videtis
3349 1148 3447 1204 hac
3472 1151 3587 1219 lege

2000 1227 2300 1283 formatam.
2336 1230 2594 1286 Dixerunt
2621 1247 2749 1302 ergo
2775 1232 2982 1302 profani
3012 1252 3027 1288 :
3063 1235 3185 1290 Non
3223 1247 3299 1291 est
3338 1248 3476 1291 recta
3504 1242 3584 1293 ria

2002 1320 2237 1389 Domini,
2267 1323 2450 1378 Audite
2477 1340 2595 1395 ergo
2621 1367 2635 1387 ,
2668 1325 2868 1395 inquit,
2900 1326 3080 1382 domus
3104 1328 3287 1384 Israel.
3319 1329 3585 1402 Numquid

1995 1427 2098 1465 non
2117 1421 2189 1465 est
2210 1413 2289 1467 cia
2319 1429 2428 1466 mea
2456 1423 2592 1467 recta
2612 1415 2638 1469 ?
2666 1413 2853 1470 Nonne
2877 1418 2957 1472 uia
2982 1428 3145 1474 ucstra
3173 1437 3273 1475 non
3302 1431 3374 1479 cst
3397 1439 3536 1493 a'qua
3561 1425 3587 1477 ?

1996 1500 2121 1556 Ideo
2142 1520 2543 1575 unumquemque
2570 1515 2785 1560 uestrum
2809 1510 3081 1564 secundum
3107 1514 3237 1565 viam
3257 1522 3468 1568 vestram
3485 1515 3582 1585 jn-

1994 1593 2174 1647 dicabo
2196 1610 2282 1648 vos
2300 1635 2316 1661 ,
2347 1595 2468 1649 dicit
2495 1595 2697 1650 Adonei
2733 1596 3000 1654 Dominus.
3034 1601 3366 1671 PerSpicisne
3391 1605 3583 1675 quibus

1996 1686 2314 1740 testimoniis
2363 1689 2706 1742 muniamur?
2748 1689 2882 1744 Nam
2930 1693 3106 1762 aliqua
3158 1703 3425 1751 sectamur
3465 1712 3583 1751 ant--

1992 1775 2184 1845 bigua?
2206 1793 2329 1832 num
2350 1793 2677 1851 auenpamur
2693 1781 2852 1836 verba
2869 1785 3172 1852 generalia?
3189 1803 3312 1841 num
3329 1796 3420 1843 aut
3437 1788 3589 1844 dehi--

1993 1865 2131 1922 libus
2144 1877 2235 1923 aut
2257 1868 2516 1925 involutis
2530 1876 2859 1942 argumentis
2881 1875 3037 1930 [idem
3059 1879 3302 1933 tuemur?
3323 1878 3584 1937 Exsecra-

1993 1972 2114 2011 mur
2135 1950 2278 2030 quod
2303 1972 2612 2017 exsecratur
2639 1964 2800 2031 licus,
2824 1965 3166 2037 intelligimus
3196 1971 3337 2040 quod
3367 1976 3583 2043 exponit

1996 2049 2157 2114 Deus,
2181 2050 2493 2108 disserimus
2513 2055 2653 2123 quod
2677 2056 2965 2126 disputavit
2988 2061 3149 2128 Deus,
3173 2064 3440 2120 credimus
3462 2081 3583 2135 pro-

1995 2147 2113 2207 pter
2158 2141 2300 2210 quod
2349 2142 2544 2212 iuravit
2591 2146 2730 2201 Deus
2780 2162 2795 2200 :
2844 2147 2965 2203 Non
3010 2151 3220 2220 accipiet
3269 2154 3582 2224 iniquitatem

1995 2230 2156 2298 patris
2196 2231 2275 2284 sui
2305 2233 2482 2301 ﬁlius,
2520 2251 2678 2304 neque
2723 2247 2867 2305 pater
2906 2239 3118 2309 accipiet
3158 2242 3456 2312 injustitiam
3485 2247 3582 2315 ﬁlii

1993 2324 2115 2378 sui:
2137 2325 2345 2394 justitia
2363 2328 2493 2398 justi
2520 2343 2673 2398 super
2698 2330 2865 2400 ipsum
2906 2333 3032 2399 crit,
3070 2343 3118 2387 et
3152 2334 3386 2405 iniquitas
3424 2339 3581 2407 iniqui

1991 2430 2145 2485 super
2167 2417 2334 2485 ipsum
2362 2420 2474 2472 erit.
2504 2420 2784 2488 Quomodo
2813 2439 2871 2478 se
2903 2424 3040 2479 Deus
3064 2426 3420 2493 judicaturum
3453 2445 3577 2500 pro-

1991 2508 2167 2560 mittat
2188 2507 2408 2572 relucet,
2434 2509 2484 2562 id
2509 2519 2611 2577 cst,
2643 2527 2742 2567 nec
2770 2524 2981 2581 peccata
3012 2526 3290 2585 parentum
3318 2520 3577 2591 imputare

1991 2595 2115 2650 filiis
2137 2637 2152 2662 ,
2185 2613 2283 2653 nec
2317 2598 2545 2656 filiorum
2586 2604 2927 2671 parentibus;
2959 2621 3023 2661 ac
3051 2621 3146 2676 per
3175 2608 3309 2675 hoc,
3338 2613 3576 2667 constitit

1988 2688 2150 2742 etiam
2178 2690 2497 2746 testimoniis
2525 2691 2943 2763 Scripturarum,
2972 2697 3039 2752 de
3078 2714 3183 2769 quo
3219 2702 3412 2771 ambigi
3442 2705 3576 2759 ratio

1991 2793 2096 2834 non
2124 2780 2367 2848 sinebat,
2393 2799 2511 2838 eam
2540 2786 2788 2843 videlicet
2824 2789 3081 2859 justitiam
3114 2792 3279 2849 Deum
3314 2803 3493 2852 tenere
3523 2797 3575 2852 in

1990 2868 2198 2930 iudiciis
2227 2874 2358 2941 suis,
2392 2891 2549 2945 quam
2583 2880 2751 2933 tenuit
2782 2880 2833 2934 in
2867 2883 3162 2955 prteceptis.

2063 2964 2195 3020 Ave.
2238 2964 2373 3020 iIinc
2418 2968 2606 3024 saltem
2655 2971 2924 3043 intellige,
2966 2974 3034 3030 de
3083 2976 3165 3032 his
3206 2976 3302 3032 ista
3342 2978 3573 3036 locutum

1992 3052 2160 3108 Deum
2192 3056 2429 3124 patribus
2454 3068 2506 3113 et
2535 3060 2677 3129 ﬁliis,
2696 3063 2783 3131 qui
2813 3066 3095 3135 separatim
3128 3070 3145 3101 ³
3162 3068 3273 3139 jam
3300 3072 3537 3128 viverent
3560 3115 3575 3139 ,

1991 3146 2114 3215 quia
2138 3162 2259 3201 cum
2285 3148 2536 3216 dixisset,
2568 3151 2689 3207 Non
2729 3156 2936 3227 accipiet
2973 3158 3285 3230 iniquitatem
3319 3166 3476 3234 patris
3500 3166 3579 3219 sui

1992 3236 2166 3303 Iilius,
2194 3255 2350 3309 neque
2392 3249 2535 3310 pater
2580 3246 2791 3315 accipiet
2832 3247 3131 3317 injustitiam
3172 3253 3269 3321 ﬁlii
3313 3255 3425 3322 sui;
3454 3271 3578 3312 mox

1991 3327 2216 3395 addidit,
2239 3328 2448 3385 Iustitia
2465 3333 2595 3402 justi
2622 3351 2776 3406 super
2800 3336 2964 3407 ipsum
2992 3342 3103 3395 erit.
3134 3341 3399 3415 Numquid
3433 3347 3574 3402 enim

1994 3420 2046 3475 in
2073 3420 2175 3477 hoc
2211 3424 2409 3479 szecnlo
2446 3425 2547 3482 dici
2587 3427 2655 3483 de
2698 3431 2917 3499 pamilo
2961 3443 3171 3503 potest,
3213 3437 3353 3508 quod
3376 3438 3576 3507 justitia

1990 3511 2110 3581 ejus
2134 3528 2293 3583 super
2321 3515 2491 3585 ipsum
2538 3518 2635 3584 sit;
2684 3521 3110 3593 quandoquidem
3140 3542 3236 3597 per
3258 3529 3419 3584 vitam
3449 3545 3547 3600 pro

1992 3605 2160 3672 priam
2205 3621 2304 3660 nec
2341 3608 2523 3675 juste,
2566 3625 2665 3665 nec
2712 3612 2892 3683 inique
2932 3615 3107 3672 adhuc
3150 3628 3325 3690 potest
3361 3621 3578 3678 vivere?

1990 3692 2253 3765 Quidquid
2282 3696 2440 3766 igitur
2466 3713 2742 3768 poenarum
2789 3702 2840 3757 in
2880 3704 2980 3761 hac
3008 3715 3166 3762 :etate
3206 3709 3406 3780 patitur
3428 3752 3442 3777 ,
3472 3727 3577 3782 quo

1991 3785 2184 3839 merito
2208 3789 2425 3854 patitur,
2460 3789 2506 3843 si
2532 3791 2736 3845 nullum
2774 3808 2840 3847 cx
2881 3798 3188 3864 parentibus
3219 3800 3416 3855 traxit?
3444 3802 3576 3857 Cum

1986 3872 2315 3942 justissimus
2345 3878 2483 3932 Deus
2508 3893 2695 3948 pcenas
2722 3881 3013 3939 immeritas
3040 3900 3138 3941 nec
3167 3888 3368 3960 inﬂigat
3397 3891 3575 3957 alicui,

1992 3981 2091 4021 nec
2117 3966 2277 4036 inlligi
2307 3969 2447 4023 sinat
2476 3986 2489 4022 :
2518 3985 2618 4026 nec
2646 3971 2748 4027 dici
2780 3975 2967 4043 possit,
2998 3977 3063 4030 ad
3094 3981 3446 4036 exercendam
3473 3984 3579 4038 vir-

1993 4062 2157 4111 tutem
2187 4058 2427 4126 parvuli,
2454 4074 2573 4129 qua:
2607 4060 2781 4117 adhuc
2805 4062 2857 4117 in
2897 4080 2963 4119 eo
2992 4066 3135 4122 nulla
3162 4079 3273 4136 est,
3301 4071 3413 4128 inec
3439 4076 3574 4129 mala

1990 4161 2115 4200 eum
2137 4150 2359 4218 perpeti.
2383 4150 2572 4217 Porro,
2596 4152 2639 4205 si
2663 4151 2895 4208 futurum
2916 4157 3167 4212 saeculum
3190 4162 3413 4231 cogites,
3437 4166 3576 4233 quod

1991 4239 2222 4307 pertinet
2246 4243 2268 4272 '
2298 4240 2364 4296 ad
2390 4241 2754 4299 Increditatem
2783 4245 3113 4304 Testamenti
3143 4252 3297 4318 novi;
3326 4254 3484 4309 etiam
3509 4255 3577 4311 de

1991 4331 2226 4399 parvulis
2251 4334 2548 4390 rectissime
2569 4336 2784 4405 dicitur,
2817 4340 2905 4409 qui
2936 4340 2986 4393 in
3014 4341 3125 4411 ipsa
3153 4350 3310 4399 :etate
3336 4347 3578 4411 moriun1

1992 4431 2113 4488 tur,
2144 4421 2355 4479 Iustitia
2383 4426 2514 4497 justi
2539 4444 2691 4499 super
2718 4430 2886 4497 ipsum
2912 4432 3007 4485 erit
3027 4472 3042 4498 ,
3072 4443 3121 4487 et
3156 4434 3393 4507 iniquitas
3421 4438 3581 4508 iniqui

1993 4529 2147 4583 super
2172 4516 2342 4585 ipsum
2370 4517 2483 4570 erit.
2529 4517 2618 4572 Sic
2654 4519 2797 4573 enim
2837 4521 3170 4579 discernetur
3210 4540 3240 4580 a
3270 4541 3581 4598 regenerato

1993 4615 2280 4675 generatus
2299 4647 2314 4669 ,
2345 4614 2404 4660 ut
2437 4607 2489 4661 in
2518 4622 2585 4663 eo
2622 4624 2786 4680 regno
2816 4611 2916 4666 iste
2945 4613 3048 4668 vita
3071 4614 3248 4683 vivat,
3280 4617 3333 4672 in
3364 4635 3470 4689 quo
3490 4622 3579 4690 ju—

1995 4697 2136 4751 stitia
2167 4697 2460 4763 inhabitat;
2494 4700 2546 4753 in
2578 4716 2642 4755 eo
2669 4712 2843 4757 autem
2869 4705 3131 4775 supplicio
3158 4709 3243 4765 ille
3272 4722 3443 4768 morte
3465 4730 3584 4767 mo-

1997 4790 2184 4855 riatur,
2220 4791 2270 4844 in
2300 4806 2408 4861 quo
2436 4793 2700 4848 cruciatur
2740 4795 3009 4865 iniquitas.
3041 4799 3144 4855 Sed
3175 4817 3293 4871 qua)
3323 4803 3473 4857 istius
3494 4805 3579 4874 ju-

1995 4878 2160 4943 stitia,
2182 4878 2278 4932 nisi
2307 4895 2424 4949 qum
2447 4880 2499 4935 in
2519 4881 2664 4936 illum
2687 4886 2873 4939 transit
2894 4901 2924 4938 a
2942 4885 3175 4953 Christo,
3201 4890 3250 4943 in
3270 4906 3374 4959 quo
3392 4908 3576 4950 (mines

1996 4967 2445 5025 vivificabuntur?
2474 4980 2527 5027 ct
2571 4989 2687 5042 qua:
2729 4974 2885 5044 hujus
2926 4976 3215 5046 iniquitas,
3246 4981 3344 5036 nisi
3385 5001 3503 5054 qua:
3529 4986 3578 5039 in

1996 5062 2144 5116 illum
2171 5063 2384 5118 transiit
2408 5080 2472 5119 ex
2501 5065 2689 5133 Adam,
2719 5067 2771 5119 in
2801 5083 2906 5136 quo
2931 5082 3119 5125 omnes
3145 5073 3474 5130 moriuntur?

2067 5154 2130 5209 L.
2169 5154 2289 5211 JUL.
2331 5156 2436 5212 Sed
2469 5173 2537 5213 ne
2563 5157 2701 5213 forte
2729 5158 3113 5229 simpliciortnn
3140 5166 3357 5221 auribus
3385 5168 3470 5219 tali
3496 5182 3580 5220 ca-

1998 5249 2127 5303 villo
2153 5249 2364 5305 concris
2404 5250 2626 5306 illudere
2648 5293 2663 5317 ,
2699 5261 2754 5305 ut
2784 5251 2927 5307 dicas
2968 5254 3132 5311 Deum
3166 5257 3250 5311 hic
3288 5258 3353 5311 de
3382 5257 3461 5309 bis
3492 5244 3579 5325 qui

1996 5339 2244 5409 perfecta:
2274 5350 2396 5394 sunt
2420 5342 2593 5396 aetatis
2621 5341 2875 5409 locutum,
2908 5344 2957 5399 id
2984 5353 3086 5409 est,
3121 5355 3177 5399 ut
3207 5346 3307 5399 illis
3339 5344 3459 5397 filiis
3485 5363 3580 5415 pa-

1996 5442 2205 5486 rentum
2250 5433 2470 5487 crimina
2525 5433 2727 5490 diceret
2777 5451 2883 5490 non
2937 5452 3168 5501 nocere,
3213 5438 3302 5505 qni
3344 5440 3578 5493 naturale

1997 5522 2193 5577 malum
2220 5537 2444 5592 operum
2466 5539 2683 5580 suorum
2711 5527 2989 5581 sanctitate
3013 5533 3325 5579 vacuassent
3354 5542 3367 5578 :
3397 5537 3578 5582 osten—

2062 5696 2075 5725 ³
2103 5695 2176 5757 sic
2199 5701 2300 5757 Mss.
2322 5693 2462 5752 Alias,
2496 5696 2721 5757 separati.

2058 5758 2079 5818 ἲ
2103 5755 2236 5811 mliti,
2262 5763 2383 5816 post,
2413 5755 2631 5818 pertinet,
2649 5757 2842 5817 addunt,
2865 5764 2925 5808 ct.
2948 5763 3264 5811 nemovcmus
3297 5764 3579 5814 auctoritate

1997 5816 2172 5867 codicis
2193 5816 2449 5867 Pet-utrum.
