3962 6180
395 405 527 477 ιιι-ιι

393 519 624 576 dendum
652 522 731 570 est
763 512 889 568 nihil
921 513 1057 565 hanc
1087 524 1401 579 promovere
1431 507 1691 561 fraudem.
1723 506 1977 573 Quamvis

393 610 534 665 enim
563 606 803 661 absitiutc
830 601 1213 671 praescripserit
1243 600 1381 653 Deus
1406 616 1421 663 ;
1449 597 1699 668 qnoniatn
1733 598 1978 666 iniquitas

394 707 670 766 parentum
718 711 820 747 non
862 692 1072 745 addicat
1115 691 1253 745 “fias
1297 691 1645 755 innocentes,
1674 688 1770 743 sed
1810 703 1977 741 unus-

393 789 614 856 quisque
650 785 877 854 propriis
907 784 1271 853 iniquitatibus
1310 792 1597 851 arguatur;
1632 796 1732 835 nec
1763 780 1883 833 hinc
1914 779 1977 831 fi-

393 881 527 939 delis
548 879 757 933 animus
780 877 945 946 possit
968 876 1241 945 ambigere
1266 893 1280 928 :
1306 884 1480 929 tamen
1508 884 1567 927 ut
1586 873 1851 942 opinionis
1872 880 1976 925 tua:

392 969 694 1024 confossum
727 977 804 1024 tot
841 968 1145 1021 fulminibus
1188 968 1319 1035 legis
1346 974 1700 1020 retractemus
1726 963 1973 1026 cadaver,

392 1070 653 1127 quatenus
696 1057 1058 1127 accipiendam
1111 1057 1249 1110 hanc
1301 1056 1389 1109 Dei
1430 1055 1841 1122 disputationem
1873 1068 1972 1121 pu-

394 1150 528 1202 tabis
551 1190 567 1215 ,
598 1150 843 1204 videlicet
887 1158 940 1202 ut
989 1157 1262 1216 parentum
1290 1188 1304 1211 ,
1349 1148 1487 1200 sicut
1517 1160 1614 1199 nec
1644 1145 1836 1198 adultis
1861 1186 1874 1207 ,
1906 1145 1973 1196 ita

392 1254 493 1294 nec
530 1240 868 1294 nascentibus
898 1239 1021 1294 ﬁliis
1057 1240 1235 1292 obsint
1262 1238 1499 1292 delicta?
1543 1239 1623 1289 An
1655 1245 1711 1289 ut
1747 1245 1976 1288 tantum-

392 1331 552 1385 modo
572 1331 680 1399 jam
711 1330 1006 1399 grandioris
1036 1329 1205 1383 artatis
1242 1338 1297 1383 et
1334 1328 1591 1397 justitiam
1633 1326 1975 1395 operantibus

392 1438 498 1477 non
527 1424 767 1477 sinantur
792 1437 1018 1487 nocere;
1053 1422 1296 1490 parvulos
1323 1430 1502 1477 autem
1522 1461 1537 1485 ,
1566 1428 1848 1488 antequam
1882 1434 1975 1488 per

395 1514 662 1583 propriam
685 1514 943 1584 justitiam
975 1514 1213 1568 naturale
1237 1514 1381 1566 virus
1424 1512 1740 1566 exhauriant
1769 1513 1808 1573 ',
1853 1523 1975 1563 see-

394 1606 506 1663 lere
535 1606 900 1675 generantium
927 1605 1136 1676 gravari
1161 1648 1175 1670 ,
1210 1606 1389 1673 sicque
1418 1604 1508 1657 fiat
1547 1601 1687 1672 quod
1722 1616 1814 1671 per
1842 1600 1974 1654 Pro-

393 1695 606 1767 phetam
636 1697 773 1751 Deus
804 1696 1035 1750 futurum
1067 1695 1322 1765 negavit?

468 1791 601 1843 Anc.
646 1788 756 1842 lmo
785 1789 862 1842 sic
885 1789 942 1841 fit
967 1787 1105 1858 quod
1130 1788 1233 1841 alio
1260 1788 1376 1841 loco
1400 1786 1527 1839 dicit
1555 1786 1713 1850 Deus,
1748 1783 1975 1837 Reddam

399 1888 603 1947 peccata
622 1888 819 1948 patrum
835 1879 887 1932 in
904 1877 1039 1947 ﬁlios
1061 1877 1247 1947 (Deut.
1278 1894 1332 1943 ν,
1357 1878 1441 1947 9).
1463 1875 1592 1929 Cum
1610 1876 1749 1930 enim
1774 1882 1978 1927 utrum-

394 1983 497 2035 que
520 1969 633 2038 ipse
651 1968 810 2031 dicat,
837 1966 887 2022 id
907 1975 1011 2034 est,
1032 1979 1085 2021 et
1106 1977 1312 2036 patrum
1338 1966 1402 2019 ad
1427 1965 1564 2019 ﬁlios
1585 1981 1688 2018 non
1709 1964 1976 2032 pertinere

394 2069 608 2130 peccata
630 2100 644 2119 ,
669 2069 723 2115 et
749 2059 972 2114 reddere
1000 2075 1058 2114 se
1097 2060 1146 2112 in
1191 2058 1325 2111 ﬁlios
1352 2066 1556 2125 patrum
1595 2063 1803 2124 peccata
1824 2093 1838 2117 ,
1871 2067 1974 2106 non

396 2159 569 2215 potest
590 2153 769 2219 utique
790 2150 891 2203 sibi
920 2164 1040 2203 esse
1065 2151 1381 2202 contrarius.
1411 2147 1477 2199 Et
1504 2147 1622 2201 ideo
1640 2153 1808 2209 recte,
1830 2158 1978 2212 quin-

394 2241 631 2311 rentibus
656 2238 922 2310 quomodo
949 2250 1231 2307 utrumque
1259 2238 1329 2292 sit
1358 2252 1562 2295 verum,
1592 2250 1755 2289 unum
1785 2234 1975 2286 horum

393 2331 718 2400 generationi
743 2371 758 2397 ,
793 2330 1019 2384 alterum
1050 2329 1435 2397 regenerationi
1487 2327 1795 2395 intelligitur
1848 2339 1978 2378 con-

394 2423 596 2476 venire.
628 2421 705 2475 Tu
731 2421 820 2491 qui
869 2421 1125 2489 pervertis
1165 2435 1260 2474 eor
1288 2426 1433 2472 tuum
1465 2419 1518 2484 ³,
1542 2432 1674 2472 cave
1706 2416 1888 2479 ilium;
1918 2423 1975 2469 et

399 2512 542 2582 quod
568 2528 749 2567 verum
774 2512 923 2565 audis
947 2552 962 2575 ,
992 2527 1096 2565 non
1125 2511 1337 2565 vocabis
1363 2510 1630 2564 cavillum.
1720 2538 1721 2541 η
1808 2568 1813 2571 μ
1862 2578 1867 2586 ι

469 2601 551 2657 Ll.
592 2601 708 2657 JUL.
750 2602 852 2657 Sed
883 2601 948 2655 ad
989 2601 1090 2656 hoc
1119 2616 1217 2655 nos
1257 2600 1555 2655 referimus.
1588 2599 1656 2652 Et
1696 2596 1823 2651 illud
1848 2596 1976 2666 ergo

392 2695 534 2753 aliud
556 2736 569 2755 .
598 2694 737 2764 quod
767 2694 979 2763 paribus
1007 2694 1293 2748 momentis
1319 2690 1658 2761 appenditur,
1702 2687 1815 2744 fieri
1849 2701 1975 2756 pre-

394 2787 547 2840 ﬁtere
569 2825 585 2852 ,
617 2785 668 2840 id
689 2794 772 2840 est
789 2825 802 2849 ,
830 2793 888 2839 ut
909 2784 1129 2853 justitiae
1168 2792 1444 2852 parentum
1470 2782 1589 2835 filiis
1613 2781 1726 2836 suis
1750 2780 1972 2850 prosint,

394 2891 595 2947 eosque
622 2876 955 2931 sanctifieent
978 2915 991 2936 ,
1023 2884 1181 2945 atque
1221 2874 1326 2928 illis
1364 2871 1731 2928 tantummodo
1756 2885 1860 2925 non
1891 2869 1976 2924 di-

394 2975 586 3027 cantur
610 2966 894 3035 prodesse,
926 2966 1017 3036 qui
1042 2964 1343 3034 grandioris
1372 2964 1483 3034 jam
1509 2963 1627 3024 aevi,
1660 2962 1863 3017 natales
1882 2961 1976 3030 ju-

394 3059 564 3112 stitias
581 3057 810 3127 propriis
830 3056 1081 3111 attrivere
1100 3056 1408 3110 criminibus
1434 3074 1448 3110 :
1472 3064 1529 3109 ut
1548 3054 1669 3125 quia
1693 3063 1976 3123 utrumque

395 3166 422 3202 a
453 3150 562 3204 Deo
591 3157 838 3220 negatum
859 3189 873 3210 ,
904 3146 959 3204 et
988 3149 1211 3202 alterum
1240 3146 1458 3202 alterius
1496 3145 1742 3215 exemplo
1770 3143 2000 3203 disser-v

395 3250 506 3295 tum
532 3240 555 3273 ⁸
580 3250 739 3312 atque
767 3240 1089 3296 inculcatum
1117 3248 1219 3304 est,
1247 3253 1406 3307 quam
1436 3246 1491 3292 tu
1523 3236 1854 3305 negationem
1883 3250 1975 3289 ra-

394 3332 625 3397 tionibus
678 3332 781 3396 tuis
825 3330 1012 3386 videns
1060 3344 1180 3385 esse
1231 3328 1591 3392 contrariam,
1637 3326 1688 3381 in
1742 3324 1975 3395 parvulis

393 3425 668 3480 mentitam
693 3438 813 3479 esse
835 3422 1114 3477 contendis
1136 3461 1152 3488 ,
1182 3421 1365 3474 ambas
1391 3419 1505 3487 ejus
1532 3426 1710 3487 partes
1748 3431 1976 3470 nascen-

397 3523 508 3583 tum
557 3512 862 3567 conditione
902 3509 1163 3564 confutes.
1211 3507 1363 3576 Quod
1415 3522 1538 3561 eum
1592 3504 1818 3568 feceris,
1869 3504 1975 3559 duo

395 3602 532 3656 mala
577 3600 776 3669 pariter
831 3598 1198 3669 perpetrabis,
1254 3611 1416 3650 unum
1468 3594 1607 3665 quod
1657 3592 1976 3665 oppugnat‘

395 3691 712 3746 sententiam
735 3690 850 3752 Dei,
882 3688 1024 3743 aliud
1055 3688 1304 3758 quoniam
1335 3686 1481 3742 nasci
1505 3684 1573 3740 de
1586 3684 1732 3755 justo
1746 3686 1972 3754 justum,

396 3794 449 3851 et
471 3783 539 3839 de
563 3783 853 3839 eriminoso
881 3781 1078 3838 asseris
1114 3779 1478 3835 criminosum.

463 3876 600 3933 Anc.
639 3875 986 3945 Ncgationem
1032 3872 1314 3944 Propheta:
1359 3886 1464 3926 non
1509 3871 1628 3927 dico
1655 3870 1930 3926 mentitam
1956 3911 1971 3936 ,

394 3966 490 4024 sed
518 3981 549 4020 a
578 3975 632 4022 te
661 3981 767 4020 non
798 3964 1141 4020 intellectam.
1175 3963 1265 4017 llle
1293 3962 1492 4033 quippe
1516 3961 1973 4032 regenerationem

394 4057 745 4128 prophetarit,
775 4074 893 4127 qua:
915 4071 947 4111 a
976 4056 1209 4126 peccatis
1232 4062 1513 4125 parentum
1543 4053 1608 4107 ad
1636 4053 1750 4116 Dei,
1773 4068 1880 4108 non
1905 4052 1973 4109 ad

396 4144 667 4203 hominum
689 4147 946 4217 judicium
973 4146 1380 4216 pertinentibus,
1404 4145 1514 4198 sola
1542 4145 1680 4198 filios
1699 4159 1817 4199 esse
1839 4159 1977 4214 prte-

393 4247 497 4292 stat
512 4239 747 4294 alienos:
773 4247 827 4291 tu
846 4245 1025 4292 autem
1046 4235 1171 4291 dttm
1192 4250 1353 4305 negas
1368 4234 1764 4305 generationem
1785 4242 1972 4288 conta-

391 4329 534 4401 giutn
557 4329 744 4383 mortis
768 4318 998 4397 aquuaa
1023 4325 1090 4380 de
1111 4324 1345 4394 patribus
1368 4322 1608 4388 trahere,
1632 4323 1798 4391 ipsam
1819 4337 1974 4390 rcge-

395 4418 683 4472 nerationis
704 4430 920 4472 causam
945 4415 1157 4470 conaris
1180 4414 1534 4484 exstinguere.
1557 4412 1807 4480 Quamvis
1827 4414 1972 4468 enim

395 4507 661 4561 lavacrum
692 4504 1145 4577 regenerationis,
1175 4502 1427 4575 quidquid
1458 4510 1792 4572 peccatorum
1824 4502 1971 4556 inve-

395 4596 548 4663 nerit,
573 4596 766 4662 diluat;
794 4607 969 4653 tamen
995 4597 1332 4666 aliapeccata
1354 4603 1571 4666 possent
1587 4604 1640 4650 et
1665 4595 1971 4664 ptenitendo

392 4686 594 4751 sanari;
627 4686 763 4741 sicut
780 4677 998 4755 possunt
1022 4689 1073 4741 in
1102 4688 1200 4754 eis,
1228 4703 1362 4757 quos
1394 4688 1588 4743 iterum
1615 4689 1969 4758 regenerare‘

396 4779 472 4839 fas
484 4792 587 4850 non
601 4785 699 4831 est.
719 4776 849 4833 Illud
867 4793 994 4833 vero
1007 4778 1145 4848 quod
1161 4780 1500 4849 generatione
1511 4780 1969 4842 contrahitur,nisi

392 4868 795 4938 regeneratione
811 4885 916 4925 non
933 4869 1174 4924 solvitur.
1192 4868 1375 4924 Justus
1391 4885 1520 4940 ergo
1540 4886 1603 4925 ex
1621 4871 1753 4935 Deo,
1777 4887 1880 4926 non
1902 4887 1970 4926 ex

394 4958 606 5015 homine
632 4961 897 5033 nascitur;
921 4962 1169 5033 quoniam
1202 4961 1551 5030 renascendo,
1573 4978 1679 5019 non
1702 4964 1968 5018 nascendo

392 5053 449 5105 lit
471 5051 645 5119 justus
673 5070 686 5105 :
719 5054 856 5111 unde
881 5056 1039 5111 etiam
1070 5055 1202 5111 tales
1229 5053 1321 5109 filii
1353 5055 1444 5110 Dei
1473 5056 1494 5087 ⁶
1523 5064 1796 5111 vocantur.
1829 5055 1968 5126 Lege

393 5141 734 5211 Evangelium
772 5160 785 5195 :
820 5143 942 5198 Non
966 5162 1030 5200 ex
1054 5147 1384 5218 sanguinibus
1400 5188 1418 5211 ,
1444 5162 1603 5216 neque
1628 5162 1692 5200 ea:
1716 5147 1970 5202 voluntate

385 5230 552 5303 carnis
574 5273 589 5298 ,
642 5246 797 5313 neque
848 5250 913 5303 ea:
966 5236 1220 5292 voluntate
1274 5237 1368 5295 viri
1390 5278 1405 5305 ,
1455 5237 1543 5292 sed
1593 5252 1656 5291 ea:
1704 5235 1813 5294 Deo
1861 5239 1968 5291 nati

451 5430 469 5500 ξ
514 5428 665 5500 Edlti,
686 5434 964 5500 Amgtpqtupn
1005 5428 1250 5493 propriam
1285 5433 1529 5496 justittam
1581 5430 1800 5489 naturale
1835 5434 1966 5493 virus

384 5490 657 5552 exhauriat.
679 5492 978 5552 Castigautur
1002 5490 1066 5541 ex
1090 5490 1194 5541 ass.

448 5554 468 5582 ι
498 5551 655 5616 codex
679 5551 845 5616 ναις-ε
887 5560 952 5602 Tu
975 5566 1086 5616 vero
1106 5555 1334 5616 pervertis
1355 5570 1438 5608 cor
1460 5562 1610 5607 tuum.

446 5616 466 5648 ³
500 5614 575 5663 sic
596 5618 701 5661 Mss.
721 5612 837 5662 Editi
863 5627 999 5673 vero,
1011 5612 1285 5666 diséectum.

446 5673 466 5744 ξ
500 5678 657 5744 ἔρεξεν
678 5685 943 5738 oppugntu-

378 5732 633 5838 Τρεεωὶιὶ.
661 5732 911 5796 perierem.
936 5740 1108 5789 verius
1127 5740 1353 5802 antiquus
1389 5741 1543 5790 codex
1592 5749 1720 5803 Mar,
1770 5754 1964 5806 regene-

383 5844 389 5851 ’
444 5852 464 5891 ⁸
502 5852 582 5915 Hic
607 5852 835 5916 addimus,
863 5860 981 5920 Dci;
1016 5863 1126 5923 quia
1153 5862 1332 5924 legitur
1351 5864 1397 5910 in
1419 5858 1529 5909 Mss.

1087 394 1328 451 OPERIS
1365 392 1772 447 lMPEliFECTI
1815 391 2082 446 εοκτιιι
2125 392 2483 457 ιϊιιιικυιι,
2527 394 2583 448 S.
2617 395 2982 451 AUGUSTINI

3524 399 3665 455 127‘).

2089 515 2202 559 sunt
2234 505 2411 573 (Joan.
2442 524 2481 571 ι,
2503 508 2615 576 15).
2645 507 2779 570 Ouid
2815 495 3010 577 quaeris
3040 522 3428 579 rerumgenera
3443 513 3664 567 multum

2084 595 2290 649 diversa
2314 597 2674 663 eo:zjuugere?
2697 598 2945 651 Homines
2965 597 3238 652 hominum
3259 614 3421 654 carne
3441 616 3668 656 nascun-

2087 695 2170 738 tur
2193 727 2209 752 ,
2240 686 2329 764 Dei
2363 685 2563 752 Spiritu
2592 695 2964 741 renascuntur.
3004 687 3140 754 Quid
3190 704 3319 757 ergo
3364 690 3555 742 tnirnzn
3580 733 3593 749 .
3623 693 3665 744 εἰ

2082 776 2526 843 quemadmodum
2559 776 2625 830 de
2652 777 2856 844 Spiritu
2878 777 3097 845 justitize
3127 779 3288 831 sumit
3321 779 3480 831 homo
3504 779 3665 845 justi—

2084 868 2232 929 tiam,
2266 867 2333 919 ita
2362 866 2427 920 de
2456 883 2615 920 carne
2649 868 2846 935 peccati
2878 868 3037 921 trahit
3060 869 3320 938 originale
3352 872 3667 938 peccatum?

2081 959 2265 1028 Neque
2291 959 2434 1013 enim
2458 963 2688 1013 venisset
2716 959 2878 1014 homo
2903 977 3039 1015 unus
3063 962 3126 1014 ad
3157 962 3459 1016 liberandus
3488 979 3586 1019 nos
3615 964 3665 1019 in

2081 1048 2427 1105 similitudine
2472 1049 2648 1104 carnis
2694 1052 2934 1119 peccati,
2986 1052 3084 1105 nisi
3133 1052 3371 1105 omnium
3422 1063 3665 1108 nostrum

2081 1147 2225 1192 esset
2250 1154 2374 1193 caro
2405 1140 2627 1208 peccati.
2655 1139 2787 1193 Cum
2818 1140 2975 1209 igitur
2997 1139 3117 1193 huic
3145 1142 3328 1209 gratim
3360 1143 3666 1197 christianum

2081 1231 2149 1282 sit
2180 1230 2387 1284 inimica
2420 1231 2641 1285 barresis
2671 1240 2843 1285 vestra
2867 1273 2880 1292 ,
2911 1231 3086 1285 adhuc
3111 1232 3290 1285 mirari
3326 1243 3383 1287 et
3408 1236 3662 1303 conqueri

2080 1321 2285 1374 audetis
2304 1364 2319 1387 ,
2350 1322 2487 1389 quod
2517 1335 2611 1376 vos
2638 1322 2833 1376 Christi
2859 1322 3153 1377 detestetur
3183 1324 3455 1379 Ecclesia?

2152 1410 2258 1465 Lll.
2298 1412 2419 1467 JUL.
2460 1413 2517 1466 Si
2543 1423 2717 1467 autem
2742 1428 2848 1466 non
2870 1415 3139 1467 sustinens
3166 1416 3506 1469 reclamantis
3530 1426 3664 1471 stre-

2081 1502 2247 1571 pitum
2290 1503 2530 1556 veritatis
2559 1504 2608 1568 ‘,
2640 1503 2745 1555 alio
2791 1505 3013 1557 tentaris
3063 1504 3336 1573 effugere,
3385 1506 3436 1559 in
3487 1508 3664 1576 plagas

2082 1594 2285 1649 incides
2336 1595 2599 1648 fortiores.
2653 1593 2784 1648 Nam
2833 1596 2876 1648 si
2930 1595 3112 1660 dicas,
3151 1596 3283 1650 Vera
3324 1597 3541 1666 quidem
3584 1608 3666 1651 est

2083 1685 2360 1754 Propheta:
2387 1685 2646 1739 sententia
2670 1727 2683 1747 ,
2717 1685 2809 1740 sed
2854 1686 2907 1741 in
2937 1688 2957 1717 ²
2988 1688 3227 1755 personis
3256 1690 3627 1757 grandioribus
3647 1730 3661 1753 ,

2080 1794 2197 1848 qua:
2221 1776 2348 1831 dicit
2377 1777 2795 1832 necessitudines
2831 1778 3005 1846 culpis
3043 1779 3241 1832 mutuis
3270 1795 3374 1833 non
3413 1781 3661 1849 gravari;

2080 1870 2132 1922 in
2165 1869 2397 1938 parvulis
2441 1877 2616 1921 autem
2661 1867 2729 1921 ab
2772 1883 2873 1921 una
2921 1869 3002 1921 sui
3044 1878 3195 1937 parte
3236 1870 3527 1936 mentitur,
3560 1885 3663 1938 qua

2080 1959 2207 2013 dicit
2235 1974 2328 2015 eos
2357 1974 2478 2014 reos
2509 1974 2612 2014 non
2652 1973 2772 2015 esse
2810 1960 2880 2013 ob
2924 1961 3124 2015 scelera
3172 1962 3574 2030 generantium;
3611 1962 3661 2015 in

2080 2052 2181 2104 alia
2208 2059 2385 2106 autem
2434 2068 2540 2106 non
2583 2053 2836 2106 mentitur
2862 2052 2904 2117 ⁸,
2937 2053 2986 2106 in
3018 2068 3119 2121 qua
3149 2055 3340 2108 asserit
3364 2069 3460 2109 eos
3502 2054 3665 2109 nullis

2081 2149 2359 2209 parentum
2388 2141 2670 2195 virtutibus
2708 2141 2978 2196 sublevari
3013 2160 3027 2197 :
3058 2150 3185 2196 tunc
3230 2143 3388 2212 plane
3425 2142 3664 2198 fmdissr—

2081 2247 2221 2286 mam
2242 2248 2349 2288 non
2370 2232 2691 2301 disputandi,
2717 2232 2810 2286 sed
2832 2233 3200 2301 contingentli;
3230 2249 3333 2287 non
3356 2233 3660 2303 eloquendi,

2080 2321 2170 2375 sed
2203 2320 2482 2390 loquendi;
2512 2336 2614 2374 non
2644 2331 2915 2389 postremo
2940 2323 3055 2375 sani
3094 2322 3324 2377 hominis
3344 2364 3361 2388 ,
3390 2323 3481 2377 sed
3513 2338 3663 2377 excto

2079 2411 2255 2467 dentis
2280 2426 2441 2466 sensu
2471 2410 2493 2442 ⁸
2523 2411 2799 2467 11οηὶ0ὴοιί
2824 2412 3095 2467 libidinem
3125 2414 3415 2481 publicabis
3446 2430 3459 2465 :
3493 2414 3538 2466 si
3568 2413 3663 2467 tibi

2080 2512 2231 2573 putes
2253 2513 2438 2557 contra
2474 2503 2809 2574 perspicuam
2849 2503 3113 2558 rationem
3135 2544 3151 2567 ,
3177 2513 3360 2557 contra
3399 2502 3664 2557 honorem

2034 2594 2196 2671 .\Dei,
2217 2604 2404 2649 contra
2426 2594 2691 2662 exempla,
2715 2602 2899 2649 contra
2924 2596 3222 2649 testimonia
3248 2604 3665 2664 praeceptorum,

2079 2696 2265 2742 contra
2290 2687 2674 2756 expositionem
2699 2685 3022 2755 jndiciorum
3045 2728 3059 2751 ,
3086 2686 3227 2755 quod
3255 2687 3465 2741 libuerit
3493 2686 3666 2742 licere

2082 2792 2357 2848 respuere,
2387 2786 2442 2832 ct
2466 2776 2607 2847 quod
2635 2776 2914 2832 delectarit
2939 2791 3230 2831 assumere.

2150 2888 2286 2943 Anc.
2327 2887 2598 2942 Sententia
2631 2886 2909 2956 Propheta:
2938 2902 3002 2940 ex
3023 2895 3173 2955 parte
3195 2886 3336 2939 nulla
3366 2886 3658 2941 mentitur:

2079 2978 2173 3033 scd
2205 2987 2261 3032 tu
2290 2991 2396 3031 non
2441 2977 2743 3047 intelligens
2786 2976 2926 3046 quod
2970 2990 3064 3045 per
3098 2977 3243 3029 illaut
3278 2977 3659 3046 prophetatur,

2079 3079 2136 3124 ut
2163 3082 2267 3122 non
2309 3067 2485 3121 dicam
2511 3067 2755 3122 mentiris
2780 3108 2793 3132 ,
2821 3075 2968 3123 certe
2994 3066 3168 3136 (quod
3212 3068 3330 3121 sine
3357 3067 3543 3136 injuria
3570 3077 3661 3122 tua

2077 3158 2341 3228 dixerim)
2373 3160 2549 3212 nescis
2569 3158 2695 3229 quid
2726 3158 2977 3228 loquaris.
3010 3157 3143 3212 Nam
3169 3167 3224 3211 et
3248 3157 3350 3212 hoc
3367 3157 3506 3226 quod
3525 3157 3660 3213 dicis

2078 3266 2319 3307 asserere
2340 3250 2684 3321 Prophetam.
2712 3268 2731 3301 ι
2760 3250 2917 3303 uultis
2934 3257 3209 3318 parentum
3229 3248 3508 3303 virtutibus
3524 3246 3661 3302 filios

2078 3341 2382 3406 sublevari;
2420 3359 2440 3393 ι
2472 3340 2739 3410 quomodo
2777 3349 2831 3394 et
2857 3348 3122 3409 quatenus
3157 3339 3464 3409 accipiatur,
3492 3339 3660 3393 inter-

2079 3444 2163 3487 est
2188 3433 2499 3502 plurimum.
2532 3431 2798 3502 Numquid
2835 3432 2976 3485 enim
3007 3444 3104 3485 vos
3148 3430 3388 3502 negatis,
3422 3429 3525 3485 fide
3564 3445 3661 3500 pl-

2079 3531 2289 3579 rentum
2315 3521 2712 3593 regenerandos
2741 3520 2919 3575 offerri
2948 3520 3088 3575 ﬁlios
3116 3521 3370 3576 Ecclesiae
3400 3520 3576 3582 matri,
3605 3529 3661 3573 et

2078 3613 2420 3684 baptizandos
2450 3611 2706 3667 ministris
2736 3611 2868 3665 Dei?
2904 3610 3185 3677 Quomodo
3212 3624 3340 3681 ergo
3364 3610 3527 3663 nullis
3564 3623 3658 3678 pa-

2077 3696 2289 3764 rentum
2316 3706 2601 3761 virtutibus
2641 3704 2733 3758 11111
2779 3702 3164 3759 sublevantur?
3207 3702 3287 3757 An
3314 3702 3659 3756 Christianam

2079 3796 2236 3853 [idem
2266 3798 2445 3853 dicere
2482 3795 2703 3850 audebis
2750 3793 2948 3849 nullam
2991 3808 3113 3849 esse
3148 3792 3437 3847 virtutem?
3465 3795 3658 3846 Annon

2078 3888 2455 3953 sublevantur,
2489 3902 2610 3942 cum
2659 3885 2712 3940 in
2759 3885 2852 3941 Dei
2897 3881 3135 3956 regnum'
3168 3899 3274 3938 non
3321 3885 3476 3938 aliter
3499 3899 3659 3953 quant

2028 4005 2035 4012 -
2076 3980 2267 4035 eadem
2295 3978 2695 4048 regeneratione
2737 3975 3049 4032 mittuntur?
3079 3977 3132 4031 In
3173 3977 3302 4045 ipsis
3325 3991 3535 4046 quoque
3563 3975 3660 4030 bc-

2080 4069 2284 4126 ncﬁciis
2323 4066 2705 4139 temporalibus
2730 4082 2895 4137 quare
2922 4065 3119 4121 dicitur
3153 4065 3221 4121 ad
3242 4065 3408 4130 Isaac,
3448 4065 3663 4119 Faciam

2077 4160 2166 4215 tibi
2193 4170 2398 4231 propter
2440 4159 2695 4212 Abraham
2739 4167 2931 4229 patrem
2959 4167 3101 4211 tuum
3127 4155 3295 4227 (Gen.
3340 4173 3486 4223 xxvi,
3515 4157 3664 4227 id)?

2077 4252 2254 4318 Quare
2282 4250 2439 4304 etiam
2478 4248 2613 4304 Loth
2666 4249 2805 4305 filius
2855 4247 3037 4304 fratris
3069 4249 3302 4304 Abrahae
3324 4291 3339 4314 ,
3372 4251 3548 4319 patrui
3578 4251 3662 4304 sui

2077 4343 2285 4399 meritis
2310 4341 2592 4410 adjuvatur
2612 4340 2633 4413 (
2653 4339 2738 4394 Id.
2770 4357 2863 4396 xw
2886 4349 2933 4394 et
2962 4356 3049 4395 xix
3067 4339 3107 4411 ),
3131 4341 3176 4394 si
3200 4340 3358 4393 nullis
3381 4350 3661 4410 parentum

2076 4431 2358 4489 virtutibus
2384 4431 2479 4484 filii
2525 4430 2902 4485 sublevantur?
2932 4428 3109 4497 Quare
3150 4439 3423 4501 postremo
3450 4438 3507 4485 et
3532 4446 3660 4499 pro-

2076 4534 2194 4593 pter
2221 4531 2433 4592 peccata
2474 4522 2775 4577 Salomonis
2816 4520 2926 4576 filio
2968 4522 3086 4591 ejus
3114 4536 3335 4591 regnum
3362 4522 3657 4586 minuitur,

2075 4624 2129 4668 et
2158 4622 2376 4683 propter
2404 4613 2540 4667 bona
2574 4613 2760 4667 merita
2792 4611 2953 4666 David
2986 4626 3092 4665 non
3123 4620 3290 4666 totum
3322 4612 3530 4666 tollitur
3557 4612 3660 4682 (111

2076 4704 2203 4776 Reg.
2235 4721 2308 4769 ιιι,
2333 4705 2559 4773 11-15),
2589 4704 2631 4757 si
2658 4705 2817 4758 nullis
2842 4704 3075 4773 peccatis
3103 4714 3384 4774 parentum
3416 4704 3508 4758 filii
3535 4721 3661 4775 gru-

2077 4804 2297 4861 vantur,
2331 4804 2421 4849 aut
2448 4796 2607 4850 nullis
2627 4796 2909 4850 virtutibus
2936 4796 3328 4849 sublevantur?
3354 4795 3525 4849 llomo
3554 4796 3655 4851 lin-

2073 4896 2252 4957 gnate,
2281 4902 2386 4941 non
2415 4886 2652 4951 cordate,
2678 4887 2776 4941 ista
2809 4886 3055 4942 discerne
3087 4905 3099 4940 :
3132 4886 3219 4942 hic
3248 4887 3391 4953 vide,
3412 4888 3457 4941 si
3486 4900 3661 4957 potes,

2074 4977 2198 5048 quid
2222 4994 2314 5048 per
2335 4977 2666 5033 Ezechielem
2690 4976 2848 5033 fuerit
2877 4978 3270 5049 prophetatum.
3297 4978 3353 5034 In
3374 4990 3560 5049 aperto
3578 4990 3666 5035 est

2073 5077 2214 5132 enim
2240 5119 2254 5141 ,
2284 5090 2383 5131 nec
2412 5085 2614 5145 patrem
2644 5090 2749 5129 non
2795 5085 3168 5145 regeneratum
3213 5076 3405 5130 obesse
3433 5075 3542 5129 11110
3570 5090 3661 5129 rc-

2073 5177 2326 5238 generato
2346 5209 2359 5231 ,
2389 5166 2455 5220 ad
2486 5166 2867 5236 capessendam
2911 5166 3075 5220 vitam
3123 5176 3377 5221 :eteruam
3399 5207 3413 5231 ,
3444 5165 3516 5220 de
3554 5181 3661 5235 qua

2077 5259 2274 5314 dictum
2304 5268 2405 5321 est,
2436 5259 2536 5312 vita
2560 5258 2722 5322 vivet;
2749 5271 2846 5311 nec
2874 5265 3075 5326 patrem
3101 5264 3471 5323 regeneratum
3501 5256 3667 5324 prodo

2076 5365 2194 5405 esse
2219 5349 2282 5403 ad
2307 5348 2409 5403 hoc
2437 5348 2606 5417 ipsum
2637 5347 2744 5401 tilio
2775 5363 2879 5401 non
2920 5357 3265 5417 regent-rato;
3297 5363 3393 5401 nec
3420 5347 3659 5403 vicissim

2076 5440 2238 5496 (ilium
2260 5440 2393 5511 patri
2414 5449 2501 5492 aut
2528 5438 2778 5508 prodesse
2799 5447 3297 5520 regeneratumnon
3316 5447 3660 5509 regenerato,

2138 5617 2150 5645 ¹
2190 5616 2261 5665 sic
2285 5622 2388 5662 Mss.
2419 5622 2473 5662 At
2494 5612 2609 5662 editi
2631 5647 2645 5671 ,
2672 5611 3009 5661 reclamantem
3027 5611 3250 5669 spiritum
3273 5609 3500 5661 reritatis.

2135 5679 2155 5707 ε
2191 5677 2479 5738 tignierius,
2514 5674 2636 5738 loco,
2662 5675 2745 5723 scd
2770 5674 2837 5729 in,
2863 5675 3197 5729 substituerat,
3245 5671 3354 5722 nisi.

2138 5738 2158 5768 ³
2183 5736 2359 5786 versus
2379 5738 2519 5785 isthic
2534 5736 2630 5784 duo
2645 5738 2966 5797 restituunttu'
2984 5749 3046 5783 ex
3081 5742 3206 5795 Mss,
3233 5748 3410 5797 nempe
3435 5744 3465 5783 ε
3486 5738 3665 5796 verbo,

2076 5812 2186 5861 qua,
2208 5811 2364 5859 usque
2381 5797 2436 5845 ad
2463 5799 2682 5861 verbum,
2702 5796 2944 5861 mentitur.

2144 5863 2158 5890 θ
2181 5856 2335 5909 (Leues
2370 5866 2514 5914 rort..
2539 5859 2621 5909 sed
2645 5856 2919 5908 exredrutis
2941 5869 3145 5907 sermo".
