4004 6190
288 409 424 464 ίῒῐδ

282 531 376 577 aut
403 521 593 575 obesse
619 533 724 574 non
752 525 1118 588 regeneratum
1164 522 1478 583 regenerato
1500 554 1515 577 ,
1550 521 1607 567 ut
1637 512 1725 567 ille
1755 512 1859 564 vita

282 615 444 679 vivat,
467 613 548 667 vcl
572 613 671 666 iste
692 619 864 664 morte
882 610 1156 663 moriatur.
1187 608 1242 663 Si
1263 615 1439 661 autem
1462 606 1562 661 ista
1584 620 1688 660 non
1708 615 1860 673 potes

281 706 464 759 videre
485 746 502 769 ,
529 719 626 757 cur
649 717 746 757 nec
774 702 990 756 tacere?

349 796 479 852 Llll.
519 795 635 850 JuL.
675 794 806 863 Quis
833 805 887 848 tu
911 809 993 859 es,
1022 793 1108 861 qui
1131 801 1299 847 uestro
1322 790 1603 846 Marcionis
1622 787 1859 843 concita-

276 899 365 943 tus
392 890 407 920 ¹
438 890 490 941 in
520 886 784 941 excidium
825 885 1092 954 mquitatis
1134 881 1436 951 irrumpas?
1473 881 1564 951 qui
1589 880 1688 935 sub
1729 893 1858 933 cen-

274 992 459 1034 suram
511 979 703 1047 lingua:
752 986 855 1030 tua:
901 975 1170 1045 mysteriis
1220 975 1395 1028 adhuc
1439 970 1854 1027 Manichmorum

272 1071 492 1124 lubrica!
514 1111 530 1135 ,
565 1069 654 1123 Dei
685 1078 790 1121 tam
819 1066 1022 1121 Iudicia
1050 1079 1208 1134 quam
1238 1073 1501 1135 praecepta
1529 1059 1857 1130 compellas?

270 1162 441 1216 Nemo
466 1162 568 1216 hoc
593 1175 837 1229 unquam,
858 1158 1062 1223 facere,
1096 1157 1195 1210 nisi
1224 1157 1314 1226 qui
1344 1156 1487 1224 prius
1514 1170 1577 1209 ea
1607 1152 1818 1223 negavit
1838 1191 1853 1215 ,

269 1266 552 1321 aggressus
564 1251 747 1306 est.Tu
769 1256 1138 1304 tesLameutum
1163 1246 1420 1316 llci,qnotl
1438 1246 1594 1309 ratio,
1614 1243 1854 1312 aequitas,

266 1342 462 1411 pietas,
484 1342 700 1407 veritas,
730 1340 832 1394 fide
858 1337 1214 1395 scribentibus
1239 1335 1537 1404 Propltctis,
1559 1333 1709 1402 quasi
1738 1332 1856 1401 qui-

264 1433 389 1485 dum
406 1448 680 1487 sacrorum
702 1433 912 1486 testium
930 1430 1062 1485 ordo
1079 1430 1298 1498 signavit
1310 1428 1549 1492 ,audcbis
1565 1425 1857 1480 Manichaee

265 1530 492 1577 auctore
518 1537 863 1590 perrumpere
893 1523 934 1574 ².
961 1521 1096 1575 Olim
1123 1530 1179 1574 et
1206 1517 1566 1586 intelligentia:
1596 1516 1854 1571 sanctita-

267 1624 401 1677 tem,
430 1623 487 1668 et
509 1614 778 1682 religionis
800 1614 1028 1681 speciem
1057 1611 1354 1681 perdidisti,
1379 1612 1420 1663 si
1445 1609 1544 1664 bac
1569 1607 1850 1670 sententia,

260 1720 388 1773 qua:
433 1706 569 1775 apud
612 1704 943 1760 Ezcclticlem
982 1713 1100 1767 est,
1144 1703 1375 1757 traducis
1419 1710 1523 1755 tua:
1571 1707 1722 1770 putes
1764 1707 1852 1752 aut

265 1798 527 1850 auxilium
558 1798 800 1866 reperiri,
831 1807 921 1850 aut
950 1796 1168 1850 exitium
1201 1809 1305 1847 non
1338 1792 1529 1846 teneri.

334 1892 479 1942 Auc.
505 1889 771 1957 Spatiatur
792 1887 1081 1957 loquacitas
1107 1887 1296 1954 inopic
1323 1886 1536 1954 copiosa
1567 1884 1609 1949 ³,
1639 1884 1725 1937 ubi
1745 1897 1849 1936 non

260 1982 527 2043 cernitur,
553 1982 636 2034 vel
660 1982 818 2035 etiam
851 1979 894 2034 si
922 1979 1176 2045 cernitur,
1209 1978 1480 2046 spernitur
1510 1977 1737 2038 veritas;
1764 1975 1851 2027 ubi

258 2082 341 2126 est
374 2088 487 2126 non
518 2074 798 2126 verborum
828 2071 1113 2125 vanissima
1139 2110 1154 2135 ,
1201 2069 1296 2123 sed
1347 2084 1527 2123 rerum
1555 2067 1850 2121 certissima

258 2166 442 2232 copia.
477 2163 635 2218 Aliud
678 2172 761 2217 est
806 2163 1042 2216 directus
1087 2161 1384 2223 veridicos,
1430 2158 1573 2212 aliud
1623 2158 1852 2212 disertus

256 2254 563 2308 maledicus
588 2253 632 2304 ⁸.
666 2253 930 2320 Propheta
962 2251 1085 2306 filiis
1107 2261 1161 2304 et
1193 2251 1430 2319 patribus
1458 2265 1582 2304 suas
1606 2250 1740 2309 vitas
1761 2263 1850 2303 se-

257 2345 493 2413 paratim
520 2343 837 2398 ducentibus
859 2358 981 2397 vera
1005 2341 1133 2395 dicit
1166 2358 1178 2393 :
1219 2352 1274 2394 tu
1305 2340 1714 2394 Manichteorum
1752 2354 1847 2392 no—

255 2439 402 2491 mine
431 2434 727 2490 Catholicis
760 2436 1078 2503 Propltctam
1108 2443 1256 2488 recte
1288 2433 1701 2502 iutelligentibus
1744 2431 1849 2487 Pe-

257 2530 468 2598 lagiana
494 2528 644 2580 rabie
674 2527 966 2581 maledicis.

324 2618 392 2672 L1
405 2618 466 2671 V.
496 2617 615 2671 Ιιει.
648 2617 899 2686 Iniqtu'tas
926 2618 1102 2686 iniqui,
1137 2617 1323 2685 inquit,
1354 2632 1507 2684 super
1522 2625 1673 2684 caput
1697 2617 1806 2685 ejus
1828 2632 1848 2669 :

257 2726 664 2781 unmnquemquc
714 2719 932 2763 vestrum
976 2710 1251 2762 secundum
1284 2709 1389 2761 vias
1427 2724 1546 2760 snas
1579 2707 1842 2777 jadicabo.

259 2801 382 2855 Non
416 2802 694 2854 morientur
722 2810 1012 2870 patrespro
1041 2800 1162 2867 ﬁliis
1187 2840 1199 2862 ,
1239 2815 1398 2867 neque
1423 2798 1516 2865 ﬁlii
1544 2814 1636 2868 pro
1663 2814 1847 2866 paren-

256 2894 389 2947 tibus
421 2893 651 2958 :am'nta,
684 2892 872 2962 inquit,
894 2907 1007 2962 qna:
1032 2901 1200 2960 peccat
1221 2931 1235 2953 ,
1263 2890 1375 2959 ipsa
1401 2890 1642 2943 morietur
1673 2905 1692 2944 :
1719 2906 1846 2958 quo-

258 2984 400 3036 niam
429 2998 601 3037 onmes
628 2983 811 3035 anima:
854 2997 977 3035 mea:
1009 2992 1122 3034 sunt
1148 3021 1162 3047 ,
1192 2996 1591 3050 unumquemque
1617 2997 1709 3050 pro
1738 2980 1845 3034 suis

257 3074 606 3143 iniquitatibus
627 3073 887 3140 judicabo.

327 3167 471 3220 Atto.
505 3165 644 3219 Deus
685 3164 773 3232 qui
806 3163 921 3217 lucc
957 3162 1106 3224 dicit,
1139 3162 1253 3232 ipse
1283 3170 1364 3215 est
1398 3161 1536 3215 Deus
1558 3163 1648 3231 qui
1675 3161 1840 3225 dicit,

260 3254 496 3308 Reddam
521 3263 724 3324 peccata
754 3240 951 3322 patrum
972 3254 1024 3305 in
1051 3253 1205 3322 filios.
1232 3251 1342 3306 Nisi
1371 3251 1696 3306 intellexeris
1716 3267 1847 3321 quo-

260 3343 422 3397 modo
449 3353 731 3412 utrumque
772 3347 842 3397 sit
878 3357 1085 3406 verum,
1132 3341 1279 3394 nullo
1308 3341 1465 3394 modo
1494 3341 1681 3395 credas
1712 3341 1842 3395 Pro-

262 3433 475 3501 phetam
500 3442 551 3489 te
569 3432 894 3488 intellexisse
910 3432 1218 3494 veridicum,
1239 3431 1567 3501 quantalibet
1598 3440 1646 3485 te
1674 3431 1844 3500 patiar

262 3523 583 3592 loquacitate
612 3522 952 3577 maledicum.
1616 3514 1625 3523 ’

329 3615 444 3670 LV.
479 3614 595 3669 Jun.
630 3615 706 3668 En
736 3614 820 3668 cui
860 3612 998 3677 luci,
1039 3612 1127 3667 cui
1176 3611 1372 3681 populo
1414 3611 1794 3666 sententiarum
1824 3651 1842 3679 ,

263 3708 344 3761 cui
376 3704 625 3774 dignitati
665 3703 985 3771 judiciorum
1014 3701 1203 3755 tradux
1234 3709 1322 3754 tua
1348 3709 1406 3754 et
1434 3701 1734 3755 convicium
1764 3701 1843 3753 fa-

262 3813 388 3854 cere
415 3811 522 3850 non
553 3797 734 3857 timet,
766 3803 820 3850 et
846 3803 1069 3849 conatur
1094 3792 1291 3847 inferre
1320 3790 1706 3860 pmiudicium.
1746 3791 1845 3847 llic

266 3890 487 3944 dubium
543 3903 648 3944 non
695 3897 776 3942 est
796 3927 813 3952 ,
857 3887 980 3956 quia
1012 3900 1115 3939 non
1156 3894 1207 3938 tc
1236 3882 1429 3952 pudeat
1458 3880 1589 3936 illud
1618 3882 1797 3937 dicere
1824 3923 1838 3947 ,

266 3979 405 4049 quod
437 3977 644 4032 videtur
674 3977 966 4045 reliquum,
1004 3974 1056 4028 id
1082 3982 1183 4037 est,
1213 3980 1269 4026 ut
1300 3971 1625 4041 respondeas
1663 3986 1845 4026 veram

267 4070 585 4139 Prophetzu,
627 4068 733 4121 imo
774 4066 864 4120 Dei
901 4081 996 4136 per
1036 4064 1353 4133 Prophetam
1393 4063 1448 4128 ⁵,
1479 4076 1599 4117 esse
1627 4070 1845 4117 senten-

267 4164 433 4229 tiam,
488 4158 900 4230 insuperabiletn
940 4156 1256 4227 prudentum
1298 4155 1587 4218 rationem,
1614 4168 1716 4224 qua
1746 4153 1846 4209 do-

266 4266 416 4309 cetur
445 4252 853 4324 iniquissimum,
890 4260 947 4305 ut
974 4258 1188 4320 peccata
1219 4256 1497 4318 parentum
1527 4246 1650 4303 [iliis
1676 4247 1849 4317 impu-

275 4355 471 4400 tentur.

335 4438 471 4492 Atto.
505 4436 796 4497 Erubesce,
830 4441 882 4485 ttt
912 4446 972 4486 es
998 4429 1392 4500 iniquissimus:
1416 4443 1537 4482 nam
1568 4426 1657 4497 qui
1684 4426 1840 4495 dixit,

272 4528 498 4583 Reddam
531 4537 733 4598 peccata
764 4533 963 4596 patrum
992 4524 1044 4576 in
1075 4523 1226 4591 ﬁlios,
1261 4536 1366 4575 non
1394 4529 1477 4575 est
1505 4520 1736 4588 iniquus.

336 4620 472 4674 LVI.
501 4619 618 4675 JCL.
648 4618 756 4672 Nec
781 4625 836 4670 te
867 4616 966 4669 hoc
998 4625 1205 4683 putare.
1232 4614 1354 4683 quia
1381 4622 1531 4667 reatu
1558 4611 1846 4666 voluntatis

267 4713 467 4767 semina
525 4710 762 4764 onmium
806 4707 1078 4761 hominum
1133 4705 1434 4775 polluantur
1484 4721 1499 4758 :
1538 4702 1632 4759 sed
1670 4710 1845 4758 tamen

268 4805 403 4860 hanc
427 4804 684 4873 justitiam
732 4802 785 4856 in
829 4799 960 4855 Adae
1005 4797 1169 4852 solius
1216 4796 1438 4849 crimine
1488 4810 1592 4851 non
1631 4795 1844 4860 valere;

268 4896 429 4965 ipsius
463 4909 622 4965 unum
650 4907 772 4949 esse
804 4898 1075 4960 peccatum
1103 4929 1118 4951 ,
1147 4885 1290 4956 quod
1329 4884 1577 4940 omnibus
1616 4885 1843 4955 impute-

260 4962 370 5042 tur.
406 4987 481 5042 Ad
509 4962 651 5056 quod
678 5000 796 5055 ego,
822 4981 948 5052 quid
980 4981 1125 5050 prius
1152 4978 1332 5033 facere
1359 4976 1582 5031 debeam
1623 4976 1804 5031 nescio
1829 4993 1841 5029 :

269 5080 559 5142 rideamnc,
583 5075 723 5146 quod
755 5074 965 5143 ineptia:
991 5070 1208 5141 exigunt
1228 5067 1559 5137 singulares?
1585 5067 1679 5123 sed
1707 5068 1845 5123 ntul-

269 5182 440 5224 tot-nm
470 5168 700 5240 perditio
726 5180 862 5237 quos
899 5164 1142 5233 decipitis
1166 5202 1182 5226 ,
1233 5161 1628 5216 miserationem
1657 5175 1848 5230 exspe-

272 5273 377 5317 ctat
404 5274 457 5317 et
487 5263 769 5333 lacrymas.
796 5258 946 5315 Serio
965 5271 1094 5327 ergo
1119 5270 1351 5310 maerore
1380 5252 1631 5309 conﬁciar
1650 5252 1672 5285 ⁸
1701 5252 1724 5306 ?
1750 5252 1845 5308 sed

333 5400 347 5425 ‘
384 5396 501 5444 Ριιὶιὶ
543 5401 592 5443 et
639 5393 735 5441 duo
772 5399 898 5447 διεδ..
934 5388 1076 5441 vestri
1126 5386 1383 5439 Marcionis
1410 5392 1530 5437 testu
1567 5386 1844 5436 concitatus.

274 5461 415 5504 tutus
436 5458 594 5505 codex
620 5462 763 5514 rort.,
790 5461 943 5510 caret,
968 5458 1105 5508 wslu,
1119 5458 1170 5500 et
1190 5450 1312 5509 loco,
1332 5449 1662 5509 restri,babet,
1685 5456 1845 5499 castra.

335 5519 355 5547 ³
381 5519 450 5565 sic
473 5526 577 5579 Mss,
606 5524 660 5565 At
684 5518 842 5579 \ign.,
866 5524 1196 5576 prorumpere.

333 5580 353 5641 ξ
386 5586 527 5635 t‘ort.,
550 5576 709 5638 inepta
1052 5635 1066 5641 _
1216 5633 1229 5641 ,
1426 5632 1455 5641 ..
1601 5637 1609 5641 .
1666 5630 1697 5641 ..

333 5640 354 5669 δ
389 5632 523 5698 vigit.
553 5632 774 5698 opinatur
788 5632 865 5687 'sic
896 5636 1019 5698 forte
1052 5633 1315 5698 legendum
1342 5647 1353 5682 :
1382 5632 1511 5683 Alius
1541 5637 1609 5683 est
1643 5632 1849 5683 disertus

272 5696 523 5757 rcrt‘dir‘m,
547 5696 672 5751 alius
695 5700 901 5749 disertus
922 5696 1201 5747 maledicus.
1269 5702 1323 5742 Μ.

332 5772 351 5800 ³
376 5778 445 5819 s'tc
467 5776 563 5817 uss
605 5762 892 5821 tignicruts,
928 5758 1024 5810 into
1066 5758 1153 5808 Dei
1200 5757 1502 5821 I’mphetam.

332 5830 354 5860 ‘
379 5839 495 5881 l‘ul‘l.
506 5865 519 5889 ,
555 5830 787 5889 cmtftgat'.

1622 397 1824 455 LIBER
1863 396 2172 453 TERTIUS.

3423 407 3550 462 Γ).ῖᾶ

1973 520 2403 580 argumentorum
2450 522 2655 569 tuorum
2704 513 2937 584 prodigia
2969 513 3265 583 incutiunt,
3311 521 3551 589 quamvis

1968 612 2160 658 mmsto
2185 603 2384 667 animo,
2412 605 2749 659 cachinnum.

2039 718 2170 770 Acs.
2203 716 2293 769 Dic
2318 717 2460 786 quod
2490 718 2726 773 dicturus
2746 734 2824 784 es,
2858 720 3067 789 egregie
3096 731 3398 786 corrector;
3444 738 3551 791 quo

1966 816 2183 861 auctore
2211 809 2465 887 deceptor
2494 821 2574 863 est
2602 811 2900 865 credendus
2942 814 3252 866 Ambrosius
3276 855 3291 878 ,
3337 814 3403 867 de
3443 830 3550 884 quo

1965 900 2037 952 ait
2065 900 2309 970 Pelagius
2334 903 2585 971 magister
2611 913 2751 968 tuus,
2784 903 2924 973 quod
2954 905 3068 973 ejus
3099 905 3281 970 ﬁdem,
3301 915 3353 960 et
3372 905 3546 975 puris-

1965 991 2155 1044 simum
2214 993 2263 1045 in
2319 993 2607 1064 Scripturis
2657 1010 2871 1048 sensum
2926 1011 2994 1049 ne
3036 996 3283 1051 inimicus
3329 997 3546 1066 quidem

1962 1093 2125 1135 ausus
2154 1089 2236 1136 est
2278 1083 2674 1153 reprehendere
2719 1083 2816 1155 (α).
2862 1085 2943 1139 Tu
2993 1100 3115 1139 eum
3164 1086 3496 1156 reprehende
3528 1129 3544 1147 .

1962 1168 2153 1226 fortior
2203 1174 2343 1226 ettint
2400 1190 2458 1227 es
2510 1184 2669 1244 atque
2725 1177 2997 1244 potentior
3056 1177 3302 1232 inimicus
3370 1180 3548 1234 crucis

1960 1260 2155 1315 Christi
2183 1305 2196 1327 ,
2230 1279 2388 1333 quam
2417 1266 2460 1318 si
2489 1280 2636 1319 esses
2675 1266 2921 1320 inimicus
2951 1267 3218 1321 Ambrosii
3243 1284 3258 1332 ;
3286 1268 3543 1325 audacius

1958 1353 2168 1406 invides
2194 1356 2376 1423 gratiae
2404 1356 2517 1419 Dei,
2551 1372 2706 1426 quam
2735 1359 2777 1411 si
2801 1359 3065 1413 invideres
3092 1360 3165 1413 illi
3193 1361 3393 1414 homini
3420 1361 3537 1416 Dei.

1958 1443 2315 1511 Reprehende
2335 1487 2349 1512 ,
2384 1448 2597 1514 inquam
2615 1489 2629 1513 ,
2662 1448 2822 1503 irride
2848 1450 2864 1480 ι
2891 1450 3209 1521 exagitando
3229 1491 3243 1517 ,
3273 1450 3412 1506 delle
3438 1451 3539 1507 do-

1960 1534 2117 1590 lendo
2147 1546 2333 1605 :potcs
2372 1539 2513 1592 enim
2537 1539 2590 1592 vi
2620 1555 2809 1608 magna
2840 1542 3158 1611 eloquentiae
3184 1543 3235 1596 in
3267 1543 3542 1597 urbanita-

1961 1635 2066 1680 tem
2115 1626 2309 1683 ducere
2358 1630 2645 1684 vanitatem
2699 1641 2881 1695 tuam,
2912 1641 2967 1687 et
3016 1633 3066 1686 itt
3118 1634 3541 1689 misericordiam

1962 1718 2338 1788 transﬁgurare
2364 1722 2685 1776 vecordiam.
2706 1724 2801 1776 Dic
2822 1739 2948 1793 ergo
2972 1725 3117 1778 illum
3136 1727 3307 1780 virum
3334 1741 3545 1780 errasse

1957 1809 2298 1877 deformiter,
2332 1813 2627 1881 desipuissc
2661 1813 2963 1880 infeliciter,
2991 1815 3306 1870 afﬁrmando
3335 1816 3542 1870 discor-

1954 1901 2096 1954 diam
2129 1904 2576 1971 concupiscuntur.-
2601 1906 2778 1959 carnis
2804 1916 2858 1959 ct
2886 1907 3102 1973 spiritus
3130 1906 3182 1959 itt
3214 1914 3455 1960 naturam
3473 1920 3539 1959 ex

1959 1991 2113 2058 primi
2148 1992 2379 2047 hominis
2408 1996 2840 2061 prawarieationc
2865 1997 3086 2050 vertisse
3112 1996 3252 2065 (Lib.
3279 1997 3308 2049 7
3338 1998 3391 2049 in
3412 1996 3538 2048 Luc.

1958 2098 2052 2143 xu,
2088 2084 2199 2153 5'2).
2229 2085 2359 2150 Quis
2388 2087 2531 2141 ctrina
2565 2088 2681 2143 sine
2720 2088 2812 2140 illa
2843 2090 3100 2151 nascitur,
3132 2105 3196 2143 ex
3228 2103 3332 2158 quo
3358 2104 3541 2158 cmpe-

1957 2184 2085 2229 runt
2128 2176 2369 2230 homines
2412 2180 2600 2244 nasci,
2643 2180 2913 2233 nascendo
2942 2181 3121 2250 utique
3148 2180 3199 2233 in
3227 2194 3387 2233 carne
3413 2195 3537 2249 pec-

1957 2264 2101 2317 cati?
2124 2264 2229 2319 Sed
2262 2274 2315 2319 ttt
2352 2267 2513 2321 homo
2541 2269 2902 2334 acutissimus,
2935 2284 3038 2322 non
3069 2270 3296 2324 credens
3333 2271 3434 2323 tale
3476 2284 3540 2323 ae

1960 2363 2162 2409 tantum
2187 2357 2311 2409 illud
2337 2356 2501 2412 fuisse
2524 2368 2893 2426 peccatum,ut
2923 2369 3100 2427 posset
3130 2360 3182 2412 in
3210 2363 3311 2413 hoc
3336 2360 3538 2412 malum

1957 2454 2082 2500 tunc
2105 2446 2268 2514 ipsam
2298 2458 2503 2503 mutare.
2528 2459 2801 2516 naturam,
2841 2464 3068 2518 eamque
3102 2449 3384 2503 ineﬁabilis
3408 2464 3542 2517 apo-

1954 2537 2130 2591 stasia:
2173 2540 2364 2591 merito
2410 2542 2582 2594 facere
2622 2554 2765 2594 cutn'
2785 2540 2950 2608 stirpe
3001 2531 3385 2604 damnandam;
3440 2541 3540 2595 hoc

1953 2629 2095 2697 quod
2122 2644 2308 2683 omnes
2337 2631 2500 2684 sobrii
2534 2631 2731 2684 malum
2764 2632 3022 2697 sentiunt,
3052 2632 3248 2686 malum
3278 2631 3536 2701 iudicant,

1951 2718 2130 2772 ebrius
2184 2720 2468 2789 Pclagiano
2512 2720 2761 2792 dogmate
2806 2722 3004 2776 asseris
3046 2722 3266 2776 bonum.
3313 2722 3537 2776 Mirabili

1951 2809 2092 2863 enim
2124 2809 2365 2864 facundia
2397 2821 2546 2880 potes
2566 2853 2582 2877 ,
2611 2827 2728 2865 eam
2758 2828 2916 2882 quam
2954 2813 3123 2867 sancti
3162 2822 3413 2867 accusant
3440 2827 3537 2881 ge-

1952 2900 2189 2965 mitibus,
2217 2911 2270 2955 ttt
2300 2902 2541 2956 laudibus
2569 2917 2761 2957 ornare
2786 2902 3078 2966 libidinem,
3111 2912 3166 2957 et
3193 2904 3350 2957 talem
3383 2919 3536 2972 pror—

1950 3006 2062 3057 sus,
2094 2993 2265 3062 qualis
2302 3002 2356 3047 et
2396 3010 2536 3049 nunc
2573 3004 2690 3061 est,
2732 3010 2793 3049 se
2822 2994 3025 3049 scilicet
3054 2995 3355 3049 nolentibus
3384 2994 3536 3065 inge-

1951 3090 2181 3147 rentum,
2203 3093 2257 3137 et
2275 3083 2340 3137 ad
2366 3093 2633 3138 certamen
2662 3094 3037 3153 provocantem
3064 3086 3224 3139 corda
3245 3093 3535 3149 castorum,

1949 3185 2198 3244 tanquam
2220 3174 2518 3229 formosum
2543 3184 2597 3230 et
2615 3191 2883 3230 amantum
2909 3177 3128 3245 lignum,
3146 3177 3352 3230 etiamsi
3379 3192 3537 3231 nemo

1951 3267 2023 3321 ibi
2052 3276 2346 3336 peccasset,
2378 3268 2517 3320 inter
2543 3267 2776 3337 peradisi
2822 3282 3040 3321 nemora
3083 3269 3363 3321 collocare.
3392 3268 3533 3322 Eru-

1951 3356 2109 3412 besce
2131 3397 2146 3421 ,
2200 3357 2468 3412 beatitudo
2516 3357 2942 3428 Pelagianorum;
2971 3366 3025 3413 et
3054 3358 3176 3413 vide
3201 3374 3305 3429 quo
3332 3358 3497 3428 fugias
3515 3397 3534 3426 ,

1949 3450 2072 3518 quia
2102 3450 2233 3502 casti
2265 3457 2315 3502 te
2344 3448 2571 3519 fugiunt.

2021 3558 2176 3615 LVII.
2209 3560 2329 3616 Jun.
2359 3561 2490 3629 Quis
2518 3562 2659 3615 enim
2691 3560 2814 3622 hoc.
2846 3563 2889 3616 si
2917 3561 3040 3631 quid
3068 3563 3262 3618 sarculo
3293 3563 3415 3618 huic
3443 3581 3536 3618 su-

1950 3649 2207 3720 perfuerit
2236 3653 2429 3720 aetatis,
2463 3653 2824 3706 monumentis
2862 3653 3057 3722 poterit
3081 3654 3302 3709 credere
3332 3655 3535 3710 littera-

1951 3757 2091 3806 rum,
2124 3741 2395 3796 exstitisse
2416 3743 2662 3798 videlicet
2692 3743 2981 3809 hominem,
3005 3747 3091 3814 qui
3115 3747 3359 3801 crederet
3381 3755 3433 3801 et
3453 3747 3539 3817 ju-

1950 3840 2115 3897 rarct,
2146 3847 2254 3886 non
2285 3848 2406 3888 esse
2445 3835 2715 3900 naturale,
2746 3835 2885 3903 quod
2929 3845 3073 3890 esset
3113 3840 3380 3902 naturale;
3430 3854 3534 3891 non

1950 3936 2073 3977 esse
2102 3922 2489 3993 generationis,
2518 3922 2656 3991 quod
2688 3932 2831 3977 esset
2858 3925 3249 3992 generationis;
3278 3941 3383 3979 non
3414 3943 3536 3995 pcr-

1950 4014 2124 4068 tinere
2163 4012 2228 4066 ad
2274 4012 2631 4067 conditionem
2682 4023 2989 4083 parentum,
3041 4014 3179 4083 quod
3219 4017 3283 4068 ad
3334 4017 3538 4083 aliquos

1954 4120 2060 4158 non
2091 4104 2159 4159 ob
2186 4103 2331 4157 aliud
2362 4104 2673 4173 pertineret,
2719 4103 2818 4157 nisi
2849 4105 2969 4173 quia
2999 4103 3221 4158 fuissent
3249 4115 3493 4174 parentes
3513 4108 3538 4155 τ

1953 4196 2089 4251 Puto
2116 4194 2256 4266 quod
2283 4194 2506 4249 conﬁcta
2536 4193 2670 4261 lucc,
2702 4195 2871 4265 magis
2896 4208 3054 4265 quam
3083 4195 3151 4249 ab
3176 4196 3295 4250 ullis
3320 4196 3537 4251 defensa

1956 4287 2306 4356 mortalibus,
2336 4286 2623 4341 arbitretur
2659 4296 2904 4342 secutura
2934 4290 3225 4357 generatio.
3261 4289 3366 4342 llos
3394 4291 3534 4343 enim

1952 4389 2187 4439 natatus.
2233 4389 2286 4434 ct
2329 4380 2423 4433 has
2466 4394 2709 4444 nauscas,
2745 4388 2901 4448 atque
2942 4379 3039 4433 hos
3072 4380 3320 4446 vomitus,
3364 4388 3535 4432 vestra

1958 4473 2101 4527 natio
2145 4472 2381 4543 lidesqne
2426 4473 2737 4542 perpetitur,
2784 4472 2871 4540 qui
2920 4470 3123 4537 dicitis,
3172 4468 3287 4526 Non
3321 4480 3541 4541 possunt

1956 4575 2235 4635 parentum
2275 4577 2489 4636 peccata
2520 4565 2584 4618 ad
2618 4564 2754 4617 filios
2793 4564 3072 4618 decurrere
3115 4579 3211 4634 per
3253 4575 3494 4618 naturam
3522 4605 3537 4628 ,

1956 4660 2077 4729 quia
2106 4674 2190 4712 res
2216 4658 2416 4712 arbitrii
2449 4656 2740 4710 seminibus
2766 4672 2869 4710 non
2898 4656 3120 4726 ligatur;
3149 4655 3242 4711 sed
3260 4665 3539 4726 peccatum

1956 4751 2107 4813 Adae,
2136 4749 2275 4817 quod
2316 4747 2380 4801 dc
2418 4747 2687 4801 voluntate
2725 4756 3040 4817 conceptum
3087 4756 3204 4814 est,
3253 4747 3442 4801 transit
3490 4748 3540 4802 in

1958 4858 2145 4897 omnes
2178 4842 2420 4894 homines
2448 4855 2542 4909 per
2569 4848 2832 4906 naturam,
2871 4840 2989 4909 quia
3037 4857 3124 4894 res
3148 4840 3350 4894 arbitrii
3378 4841 3540 4893 semi-

1958 4934 2114 4988 nibus
2146 4934 2341 5002 illigata
2373 4942 2454 4987 cst
2485 4949 2498 4986 :
2531 4948 2635 4987 non
2662 4932 2876 4986 damnat
2903 4933 3061 4986 etiam
3106 4933 3242 4986 Deus
3280 4933 3414 4985 lilios
3444 4948 3547 5001 pro

1958 5025 2190 5096 peccatis
2216 5034 2492 5093 parentum
2514 5064 2528 5087 ,
2568 5023 2689 5093 quia
2722 5038 2947 5077 summa:
2985 5021 3273 5091 iniquitatis
3314 5031 3415 5087 est,
3448 5023 3541 5076 sed

1956 5115 2174 5170 damnat
2203 5113 2330 5168 Adae
2358 5123 2603 5183 posteros
2647 5121 2862 5182 propter
2901 5122 3175 5181 peccatum
3219 5122 3494 5182 parentum
3525 5153 3538 5174 ,

1956 5211 2096 5281 quod
2125 5210 2265 5265 nulla
2295 5218 2465 5278 potest
2486 5207 2686 5276 justitia
2718 5206 2974 5260 vindicari
3009 5223 3021 5258 :
3053 5222 3157 5260 non
3193 5208 3414 5275 pertinet
3452 5224 3543 5274 po-

1957 5312 2158 5358 stremo
2208 5301 2272 5354 ad
2324 5299 2684 5355 conditionem
2731 5298 3109 5368 generationis,
3160 5300 3280 5367 quia
3343 5297 3394 5350 hi
3450 5297 3539 5364 qni

1958 5395 2209 5464 conjuges
2256 5401 2416 5454 sunt,
2468 5391 2601 5444 fiunt
2643 5398 2918 5458 parentes;
2967 5390 3104 5458 quod
3149 5404 3253 5443 ma
3291 5388 3360 5440 ob
3398 5388 3541 5440 aliud

1960 5486 2211 5553 pertinuit
2235 5483 2299 5537 ad
2331 5483 2520 5545 Adam,
2554 5481 2652 5535 nisi
2677 5485 2797 5551 quia
2825 5480 3052 5551 conjugii
3094 5481 3210 5548 lege
3249 5480 3539 5547 generavit.

1960 5578 2189 5633 lloccinc
2234 5592 2445 5631 cursum
2486 5575 2784 5646 gubernare
2826 5584 2928 5640 est,
2959 5589 3026 5628 an
3067 5572 3290 5626 natare?
3322 5568 3544 5626 haccine

2025 5760 2037 5789 ¹
2079 5756 2279 5803 ςὶιεδιεδ.
2310 5759 2363 5802 At
2383 5751 2713 5815 \‘igtt.,tra(lc.
2767 5813 2771 5815 Α
2854 5810 2865 5815 _
2913 5810 2923 5815 _
2962 5805 2989 5815 ν.

2024 5818 2097 5878 (u)
2134 5817 2246 5866 \idc
2270 5806 2540 5877 supra,'lib.
2566 5814 2629 5862 tle
2653 5813 2805 5859 Gratia
2822 5806 3008 5871 Christi,
3035 5821 3118 5858 nn.
3146 5807 3224 5869 46,
3244 5806 3323 5861 47,
