4004 6190
382 381 517 437 ίῖἷὸ

384 503 468 549 est
508 493 790 556 conficere,
820 508 883 545 an
915 490 1212 546 nauseare?
1243 488 1464 543 hoccine
1506 493 1589 541 est
1616 499 1826 540 sumere
1865 482 1960 536 ali-

383 586 507 656 quid
530 584 773 646 solidum,
798 600 862 637 an
880 597 1092 652 semper
1111 582 1395 637 evomere?
1412 578 1602 632 Iisdem
1625 573 1961 629 Sermonibus

380 677 518 747 quod
552 675 825 744 negaveris
853 673 1088 728 afﬁrmas
1109 714 1123 737 ,
1154 672 1340 727 iisdem
1368 670 1524 725 lineis
1554 668 1696 739 quod
1725 665 1961 719 affirma-

385 770 525 821 veris
549 768 811 833 denegas;
837 774 890 819 et
913 765 1159 820 irasceris
1184 778 1280 818 cur
1303 777 1407 817 non
1436 760 1839 831 acquiescamus
1870 757 1967 810 ho-

385 858 532 922 nuni,
561 857 650 927 qui
678 854 828 927 gravi
856 857 1042 912 morbo
1067 866 1254 927 ruptus
1279 870 1382 910 non
1414 862 1588 924 potest
1617 860 1799 907 tenere
1818 848 1961 920 quod

380 949 632 1019 suscipit!

453 1042 590 1096 Avo.
632 1039 784 1095 Absit
823 1046 881 1094 ut
919 1039 1179 1104 dicamus,
1219 1038 1444 1093 aliorum
1487 1044 1696 1105 patrum
1734 1033 1784 1088 in
1831 1032 1966 1087 ﬁlios

388 1130 552 1185 Deum
598 1140 813 1199 peccata
862 1144 967 1184 non
1016 1128 1242 1184 reddere
1286 1145 1298 1181 :
1340 1142 1462 1182 cum
1487 1125 1758 1194 Scriptura
1784 1121 1966 1176 divina

385 1222 544 1276 toties
568 1222 981 1290 nominatimque
1007 1228 1249 1284 testctur,
1278 1233 1374 1288 pro
1394 1217 1584 1288 quibus
1607 1224 1814 1285 patrum
1838 1227 1965 1282 pec-

384 1312 518 1365 catis
544 1312 598 1365 in
625 1327 759 1382 quos
785 1327 967 1366 eorum
996 1311 1132 1366 ﬁlios
1158 1310 1385 1365 vindicta
1410 1306 1763 1381 processerit;
1800 1295 1967 1375 usque

390 1403 526 1457 adeo
552 1412 607 1457 ut
635 1402 900 1473 quoddam
927 1411 1203 1473 peccatum
1229 1416 1391 1472 grave
1430 1399 1569 1469 regis
1608 1397 1811 1461 Achab,
1839 1410 1966 1464 par-

387 1508 517 1547 cens
531 1494 578 1548 ei
596 1494 757 1560 Deus,
778 1494 829 1547 in
846 1493 962 1563 ejus
980 1494 1142 1547 ﬁlium
1162 1492 1435 1547 vindicare
1449 1491 1712 1546 distulerit
1730 1487 1817 1559 (Ill
1837 1485 1965 1554 Reg.

388 1601 498 1650 xxn,
535 1586 650 1656 29).
682 1586 787 1642 Sed
815 1587 936 1657 quis
962 1586 1152 1641 modus
1176 1594 1231 1640 et
1256 1602 1373 1656 qua:
1411 1585 1481 1640 sit
1522 1584 1715 1639 divina:
1753 1579 1889 1636 ratio
1915 1587 1969 1633 ct

387 1691 635 1732 mensura
656 1678 876 1747 jnstitia:
901 1678 969 1733 de
997 1678 1218 1733 aliorum
1251 1687 1458 1747 patrum
1486 1678 1740 1748 peccatis,
1765 1688 1823 1731 ut
1846 1676 1970 1731 red-

385 1766 581 1821 dantur
607 1769 657 1821 in
689 1768 846 1827 ﬁlios.
877 1768 1126 1839 indagare
1147 1770 1288 1839 ,quis
1332 1770 1544 1840 potest?
1572 1769 1796 1839 Propter
1824 1769 1967 1839 quod

387 1857 531 1910 Deus
556 1857 658 1910 sibi
688 1858 855 1921 tenuit
883 1858 984 1912 ista
1010 1858 1203 1927 judicia
1226 1901 1240 1925 ,
1274 1858 1544 1913 hominem
1577 1874 1706 1912 vero
1726 1859 1972 1927 judican-

387 1956 492 2001 tcm
521 1948 600 2003 sic
627 1948 896 2005 vindicare
924 1949 1209 2019 prohibuit.
1239 1949 1342 2006 Sed
1385 1951 1650 2021 apostasia
1688 1951 1842 2019 primi
1875 1951 1971 2005 ho-

390 2037 569 2101 minis,
599 2038 650 2091 in
676 2054 782 2109 quo
808 2054 1011 2093 summa
1030 2048 1165 2105 erat,
1193 2051 1245 2096 et
1268 2040 1412 2096 nullo
1436 2040 1970 2109 impediebaturvitio

386 2128 604 2183 libertas
644 2131 869 2199 propria:
900 2132 1183 2187 voluntatis
1208 2172 1223 2195 ,
1265 2141 1372 2186 tam
1417 2147 1663 2202 magnum
1697 2141 1970 2203 peccatum

388 2220 505 2283 fuit,
537 2231 593 2274 ut
619 2222 768 2275 ruina
795 2221 910 2291 ejus
937 2231 1121 2276 natura
1153 2221 1379 2276 humana
1407 2230 1549 2277 esset
1571 2231 1677 2276 tota
1700 2223 1966 2291 collapsa:

387 2313 526 2381 quod
574 2314 771 2369 indicat
801 2314 1015 2369 humani
1063 2316 1276 2384 generis
1325 2322 1471 2369 tanta
1511 2315 1742 2380 miseria,
1790 2332 1909 2385 quae
1939 2331 1969 2370 a

387 2403 573 2471 primis
612 2404 902 2471 ploratibus
940 2405 1258 2474 vagientium
1297 2420 1463 2474 usque
1493 2405 1559 2458 ad
1587 2407 1968 2475 exSpirantium

390 2494 709 2548 novissimos
740 2494 936 2548 halitus
964 2496 1210 2551 omnibus
1239 2506 1361 2549 nota
1392 2504 1507 2561 est;
1542 2497 1609 2549 ita
1639 2505 1698 2549 ut
1739 2498 1824 2566 qui
1852 2513 1968 2551 eam

390 2595 625 2654 negant,
656 2586 912 2655 majorem
949 2596 1151 2655 partem
1181 2587 1280 2641 sibi
1308 2587 1575 2641 vindicent
1599 2586 1842 2641 humana:
1866 2587 1969 2641 mi-

386 2679 542 2730 seria:
572 2686 677 2730 tam
711 2676 946 2731 horribili
975 2686 1030 2731 ct
1062 2677 1355 2732 incredibili
1394 2678 1633 2732 ca:citate
1667 2697 1680 2730 :
1713 2678 1845 2731 sicut
1877 2693 1970 2732 vos

386 2767 576 2829 facitis,
608 2767 696 2836 qui
728 2766 1008 2821 mortalem
1044 2766 1215 2821 Adam
1259 2767 1330 2821 ita
1370 2767 1585 2832 factum,
1616 2776 1672 2820 ιιι
1701 2768 1812 2822 sive
1843 2783 1969 2837 pee-

387 2867 552 2921 caret,
584 2857 698 2911 sive
726 2872 832 2909 non
866 2867 1128 2925 peccaret,
1159 2858 1447 2911 moriturus
1472 2866 1633 2922 esset,
1662 2859 1821 2913 etiam
1852 2867 1971 2927 post

385 2947 640 3015 judicium
674 2948 1033 3015 Palmstinum,
1065 2949 1153 3003 ubi
1183 2965 1276 3004 vos
1305 2950 1402 3003 ista
1443 2950 1680 3005 dicentes
1724 2951 1969 3020 Pelagius

387 3042 501 3109 ipse
538 3041 807 3095 damnavit
847 3040 924 3109 (α)
954 3081 969 3106 ,
1010 3042 1187 3097 adhuc
1232 3042 1410 3097 dicere
1453 3057 1556 3096 non
1602 3043 1817 3097 timetis.
1864 3042 1969 3096 Sed

386 3145 575 3200 perge,
610 3140 665 3184 ut
695 3131 787 3184 tibi
822 3132 991 3200 placet
1014 3172 1029 3198 ,
1080 3141 1242 3202 atque
1266 3134 1425 3186 etiam
1458 3133 1600 3201 ipsos
1630 3140 1702 3186 tot
1738 3133 1972 3187 Palmsti-

386 3236 484 3274 nos
509 3221 787 3291 episcopos
807 3224 1090 3277 criminare
1108 3223 1425 3278 Manichzeos
1452 3241 1465 3275 :
1488 3225 1676 3289 clama,
1702 3224 1766 3278 ad
1784 3224 1967 3279 horam

386 3310 659 3380 Pelagium
684 3312 914 3366 cessisse
938 3312 1239 3367 MlllliChiI‘lS
1258 3356 1271 3373 .
1302 3329 1369 3367 ne
1408 3315 1751 3368 damnaretur
1777 3313 1845 3367 ab
1869 3314 1968 3368 eis.

389 3401 552 3469 Imple
592 3400 891 3471 paradisum
936 3403 1106 3472 pomis
1152 3403 1453 3468 libidinum;
1505 3414 1559 3458 et
1609 3413 1687 3458 tot
1728 3420 1792 3459 ac
1829 3413 1971 3458 tanta

386 3492 524 3546 mala
551 3508 669 3559 quae
693 3494 896 3562 perpeti
928 3493 1167 3547 videmus
1198 3494 1444 3557 infantes,
1467 3502 1715 3564 tanquam
1740 3510 1844 3548 non
1866 3494 1972 3549 sint

388 3582 627 3651 poenales
653 3582 887 3645 dolores,
917 3582 1010 3637 sed
1043 3583 1283 3637 vernales
1313 3584 1523 3648 odores,
1554 3599 1650 3653 per
1678 3585 1763 3638 illa
1796 3584 1968 3640 felicia

387 3680 537 3742 prata
561 3672 817 3727 diﬁ‘uude.
852 3674 917 3727 Et
945 3689 1029 3726 me
1052 3673 1220 3728 irride
1257 3675 1407 3744 quasi
1436 3684 1742 3741 natantem;
1766 3691 1886 3730 cum
1918 3685 1970 3730 tu

388 3766 442 3816 in
471 3763 584 3817 lucc
618 3762 878 3835 profunda
905 3763 1179 3820 demersus
1209 3766 1436 3821 intereas
1463 3785 1476 3820 :
1510 3783 1596 3822 me
1630 3767 1794 3823 irride
1819 3770 1971 3839 quasi

390 3865 735 3909 nauseantem
762 3870 825 3909 ac
862 3867 1201 3921 vomentem;
1231 3872 1351 3911 cum
1394 3868 1446 3911 tu
1487 3867 1731 3914 mortuus
1760 3860 1969 3928 iaceas,

387 3953 442 3997 ct
490 3952 737 4014 tanquam
781 3956 1148 4000 vermescente
1176 3947 1488 4016 putredine,
1517 3949 1595 4003 sic
1622 3949 1855 4018 inquieta
1896 3951 1974 4005 lo-

388 4037 647 4105 quacium-
691 4045 933 4105 pntcscas
983 4054 997 4088 :
1045 4053 1133 4092 me
1187 4054 1347 4107 argue
1402 4042 1551 4110 quasi
1619 4040 1971 4095 afﬁrmantem

388 4126 527 4195 quod
557 4128 877 4195 negaverim,
915 4136 969 4182 et
996 4128 1139 4197 quod
1169 4128 1546 4184 afﬁrmaverim
1574 4129 1926 4201 denegantem
1954 4147 1971 4197 ;

388 4234 508 4272 eum
540 4227 593 4271 tu
622 4219 797 4288 potius
823 4218 925 4273 hoc
952 4218 1141 4273 feceris
1162 4261 1176 4285 ,
1207 4220 1344 4273 sicut
1373 4220 1423 4274 in
1465 4231 1553 4275 tuo
1579 4221 1849 4277 volumine
1885 4237 1975 4278 su-

393 4311 604 4380 periore
644 4313 968 4376 monstravi;
1004 4320 1059 4367 et
1094 4327 1180 4366 me
1215 4312 1317 4366 hoc
1353 4330 1458 4367 non
1485 4313 1694 4375 fecisse,
1730 4314 1971 4383 possint,

387 4404 474 4472 qui
504 4404 683 4473 legunt
703 4403 998 4470 attendere,
1021 4414 1073 4458 et
1097 4419 1254 4474 quam
1279 4405 1534 4459 fallaciter
1553 4405 1654 4461 hoc
1676 4422 1760 4461 me
1788 4407 1975 4462 fecisse

388 4494 614 4557 dixeris,
650 4495 887 4549 invenire
915 4513 927 4549 :
958 4511 1042 4551 me
1071 4496 1155 4550 die
1181 4496 1325 4566 gravi
1358 4496 1544 4550 morbo
1572 4508 1804 4565 ruptum,
1834 4498 1972 4567 quod

389 4589 622 4657 suscipio
648 4596 833 4643 tenere
856 4604 959 4644 non
995 4604 1183 4659 posse;
1214 4606 1333 4643 cum
1365 4600 1417 4643 tu
1464 4590 1652 4659 Spiritu
1679 4591 1798 4644 vitae
1828 4592 1978 4660 peni-

392 4688 475 4729 tus
500 4677 716 4742 amisso,
746 4695 848 4731 non
880 4679 1066 4732 saltem
1103 4680 1279 4733 valeas
1306 4680 1505 4749 ingesta
1527 4681 1815 4749 suscipere.

462 4766 638 4823 LVIII.
670 4768 788 4823 JUL.
818 4768 981 4823 Vides
1010 4770 1220 4838 quidem
1254 4772 1410 4825 etiam
1448 4772 1581 4840 ipse,
1610 4789 1723 4827 rem
1764 4773 1972 4842 dignam

388 4859 781 4914 conﬂictatione
821 4874 924 4913 non
967 4874 1086 4914 esse
1115 4877 1127 4911 :
1160 4868 1334 4914 tamen
1381 4870 1436 4915 ut
1485 4864 1747 4917 mentibus
1787 4864 1976 4917 subve-

391 4953 565 5005 niatur
593 4952 838 5015 incautis,
869 4966 987 5021 qum
1015 4950 1304 5005 crassiores
1331 4967 1566 5020 quasque
1603 4952 1880 5021 Opinioncs
1923 4961 1976 5005 ct

392 5045 543 5098 malis
578 5044 818 5099 moribus
844 5043 1175 5100 blandientes
1203 5043 1253 5096 in
1277 5043 1524 5097 solatium
1551 5055 1824 5097 assumunt
1844 5059 1974 5098 eou-

389 5135 627 5189 scientia-
655 5134 932 5196 sauciata);
967 5134 1357 5205 interragamus
1386 5143 1559 5187 utrtnn
1590 5142 1746 5187 tantze
1775 5132 1978 5186 stolidi-

396 5227 518 5280 talis
560 5226 827 5279 inventum
887 5226 954 5281 de
1013 5226 1188 5294 aliqua
1251 5225 1646 5294 Scripturarum
1698 5225 1975 5278 occasione

388 5316 714 5385 compereris
746 5316 782 5367 ¹.
816 5314 869 5371 Si
895 5315 1111 5377 dixeris,
1139 5313 1238 5370 Per
1263 5331 1418 5368 ιυηιιιι
1441 5315 1691 5367 hominem
1717 5324 1976 5384 peccatum

389 5410 590 5464 intravit
640 5411 691 5464 in
732 5410 977 5462 mundum
1011 5409 1184 5481 (Rom.
1212 5425 1260 5468 v,
1292 5408 1375 5479 l2)
1408 5425 1419 5460 :
1450 5408 1797 5461 admouemus
1822 5416 1890 5472 te,
1917 5418 1974 5461 ut

392 5502 595 5571 relegas
622 5501 896 5571 ρτωερηιίε
926 5501 1101 5570 operis
1132 5501 1458 5568 superiorem
1504 5499 1737 5553 libellum
1765 5539 1779 5564 ,
1825 5500 1975 5570 cujus

456 5715 471 5743 ι
506 5714 663 5761 tzodi-a
692 5722 836 5769 t‘ort.,
863 5726 1065 5769 ronccpc
1084 5714 1147 5755 vis.

456 5776 528 5833 ((1)
564 5774 657 5820 ‘Jb.
678 5776 741 5824 tlt.‘
765 5778 918 5822 (iustis
943 5773 1134 5831 I't‘I;t;,it,
1157 5788 1237 5822 nn.
1265 5773 1339 5831 21,
1368 5775 1445 5830 57,
1471 5776 1546 5823 (il).

1072 374 1317 431 OPERES
1356 370 1765 428 IMPEIKFECTI
1802 367 2069 425 CONTIU
2112 365 2469 434 JULHNUM,
2511 365 2567 423 S.
2610 366 2972 423 AUGUSTI)"

3520 372 3670 426 I276

2072 479 2115 533 si
2147 494 2352 534 memor
2373 480 2554 547 fueris,
2586 480 2821 550 Apostoli
2848 478 3209 534 testimonium
3252 494 3513 551 usurpare
3549 498 3667 537 non

2075 571 2295 641 poteris.

2143 663 2275 718 Ave.
2303 662 2410 718 Nos
2440 671 2492 717 te
2519 663 2694 732 potius
2717 662 3087 729 admonemus,
3127 672 3185 717 ut
3222 664 3395 733 ipsum
3430 664 3661 735 Aposto-

2073 756 2181 810 Ium
2214 757 2377 826 legas,
2404 764 2460 811 et
2483 755 2663 810 videas
2706 770 2870 825 pauca
2917 755 3052 825 ipsa,
3096 755 3165 810 de
3189 758 3381 826 quibus
3404 758 3613 828 agimus
3643 801 3659 825 ,

2071 847 2231 901 verba
2260 847 2395 917 ejus,
2429 856 2534 901 tam
2565 847 2844 901 manifesta
2884 862 3003 902 esse
3046 855 3231 902 contra
3263 857 3335 912 te,
3368 860 3428 904 ut
3456 866 3563 905 non
3591 851 3660 904 Ii-

2072 928 2210 995 bello
2238 982 2253 1003 ,
2304 940 2398 996 sed
2439 941 2597 1010 plane
2626 940 2938 1011 longissimo
2977 949 3032 995 et
3073 939 3447 1011 loquacissimo
3473 943 3612 998 libro
3641 986 3658 1009 ,

2074 1031 2263 1087 frustra
2301 1048 2362 1087 ea
2406 1033 2568 1087 fueris
2610 1033 2664 1087 in
2712 1031 3015 1087 hmreticam
3060 1041 3290 1086 vestram
3334 1036 3659 1088 sententiam

2071 1137 2177 1177 non
2205 1132 2433 1187 vertere,
2464 1122 2557 1177 sed
2587 1130 2922 1193 pervertere;
2956 1137 3062 1177 non
3089 1138 3356 1193 exponere
3378 1166 3392 1190 ,
3437 1124 3534 1180 sed
3556 1124 3631 1179 ob

2075 1228 2291 1268 scurare
2311 1199 2557 1268 conatus.

2145 1303 2278 1358 LIX.
2324 1304 2443 1358 lue.
2493 1303 2549 1359 Si
2599 1312 2775 1359 autem
2817 1304 3044 1371 dixeris,
3076 1305 3199 1375 quia
3236 1320 3336 1359 una
3363 1314 3441 1361 est
3485 1307 3661 1362 forma

2054 1396 2411 1479 ‘Baptismatis
2432 1399 2471 1463 ί,
2499 1412 2599 1467 qua
2622 1396 2844 1452 diversae
2865 1397 3036 1451 aetatis
3070 1396 3315 1451 homines
3337 1412 3661 1452 consecran-

2074 1496 2191 1554 tur;
2227 1487 2507 1551 fateberis,
2538 1488 2697 1545 etiam
2726 1503 2810 1543 me
2837 1497 3061 1553 tacente,
3088 1490 3659 1544 commemorationem

2075 1580 2145 1634 ibi
2192 1595 2289 1633 nec
2329 1580 2687 1651 generationis
2731 1578 2970 1645 infectiva,
3015 1593 3114 1634 nec
3148 1580 3326 1635 carnis
3352 1580 3657 1645 diabolica},

2074 1687 2175 1726 nec
2217 1671 2347 1725 Adae
2387 1672 2616 1740 aliquam
2647 1671 2908 1725 contineri
2954 1687 2967 1723 :
2999 1670 3066 1724 ad
3109 1670 3251 1739 Quod
3282 1671 3301 1702 ²
3333 1679 3508 1725 tamen
3552 1685 3658 1725 suo

2075 1766 2193 1819 loco
2216 1804 2232 1829 ,
2280 1764 2521 1833 quamvis
2561 1763 2627 1817 ad
2661 1762 2932 1817 traducem
2980 1777 3088 1816 non
3116 1771 3338 1832 spectet,
3375 1763 3531 1832 plene
3563 1779 3659 1816 re-

2075 1856 2318 1925 Sponsuri
2349 1868 2551 1909 sumus.

2150 1942 2281 2003 Auc.
2314 1946 2414 2001 Ubi
2442 1947 2767 2015 respondere
2788 1946 3034 2016 coeperis,
3076 1946 3203 2017 quid
3230 1946 3301 2001 ibi
3331 1948 3454 2013 nisi,
3478 1957 3537 2002 ut
3559 1962 3658 2002 so-

2077 2039 2174 2101 les,
2203 2040 2481 2093 hzcretieus
2512 2038 2831 2108 apparebis?

2147 2129 2256 2184 LX.
2285 2130 2403 2185 IUL.
2432 2130 2600 2186 Unam
2626 2145 2754 2200 ergo
2780 2130 2966 2184 saltem
2987 2138 3172 2184 contra
3213 2139 3411 2185 tantam
3438 2146 3465 2183 a
3500 2132 3660 2186 nobis

2075 2220 2454 2291 productornm
2502 2222 2713 2274 testium
2758 2220 3067 2289 dignitatem
3098 2261 3112 2285 ,
3170 2229 3355 2274 contra
3393 2221 3656 2290 justitiam

2075 2311 2430 2378 manifestam,
2460 2320 2644 2365 contra
2677 2312 3005 2381 perspicuam
3047 2313 3324 2377 rationem,
3381 2314 3508 2382 legis
3551 2314 3659 2369 ede

2075 2404 2414 2467 sententiam,
2462 2418 2558 2472 per
2582 2419 2738 2473 quam
2771 2412 2821 2457 te
2846 2402 3098 2457 ostendas
3135 2402 3295 2457 fuisse
3328 2403 3611 2473 decep'um
3641 2422 3660 2459 :

2074 2495 2213 2564 quod
2240 2494 2358 2549 ideo
2385 2494 2581 2559 addidi,
2606 2495 2729 2564 quia
2757 2494 2964 2549 etiamsi
2991 2505 3131 2549 esset
3162 2510 3279 2564 qua:
3318 2495 3425 2549 tale
3453 2497 3660 2565 aliquid

2075 2585 2414 2653 ambiguitate
2456 2586 2740 2639 verborum
2783 2594 3056 2655 putaretur
3095 2586 3396 2652 ostendere,
3426 2587 3660 2641 aliarum

2077 2682 2254 2729 tamen
2284 2676 2664 2729 sententiarum
2699 2675 2986 2744 splendore
3016 2685 3068 2729 et
3098 2676 3403 2745 magisterio
3428 2718 3442 2743 ,
3484 2677 3558 2732 ita
3600 2689 3666 2731 ut

2069 2764 2288 2833 justitia:
2309 2766 2654 2835 congruebat,
2682 2766 2970 2835 cogebatur
2999 2766 3212 2835 exponi.

2146 2857 2277 2912 Avo.
2305 2857 2457 2910 Certa
2485 2857 2526 2923 ³,
2551 2871 2654 2910 non
2682 2857 2947 2926 ambigua,
2974 2868 3157 2911 contra
3182 2872 3274 2911 vos
3297 2857 3476 2912 divina
3505 2860 3661 2913 testi-

2075 2946 2251 3000 monia
2295 2946 2663 3016 proferuntur;
2694 2947 2833 3001 sicut
2867 2947 2976 3016 jam
3004 2962 3032 2999 a
3065 2946 3219 3001 nobis
3247 2948 3409 3001 multa
3454 2949 3660 3018 prolata

2075 3048 2240 3092 sunt:
2273 3038 2366 3093 sed
2406 3039 2533 3109 quia
2575 3037 2824 3093 tenebras
2867 3047 3071 3092 vestras
3112 3038 3469 3108 redarguunt,
3504 3040 3659 3094 vobis

2074 3127 2244 3182 lucida
2268 3143 2371 3180 non
2394 3128 2638 3181 videntur
2659 3143 2672 3193 ;
2699 3137 2749 3182 et
2771 3143 3120 3198 qua:cumque
3141 3129 3289 3182 vobis
3305 3145 3397 3182 sua
3418 3130 3660 3185 radiante

2076 3218 2194 3273 luce
2222 3219 2445 3273 molesta
2472 3228 2614 3284 sunt,
2659 3220 2967 3284 contrailla
3008 3204 3103 3275 eor
3126 3221 3395 3287 clauditis,
3441 3238 3507 3277 nc
3534 3222 3659 3277 inde

2074 3325 2177 3364 no:
2208 3308 2416 3379 fugetur
2441 3311 2658 3365 erroris.

2147 3402 2281 3459 LXI.
2311 3403 2429 3457 Jun.
2467 3403 2617 3458 Nunc
2660 3411 2838 3458 autem
2883 3419 3003 3459 eum
3050 3419 3149 3461 nec
3176 3405 3361 3476 exigua
3392 3405 3659 3475 epiniouis

2077 3497 2233 3565 lmjus
2262 3497 2314 3549 in
2357 3495 2647 3564 Scripturis
2692 3496 2889 3550 sanctis
2933 3497 3231 3550 inveniatur
3272 3498 3505 3562 occasio,
3534 3506 3589 3550 et
3625 3512 3659 3551 e

2076 3589 2295 3659 regione
2339 3588 2469 3642 ﬁdes
2495 3604 2653 3658 quam
2699 3597 2927 3655 tuemur,
2961 3604 3065 3643 non
3097 3590 3270 3643 minus
3298 3590 3407 3644 suis
3438 3591 3657 3643 rationi-

2077 3679 2174 3733 bus
2202 3694 2359 3748 quam
2401 3679 2661 3748 exemplis
2686 3688 2740 3734 et
2769 3679 3085 3735 testimoniis
3115 3681 3381 3734 muniatur
3407 3697 3421 3732 :
3451 3680 3658 3735 funesta

2077 3786 2137 3825 es
2163 3785 2383 3841 prorsus
2403 3770 2762 3824 ohsdnationc
2792 3784 3064 3839 pervasus,
3084 3773 3169 3838 qui
3193 3780 3344 3840 putas
3370 3772 3568 3825 damno
3584 3773 3661 3826 le-

2077 3862 2193 3932 gis,
2243 3842 2439 3915 damnd
2469 3861 2707 3926 rationis,
2748 3860 2943 3914 damno
2983 3860 3311 3930 prudentiae,
3360 3862 3664 3932 damacque

2024 3954 2027 3959 λ
2074 3953 2312 4023 justitize,
2343 3952 2756 4007 Manichteorum
2786 3953 3006 4006 somniis
3031 3954 3390 4007 annuendum.

2152 4047 2286 4100 Ave.
2321 4045 2522 4098 Damno
2546 4045 2681 4113 legis
2710 4060 2815 4098 non
2842 4042 3015 4110 audis,
3052 4044 3277 4097 Reddam
3297 4045 3348 4098 in
3377 4043 3513 4113 ﬁlios
3547 4060 3668 4114 pec-

2079 4147 2192 4189 cata
2226 4147 2425 4205 pau‘um
2467 4136 2485 4205 (
2508 4134 2656 4190 Deut.
2684 4152 2737 4199 v,
2767 4134 2844 4207 9).
2873 4136 3074 4189 Damno
3105 4137 3323 4190 rationis
3350 4152 3453 4189 non
3490 4137 3662 4199 vides,

2080 4230 2215 4283 mala
2247 4244 2365 4298 qum
2396 4228 2593 4297 parvuli
2636 4227 2940 4297 patiuntur,
2987 4227 3076 4297 qui
3122 4229 3331 4296 propria
3357 4236 3575 4297 peccata
3607 4228 3662 4280 in

2082 4320 2182 4376 hac
2217 4321 2319 4373 vita
2353 4320 2493 4373 nulla
2527 4319 2788 4382 fecerunt,
2820 4320 3029 4373 nonnisi
3060 4334 3126 4371 ex
3172 4319 3400 4387 peccatis
3438 4318 3663 4387 originis

2079 4410 2462 4479 causasjustas
2491 4408 2689 4463 habere
2729 4409 2868 4478 apud
2902 4410 3087 4463 Deum.
3123 4409 3322 4461 Damno
3367 4408 3665 4476 prudentia:

2084 4518 2187 4555 non
2214 4517 2389 4567 caves,
2422 4511 2607 4555 contra
2636 4500 3061 4570 antiquissinmm
3093 4500 3212 4555 ﬁdei
3244 4500 3518 4555 catholica-
3545 4502 3670 4554 fun-

2081 4592 2385 4647 damentum
2428 4593 2617 4661 dogma
2650 4591 2886 4660 proferre
2929 4593 3011 4647 vel
3055 4591 3332 4645 defensare
3371 4592 3665 4657 novitinm,

2082 4700 2189 4754 quo
2223 4695 2443 4753 negatur
2470 4684 2725 4751 originale
2767 4692 3062 4751 peccatum.
3094 4683 3294 4735 Damno
3317 4682 3555 4751 jllbllllil‘,
3590 4684 3671 4738 sic

2084 4774 2294 4843 iniquus
2319 4789 2376 4826 es
2396 4806 2414 4835 ν,
2461 4783 2518 4825 ιιι
2561 4772 2659 4825 sub
2706 4787 2823 4826 meo
2853 4773 3089 4837 nomine,
3120 4781 3195 4825 tot
3217 4771 3238 4802 ⁸
3266 4773 3391 4825 viris
3427 4774 3626 4825 Sancus
3652 4815 3668 4835 ,

2085 4869 2333 4924 Ecclesia:
2371 4869 2564 4923 Christi
2608 4869 2728 4921 filiis
2771 4876 2823 4922 et
2869 4868 3141 4937 patribus,
3191 4866 3462 4936 discipulis
3509 4878 3675 4935 atque

2081 4961 2408 5024 doctoribus,
2432 4962 2518 5030 qui
2549 4971 2667 5013 ante
2690 4975 2785 5014 nos
2813 4960 3044 5023 fuerunt,
3070 4968 3227 5027 atque
3249 4960 3344 5026 ipsi
3374 4960 3525 5011 matri
3554 4974 3677 5009 oni-

2085 5055 2227 5107 nium
2277 5052 2551 5107 catholica:
2597 5052 2848 5106 Ecclesia:
2890 5052 2910 5083 ⁸
2936 5092 2950 5115 ,
2998 5049 3116 5104 nou'
3136 5051 3324 5105 timeas
3366 5050 3685 5125 Manichzme

2084 5146 2249 5215 pestis
2274 5146 2540 5215 objectare
2567 5147 2887 5213 contagium.

2155 5235 2311 5290 LXII.
2346 5236 2463 5290 JL'L.
2492 5234 2625 5301 Quid
2660 5243 2834 5288 tamen
2858 5234 2907 5287 in
2936 5232 3075 5287 hunc
3105 5247 3319 5287 sensum
3348 5232 3635 5286 allevamus
3660 5277 3674 5292 ,

2083 5328 2313 5384 attende.
2348 5329 2562 5382 litiamsi
2609 5341 2793 5396 posses
2821 5325 3045 5395 probare
3070 5324 3198 5379 Adae
3245 5333 3515 5394 peccatum
3550 5324 3679 5377 tiliis

2148 5530 2162 5559 ¹
2201 5528 2282 5577 llic
2326 5539 2385 5576 ex
2420 5534 2526 5574 Mss.
2577 5526 2669 5574 title
2708 5524 3015 5582 restituitur,
3057 5523 3211 5585 forma
3252 5519 3575 5582 Eaptisowtt’s.

2151 5593 2170 5622 ²
2192 5593 2348 5650 \‘ign.,
2373 5601 2533 5650 quam.
2560 5594 2686 5644 Mss,
2711 5586 2857 5650 quod,

2149 5656 2168 5683 ³
2192 5648 2268 5700 sic
2281 5648 2403 5699 l‘ort'.
2432 5658 2483 5698 At
2500 5657 2604 5699 Mss.
2623 5650 2700 5697 alii
2727 5655 2778 5697 et
2804 5648 2939 5707 editi,
2964 5651 3107 5694 certe.

2149 5714 2167 5744 ⁸
2194 5716 2350 5767 \ign...
2376 5718 2441 5761 tu.
2471 5718 2594 5765 .\Iss.,
2623 5718 2704 5759 tot.
2891 5768 2899 5772 _
2961 5769 2969 5772 _
3295 5765 3314 5772 _
3343 5750 3357 5772 _,
3393 5764 3402 5772 _

2149 5776 2169 5806 ⁸
2196 5765 2328 5833 Etlili,
2354 5772 2466 5835 [Mcl
2508 5772 2753 5821 catholica?
2791 5768 3029 5820 Et‘t'lesiw.
3070 5772 3213 5819 Abest
3234 5801 3249 5825 ,
3281 5765 3417 5831 ﬁdi’i.
3443 5777 3469 5812 a
3497 5769 3596 5815 his:
