3962 6180
262 380 377 437 ηπ

258 488 495 563 imputari,
521 484 856 541 asscntircris
880 492 1054 537 tamen
1083 480 1307 535 aliorum
1336 485 1606 549 parentum
1634 475 1803 530 soboli

256 595 421 641 eorum
445 577 661 633 crimina
685 591 787 629 non
815 588 1026 629 nocere.

200 730 201 733 η
314 676 434 728 Anc.
475 668 602 734 Quis
650 665 773 720 huic
814 664 982 720 errori
1029 663 1367 723 assentimur,
1414 660 1514 713 nisi
1557 660 1644 729 qui
1699 674 1804 713 non

251 763 403 819 credit
445 760 555 814 Deo
590 756 826 819 dicenti,
879 754 1109 808 Reddam
1152 762 1357 839 peccatu
1401 760 1600 820 patrum
1640 750 1692 802 in
1736 750 1801 817 [i-

252 854 335 907 Iior
347 852 372 905 .9

310 937 477 996 LXIII.
506 937 624 994 Jun.
648 936 978 992 Manifestum
1003 944 1137 1000 erat,
1165 949 1271 989 non
1306 932 1681 1005 generationis,
1707 931 1800 986 sed

247 1034 440 1090 alterius
473 1031 852 1100 cujuscumque
886 1028 1048 1083 fuisse
1073 1041 1268 1092 caus'e,
1293 1025 1434 1097 quod
1463 1025 1613 1078 unius
1638 1038 1800 1093 gene-

244 1125 391 1180 rantis
416 1130 649 1192 peccato,
681 1120 819 1190 apud
849 1120 1085 1190 iniquum
1114 1126 1291 1173 tamen
1316 1115 1570 1186 judicem,
1613 1115 1701 1168 lilii
1725 1115 1801 1168 vi:

244 1216 480 1271 debentur
497 1212 736 1267 obnoxii.

302 1310 425 1362 Acs.
468 1304 817 1376 Apertissime
853 1302 991 1357 dicis
1028 1301 1263 1371 iniquum
1306 1300 1505 1363 Deum,
1555 1296 1641 1367 qui
1670 1311 1797 1365 pec-

238 1407 339 1454 mta
382 1404 583 1467 patrum
622 1394 957 1465 apertissime
999 1392 1128 1448 dicit
1172 1407 1232 1447 se
1284 1392 1336 1446 in
1378 1391 1515 1447 filios
1560 1390 1795 1445 redditu-

239 1507 360 1545 rum.

300 1576 471 1632 LXIV.
501 1576 620 1632 Jun.
668 1575 977 1645 Ficbatque,
1009 1582 1068 1628 ut
1109 1574 1244 1629 sicut
1281 1574 1474 1644 judicis
1517 1573 1794 1627 a~stimatio

236 1668 588 1723 innocentibus
615 1665 979 1722 maculabatur
1016 1664 1239 1719 addictis
1264 1666 1303 1729 ί,
1345 1666 1412 1719 ita
1438 1665 1794 1734 generationis

235 1769 389 1814 Status
430 1760 655 1813 aliorum
702 1765 976 1827 parentum
1019 1756 1375 1811 vindicaretur
1415 1757 1691 1824 exemplis.
1735 1756 1791 1810 Si

215 1833 357 1903 ‘enim
390 1850 613 1903 tramitis
636 1889 652 1915 ,
680 1848 723 1902 si
749 1847 989 1901 criminis
1007 1861 1165 1902 causa
1192 1848 1244 1900 in
1271 1846 1602 1901 fecunditatis
1630 1861 1791 1917 opere

230 1940 575 2005 constitisset;
623 1954 835 1993 omnem
868 1937 1243 1993 fecunditatem
1273 1936 1506 1993 conditio
1535 1939 1633 1992 ista
1680 1939 1791 2007 pol-

228 2029 401 2083 lueret.

290 2120 424 2175 Anc.
453 2118 687 2173 Reddam
718 2129 920 2187 peccata
965 2129 1165 2188 patrum
1206 2119 1259 2171 in
1299 2118 1453 2185 ﬁlios,
1495 2118 1635 2173 Deus
1679 2119 1792 2172 cla-

225 2217 320 2263 mat
345 2228 359 2264 :
387 2225 519 2280 ergo
543 2210 664 2279 quia
694 2210 779 2265 ille
806 2224 963 2265 verax
1005 2218 1119 2277 est,
1149 2218 1203 2263 tu
1231 2210 1299 2264 ab
1338 2210 1527 2265 itinere
1557 2210 1794 2266 veritatis

224 2299 505 2354 exorbitas.

284 2390 442 2444 LXV.
494 2390 615 2445 JUL.
661 2390 793 2445 Cum
846 2406 975 2445 vero
1017 2405 1121 2445 non
1163 2390 1388 2445 diversa:
1437 2393 1792 2460 generationis

227 2480 454 2534 diversus
515 2488 689 2534 tamen
733 2488 1014 2548 appareret
1058 2488 1261 2544 status;
1313 2480 1581 2533 relucebat
1636 2497 1789 2548 pror-

225 2587 342 2633 sus,
391 2572 551 2639 etiam
604 2572 655 2623 in
711 2572 804 2624 illo
843 2571 1129 2640 conjugio,
1173 2573 1323 2638 cujus
1365 2574 1532 2626 reatui
1580 2574 1790 2628 soboles

227 2676 311 2714 sua
350 2660 875 2728 communicaverat,
917 2662 1312 2731 generationem
1358 2677 1463 2717 non
1506 2663 1667 2719 fuisse
1711 2664 1790 2718 vi-

230 2752 412 2805 tiatam.

289 2844 414 2897 Anc.
453 2842 569 2897 Etsi
600 2842 809 2897 diversa
832 2844 1101 2909 generatio
1132 2857 1235 2898 non
1263 2851 1366 2907 est,
1391 2858 1511 2898 cum
1547 2845 1787 2899 morituri

232 2947 285 2986 ex
314 2933 584 2988 morituris
611 2944 936 2988 nascuntur:
968 2944 1142 2989 tamen
1163 2935 1302 3004 quod
1330 2936 1457 2989 dicit
1481 2937 1784 3005 Apostolus,

230 3022 405 3092 Corpus
430 3023 633 3092 quidem
664 3034 916 3077 mortuum
960 3033 1031 3078 est
1062 3035 1266 3094 promer
1308 3036 1566 3095 peccatum
1611 3025 1785 3089 (Rom.

231 3129 328 3178 vm,
358 3115 467 3184 I0),
498 3129 612 3169 non
653 3115 717 3169 ad
744 3116 879 3169 alios
907 3126 1104 3184 patres,
1131 3116 1223 3170 sed
1253 3116 1317 3169 ad
1346 3117 1491 3170 illum
1524 3118 1749 3185 pertinet
1771 3157 1786 3180 ,

222 3205 298 3273 qui
330 3214 465 3259 tanta
494 3205 779 3273 impietate
817 3206 1075 3274 peccavit,
1103 3215 1351 3275 quantam
1382 3222 1478 3260 nos
1515 3208 1687 3261 metiri
1710 3217 1791 3261 at-

220 3313 309 3365 que
333 3299 610 3353 aestimare
634 3312 738 3351 non
781 3312 1081 3367 possumus.
1124 3298 1226 3354 Sed
1266 3308 1514 3367 quantam
1542 3299 1683 3352 illam
1705 3301 1791 3369 ju-

220 3386 449 3443 dicaverit
475 3389 632 3444 Deus
656 3430 670 3454 ,
713 3390 840 3443 satis
871 3388 1073 3443 idoneis
1114 3388 1392 3444 didicimus
1435 3391 1690 3456 testibus,
1736 3401 1790 3445 ct

222 3482 374 3538 divina
403 3486 620 3541 scilicet
663 3484 958 3553 Scriptura,
985 3495 1036 3541 et
1064 3487 1175 3555 ipsa
1200 3488 1412 3557 generis
1438 3489 1650 3543 humani
1689 3490 1789 3543 mi-

220 3576 356 3639 seria,
380 3589 644 3647 quautam
669 3581 692 3611 ¹
721 3594 816 3647 pro
840 3587 1054 3647 peccato
1076 3579 1192 3647 ejus
1218 3581 1488 3650 prepagini
1520 3580 1654 3650 ejus,
1681 3597 1785 3635 non

222 3664 394 3733 injuste
419 3670 619 3739 utique
639 3669 841 3738 judicio
884 3668 996 3731 Dei,
1031 3669 1289 3723 redditam
1318 3671 1584 3724 cernimus
1617 3688 1630 3724 :
1662 3673 1748 3739 qni
1769 3712 1783 3734 ,

223 3770 311 3810 non
335 3758 451 3813 dico
487 3768 757 3814 aeternam
802 3769 855 3814 et
902 3760 1093 3813 anima:
1139 3768 1192 3814 et
1233 3762 1506 3829 corporis.
1552 3760 1644 3815 sed
1692 3778 1789 3818 nec

223 3849 560 3920 temporalem
606 3849 849 3918 corporis
876 3857 1100 3903 mortem
1126 3888 1141 3914 ,
1171 3863 1269 3904 nec
1296 3858 1371 3903 tot
1395 3835 1449 3904 ei
1477 3857 1620 3903 tanta
1650 3851 1786 3904 mala

219 3950 320 4005 qua:
342 3939 591 3995 videmus
628 3941 872 4010 parvulos
900 3942 1122 4010 perpeti,
1155 3942 1314 3996 etiam
1340 3942 1392 3995 in
1421 3936 1665 4011 paradiso
1687 3984 1703 4009 ,
1743 3945 1787 3997 si

222 4042 360 4082 nemo
382 4042 680 4100 peccasset,
707 4030 878 4086 futura
909 4033 1071 4087 fuisse
1094 4032 1339 4096 dicimus.
1371 4034 1619 4103 quoniam
1646 4033 1786 4089 chri-

226 4117 362 4172 stiani
386 4135 594 4176 sumus.
620 4122 721 4175 Alii
749 4137 873 4177 vero
902 4131 1079 4191 patres
1104 4124 1311 4178 etiamsi
1342 4125 1503 4179 multa
1530 4135 1751 4194 peccant
1768 4167 1782 4191 ,

225 4213 383 4263 tamen
409 4212 531 4280 quia
566 4219 625 4266 et
647 4212 822 4266 anima
858 4212 1085 4278 inﬁrma,
1109 4223 1163 4268 et
1193 4215 1243 4267 in
1274 4229 1496 4286 corpore
1521 4218 1785 4286 corrupti-

226 4294 304 4351 bili
343 4301 478 4368 quod
524 4310 779 4372 aggravat
805 4304 1070 4370 animam,
1116 4315 1367 4374 peccant;
1418 4320 1516 4361 nec
1559 4310 1785 4376 peccatis

224 4401 388 4443 eorum
418 4391 475 4445 ﬁt
496 4402 687 4446 natura
717 4394 989 4455 moritura.
1019 4402 1071 4448 et
1098 4404 1308 4463 peccata
1334 4411 1518 4451 eorum
1546 4398 1597 4451 in
1625 4396 1780 4465 filios,

223 4481 464 4547 supplicio
504 4485 666 4553 longe
697 4485 908 4539 diverso
945 4497 999 4540 et
1038 4487 1191 4556 longe
1217 4488 1422 4543 minore
1459 4489 1780 4556 redduntur,

223 4569 323 4636 ejus
347 4574 557 4629 occulto
591 4575 842 4645 justeque
867 4576 1084 4645 judicio,
1126 4578 1213 4646 qui
1245 4580 1297 4632 in
1323 4594 1566 4634 mensura
1594 4590 1647 4635 et
1682 4598 1783 4636 nu-

224 4673 355 4716 mero
378 4673 433 4718 et
462 4666 700 4735 pondere
722 4676 912 4721 cuncta
940 4668 1173 4737 disponit
1204 4670 1368 4743 (Sep.
1411 4687 1481 4737 ιι,
1513 4670 1649 4745 2f),
1693 4683 1746 4729 et
1765 4715 1779 4738 ,

228 4748 437 4807 Reddam
481 4765 689 4825 peccata
736 4767 936 4826 patrum
979 4758 1030 4812 in
1077 4760 1211 4827 ﬁlios
1234 4799 1248 4826 ,
1302 4775 1405 4815 non
1458 4763 1784 4819 mendaciter

224 4839 352 4895 dicit.

284 4929 460 4989 LXVI.
490 4937 610 4992 Jun.
652 4937 786 5006 Quid
832 4940 990 5010 igitur
1016 4949 1190 4996 actum
1234 4942 1353 4997 est?
1400 4944 1651 5000 Videlicet
1678 4956 1780 5000 tam

221 5030 407 5076 certum
449 5041 573 5081 esse
619 5027 889 5083 traducem
936 5045 1041 5084 non
1070 5045 1189 5087 esse
1227 5034 1424 5101 peccati
1449 5075 1464 5098 ,
1494 5042 1551 5088 ut
1576 5037 1781 5090 etiamsi

224 5111 448 5182 duceres,
477 5130 696 5190 propter
720 5123 850 5177 Adae
881 5132 1154 5192 peccatum
1183 5125 1317 5179 filios
1348 5128 1541 5195 puniri,
1569 5140 1783 5183 consta-

223 5214 294 5256 ret
324 5214 499 5263 tamen
528 5209 728 5266 innasci
757 5222 967 5281 peccata
1003 5229 1107 5267 non
1134 5229 1310 5284 posse,
1344 5231 1442 5269 nec
1479 5217 1681 5273 crimen
1708 5219 1783 5274 ire

221 5304 326 5348 cum
364 5299 600 5366 semine;
646 5302 857 5372 quando
902 5318 1004 5357 non
1054 5303 1155 5358 hoc
1185 5305 1235 5358 in
1281 5306 1423 5360 omni
1468 5307 1782 5365 fecunditate

219 5394 329 5437 esse
353 5384 596 5445 fatereris
626 5409 639 5445 :
669 5406 733 5447 ac
766 5407 861 5461 per
890 5392 1009 5458 hoc,
1040 5394 1139 5448 etsi
1185 5395 1516 5451 traderentur
1545 5400 1783 5467 personis

221 5470 355 5542 vitia,
384 5494 489 5533 non
524 5488 696 5537 tamen
739 5485 1084 5553 conceptibus
1112 5486 1480 5543 miscerentur.
1510 5488 1660 5544 Nunc
1684 5506 1781 5544 au—

276 5673 294 5745 ξ
324 5677 700 5745 Faliti,_additis,
734 5684 1029 5745 Castigantur
1070 5687 1127 5736 ad
1166 5694 1270 5738 Mss.

274 5735 295 5768 ⁸
323 5744 427 5787 mss.
453 5735 576 5791 Clar.
602 5753 651 5792 et
671 5735 797 5805 ttae,
821 5735 980 5808 qiiam.

1564 356 1765 414 LIBER
1806 356 2120 419 TERTIUS.

3353 379 3373 428 Ι
3384 375 3489 428 ῗῗε

1917 484 2020 529 tem
2058 490 2177 530 cum
2220 477 2355 533 inter
2381 494 2465 534 me
2496 488 2550 533 et
2579 489 2630 535 te
2658 482 2955 550 conveniat,
2986 492 3258 553 parentum)
3289 502 3480 555 pecta-

1914 573 2023 619 tum
2063 567 2128 620 ad
2162 567 2315 634 filios,
2361 570 2459 623 nisi
2502 570 2629 625 vitio
2668 581 2722 626 et
2766 583 2913 628 reatu
2955 577 3328 645 generationis,
3376 593 3483 630 non

1912 658 2144 725 potuisse
2174 662 2427 727 transire;
2462 664 2647 717 rationi
2692 675 2868 720 autem
2894 709 2908 733 ,
2955 669 3209 737 exemplis
3231 709 3245 734 ,
3282 671 3486 739 legique

1909 751 2237 818 convenerit,
2277 754 2636 821 generationis
2663 765 2854 811 statum
2900 759 3044 813 nullo
3069 770 3220 830 pacto
3251 763 3483 828 potuisse

1909 839 2111 907 vitiari;
2153 843 2293 911 quod
2332 843 2490 897 etiam
2532 860 2596 916 ex
2628 855 2712 900 tua
2733 850 3078 904 concessione
3106 851 3365 916 firmatur,
3393 869 3481 921 qut

1907 929 2040 983 dicis
2080 931 2343 986 nullorum
2389 945 2662 1002 parentum
2697 948 2909 1005 peccata
2936 950 3129 1009 prteter
3164 942 3387 997 duorum
3415 944 3480 997 ad

1907 1018 2103 1072 liberos
2145 1036 2418 1089 permeare
2453 1041 2465 1077 :
2496 1025 2839 1081 invictissime
2881 1029 3176 1084 confectum
3220 1041 3339 1097 est,
3384 1024 3483 1086 nec

1909 1110 2278 1166 fecunditatem
2302 1116 2591 1183 primorum
2616 1116 2886 1172 hominum
2909 1136 2936 1172 a
2959 1120 3170 1175 diabolo
3192 1121 3351 1177 fuisse
3370 1139 3484 1178 cor-

1903 1212 2134 1272 ruptam,
2162 1219 2263 1260 nec
2287 1208 2428 1260 nasci
2454 1207 2614 1262 ullum
2645 1223 2801 1278 posse
2831 1220 3122 1279 peccatum.

1974 1295 2107 1350 Anc.
2137 1294 2252 1349 Non
2290 1295 2390 1350 hoc
2416 1298 2505 1350 tibi
2549 1298 2784 1353 dicitur:
2817 1301 2929 1370 ipse
2956 1303 3066 1363 tibi.
3096 1302 3235 1371 quod
3265 1320 3368 1357 non
3394 1304 3477 1359 di-

1901 1385 2092 1445 cimus.
2140 1387 2292 1441 dicis.
2342 1388 2411 1443 Et
2456 1390 2678 1445 aliorum
2722 1402 2928 1462 patrum
2978 1395 3028 1447 in
3083 1395 3217 1450 filios
3259 1405 3476 1465 peccata

1900 1476 2227 1540 redduntur,
2275 1478 2451 1533 divina
2485 1478 2685 1549 justitia
2711 1521 2727 1547 ,
2758 1498 2862 1536 non
2906 1483 3131 1538 humana
3164 1503 3177 1540 :
3205 1486 3304 1539 scit
3333 1487 3474 1540 enim

1901 1567 2039 1621 Deus
2062 1568 2273 1637 quando
2313 1577 2366 1624 et
2391 1570 2658 1640 quomodo
2697 1571 2746 1625 id
2768 1572 3059 1642 justissime
3100 1574 3286 1639 faciat;
3317 1575 3476 1630 homo

1896 1666 2073 1713 autem
2100 1660 2302 1724 nescit,
2334 1669 2389 1715 et
2431 1662 2719 1715 secundum
2761 1664 3112 1733 cognitionem
3141 1681 3292 1719 suam
3319 1666 3477 1720 debet

1896 1750 2037 1806 ferre
2060 1751 2335 1821 judicium.
2359 1753 2542 1808 Potest
2563 1756 2704 1809 enim
2727 1756 2881 1818 scire,
2903 1771 3022 1810 cum
3047 1757 3246 1826 judicat
3267 1758 3475 1826 (qnam-

1897 1844 1977 1897 vis
2000 1852 2055 1898 ct
2081 1844 2183 1899 hoc
2210 1861 2315 1899 non
2340 1844 2604 1915 semper),
2635 1845 2827 1900 factum
2857 1848 2873 1878 ¹
2903 1849 3158 1916 cujusque
3190 1862 3429 1915 persona:
3457 1865 3470 1899 :
3540 1850 3545 1855 ’

1898 1933 2037 1988 unde
2065 1945 2240 1988 autem
2271 1936 2416 1989 novit
2440 1935 2628 2003 quibus
2648 1945 2701 1990 et
2724 1937 2966 2006 qualibus
2993 1937 3213 1990 vinculis
3235 1952 3471 1993 connexa

1896 2023 1983 2087 sit,
2017 2023 2084 2077 de
2110 2038 2212 2093 qua
2239 2034 2353 2077 orta
2384 2032 2493 2091 est,
2522 2035 2704 2079 natura
2735 2027 2976 2080 naturae?
3003 2027 3107 2081 Sed
3139 2027 3262 2080 illud
3286 2043 3469 2092 unum,
3548 2068 3557 2078 .

1895 2128 2002 2183 quo
2025 2114 2076 2168 in
2099 2116 2284 2169 mortis
2304 2117 2671 2171 necessitatem
2693 2126 2892 2171 mutata
2914 2127 2995 2171 est
3016 2118 3240 2171 humana
3264 2128 3471 2183 natura,

1897 2204 2106 2258 etiamsi
2130 2205 2229 2259 alia
2259 2206 2399 2259 nulla
2420 2205 2549 2272 sint,
2574 2205 2818 2261 sufﬁcere
2842 2207 2906 2259 ad
2932 2206 3348 2272 damnationem,
3372 2208 3472 2261 nisi

1896 2294 2254 2363 generationis
2309 2295 2561 2364 obligatio
2604 2298 3006 2365 rcgeneratione
3050 2298 3324 2363 solvatur,
3371 2297 3473 2351 hoc

1893 2383 2161 2450 dicimus,
2208 2385 2306 2438 etsi
2337 2384 2524 2440 audire
2569 2401 2673 2439 non
2722 2387 2918 2453 vultis;
2965 2387 3065 2441 hoc
3106 2388 3328 2442 veritate
3366 2403 3471 2443 non

1893 2475 2105 2529 vincitis
2127 2517 2142 2540 ,
2174 2475 2274 2530 etsi
2297 2490 2600 2545 Oppugnare
2629 2477 2944 2546 loquacitate
2966 2480 3266 2545 pcrsisdtis.

1968 2564 2173 2619 LXVII.
2217 2565 2336 2621 ιω..
2378 2567 2644 2634 Qutcritur
2684 2583 2811 2638 ergo
2839 2583 2868 2621 a
2896 2568 3080 2635 nobis,
3120 2587 3215 2625 cur
3254 2587 3354 2625 non
3386 2587 3471 2626 as-

1896 2656 2194 2710 sentiamur
2236 2658 2474 2711 naturale
2511 2672 2631 2713 esse
2681 2670 2974 2726 peccatum.
3028 2661 3465 2729 Respondemus,

1893 2747 2028 2813 Quia
2086 2748 2286 2801 nullum
2343 2747 2506 2801 habet
2552 2749 3061 2813 verisimilitudinis,
3123 2750 3317 2804 nedum
3376 2768 3468 2805 ve-

1893 2837 2105 2900 ritatis,
2144 2837 2347 2891 nullum
2390 2838 2645 2907 justitim,
2688 2838 2887 2893 nullum
2939 2840 3151 2909 pietatis
3200 2842 3467 2905 colorem;

1892 2926 2015 2995 quia
2039 2927 2305 2980 diabolum
2334 2927 2662 2981 conditorem
2693 2927 2962 2981 hominum
2990 2928 3115 2983 facit
3138 2929 3325 2983 videri.

1964 3019 2096 3072 Anc.
2142 3017 2289 3073 Facit
2336 3019 2490 3087 plane
2535 3019 2740 3085 videri,
2785 3021 2877 3075 sed
2918 3022 3106 3087 vobis,
3135 3038 3238 3076 non
3278 3023 3355 3077 eis
3381 3025 3471 3093 qui

1894 3119 2152 3163 noverunt
2181 3124 2210 3163 a
2241 3120 2427 3164 natura
2453 3111 2754 3164 discernere
2782 3112 2987 3178 vitium,
3019 3114 3264 3182 quamvis
3289 3115 3339 3167 in
3378 3130 3474 3168 na-

1895 3208 2009 3253 tura
2035 3198 2107 3253 sit
2127 3200 2330 3253 vitinm.
2356 3198 2498 3268 Lege
2522 3200 2587 3252 ad
2617 3200 2889 3265 Hebraeos,
2916 3211 2969 3254 et
2991 3202 3110 3256 vide
3142 3218 3325 3256 eorum
3351 3219 3471 3259 esse

1892 3286 2119 3342 solidum
2142 3290 2341 3357 cibum,
2369 3290 2457 3358 qui
2487 3290 2804 3345 exercitatos
2835 3290 3029 3346 habent
3053 3307 3242 3346 sensus
3267 3293 3330 3346 ad
3375 3309 3469 3348 se-

1894 3380 2182 3449 parandum
2224 3381 2417 3435 bonum
2467 3396 2496 3434 a
2539 3382 2727 3436 malo:
2773 3383 2912 3452 quod
2957 3400 3049 3438 vos
3095 3400 3199 3438 non
3243 3384 3467 3441 habetis.

1892 3469 2017 3525 Ideo
2045 3471 2254 3540 quando
2278 3471 2527 3537 dicimus,
2558 3471 2799 3527 Nascitur
2826 3473 2986 3529 homo
3013 3491 3133 3529 cum
3166 3475 3290 3529 vitio
3316 3493 3328 3539 ;
3357 3475 3471 3530 dia—

1891 3561 2071 3616 bolum
2115 3564 2230 3631 ejus
2280 3562 2610 3616 conditorem
2661 3563 2764 3616 dici
2814 3566 3046 3634 putatis,
3094 3566 3163 3620 ita
3209 3567 3337 3622 CﬂtCi
3382 3566 3469 3620 vel

1892 3652 2209 3705 eontentiosi
2236 3692 2250 3713 ,
2282 3662 2339 3705 ut
2368 3667 2466 3706 nec
2495 3668 2775 3721 corporum
2806 3656 2950 3721 vitia,
2980 3671 3098 3710 cum
3129 3658 3320 3725 quibus
3350 3658 3470 3724 qui-

1891 3740 2014 3793 dam
2060 3750 2373 3805 nascuntur,
2419 3742 2632 3809 possitis
2661 3753 2748 3796 aut
2778 3745 2950 3798 velitis
2988 3747 3263 3801 attendere
3291 3764 3304 3799 :
3332 3761 3467 3815 quo-

1894 3844 2010 3883 rum
2038 3829 2286 3883 vitiorum
2333 3831 2516 3883 merita
2547 3832 2591 3884 si
2619 3844 2924 3898 qumrantnr
2950 3848 2983 3887 a
3008 3834 3178 3897 vobis,
3205 3850 3311 3904 quo
3335 3850 3469 3889 con-

1890 3918 2098 3990 fugiatis
2121 3961 2135 3983 ,
2164 3918 2268 3972 nisi
2294 3918 2362 3972 ad
2392 3920 2734 3987 prarcipitium
2760 3962 2774 3983 ,
2818 3938 2922 3975 non
2955 3923 3200 3977 invenitis
3223 3965 3238 3988 ,
3284 3938 3469 3993 quam-

1891 4010 1981 4064 diu
2038 4009 2104 4063 ad
2155 4008 2446 4066 Catholicae
2491 4010 2513 4041 ²
2567 4009 2795 4065 solidam
2856 4021 3059 4080 petram
3118 4014 3293 4069 redire
3361 4029 3469 4069 non

1891 4099 2067 4155 vultis.
2128 4167 2134 4172 ‘

1960 4185 2165 4242 LXVIII
2231 4188 2348 4243 Jun.
2379 4188 2509 4254 Quia
2552 4190 2661 4244 Deo
2698 4190 2862 4260 judici
2897 4193 2916 4224 '
2946 4192 3234 4263 iniquitatis
3262 4192 3464 4250 crimen

1888 4278 2075 4349 affigit.

1958 4370 2093 4425 Anc.
2144 4372 2246 4425 \os
2302 4372 2405 4427 hoc
2449 4371 2620 4427 facitis
2669 4391 2683 4426 :
2733 4374 2854 4443 quia
2901 4375 3132 4443 iniquum
3176 4384 3259 4431 est
3304 4392 3464 4445 grave

1798 4485 1803 4490 ’
1887 4478 2050 4532 super
2077 4464 2321 4532 parvulos
2348 4464 2525 4535 jugum
2555 4464 2597 4528 ⁵,
2626 4465 2670 4518 si
2710 4466 2910 4519 nullum
2937 4474 3019 4520 est
3059 4468 3311 4538 originale
3338 4485 3462 4538 pec-

1887 4562 2086 4608 catum.

1957 4643 2140 4699 LXIX.
2159 4644 2276 4698 JL‘L.
2298 4642 2430 4710 Quia
2452 4644 2673 4698 liberum
2696 4644 2993 4709 arbitrium,
3011 4663 3112 4716 quo
3130 4648 3460 4717 potissimum

1886 4736 2137 4804 praesidio
2157 4744 2338 4788 contra
2369 4735 2610 4789 diversos
2643 4737 2873 4791 Ecclesia
2895 4736 3090 4793 Christi
3116 4740 3349 4793 munitur
3373 4756 3462 4793 er-

1887 4840 2055 4888 rores,
2086 4825 2318 4893 infringit
2339 4833 2392 4878 et
2419 4824 2644 4880 destruit
2672 4844 2683 4878 :

1956 4918 2090 4970 Λυο.
2131 4915 2380 4970 Liberum
2421 4917 2696 4971 arbitrium
2739 4934 2833 4972 vos
2859 4921 3191 4988 uppritnitis,
3230 4922 3313 4975 cui
3342 4922 3464 4975 red-

1886 5006 2060 5060 dendo
2085 5006 2164 5059 vel
2188 5005 2486 5072 adjuvando
2513 5008 2604 5061 Dei
2635 5009 2858 5077 gratiam
2887 5010 3177 5079 denegatis.

1960 5094 2119 5149 LXX.
2170 5095 2288 5149 ιω..
2341 5098 2527 5151 [ἤθους
2564 5113 2752 5152 omnes
2799 5099 3039 5153 l.omines
3079 5102 3212 5156 adeo
3240 5119 3464 5172 capaces

1888 5188 2082 5242 nullius
2111 5204 2230 5243 esse
2257 5189 2463 5243 virtutis
2486 5232 2499 5255 ,
2544 5198 2600 5242 ut
2638 5191 2687 5242 in
2719 5190 2844 5259 ipsis
2886 5201 3115 5247 matrutn
3146 5195 3455 5257 visceribus,

1953 5457 1970 5526 ξ
1995 5454 2131 5526 t-‘diti,
2147 5467 2248 5526 per
2272 5454 2799 5526 protrimptﬁxpungitur
2816 5494 2830 5517 ,
2855 5472 2959 5523 per,
2985 5464 3268 5526 auctoritate
3295 5465 3395 5526 Mss.

1951 5517 2086 5580 fuit;
2100 5515 2211 5565 editi
2237 5516 2432 5580 addunt,
2464 5515 2598 5580 ﬁdei.
2640 5515 2732 5569 seu
2764 5533 2790 5569 a
2816 5515 3135 5578 tisslabest,
3161 5526 3213 5567 ut
3253 5531 3314 5565 co
3360 5517 3463 5568 loco

1888 5578 2162 5630 subaudias,
2182 5576 2421 5626 h‘rclcsitc.
2464 5576 2473 5580 ⁷
2931 5619 2935 5623 .

1955 5639 1974 5668 ³
2012 5639 2302 5697 \ignierius.
2319 5637 2504 5699 judice.
2532 5647 2658 5699 Mss”,
2678 5642 2852 5699 judici.

1953 5699 1973 5727 δ
2008 5699 2077 5769 rit:
2121 5705 2224 5745 Mss.
2255 5700 2556 5762 \ignierius,
2598 5705 2708 5765 quia
2753 5703 2966 5766 inimum
3004 5707 3073 5751 est
3115 5708 3286 5764 gron
3325 5716 3471 5769 super

1897 5760 2311 5820 parvulo-thyone
