3962 6180
441 381 579 437 1⁶ὶ79

439 496 671 566 antiquis
697 491 1004 548 criminibus
1041 488 1385 559 impleantur.

513 592 646 640 Aco.
696 582 973 649 Quomodo
1020 580 1319 636 diceremus
1373 577 1544 647 gratia
1587 574 1866 645 justificari
1894 615 1908 638 ,
1972 575 2023 630 id

442 688 558 742 est,
600 678 773 746 jnstos
816 674 928 728 ﬁeri
951 714 967 740 ,
1000 673 1044 727 si
1088 686 1311 743 capaces
1341 670 1551 725 virtutis
1589 668 1833 723 homines
1852 683 2020 738 nega-

442 783 619 822 remus
639 768 660 818 ἲ
998 768 1001 771 ’

510 857 696 912 LXXI.
727 858 844 912 IUL.
876 856 1112 923 Quorum
1141 865 1313 910 tamen
1341 853 1603 928 scelerum
1630 852 1737 905 vim
1762 893 1778 917 ,
1812 865 1916 904 non
1943 865 2023 903 so-

443 949 551 1002 lum
572 948 925 1016 expultricem
951 945 1267 1001 innocentim
1288 944 1570 1008 naturalis,
1600 940 1980 998 commentaris
2005 956 2019 1002 ;

444 1054 624 1093 rerum
651 1039 809 1094 etiam
840 1039 1094 1107 deinceps
1124 1051 1220 1106 per
1259 1044 1425 1091 totam
1463 1035 1626 1088 vitam
1655 1034 1705 1087 in
1736 1034 1863 1086 vitia
1907 1032 2026 1085 uni-

442 1145 485 1180 ν‹
508 1143 591 1183 rsa
617 1130 957 1183 coactricem.
2010 1182 2014 1186 _

509 1222 642 1276 AUG.
670 1222 770 1275 Per
798 1222 890 1275 Dei
911 1219 1133 1291 gratiam
1171 1219 1446 1283 minuitur,
1474 1231 1569 1285 per
1595 1217 1686 1270 Dei
1708 1216 1931 1286 gratiam
1960 1214 2022 1268 ll-

440 1314 583 1367 nitur
628 1313 920 1368 neeessitas
961 1321 1142 1366 nostra
1176 1328 1189 1365 :
1219 1325 1324 1366 non
1356 1311 1371 1342 ³
1401 1310 1488 1363 hic
1527 1309 1684 1363 habet
1724 1307 1864 1378 quod
1905 1315 2025 1377 agat

441 1405 732 1474 loquacitas
756 1416 953 1460 vestra.

513 1496 721 1551 LXXII.
769 1496 887 1551 .Iuc.
919 1496 1086 1564 Quam
1135 1496 1304 1564 legem
1344 1492 1504 1547 etiam
1548 1492 1751 1561 peccati
1798 1491 1851 1544 in
1896 1490 2025 1544 Pro-

445 1589 621 1656 phetis
664 1595 721 1642 et
764 1587 1032 1656 Apostolis
1075 1585 1179 1655 iam
1216 1599 1407 1654 magno
1436 1597 1643 1637 morum
1675 1590 1729 1636 et
1752 1581 2024 1651 signorum

445 1680 646 1750 fulgore
690 1680 992 1748 conspicuis
1017 1683 1064 1744 ‘,
1096 1686 1152 1733 et
1178 1685 1297 1747 post
1326 1676 1466 1731 illam
1494 1676 1715 1745 gratiam
1744 1674 2022 1745 mysterio-

444 1785 561 1822 rum
619 1768 853 1832 Christi,
900 1784 1057 1838 quam
1110 1771 1167 1822 tu
1211 1767 1294 1821 his
1345 1766 1593 1820 omnibus
1636 1762 1901 1833 dogmatis
1950 1763 2024 1817 tui

441 1859 651 1928 tlagitiis
687 1859 936 1928 opitulari
978 1866 1130 1926 putas
1153 1897 1169 1922 ,
1219 1856 1481 1911 mansisse
1508 1861 1567 1910 et
1607 1854 1837 1925 viguisse
1876 1851 2025 1921 deju-

439 1964 526 2002 ras
557 1949 597 2001 ³.

514 2039 648 2093 Anc.
677 2038 990 2107 Susceptum
1023 2048 1165 2091 tuam
1206 2036 1501 2102 libidinem,
1536 2035 1637 2089 hoc
1664 2042 1746 2088 est
1773 2033 2025 2101 concupi-

440 2128 698 2182 scentiam
736 2129 916 2182 carnis
961 2127 1411 2195 concupiscentiae
1454 2125 1672 2193 spiritus
1718 2137 2024 2192 repugnan-

439 2228 585 2281 tem,
624 2217 904 2287 Propheta:
949 2226 1003 2272 et
1044 2216 1283 2287 Apostoli
1339 2215 1569 2270 ﬁdeliter
1608 2213 2021 2284 expugnabant,

438 2309 560 2377 quia
588 2323 692 2361 non
718 2308 1023 2363 laudabant.

511 2398 747 2453 LXXIII.
791 2399 907 2453 Jun.
942 2398 1203 2466 Quoniam
1248 2406 1472 2452 conatus
1514 2395 1834 2451 omnimodae
1862 2395 2029 2449 hone-

441 2493 594 2542 statis
658 2490 985 2560 exstinguit;
1034 2490 1284 2559 quoniam
1344 2504 1553 2543 morum
1602 2487 2023 2552 obscenitatem,

439 2595 660 2650 operum
702 2580 794 2633 Dei
822 2622 836 2645 ,
886 2581 938 2634 id
977 2588 1062 2635 est
1102 2588 1304 2633 natura:
1331 2578 1577 2632 humanm
1601 2619 1616 2644 ,
1644 2577 1948 2632 consolatur
1972 2586 2028 2631 et

440 2681 598 2741 auget
626 2671 871 2736 infamia;
900 2672 1153 2741 quoniam
1180 2671 1357 2725 omnia
1398 2669 1645 2723 mandata
1673 2669 1822 2739 legis,
1856 2670 2024 2723 rcatui

441 2762 901 2831 ittipossibilitzitis,
932 2762 984 2817 id
1005 2772 1106 2828 est,
1136 2763 1426 2831 iniquitatis
1454 2761 1670 2816 addicit.

512 2856 650 2910 Anc.
681 2854 782 2921 Qui
808 2855 956 2919 dicit,
991 2854 1113 2909 Non
1142 2854 1276 2923 quod
1312 2854 1445 2916 volo,
1483 2868 1620 2922 ago;
1647 2851 1736 2905 sed
1753 2851 1889 2920 quod
1916 2852 2022 2920 odi,

439 2948 571 3002 illud
597 2948 734 3020 facio
762 2948 941 3015 (Rom.
968 2964 1062 3013 vn,
1095 2946 1203 3018 l5),
1253 2946 1655 3015 possibilitatem
1688 2944 2027 3014 perfecﬁonis

443 3055 552 3093 sua:
593 3039 644 3092 in
676 3040 768 3093 Dei
796 3040 959 3110 gratia
987 3040 1169 3109 ponit,
1198 3047 1381 3093 contra
1408 3052 1537 3102 vos;
1572 3052 1673 3090 non
1703 3038 1757 3091 in
1785 3050 1879 3090 sua
1915 3035 2025 3089 vir-

441 3144 552 3190 tute
581 3133 818 3199 conlidit,
850 3149 916 3189 ne
946 3134 1013 3188 sit
1038 3147 1206 3187 vanus
1234 3143 1292 3186 ut
1320 3146 1434 3207 vos.

510 3226 746 3281 LXXIV.
780 3225 900 3280 Jun.
939 3226 1198 3291 Quoniam
1237 3238 1342 3278 non
1386 3222 1564 3276 minus
1600 3220 1759 3275 habet
1802 3218 2027 3288 turpitu-

438 3318 579 3371 dinis
623 3333 782 3388 quam
826 3316 1160 3387 profanitatis
1186 3355 1201 3381 ,
1246 3331 1366 3370 cum
1422 3328 1522 3384 pro
1574 3313 1795 3367 summis
1845 3326 2024 3366 asser-

436 3409 595 3462 tionis
634 3423 746 3463 suae
793 3405 1467 3477 testimmniisgenitalhtm
1510 3403 1772 3474 pudorem
1815 3402 2024 3472 ample-

435 3505 591 3552 xatur
615 3516 628 3551 :

510 3591 644 3642 Anc.
687 3587 805 3641 Non
848 3586 1212 3657 amplexamur
1246 3583 1553 3654 genitalium
1596 3581 1894 3651 pudorem:
1930 3580 2024 3636 sed

440 3677 615 3747 potius
644 3675 816 3746 pudor
837 3676 935 3729 iste
959 3674 1099 3729 unde
1125 3674 1215 3740 sit,
1244 3672 1383 3743 quod
1406 3686 1499 3725 vos
1528 3685 1634 3726 non
1663 3670 1841 3736 vultis,
1864 3683 2027 3738 agno-

438 3768 658 3825 scimus.
703 3765 966 3821 Audimus
1011 3767 1153 3820 enim
1207 3764 1492 3832 Scriptum:
1535 3759 2023 3816 manifestissimum

438 3857 801 3915 tuatimoninm
833 3874 847 3910 :
878 3867 1064 3912 contra
1113 3855 1255 3926 quod
1297 3869 1394 3909 vos
1437 3853 1855 3918 obsurdescitis,
1901 3868 2022 3907 cum

434 3950 806 4005 obmutescere
833 3946 1119 4003 deberetis.
1162 3946 1291 4014 Quis
1316 3947 1458 4001 enim
1502 3944 1723 3998 audiens
1766 3942 1906 4012 quod
1948 3943 2025 3997 illi

432 4041 589 4109 primi
617 4040 860 4094 homines
883 4037 1009 4092 nudi
1044 4045 1198 4092 erant
1215 4077 1230 4102 ,
1260 4045 1315 4091 et
1338 4050 1449 4090 non
1475 4033 1706 4104 pudebat
1727 4047 1822 4089 eos
1847 4031 1867 4103 (
1892 4031 2021 4087 Gen.

434 4145 488 4191 ιι,
521 4129 652 4201 ‘25),
675 4144 780 4183 non
809 4126 986 4183 videat
1015 4126 1155 4181 unde
1177 4127 1247 4180 sit
1271 4125 1489 4189 factum,
1522 4133 1576 4178 ut
1603 4132 1723 4194 post
1748 4130 2022 4192 peceatum

437 4220 663 4289 puderet
689 4233 784 4273 eos
828 4216 999 4272 nudos
1038 4231 1175 4279 esse,
1207 4223 1262 4269 et
1288 4230 1351 4269 ea
1395 4214 1632 4270 membra
1662 4228 1888 4284 quorum
1928 4228 2025 4282 pu-

435 4312 607 4377 deret,
637 4309 949 4365 festinarent
972 4304 1334 4361 succinctoriis
1354 4303 1824 4373 qualibuscumque
1850 4302 2027 4358 velare

435 4400 557 4465 (Id.
585 4416 672 4463 Ill,
704 4398 809 4470 7)?
835 4396 940 4454 Sed
996 4397 1238 4451 inventus
1274 4402 1358 4449 est
1393 4394 1576 4458 Ima,
1601 4392 1693 4463 qui
1731 4392 1890 4446 etiam
1943 4400 2023 4447 ta-

438 4495 544 4547 lem
576 4492 883 4553 libidinem,
908 4489 996 4543 cui
1042 4485 1441 4557 repugnandum
1471 4495 1557 4541 eat
1584 4497 1650 4538 ne
1671 4490 1942 4557 peccetur,
1968 4491 2026 4538 et

437 4582 588 4650 cuius
614 4581 773 4637 etiam
806 4578 1138 4648 impudentes
1165 4576 1349 4650 pudet,
1380 4576 1434 4630 in
1466 4574 1711 4644 paradiso
1736 4574 2024 4630 constitue-

439 4681 538 4736 ret,
569 4670 778 4725 etiamsi
808 4671 879 4723 ibi
915 4684 1075 4724 nemo
1104 4677 1409 4737 peccasset;
1443 4681 1541 4722 nec
1564 4680 1687 4722 eum
1716 4665 1813 4720 ista
1844 4665 2025 4720 dicen-

436 4773 541 4815 tem
569 4769 725 4814 tantae
741 4768 927 4814 actam
949 4759 1220 4827 sacrilegae
1241 4757 1590 4813 deformitatis
1610 4756 1849 4826 puderet.
1873 4756 2024 4826 Rogo

436 4863 486 4904 te
514 4880 527 4915 -,
554 4851 598 4904 si
629 4849 793 4905 libido
823 4850 945 4912 ista,
972 4857 1031 4903 ut
1055 4846 1343 4910 credimus,
1366 4848 1536 4902 solam
1563 4848 1656 4902 tibi
1687 4848 1879 4918 ingerit
1905 4863 2025 4901 mo-

443 4942 645 4995 lestiam
673 4938 988 5002 resistendi,
1029 4937 1228 4993 nullam
1259 4951 1387 4991 vero
1412 4936 1628 4993 exhibet
1654 4937 1978 4997 voluntatem
2003 4953 2018 5003 ;

435 5051 533 5088 cur
555 5036 625 5100 ei,
652 5034 894 5105 quamvis
921 5033 1089 5096 falste;
1112 5042 1217 5087 tam
1249 5046 1493 5103 magnam
1525 5030 1696 5086 laudis
1716 5031 2025 5101 persolven-

433 5127 556 5180 dam
579 5132 728 5193 putas
759 5139 880 5180 esse
911 5122 1252 5179 mercedem?

505 5213 715 5269 LXXV.
753 5213 872 5267 IUL.
916 5213 981 5266 Et
1011 5230 1106 5283 pro
1133 5212 1539 5268 auctoritatibus
1567 5211 1753 5275 sacris,
1787 5210 1881 5264 Dei
1910 5207 2022 5264 eri-

438 5306 811 5363 minaticnihus
838 5306 1201 5360 intumescit‘.

506 5402 640 5453 Auc.
682 5396 829 5451 Itane
866 5411 996 5449 vero
1035 5411 1183 5450 sacra
1231 5398 1518 5451 auctoritas
1553 5412 1655 5450 non
1692 5404 1793 5456 est,
1823 5393 2020 5464 Corpus

437 5503 687 5546 mortuum
714 5499 784 5543 est
815 5498 1019 5560 propter
1048 5490 1341 5558 peccatum?
1367 5497 1421 5543 et
1449 5488 1542 5542 Dei
1567 5487 1888 5552 criminatio,
1914 5501 2018 5541 non

499 5628 513 5657 ¹
540 5627 695 5675 Codex
722 5631 866 5679 νυνι..
892 5636 997 5673 πῖνε.

497 5689 517 5725 ι
552 5690 684 5749 Editi,
706 5684 994 5749 conspicitis,
1016 5681 1337 5749 tiutendautur
1364 5695 1422 5729 ex
1449 5689 1555 5731 Mss.

498 5749 519 5779 ³
542 5743 895 5811 tiditi,deril'aa.
924 5756 978 5796 At
1002 5754 1129 5811 ats~:_.,
1164 5743 1379 5811 ιιιξίιινιιδἶ
1506 5802 1518 5811 ⁸
1561 5809 1566 5811 Α
1741 5802 1749 5809 υ

501 5813 522 5864 9
544 5810 833 5870 iugulet-ius,
857 5805 1144 5859 intmncscis.
1169 5805 1330 5868 Aptius
1347 5810 1475 5864 διεδ,
1500 5805 1783 5857 intumescit.

1116 348 1368 429 celatus
1407 369 1819 427 lllPEltFECTI
1858 368 2128 424 CONTRA
2169 369 2530 431 IULlANUlI.
2565 374 2621 429 s.
2666 374 3028 431 AUGUSTINI

3579 384 3718 439 1280

2133 484 2363 540 laudatio
2384 497 2484 551 est,
2513 487 2793 558 Vivi/icabit
2806 502 2853 546 et
2869 492 3104 546 mortalia
3125 509 3340 565 corpora
3358 504 3519 550 oestro
3535 494 3713 568 (Rom.

2131 592 2243 641 vm,
2273 577 2356 640 I0,
2388 579 2508 649 ll)?
2532 580 2665 634 Puto
2688 582 2826 651 quod
2858 598 2963 637 non
2991 584 3322 653 criminator,
3344 586 3439 641 sed
3466 587 3583 657 ipso
3605 589 3714 642 Deo

2133 668 2322 735 plenus
2346 669 2438 723 Dei
2475 671 2790 738 praedicator
2818 672 2933 728 hate
2966 674 3117 730 dixit.
3148 675 3248 732 Ubi
3283 679 3517 733 ostendit
3544 680 3715 734 Adam

2131 771 2236 810 non
2280 757 2359 811 sic
2397 772 2520 813 esse
2561 760 2783 825 factum,
2815 765 3263 832 quemadmodum
3293 768 3490 834 dicitis,
3519 778 3579 824 ut
3604 769 3714 825 sive

2132 858 2395 916 peccaret,
2423 850 2534 906 sive
2562 850 2666 905 non
2698 863 2960 921 peccaret,
2983 856 3273 911 moriturus
3298 869 3460 913 esset.

2203 937 2435 994 LXXVI.
2475 940 2595 997 ιω..
2637 942 2693 996 In
2723 943 2877 1013 cujus
2906 948 3189 1017 praeceptis
3212 948 3713 1005 immoderationcm

2130 1031 2457 1100 tyrannic:tm
2486 1049 2501 1087 :

2202 1122 2337 1178 Anc.
2379 1122 2712 1193 Praeceptum
2751 1125 2845 1181 Dei
2888 1128 3226 1198 tyrannicum
3258 1144 3363 1183 non
3390 1138 3504 1194 est;
3536 1132 3633 1185 sed
3662 1141 3714 1186 nt

2132 1213 2429 1281 impleatur,
2476 1214 2587 1283 ipse
2630 1215 2899 1284 rogandus
2943 1228 3024 1271 est
3054 1236 3067 1271 :
3100 1218 3199 1275 hoc
3239 1236 3334 1275 vos
3376 1236 3481 1275 non
3531 1223 3712 1286 vultis,

2130 1304 2249 1371 quia
2280 1304 2332 1356 in
2359 1305 2550 1358 virtute
2575 1317 2753 1360 vestra
2781 1307 3069 1363 confiditis.

2199 1395 2456 1450 LXXVII.
2497 1397 2616 1451 ιω..
2658 1397 2714 1452 lu
2740 1399 2956 1467 judiciis
3000 1401 3330 1471 iniquitatem
3362 1403 3667 1459 .barbaram
3699 1424 3712 1463 :

2202 1488 2335 1544 Acs.
2376 1489 2634 1557 Quoniam
2686 1492 2778 1545 Dei
2836 1508 2939 1546 non
2993 1495 3362 1564 est-iniquum
3409 1492 3712 1565 judicium,

2129 1578 2250 1633 ideo
2294 1579 2348 1633 in
2396 1581 2608 1635 miseria
2648 1585 2857 1652 generis
2898 1583 3141 1652 humani,
3186 1602 3307 1655 qua:
3350 1588 3533 1657 incipit
3560 1605 3591 1642 a
3622 1590 3714 1645 lle-

2131 1669 2271 1723 tibus
2300 1671 2675 1738 parvulorum,
2720 1675 3115 1743 agnoscendum
3157 1685 3240 1731 est
3286 1679 3545 1748 originale
3586 1697 3713 1748 pec-

2129 1772 2324 1814 catum.

2200 1850 2480 1905 LXXVIII.
2520 1852 2637 1907 JcL.
2679 1852 2735 1907 In
2775 1854 3093 1924 juramentis
3134 1855 3423 1912 falsitatem
3465 1860 3715 1928 punieam

2129 1939 2304 1993 inesse
2330 1942 2627 1997 confirmat.
2754 2000 2758 2005 ,

2201 2033 2337 2090 Atta.
2378 2034 2642 2105 Numquid
2672 2037 2882 2106 quando
2910 2038 3048 2093 Deus
3072 2036 3221 2105 dicit,
3251 2040 3481 2094 Reddam
3509 2055 3717 2111 peccata

2131 2133 2330 2191 patrum
2358 2125 2412 2177 in
2437 2127 2592 2193 ﬁlios,
2622 2126 2811 2196 punice
2830 2128 3107 2197 loquitur?

2199 2215 2436 2270 LXXIX.
2478 2217 2594 2272 JUL.
2634 2218 2897 2286 Quoniam
2928 2233 3025 2288 pro
3058 2220 3505 2289 disputationibus
3533 2232 3585 2276 et
3620 2240 3717 2293 pro

2130 2309 2376 2364 omnibus
2424 2310 2767 2382 syllogismis,
2806 2310 3082 2365 Manichmi
3122 2313 3363 2367 innititur
3400 2316 3627 2369 somniis
3664 2325 3717 2370 et

2129 2397 2317 2454 furori.
3166 2452 3187 2459 μ,

2201 2491 2335 2545 Anc.
2375 2490 2487 2545 Nec
2511 2491 2832 2546 Manichzeus
2858 2502 2993 2557 erat,
3032 2508 3130 2548 nec
3156 2494 3470 2556 somniabat.
3499 2511 3606 2551 nec
3639 2498 3715 2549 ιιι.

2130 2580 2300 2646 rebat,
2339 2581 2450 2635 sive
2492 2582 2581 2651 qui
2624 2581 2777 2647 dixit,
2812 2580 3027 2635 Fuimus
3061 2592 3107 2637 et
3143 2599 3231 2636 nos
3259 2594 3443 2657 natnrq
3468 2586 3569 2652 ﬁlii
3604 2587 3716 2650 ira,

2130 2672 2260 2724 sicut
2287 2681 2333 2724 et
2358 2673 2523 2725 ceteri
2552 2670 2786 2745 (Ep/tes.
2812 2688 2869 2736 tt,
2894 2674 2928 2728 5
2949 2673 2967 2743 )
2992 2689 3004 2725 :
3031 2674 3141 2727 sive
3168 2674 3255 2743 qui
3282 2674 3433 2738 dixit,
3464 2693 3482 2726 ι
3513 2674 3715 2732 Otones

2131 2762 2376 2817 homines
2400 2762 2499 2817 sub
2528 2773 2744 2832 peccato
2771 2764 3057 2827 nascimur,
3086 2779 3310 2833 quorum
3342 2765 3455 2834 ipse
3484 2768 3717 2824 ortus-iu

2129 2852 2259 2907 vitio
2286 2861 2369 2907 est
2400 2871 2420 2904 ι
2452 2853 2813 2926 (Ambrosius,
2863 2854 2951 2908 lib.
2993 2856 3019 2908 1
3050 2854 3113 2908 de
3154 2853 3484 2922 Pwnileutia,
3530 2873 3655 2927 cap.
3686 2858 3718 2912 Ξ

2128 2943 2208 2997 vel
2229 2945 2263 2998 '5
2287 2943 2327 3011 ).
2494 2952 2499 2956 '

2199 3034 2414 3089 LXXX.
2453 3035 2573 3089 Juc.
2613 3034 2734 3090 Istae
2780 3048 2904 3091 sunt
2946 3052 3073 3107 ergo
3114 3052 3312 3103 causan,
3353 3052 3473 3107 quas
3516 3052 3621 3093 nos
3663 3040 3715 3095 in

2129 3126 2578 3196 impugnationem
2620 3126 2744 3180 ntali
2783 3128 3038 3183 naturalis
3072 3128 3388 3193 accendunt,
3418 3144 3536 3197 qua:
3561 3128 3719 3185 dedi-

2126 3217 2279 3287 gnari
2304 3226 2355 3272 et
2379 3216 2657 3286 despicere
2681 3217 2879 3272 faciunt
2899 3219 3166 3273 consortia
3191 3217 3542 3287 perditorum.

2199 3310 2333 3366 Anc.
2397 3309 2499 3363 Tot
2556 3316 2927 3381 tantorumque
2983 3310 3261 3367 doctorum
3322 3311 3716 3366 catholicorum

2129 3400 2272 3469 pium
2300 3414 2623 3454 consensum
2667 3401 2813 3455 nullo
2845 3401 3026 3466 modo,
3066 3402 3166 3457 nisi
3208 3401 3472 3471 perditus,
3499 3402 3715 3457 diceres

2127 3491 2450 3546 consortium
2479 3492 2825 3567 perditorum.
3701 3550 3727 3577 τ

2207 3582 2439 3638 LXXXI.
2479 3584 2600 3639 lue.
2640 3585 2768 3651 Qua:
2796 3593 3052 3655 pnesutnt
3091 3586 3258 3641 nihilo
3288 3587 3454 3656 magis
3488 3596 3715 3644 nos..to~

2129 3674 2233 3727 tius
2262 3674 2439 3728 mundi
2482 3674 2689 3744 fragore
2715 3676 2922 3742 terreri,
2961 3691 3116 3745 quam
3155 3677 3201 3730 si
3232 3678 3248 3708 ¹
3281 3676 3582 3731 videremus
3617 3679 3717 3732 tri-

2125 3767 2226 3822 stis
2271 3767 2434 3837 lupini
2481 3769 2666 3823 silvam
2716 3779 2996 3824 sonantem
3026 3771 3047 3801 ί
3076 3768 3157 3823 vel
3190 3769 3474 3823 immundis
3502 3770 3715 3834 suibus,

2128 3860 2208 3916 vel
2240 3861 2411 3915 ventis
2440 3859 2764 3915 irruentibus
2797 3861 3141 3915 cmnmoveri.

2198 3952 2334 4007 Anc.
2364 3950 2559 4005 Diﬂ’usa
2586 3959 2698 4005 toto
2718 3952 2848 4006 orbe
2873 3951 3133 4006 catholica
3159 3951 3419 4016 Ecclesia,
3442 3967 3562 4021 qua:
3582 3968 3720 4023 pru-

2126 4044 2316 4099 denter
2343 4043 2621 4099 exhorruit
2646 4058 2736 4098 ora
2768 4054 2965 4108 vestra,
2993 4059 3098 4098 non
3126 4053 3211 4100 est
3242 4045 3402 4115 lupini
3429 4045 3582 4111 silva,
3615 4047 3719 4102 sed

2127 4149 2246 4191 esse
2270 4135 2437 4189 voluit
2457 4150 2487 4188 a
2516 4136 2709 4203 lupinis
2730 4137 2997 4192 morsibus
3024 4144 3152 4191 tuta.

2197 4225 2457 4280 LXXXII.
2497 4224 2616 4283 Jun.
2658 4227 2799 4296 Ergo
2826 4228 2994 4282 Deum
3018 4236 3076 4284 et
3097 4228 3296 4296 justum
3331 4237 3386 4284 et
3421 4230 3567 4299 pium
3594 4244 3718 4287 cro-

2127 4314 2301 4370 dimus
2329 4327 2378 4370 et
2404 4330 2666 4382 veracem,
2694 4332 2758 4371 ac
2786 4331 2880 4387 per
2906 4316 3011 4371 hoc
3038 4317 3170 4372 nib'd
3201 4319 3526 4387 impossibile
3552 4334 3716 4374 man-

2127 4407 2284 4463 dasse
2327 4407 2497 4477 legem
2543 4406 2657 4477 ejus
2702 4415 2964 4473 tenemus,
2994 4407 3121 4465 nihil
3166 4408 3352 4464 falsum
3389 4410 3718 4466 conﬁrmare

2128 4498 2463 4564 testimonia,
2505 4497 2637 4552 nihil
2688 4497 2925 4569 iniquum
2964 4501 3306 4568 pronuntiare
3348 4500 3585 4567 judicia:
3615 4502 3717 4557 sed

2127 4588 2299 4656 ipsum
2318 4603 2440 4644 esse
2462 4588 2734 4643 hominum
2757 4590 3109 4653 conditorem,
3139 4605 3275 4660 quos
3301 4591 3431 4644 nulli
3455 4591 3476 4622 ⁸
3496 4592 3715 4647 crimini

2127 4680 2388 4735 obnoxios
2416 4689 2582 4746 creat,
2605 4696 2789 4735 verum
2818 4680 3007 4750 plenos
3035 4682 3250 4751 quidem
3285 4683 3585 4737 innocentia
3615 4700 3719 4741 na-

2128 4771 2308 4836 turali,
2335 4772 2746 4826 voluntariarum
2773 4780 2949 4825 autem
2977 4773 3230 4827 virtutum
3252 4787 3494 4842 capaces.

2198 4863 2334 4918 Aue.
2374 4860 2527 4917 Unde
2556 4876 2683 4931 ergo
2708 4877 2813 4917 non
2843 4861 3198 4929 exsufflatam,
3223 4879 3327 4917 non
3357 4864 3716 4920 exorcizatam

2128 4954 2408 5023 imaginem
2439 4966 2589 5008 suam
2618 4967 2724 5007 non
2749 4952 2982 5007 admittit
3007 4953 3074 5008 ad
3105 4954 3264 5008 vitam
3290 4970 3440 5009 suam
3459 4955 3483 5007 ?
3502 4955 3719 5010 Siccine

2128 5060 2334 5101 merces
2373 5045 2689 5100 innocentize
2733 5044 3012 5100 redditur?
3036 5046 3119 5099 An
3160 5046 3336 5116 potius
3370 5048 3719 5115 generatione

2128 5145 2307 5193 reatus
2350 5135 2372 5168 ⁵
2410 5145 2671 5192 attractus
2693 5177 2708 5200 ,
2757 5152 2929 5205 neque
2978 5139 3378 5207 regeneratioue
3428 5139 3719 5203 dimissus,

2123 5230 2267 5301 jusle
2295 5239 2482 5301 negata
2505 5231 2630 5297 vita,
2654 5238 2825 5284 morte
2850 5239 3211 5300 consequente
3224 5232 3482 5301 punitur?
3504 5233 3715 5286 Aliena-

2192 5387 2207 5417 ¹
2238 5387 2391 5445 vign.,
2412 5383 2566 5444 quasi.
2593 5390 2718 5441 mssa,
2743 5394 2887 5443 quam
2902 5379 2960 5431 si.

2192 5449 2213 5477 ²
2237 5442 2651 5501 Εᾱῖιὶζιὸηαηιεηι.
2681 5442 2851 5493 Verius
2872 5451 3000 5500 Mss,
3021 5450 3282 5493 mnmttem.
3312 5442 3482 5492 alludit
3505 5443 3720 5495 Julianus

2127 5508 2185 5557 ad
2210 5506 2386 5570 Virgilii
2408 5514 2579 5569 Georg.
2604 5505 2689 5554 lib.
2726 5506 2772 5562 ι,
2796 5519 2910 5555 vers
2939 5507 3018 5563 75,
3041 5506 3143 5553 76:

2282 5598 2371 5639 Aut
2394 5596 2572 5637 tenues
2593 5587 2721 5637 fetus
2745 5588 2895 5649 vicim,
2923 5588 3171 5649 tristisque
3195 5586 3344 5649 lupini

2280 5649 2538 5700 Sustuleris
2558 5650 2755 5711 fragiles
2770 5648 2979 5698 calamos
3000 5648 3266 5710 silvamque
3290 5658 3565 5699 sonantem.

2194 5736 2214 5767 ³
2240 5734 2393 5793 \‘ign.,
2418 5730 2563 5780 nullo.
2592 5738 2718 5789 Mss,
2747 5729 2885 5780 nulli.

2193 5796 2214 5827 ⁸
2250 5802 2345 5843 ttoc
2374 5794 2495 5856 loco.
2517 5799 2690 5844 reatus.
2716 5794 2987 5842 restituitur
3006 5805 3064 5840 ex
3086 5799 3190 5842 uss.

3748 3554 3753 3555 γ
3788 3548 3829 3558 '-
