4004 6190
316 305 443 361 Wall

314 424 395 469 tos
422 415 616 482 quippe
642 427 674 466 a
706 411 810 465 vita
836 410 925 464 Dei
950 408 1244 469 detestatus
1263 408 1547 477 Apostolus
1576 422 1678 461 non
1712 404 1905 460 fuisset

315 502 531 573 (Ephes.
558 516 634 565 tv,
662 501 769 568 I8),
794 502 839 554 si
864 515 1031 569 pmna
1053 500 1193 554 nulla
1223 510 1387 554 esset.

388 593 669 651 LXXXIII.
707 593 828 649 Jun.
869 593 1075 660 Quibus
1112 592 1352 646 collectis
1390 592 1614 645 alterum
1660 598 1904 644 teneatur

304 702 537 743 necesse
564 695 646 741 est
673 701 737 740 ex
770 685 977 740 duobus
1007 703 1021 740 :
1051 684 1329 750 videlicet,
1358 694 1416 739 ut
1444 693 1534 738 aut
1563 684 1684 738 talis
1722 683 1910 738 creda-

309 788 405 833 tur
442 780 594 843 Deus,
629 776 838 848 qualem
869 776 1123 845 contingit
1155 776 1518 831 Traducianus
1548 775 1906 840 Manicba-us;

308 881 411 924 aut
437 869 559 924 talis
586 868 896 938 iutelligaris
916 883 1038 922 cum
1061 868 1307 923 omnibus
1327 868 1416 938 qui
1443 868 1496 923 in
1520 868 1751 922 traducis
1778 868 1908 921 scita

308 959 647 1024 concedtmt,
678 959 887 1030 qualem
917 957 1259 1029 deprzeliatur
1287 959 1575 1013 honoratus
1604 959 1761 1013 Deus.
1791 956 1909 1012 Non

308 1061 495 1106 autem
518 1059 830 1121 potestesse
853 1050 991 1105 Deus
1034 1049 1176 1116 talis,
1220 1050 1431 1119 qualem
1461 1048 1781 1104 Manichacus
1819 1062 1907 1103 so—

310 1143 519 1208 mniat;
552 1142 646 1197 sed
692 1150 776 1196 est
818 1142 956 1211 pius,
998 1139 1195 1210 justus,
1222 1150 1278 1195 et
1323 1156 1481 1195 verus
1513 1140 1673 1203 Deus,
1697 1140 1907 1208 qualem

306 1235 498 1288 omnis
520 1242 704 1288 sancta
732 1233 1026 1302 Scriptura,
1049 1232 1226 1286 omnis
1252 1230 1340 1286 lex
1365 1241 1421 1285 et
1450 1231 1580 1285 lides
1603 1239 1783 1286 nostra
1812 1246 1908 1285 ve-

312 1333 559 1379 neratur.
586 1326 664 1378 Ac
693 1339 788 1393 per
817 1323 938 1389 hoc,
970 1322 1071 1376 hoc
1104 1330 1190 1377 est
1218 1331 1365 1376 tuum
1404 1321 1597 1391 dogma
1620 1322 1657 1386 ⁸,
1682 1320 1824 1389 quod
1853 1330 1911 1375 ut

311 1429 444 1468 cum
500 1414 591 1468 Dei
649 1414 836 1484 injuria
884 1414 1207 1483 suscipitur,
1253 1413 1326 1467 ita
1372 1429 1495 1469 cum
1540 1413 1657 1483 ejus
1707 1414 1909 1469 honore

308 1508 633 1562 destruitur.

396 1601 527 1653 Ave.
568 1597 623 1653 Si
670 1598 813 1667 pium
854 1596 1021 1652 Deum
1066 1595 1305 1664 Seuthis,
1349 1611 1516 1666 quare
1555 1596 1905 1659 Salvatorem,

312 1690 427 1744 hoc
458 1699 557 1754 est,
588 1689 771 1745 Jesum
802 1705 832 1744 tt
864 1689 1099 1759 parvulis
1138 1689 1299 1757 impie
1343 1688 1671 1759 prohibetis?
1716 1688 1772 1744 Si
1818 1690 1908 1758 ju—

307 1793 486 1848 stum,
518 1798 682 1852 quare
721 1796 881 1852 grave
917 1794 1080 1850 super
1117 1782 1366 1851 parvulos
1397 1781 1581 1851 iugum
1609 1782 1727 1836 sine
1755 1782 1910 1836 ullius

309 1873 526 1940 peccati
579 1872 786 1928 meritis
829 1871 1086 1928 creditis?
1125 1870 1182 1927 Si
1227 1886 1436 1934 verum,
1467 1886 1632 1941 quare
1673 1872 1905 1938 dicenti,

306 1961 555 2015 Reddam
584 1963 637 2016 in
662 1962 798 2031 ﬁlios
826 1971 1027 2032 patrum
1057 1971 1282 2032 peccata,
1307 1977 1413 2016 non
1441 1960 1697 2017 creditis?

393 2053 680 2108 LXXXIV.
709 2054 829 2108 ius.
855 2053 1089 2123 Tempus
1114 2061 1198 2107 est
1225 2063 1284 2107 ut
1307 2052 1375 2107 ad
1403 2051 1506 2107 alia
1537 2062 1905 2108 transeamus:

300 2146 418 2202 sed
446 2146 677 2216 reposcit
699 2160 728 2197 a
749 2144 904 2200 nobis
931 2158 1106 2199 causae
1139 2144 1391 2213 dignitas,
1415 2151 1473 2197 ut
1505 2144 1666 2197 etiam
1700 2157 1763 2196 ea
1792 2158 1909 2210 quae

298 2236 582 2306 superiori
606 2236 741 2289 libro
760 2242 1009 2304 putamus
1030 2232 1412 2303 prmtermissa,
1434 2231 1737 2286 reddamus.
1756 2230 1909 2296 Quod

300 2328 539 2399 quidem
571 2326 805 2397 prudens
842 2326 1009 2381 lector
1038 2338 1490 2394 supervacaneum
1522 2323 1738 2379 forsitan
1764 2322 1909 2392 judi-

299 2419 465 2475 cabit
490 2435 501 2470 :
534 2427 708 2472 tamen
735 2417 983 2487 quoniam
1010 2422 1343 2485 compertum
1369 2423 1472 2480 est,
1500 2428 1677 2468 rerum
1701 2414 1909 2482 pericu-

304 2509 386 2562 lis
410 2506 705 2576 depositam
734 2519 951 2559 causam
984 2505 1146 2559 etiam
1180 2504 1385 2558 levibus
1422 2502 1720 2567 iubatrere;
1746 2517 1906 2571 opera

307 2606 425 2658 cst,
456 2596 647 2667 quibus
672 2595 918 2665 pmsidia
945 2594 1247 2657 sustuleris,
1269 2591 1483 2647 auferre
1504 2592 1712 2647 solatia.

392 2689 525 2742 Avo.
564 2686 826 2759 Quoniam
868 2685 920 2739 in
961 2684 1065 2738 alia
1107 2683 1332 2738 transire
1375 2680 1606 2750 coepisti,
1630 2682 1739 2751 jam
1764 2682 1907 2751 quod

313 2776 568 2844 superius
591 2775 952 2844 promisimus,
970 2773 1228 2828 debemus
1247 2772 1550 2837 ostendere,
1575 2772 1905 2843 prophetiam

314 2869 526 2924 scilicet
558 2866 875 2930 Ezechielis,
903 2880 1005 2936 qua
1041 2865 1235 2919 dicitur
1272 2872 1480 2933 patrum
1523 2864 1577 2918 in
1615 2864 1904 2933 Iiliospcc-

316 2969 439 3013 cata
469 2973 572 3012 non
612 2957 784 3023 reddi,
813 2956 950 3011 sicut
978 2955 1207 3010 Iiliorum
1246 2969 1352 3009 non
1388 2953 1685 3009 redduntur
1721 2954 1774 3009 in
1817 2970 1908 3024 pa-

326 3061 455 3115 tres,
478 3049 543 3104 ad
567 3047 1061 3118 pramontiatiouem
1084 3045 1352 3115 pertinere
1372 3044 1707 3100 revelatiouis
1723 3044 1908 3101 Testa-

321 3140 488 3195 menti
536 3139 679 3195 novi.
711 3138 848 3193 Dicit
886 3138 1029 3193 enim
1080 3136 1183 3191 tale
1223 3136 1420 3205 aliquid
1457 3127 1620 3191 etiam
1650 3134 1908 3205 propheta

319 3230 599 3294 leremias,
631 3239 686 3284 et
714 3229 784 3283 ibi
814 3228 955 3285 unde
981 3228 1082 3283 hoc
1110 3228 1315 3282 dicatur
1341 3228 1587 3282 illustrat.
1609 3227 1741 3281 Nam
1770 3229 1908 3283 inter

320 3335 511 3377 etutera
537 3341 550 3376 :
575 3319 906 3383 Convertere,
952 3319 1144 3389 inquit,
1186 3320 1325 3390 virgo
1364 3318 1548 3384 Israel,
1579 3330 1822 3374 revertere
1852 3320 1908 3374 in

319 3415 542 3467 civitates
583 3422 695 3466 tuas
733 3413 909 3482 lugens
934 3426 953 3464 :
979 3426 1137 3479 usque
1163 3426 1261 3480 quo
1288 3409 1523 3463 averteris
1552 3410 1662 3478 ﬁlia
1687 3408 1906 3464 inhono-

320 3506 473 3558 rata?
502 3503 755 3571 Quoniam
798 3502 983 3555 creavit
1008 3500 1256 3556 Dominus
1297 3501 1512 3555 salutem
1548 3502 1600 3555 iu
1635 3502 1909 3572 plantatio-

322 3612 432 3649 nem
458 3612 662 3659 novam,
680 3595 737 3648 in
765 3610 865 3661 qua
888 3594 1052 3649 salute
1075 3593 1355 3647 circuibunt
1382 3594 1628 3648 homines.
1659 3594 1750 3650 Sic
1777 3595 1905 3649 dixit

324 3686 574 3740 Dominus
594 3703 613 3739 :
635 3685 817 3739 Adhuc
845 3684 1012 3738 dicent
1039 3684 1241 3738 verbum
1269 3684 1364 3738 hoc
1407 3686 1460 3737 in
1499 3694 1634 3739 terra
1668 3685 1829 3749 Juda,
1859 3695 1906 3739 et

323 3778 371 3831 in
399 3779 510 3849 ejus
538 3777 838 3841 civitatibus,
867 3792 981 3829 cum
1012 3774 1251 3829 revocabo
1276 3775 1615 3845 captivitatem
1644 3777 1772 3846 ejus,
1802 3775 1903 3831 Be-

324 3870 551 3922 nedictus
573 3867 819 3922 Dominus
846 3882 999 3937 super
1018 3867 1214 3937 justum
1238 3874 1453 3920 montem
1480 3875 1707 3919 sanctum
1735 3883 1903 3920 suunt.

322 3959 386 4012 Et
413 3960 501 4028 qui
529 3958 812 4012 inhabitant
836 3958 891 4011 in
909 3956 1097 4011 Judtea
1123 3965 1171 4012 et
1200 3957 1255 4010 in
1292 3958 1428 4011 omni
1464 3956 1662 4010 civitate
1698 3958 1808 4027 ejus
1832 3958 1906 4011 si—

323 4050 425 4101 mul
453 4065 568 4101 cum
603 4046 851 4117 agricola,
890 4055 937 4101 et
983 4046 1188 4099 tolletur
1228 4045 1282 4101 in
1322 4061 1506 4116 grege;
1538 4047 1772 4115 quoniam
1801 4047 1908 4099 inc-

323 4140 477 4192 briari
520 4153 717 4191 onmem
762 4138 985 4189 animant
1032 4136 1307 4202 sitientem,
1351 4144 1396 4188 et
1444 4151 1642 4189 omnem
1686 4136 1908 4189 animm

323 4231 615 4284 esurientem
653 4227 854 4282 satiari.
895 4224 1118 4295 Propter
1161 4225 1256 4279 hoc
1304 4225 1582 4291 exsurrexi,
1616 4234 1665 4279 et
1709 4226 1828 4289 vidi,
1862 4237 1909 4278 et

323 4336 525 4373 somnus
554 4333 694 4372 meus
719 4316 883 4371 dulcis
908 4315 1032 4369 mihi
1060 4315 1225 4385 factus
1251 4323 1343 4368 est.
1368 4312 1650 4386 Propterea
1674 4331 1784 4369 ecce
1802 4315 1907 4369 dies

324 4410 547 4473 veniunt,
569 4409 689 4461 dicit
717 4406 988 4469 Dominus,
1016 4415 1063 4459 et
1091 4405 1345 4459 seminabo
1373 4402 1538 4460 Israel
1564 4413 1611 4458 et
1635 4404 1798 4470 Juda,
1825 4422 1908 4460 se-

327 4517 435 4553 men
468 4499 688 4553 hominis
727 4508 776 4552 et
818 4513 989 4553 semen
1027 4498 1241 4567 pecoris.
1267 4494 1337 4548 Et
1365 4496 1459 4548 erit
1487 4500 1614 4549 sicut
1641 4498 1907 4566 vigilabant

324 4607 472 4660 super
513 4606 599 4644 eos
637 4590 887 4659 deponere
926 4595 974 4640 et
1004 4587 1241 4658 aﬂiigere,
1272 4586 1343 4639 ita
1378 4584 1592 4655 vigilabo
1633 4602 1783 4655 super
1826 4604 1910 4641 eos

323 4681 577 4749 aediﬁcare
611 4688 658 4734 et
690 4680 1059 4750 complantare,
1083 4677 1203 4730 dicit
1227 4675 1495 4730 Dominus.
1520 4676 1587 4731 In
1610 4677 1782 4733 diebus
1806 4678 1910 4733 illis

324 4789 423 4825 non
450 4772 647 4836 diceat,
677 4770 859 4825 Patres
900 4769 1328 4824 manducauerqu
1372 4784 1519 4821 uvam
1563 4771 1824 4838 acerbam,
1864 4779 1910 4822 et

324 4866 493 4919 dentes
521 4863 748 4932 filiorum
781 4864 1147 4930 obstupuerunt
1169 4859 1298 4916 :sed
1339 4862 1678 4933 unusquisque
1722 4864 1773 4917 in
1817 4879 1910 4916 suo

327 4966 528 5025 peccato
557 4956 820 5020 morietur,
842 4962 889 5007 et
908 4955 929 4985 ¹
951 4954 1063 5024 ejus
1085 4953 1170 5020 qui
1192 4952 1567 5006 manducaverit
1594 4970 1741 5007 uvam
1766 4969 1909 5007 acer-

330 5047 458 5112 bam,
481 5044 813 5114 obstupebunt
839 5044 1013 5099 dentes
1037 5043 1216 5113 ipsius.
1239 5041 1440 5112 Nempe
1469 5043 1806 5097 manifestum
1828 5054 1912 5099 est

331 5138 430 5193 hoc
471 5138 540 5191 ad
582 5136 700 5193 dies
744 5137 1012 5206 pertinere
1042 5135 1381 5206 plantationis
1409 5150 1581 5202 novae,
1609 5135 1676 5191 de
1701 5151 1825 5206 qua,
1853 5147 1913 5192 ut

330 5227 427 5283 hoc
469 5229 696 5293 diceret,
728 5226 1084 5297 loquebatur:
1112 5223 1202 5280 ubi
1227 5234 1282 5281 et
1308 5224 1437 5281 illud
1465 5240 1646 5281 semen
1681 5227 1911 5282 hominis

330 5330 379 5374 ct
419 5336 604 5377 semen
653 5320 862 5390 pecoris
907 5319 1048 5391 quod
1090 5334 1151 5375 se
1185 5319 1324 5374 Deus
1361 5319 1746 5375 seminaturum
1791 5334 1911 5375 esse

332 5414 588 5480 promisit,
614 5412 959 5483 spiritualiter
983 5411 1336 5478 intellectum,
1361 5425 1456 5466 eos
1478 5411 1568 5481 qui
1599 5419 1834 5481 praesunt
1857 5420 1912 5466 et

389 5548 407 5578 ι
432 5549 722 5611 \‘iguierias:
748 5557 811 5597 xc
836 5559 923 5609 per
938 5545 1043 5608 hoc,
1068 5551 1140 5597 est
1160 5552 1295 5597 tuum
1316 5545 1521 5611 dogma;
1541 5547 1719 5597 omisso
1734 5543 1908 5606 altero.

330 5607 435 5670 hoc,
456 5607 585 5671 quod
610 5618 716 5658 erat
739 5610 787 5659 in
810 5607 917 5659 Mss.

390 5668 587 5721 "verba
612 5672 715 5721 haec
735 5672 791 5735 in,
807 5671 951 5720 editis
971 5671 1162 5727 omissa,
1188 5682 1509 5735 unusqmsqne
1527 5668 1577 5720 in
1610 5681 1695 5720 suo
1716 5676 1912 5733 peccato

332 5738 573 5795 mactetur,
599 5740 660 5796 et,
680 5734 996 5782 restituuntur
1020 5744 1083 5781 ex
1110 5739 1213 5780 ttss.

1660 293 1858 348 LIBER
1898 290 2213 347 TERTiUS.

3457 301 3595 356 123⁸3

2014 418 2108 458 eos
2136 403 2226 473 qui
2254 413 2526 474 reguntur,
2554 404 2678 461 facit
2701 422 2937 478 agnoscu.
2958 409 3063 465 Sed
3094 412 3216 481 quia
3247 412 3596 470 inveteratum

2014 504 2129 548 erat
2178 496 2231 549 itt
2280 496 2527 551 cordibus
2571 499 2788 569 populi,
2834 500 3091 570 scriptum
3143 518 3262 558 esse
3313 503 3366 559 in
3416 518 3598 561 vetere

2014 587 2396 656 Testamento,
2441 590 2670 644 Reddam
2715 603 2919 647 peccata
2971 606 3174 665 patrum
3224 597 3277 649 in
3326 597 3505 665 ﬁlios:
3535 617 3602 653 uc

2013 680 2290 749 quisquam
2313 679 2643 750 Scripturam
2667 684 2756 738 Dii
2785 700 3081 754 repugnare
3106 687 3205 741 sibi
3227 688 3599 754 arbitraretur,

2015 780 2073 824 ut
2113 772 2351 840 apertius
2393 772 2720 839 ostenderet,
2768 775 2896 830 illud
2942 777 3126 842 veteri,
3158 777 3259 833 hoc
3289 796 3425 834 novo
3467 797 3599 836 con-

2010 878 2202 933 gruere
2228 865 2586 928 Testamento.
2611 868 2865 922 continuo
2893 868 3167 938 subjunxit
3191 888 3202 924 :
3232 871 3361 925 Ecce
3387 872 3491 927 dies
3519 890 3600 927 re-

2013 954 2188 1020 niunt,
2232 954 2351 1008 dicit
2385 954 2654 1022 Dominus,
2684 966 2730 1010 et
2758 959 3113 1015 consummabo
3149 959 3319 1013 domui
3354 960 3519 1017 Israel
3554 974 3604 1017 et

2014 1045 2186 1098 domui
2203 1044 2235 1098 J
2244 1046 2347 1100 uda
2377 1046 2743 1101 Testamentum
2774 1063 2977 1115 novum,
3003 1066 3102 1103 non
3125 1052 3400 1105 secundum
3428 1052 3603 1106 Testa-

2013 1147 2230 1192 mentum
2255 1139 2389 1207 quod
2408 1139 2636 1209 disposui
2656 1140 2882 1209 patribus
2910 1156 3101 1203 eorum,
3123 1141 3175 1194 in
3197 1143 3278 1195 die
3296 1160 3395 1214 qua
3417 1162 3599 1214 appre-

2012 1229 2164 1282 Itendi
2196 1246 2399 1289 manum
2419 1246 2613 1293 eorum,
2631 1239 2685 1282 ut
2714 1230 2973 1284 educerem
2999 1247 3081 1284 eos
3102 1231 3164 1283 de
3192 1241 3324 1286 terra
3354 1232 3599 1304 /Egyptt.

2013 1328 2119 1374 etc.
2148 1319 2357 1393 (Jerem.
2385 1336 2538 1386 χιιι,
2564 1320 2768 1387 ﬁll-3'2,
2798 1320 2895 1373 sec.
2921 1320 3086 1388 LXX,
3108 1339 3224 1392 cap.
3249 1328 3495 1394 xxxvm).
3518 1326 3599 1377 Αιι

2014 1411 2139 1465 illttd
2180 1412 2335 1481 igitur
2361 1411 2761 1467 Testamentum
2800 1414 3074 1481 generatio
3117 1416 3373 1484 pertinet,
3402 1416 3466 1469 ad
3501 1418 3601 1469 hoc

2012 1511 2188 1557 autem
2216 1502 2549 1571 regeneratio
2579 1520 2591 1556 ε
2622 1502 2761 1556 unde
2788 1504 2858 1557 ibi
2889 1514 3100 1572 peccata
3131 1515 3336 1574 patrum
3368 1506 3599 1560 reddun-

2015 1599 2099 1646 tur
2127 1591 2179 1645 in
2210 1592 2367 1654 tilias,
2399 1592 2483 1646 hic
2513 1608 2643 1647 vero
2680 1594 3038 1663 generationis
3080 1595 3289 1650 vinculo
3321 1612 3415 1666 per
3444 1612 3596 1666 rege-

2013 1686 2343 1740 nerationem
2372 1687 2387 1716 ¹
2416 1686 2614 1752 soluto,
2655 1703 2758 1740 non
2798 1687 3011 1754 dicitur,
3042 1686 3221 1742 Patres
3261 1690 3599 1743 ntaitducavc-

2012 1786 2130 1830 runt
2155 1792 2300 1829 uvam
2329 1776 2590 1843 acerbam,
2632 1787 2678 1830 et
2721 1779 2891 1832 dentes
2937 1779 3163 1847 ﬁliorum
3204 1779 3599 1850 obstupuerunt,-

2011 1868 2101 1922 sed
2124 1870 2232 1939 ejus
2270 1869 2355 1938 qui
2395 1870 2769 1923 manducauerit
2799 1887 2947 1922 uvam
2979 1869 3232 1937 acerbam,
3269 1869 3602 1940 obstupebunt

2013 1960 2372 2028 dentes:quia
2420 1976 2529 2014 non
2573 1962 2626 2015 in
2675 1961 2860 2030 patris,
2892 1960 2986 2016 sed
3038 1961 3089 2014 in
3138 1978 3235 2016 suo
3283 1973 3522 2031 peccato,
3553 1965 3597 2017 si

2012 2051 2359 2116 commiserit,
2405 2051 2630 2119 quisque
2677 2053 2951 2105 morietur.
2984 2051 3063 2105 Tu
3091 2062 3267 2106 autem
3307 2068 3425 2106 cum
3473 2069 3597 2122 pro-

2016 2139 2190 2208 pltctia
2221 2140 2310 2194 ubi
2337 2140 2552 2202 dicitur,
2582 2138 2702 2193 Non
2733 2142 2945 2210 accipiet
2981 2142 3121 2207 ﬁlius
3156 2152 3410 2211 peccatum
3440 2146 3605 2212 patris

2011 2232 2093 2283 sui
2119 2227 2639 2299 (Ezeclt.xv1n,20),
2678 2245 2785 2283 non
2830 2230 3106 2284 ostendisti
3151 2230 3597 2301 quemadmodum

2012 2317 2283 2389 Scriptura
2318 2320 2605 2375 concordet
2643 2320 2730 2375 ubi
2766 2320 2979 2381 dicitur.
3009 2319 3239 2374 Reddam
3271 2332 3474 2387 peccata
3502 2341 3596 2391 pa-

2014 2418 2144 2463 trum
2169 2410 2222 2464 in
2251 2411 2386 2479 ﬁlios
2419 2410 2592 2482 (Deut.
2621 2426 2675 2477 v,
2698 2412 2774 2481 9).
2804 2412 2928 2466 Ilaec
2955 2413 3148 2482 quippe
3186 2413 3325 2466 inter
3366 2428 3425 2468 se
3465 2430 3597 2468 con-

2015 2502 2173 2556 traria
2216 2504 2586 2569 remanebunt,
2623 2505 2724 2558 nisi
2764 2503 2954 2559 borum
3000 2505 3224 2560 duorum
3273 2507 3500 2576 singula,
3532 2510 3601 2561 ad

2011 2590 2350 2647 Testamenta
2397 2593 2603 2663 singula
2655 2591 2977 2658 referantur,
3021 2594 3163 2663 quod
3204 2596 3603 2652 evidentissime

2010 2680 2271 2736 Jeremias
2300 2684 2553 2752 prepheta
2586 2686 2922 2739 monstravit.

2080 2771 2344 2827 LXXXV.
2385 2773 2503 2828 JUL.
2547 2774 2710 2844 Igitur
2736 2790 2855 2830 eum
2884 2776 3212 2832 venissemus
3240 2778 3375 2851 (Lib.
3397 2779 3451 2845 2,
3480 2798 3596 2852 cap.

2010 2862 2082 2918 56
2109 2863 2212 2934 sq.)
2242 2863 2307 2918 ad
2339 2866 2566 2935 apostoli
2598 2866 2744 2920 Pauli
2785 2869 3127 2934 sententiam,
3163 2885 3319 2939 quam
3356 2870 3598 2940 Scriptu-

2010 2971 2193 3011 rarum
2219 2958 2528 3026 expertibus
2553 2957 2922 3013 Traducianus
2950 2961 3226 3015 venditare
3251 2962 3439 3016 solitus
3458 2974 3593 3027 erat,

2012 3046 2066 3100 id
2093 3055 2192 3112 est,
2216 3046 2323 3100 Per
2346 3063 2502 3101 unum
2532 3049 2784 3101 hominem
2812 3059 3073 3118 peccatum
3116 3051 3318 3105 intravit
3358 3053 3411 3106 in
3449 3070 3596 3106 man-

2011 3138 2132 3192 dum
2159 3138 2333 3209 (Rom.
2354 3153 2409 3204 ν,
2434 3138 2548 3207 12),
2578 3139 2788 3193 ostendi
2830 3139 3070 3205 primitus
3091 3142 3110 3171 ²
3130 3141 3296 3210 ipsius
3333 3144 3596 3198 sermonis

2013 3229 2339 3293 testimonio,
2387 3242 2418 3283 a
2470 3228 2571 3282 loci
2619 3229 2761 3283 illius
2810 3228 2984 3299 adytis
3029 3229 3387 3285 Traducianos
3434 3231 3597 3286 fuisse

2010 3319 2306 3383 submotos,
2342 3319 2555 3389 quando
2583 3318 2830 3374 Gentium
2857 3319 3105 3389 Magister
3133 3321 3334 3390 peccati
3362 3323 3592 3392 antiqui-

2013 3416 2176 3463 tatem
2220 3409 2519 3473 revolveus,
2564 3408 2629 3463 ad
2680 3410 3040 3478 generationis
3088 3411 3404 3476 custodiam,
3445 3415 3594 3482 quasi

2011 3498 2355 3553 fortissimum
2386 3499 2694 3567 stipatoretu
2720 3499 2925 3553 (initum
2954 3515 3232 3554 numerum
3259 3502 3593 3569 collocasset,

2011 3599 2070 3644 ut
2099 3589 2283 3644 dicens
2321 3604 2416 3659 per
2454 3605 2615 3644 unum
2659 3588 2928 3643 hominem
2959 3602 3234 3659 peccatum
3277 3592 3506 3647 intrasse
3545 3594 3595 3645 in

2010 3681 2288 3747 mundum,
2320 3682 2691 3750 praescriberet
2730 3681 2862 3735 nihil
2900 3697 2958 3736 se
2992 3683 3058 3736 de
3095 3686 3439 3754 generatione
3474 3701 3579 3741 sen-

2009 3776 2165 3836 sisse,
2191 3787 2310 3840 qme
2340 3772 2439 3826 nisi
2473 3787 2567 3840 per
2606 3772 2740 3826 duos
2779 3788 2886 3827 non
2926 3783 3110 3842 posset
3148 3776 3398 3830 existere.
3426 3778 3598 3846 Atque

2010 3861 2274 3930 assignavi
2302 3860 2606 3915 distinctum
2633 3876 2755 3916 esse
2779 3862 2917 3915 inter
2935 3863 3365 3917 commixtionem
3392 3874 3445 3918 et
3475 3881 3597 3932 pec-

2010 3960 2187 4006 catum
2231 3961 2533 4019 parentum,
2575 3965 2695 4003 eum
2744 3951 3011 4005 diceretur
3050 3952 3279 4005 intrasse
3320 3964 3595 4023 peccaturo

2012 4043 2225 4112 quidem
2254 4043 2306 4096 in
2334 4041 2612 4107 mundum,
2638 4040 2732 4095 sed
2759 4058 2853 4110 per
2883 4058 3003 4097 cum
3031 4058 3314 4097 numerum
3351 4045 3438 4114 qui
3481 4045 3598 4099 feti-

2010 4135 2112 4188 bus
2142 4148 2244 4188 non
2274 4142 2483 4203 poterat
2509 4133 2816 4187 convenire.
2842 4134 3139 4202 Actumque
3166 4142 3248 4187 est
3271 4134 3598 4189 sufﬁcienter

2014 4242 2109 4295 per
2135 4235 2303 4281 totum
2329 4227 2587 4287 libellum,
2625 4225 2828 4295 peccati
2858 4224 2928 4279 ibi
2969 4241 3072 4280 non
3113 4236 3354 4279 naturam
3392 4227 3595 4281 indica-

2014 4327 2121 4373 tam
2152 4333 2292 4385 esse,
2321 4318 2415 4374 sed
2454 4317 2703 4382 formam,
2727 4316 2870 4386 quod
2896 4332 2926 4370 a
2957 4318 3451 4386 praevaricatoribus
3479 4329 3598 4388 post

2011 4412 2228 4477 secutis,
2266 4410 2561 4467 imitatione
2586 4417 2873 4470 constaret,
2905 4424 3008 4461 non
3035 4409 3379 4477 generatione
3418 4424 3598 4462 susce-

2015 4513 2182 4574 ptum.
2213 4502 2404 4558 Verum
2435 4502 2560 4571 quia
2601 4500 2856 4568 scriptum
2906 4498 3128 4567 legimus
3171 4500 3223 4552 in
3268 4499 3502 4568 Epistula
3530 4500 3597 4553 ad

2016 4594 2271 4651 Hebrteos
2298 4595 2365 4649 de
2388 4593 2605 4657 Judasis,
2630 4590 2714 4644 Ea:
2740 4607 2841 4644 uno
2861 4590 2955 4643 orti
2984 4600 3123 4656 sunt,
3151 4600 3197 4643 et
3227 4591 3321 4644 hoc
3349 4603 3596 4654 emortuo,

2015 4690 2067 4745 id
2097 4699 2200 4751 est.
2234 4689 2303 4743 de
2330 4685 2634 4751 Abraham;
2663 4684 2907 4754 superius
2935 4697 3147 4753 quoque
3174 4683 3228 4737 in
3254 4683 3440 4738 eadem
3473 4683 3599 4754 Epi~

2014 4785 2147 4839 stola
2178 4782 2367 4853 legitur
2390 4779 2459 4834 de
2487 4778 2723 4843 Christo,
2750 4777 2851 4843 Qui
2875 4778 3178 4845 sanctiﬁcat.
3200 4786 3247 4830 et
3270 4776 3592 4845 sanctiﬁcan-

2014 4886 2116 4939 tur,
2156 4889 2220 4927 ea:
2253 4888 2356 4925 uno
2395 4887 2568 4925 omnes
2596 4869 2781 4942 (Hebr.
2811 4885 2868 4935 tt,
2901 4869 2987 4939 II)
3021 4888 3034 4923 :
3065 4885 3131 4922 ne
3162 4867 3349 4922 ltorutu
3377 4869 3594 4937 aliquid,

2012 4966 2099 5021 vel
2116 4964 2394 5029 similium,
2418 4964 2464 5017 si
2491 4962 2714 5017 inveniri
2742 4961 2955 5031 poterit,
2976 4960 3339 5015 Traducianus
3358 4961 3596 5030 arripiat,

2014 5067 2171 5128 atque
2204 5065 2604 5126 argumentetur
2635 5054 2921 5124 quidquam
2949 5052 3019 5107 de
3045 5055 3390 5122 responsione
3420 5066 3595 5108 nostra

2014 5150 2266 5221 ponderis
2292 5148 2455 5203 fuisse
2483 5148 2804 5210 discussum,
2829 5160 2930 5214 qua
2957 5144 3338 5202 afﬁrmavimus
3366 5147 3485 5203 ideo
3513 5148 3595 5200 di-

2014 5252 2155 5297 ctum
2195 5255 2316 5296 esse
2345 5255 2529 5304 unum,
2566 5253 2666 5309 per
2703 5251 2860 5304 quem
2897 5237 3168 5293 transierit
3209 5246 3501 5308 peccatum,
3532 5253 3597 5290 ne

2013 5327 2288 5405 generatio
2335 5331 2601 5386 sineretur
2649 5328 2910 5399 intelligi;
2947 5344 3066 5383 cum
3112 5331 3379 5385 inventum
3427 5328 3497 5381 sit
3546 5333 3600 5381 in

2014 5426 2116 5482 bac
2135 5423 2372 5496 Epistola
2400 5424 2615 5477 nomine
2645 5422 2805 5476 unius
2830 5423 3228 5491 generationem
3268 5421 3551 5475 indicatam
3579 5456 3598 5473 .

2079 5603 2095 5635 ί
2119 5603 2253 5674 aditi,
2278 5614 2365 5664 per
2386 5598 2756 5666 generationem.
2794 5600 2965 5648 Verius
3000 5596 3154 5646 codex
3187 5601 3321 5653 titan.
3351 5605 3435 5657 per
3457 5604 3597 5657 regeh

2015 5672 2324 5716 iterationem.
3182 5714 3192 5724 _
3250 5716 3262 5725 ο

2080 5733 2100 5760 ³
2135 5734 2200 5776 tta
2222 5726 2377 5774 codex
2403 5731 2527 5773 Fort.
2556 5722 2640 5772 Alii
2666 5732 2769 5772 \fss.
2794 5734 2902 5771 cum
2928 5718 3097 5779 editis,
3114 5728 3277 5780 primi.
