4004 6190
416 301 549 354 19.εῶ

412 415 553 478 ideo,
587 413 821 483 inquam,
861 411 912 464 id
954 406 1342 462 retractandum
1386 402 1580 471 putavi.
1608 397 1677 452 Ut
1719 396 1874 465 igitur
1920 392 1989 444 sit

415 511 647 563 intentus
675 507 860 568 lector,
887 501 1183 554 admoneo:
1210 493 1484 563 multiplici
1513 491 1653 545 enim
1686 487 1799 539 lia-e
1829 497 1994 553 oppo-

414 598 535 653 sitio
560 610 754 666 genere
781 594 1100 647 destruetur.
1128 587 1203 641 lbi
1233 586 1411 655 itaque
1440 583 1526 637 ubi
1555 575 1992 635 commemoratio

415 689 643 745 Abralue
686 687 759 748 lit,
792 695 844 739 et
884 682 1043 736 Sarra
1088 679 1203 747 ejus
1247 692 1382 731 uxor
1425 673 1698 737 inseritur,
1729 668 1871 722 Talis
1911 674 1994 719 est

415 786 609 850 quippe
652 777 783 831 ordo
822 776 1101 828 verborum
1133 788 1146 823 :
1180 768 1310 821 Fide
1350 767 1433 833 qui
1476 773 1683 816 vocatur
1719 758 1992 850 Abraham,

415 848 626 923 obedivit
659 868 710 919 in
749 867 909 917 locum
940 863 1095 924 exire,
1128 874 1272 929 quem
1299 864 1593 925 accepturus
1619 862 1722 905 erat
1752 850 1803 902 in
1832 848 1993 901 lucre-

416 963 657 1023 ditatem;
685 968 729 1011 et
759 958 896 1020 exiit,
926 955 1147 1008 nesciens
1175 967 1272 1004 auo
1308 950 1398 1002 iret
1429 963 1447 1001 :
1474 947 1576 1015 [ide
1608 945 1895 997 demoratus
1923 946 1994 992 est

416 1071 468 1106 in
496 1048 993 1121 terrapromissionis
1018 1059 1257 1115 tanquam
1280 1042 1333 1095 in
1361 1040 1546 1104 aliena,
1572 1038 1622 1090 in
1646 1035 1831 1089 casulis
1851 1033 1996 1084 habi-

417 1146 570 1198 tando
599 1161 712 1197 cum
749 1140 896 1195 Isaac
936 1148 980 1191 et
1018 1137 1177 1190 Jacob
1215 1130 1554 1187 cohwredibus
1592 1123 1995 1196 repromissionis

417 1237 658 1308 ejusdem.
688 1229 1019 1300 Exspectabat
1056 1226 1187 1280 enim
1227 1222 1553 1295 fundamenta
1582 1216 1844 1270 habentem
1872 1211 1990 1265 civi-

418 1304 591 1390 tatem,
614 1326 759 1395 cujus
783 1323 968 1391 artifex
985 1328 1031 1371 et
1054 1315 1279 1369 conditor
1299 1313 1452 1365 Deus.
1480 1308 1608 1362 Fide
1632 1315 1677 1360 et
1702 1307 1816 1374 ipsa
1835 1304 1996 1395 Sarra

417 1418 603 1473 sterilis
637 1394 864 1468 virtutem
905 1411 959 1462 in
998 1406 1319 1474 conceptione
1360 1400 1565 1455 seminis
1603 1397 1809 1466 accepit,
1847 1394 1997 1446 etiam

420 1520 602 1577 praeter
630 1516 823 1573 tempus
850 1501 1011 1556 celatis
1029 1517 1047 1564 ;
1068 1497 1303 1569 quoniam
1331 1493 1529 1561 ﬁdelem
1555 1506 1660 1544 esse
1686 1487 1895 1542 credidit
1913 1486 1997 1556 qui

421 1599 736 1668 promiserat.
764 1593 977 1660 Propter
1004 1588 1136 1658 quod
1161 1586 1221 1639 ab
1247 1601 1346 1638 uno
1372 1583 1468 1636 orti
1493 1590 1627 1645 sunt,
1652 1589 1696 1633 et
1722 1578 1815 1632 hoc
1838 1591 1998 1630 emor-

422 1703 525 1755 tuo,
557 1701 794 1756 tanquam
834 1685 999 1739 sidera
1035 1682 1143 1734 εικιὶ
1177 1680 1231 1732 in
1258 1675 1594 1736 multitudine,
1625 1681 1670 1727 et
1696 1673 1821 1725 sicut
1845 1685 1999 1721 arena

419 1797 533 1850 qua
559 1790 630 1833 est
658 1778 724 1830 ad
754 1792 895 1830 oram
924 1774 1078 1826 maris
1106 1767 1484 1824 innumerabilis
1508 1763 1694 1835 (Hebr.
1720 1777 1794 1825 ιι,
1817 1758 1994 1830 8-12).

419 1872 551 1927 Cum
581 1872 706 1938 ergo
734 1877 1014 1933 utrumque
1035 1866 1527 1917 commemorasset.
1554 1855 1604 1908 id
1630 1863 1732 1917 est,
1756 1861 1809 1906 et
1830 1851 1995 1905 Abra-

420 1962 542 2013 ham
573 1969 622 2013 et
649 1960 882 2017 Sarram,
909 1967 1133 2020 eamque
1161 1950 1383 2003 dixisset
1411 1947 1527 2015 lege
1551 1941 1838 1997 senectutis
1865 1938 1995 1994 elle-

422 2061 545 2111 tam,
565 2050 657 2102 sed
692 2046 793 2099 lide
825 2046 1069 2096 virtutem
1091 2036 1423 2106 concipiendi
1447 2033 1665 2088 seminis
1691 2030 1993 2099 accepisse;

419 2157 604 2196 secure
632 2137 866 2191 subdidit
893 2135 960 2185 ab
990 2147 1094 2184 uno
1120 2139 1268 2183 ortos
1295 2136 1371 2181 tot
1398 2123 1622 2193 populos
1641 2164 1654 2185 ,
1695 2121 1784 2190 qui
1820 2118 1998 2173 multi-

420 2232 585 2287 tudini
629 2226 1001 2282 conferrentur
1043 2230 1330 2275 astrorum.
1363 2217 1429 2272 Ut
1457 2230 1587 2285 ergo
1616 2213 1801 2283 copula
1830 2225 2024 2280 expo--

420 2331 636 2377 ueretur
676 2327 948 2387 parentum
968 2355 981 2377 ,
1013 2323 1116 2365 tam
1147 2309 1316 2363 fidelis
1338 2309 1355 2339 ί
1378 2304 1703 2376 prazdicatio,
1736 2316 1889 2372 quam
1923 2299 1996 2354 rei

418 2421 580 2482 gestat
625 2410 820 2462 veritas
867 2403 1146 2474 imperavit
1175 2420 1187 2454 ε
1222 2410 1276 2453 ιιι
1311 2407 1487 2453 autem
1515 2396 1583 2451 de
1625 2395 1753 2464 ipsis
1792 2391 1997 2447 duobus

420 2506 473 2558 in
539 2497 999 2556 commendatione
1066 2499 1369 2563 propagata:
1436 2485 1823 2549 multitudinis,
1891 2497 1996 2537 non

420 2603 720 2660 utrumque,
762 2587 856 2641 sed
898 2588 1122 2640 alterum
1160 2582 1382 2645 diceret,
1406 2593 1493 2632 ars
1518 2575 1783 2631 laudantis
1810 2573 1997 2626 admo-

422 2684 555 2737 nuit.
578 2679 803 2735 Volebat
830 2677 1025 2746 quippe
1051 2670 1350 2732 ostendere,
1372 2677 1514 2722 certa
1546 2665 1678 2719 ﬁdes
1703 2678 1858 2732 quam
1887 2677 1998 2716 ina-

418 2791 521 2845 gna
569 2771 869 2832 meruisset,
909 2766 1092 2819 dicens
1133 2761 1365 2815 virtute'
1390 2759 1480 2812 Dei
1510 2755 1853 2810 excedentem
1893 2769 1996 2806 nu-

422 2842 595 2919 meros
623 2858 1008 2915 multitudinem
1040 2860 1411 2923 propagatain;
1440 2845 1888 2903 accommodatius
1929 2842 1995 2898 ad

420 2955 629 3012 laudem
656 2950 835 3021 operis
873 2948 989 3017 eius
1017 2960 1134 3000 esse
1167 2941 1527 3014 perpendens,
1557 2939 1601 2992 si
1640 2954 1706 2993 ex
1742 2951 1847 2991 uno
1878 2951 1992 2999 eos,

421 3064 577 3116 quam
621 3060 688 3099 cx
728 3041 934 3097 duobus
974 3039 1176 3093 diceret
1219 3042 1563 3104 procreatos;
1606 3032 1832 3085 maxime
1873 3044 1994 3083 cum

421 3140 473 3191 in
520 3135 689 3189 laudis
732 3138 1014 3202 augmento
1038 3128 1081 3192 ³,
1110 3140 1265 3196 quam
1294 3126 1510 3178 ultimus
1550 3136 1726 3176 sermo
1760 3119 1995 3175 cumula-

422 3232 530 3292 bat,
573 3227 773 3280 nullum
815 3230 957 3277 esset
992 3219 1226 3274 historia:
1265 3214 1619 3285 dispendium,
1650 3228 1805 3282 quam
1837 3226 1995 3281 supra

422 3320 695 3385 utriusque
726 3330 965 3385 persona:
994 3308 1500 3366 commemoratione
1530 3305 1885 3375 suppleverat.

489 3412 625 3463 Anc.
648 3406 745 3471 Qui
774 3413 825 3458 te
852 3402 981 3456 nihil
1010 3401 1188 3454 dicere
1215 3412 1318 3451 non
1350 3395 1612 3463 intelligit,
1639 3393 1763 3462 quid
1798 3392 1993 3446 intelli-

420 3508 508 3569 gat
534 3498 731 3552 nescio.
758 3496 976 3548 Dixeras
1002 3491 1310 3558 Apostolum
1343 3496 1619 3555 propterea
1646 3484 1863 3547 dixisse,
1892 3481 1995 3535 Per

422 3603 577 3640 unum
623 3584 873 3637 hominem
917 3589 1172 3651 peccatum
1219 3576 1417 3630 intravit
1457 3575 1506 3627 in
1549 3572 1826 3635 mundum,
1871 3572 1991 3641 quia

421 3675 719 3744 exemplum
786 3669 1033 3740 peccandi
1089 3667 1248 3721 homo
1310 3665 1399 3718 ille
1466 3662 1674 3718 caneris
1725 3662 1991 3731 praebuit:

428 3787 445 3818 ι
477 3766 606 3820 Nam
633 3766 675 3818 si
703 3760 1119 3833 generationem,
1151 3776 1170 3809 ι
1204 3756 1408 3826 inquis,
1441 3773 1459 3806 ι
1487 3769 1553 3809 eo
1579 3754 1696 3807 loco
1724 3753 1881 3807 vellet
1908 3752 1992 3806 in-

423 3857 604 3926 telligi,
627 3857 724 3910 Per
739 3854 871 3908 duos
887 3852 1102 3916 diceret,
1128 3864 1253 3912 non,
1280 3863 1367 3918 per
1381 3862 1537 3899 unum
1566 3864 1585 3897 ι
1611 3843 1745 3916 (Lib.
1762 3844 1814 3908 2,
1839 3860 1992 3914 capp.

422 3950 511 4012 56,
545 3947 684 4017 185)
729 3945 861 3999 Cum
891 3942 1067 4012 potius
1089 3983 1103 4007 ,
1145 3940 1189 3994 si
1226 3938 1527 4017 exemplum
1554 3937 1712 3991 vellet
1738 3936 1991 4005 intelligi,

423 4042 521 4095 l’cr
549 4055 704 4092 unam
728 4035 942 4099 diceret,
974 4048 1100 4097 non,
1121 4047 1206 4101 per
1223 4045 1395 4092 unum,
1417 4042 1575 4097 quam
1604 4034 1813 4081 constat
1831 4026 1992 4080 etiam

422 4132 519 4202 ipsi
549 4131 661 4184 viro
685 4144 780 4183 sua
798 4125 1102 4195 exemplum
1126 4122 1413 4193 prtcbuisse
1438 4119 1710 4190 peccandi.
1735 4118 1838 4174 Sed
1865 4119 1987 4188 quia

420 4222 759 4293 generatione
786 4224 1058 4288 peccatum
1084 4213 1298 4267 intravit
1323 4213 1374 4265 in
1404 4210 1676 4272 mundum,
1707 4209 1819 4263 sola
1842 4224 1995 4279 rcge-

422 4313 697 4368 ueratioue
720 4307 1033 4369 sanandum,
1063 4302 1184 4357 ideo
1209 4301 1364 4366 dixit,
1390 4316 1478 4368 per
1497 4314 1693 4352 unum:
1716 4298 1837 4367 quia
1859 4299 1995 4353 sicut
2060 4307 2068 4315 ‘

423 4403 634 4458 humani
654 4401 675 4431 ⁸
705 4397 1003 4466 exemplum
1034 4392 1232 4465 peccati
1260 4391 1421 4460 etrapit
1445 4404 1474 4444 a
1501 4389 1716 4453 femina,
1738 4389 1819 4444 sic.
1836 4403 1997 4458 gene-

421 4493 558 4547 ratio
595 4491 755 4559 ccepit
778 4505 808 4543 a
837 4487 981 4552 viro;
1017 4483 1418 4553 conceptionem
1444 4480 1637 4550 quippe
1672 4495 1791 4550 qua:
1819 4480 1885 4533 ad
1914 4479 1992 4536 le-

421 4583 617 4635 minam
663 4580 926 4647 pertinet,
972 4575 1250 4630 seminatio
1278 4586 1396 4639 qua:
1432 4570 1499 4624 ad
1523 4571 1692 4624 virum
1722 4572 1988 4640 pertinet,

420 4671 565 4725 nullo
587 4668 860 4721 dubitante
887 4666 1154 4735 praecedit.
1184 4663 1289 4719 Sed
1315 4678 1441 4718 ecce
1466 4663 1738 4717 inventum
1765 4672 1849 4716 est
1874 4664 1991 4718 evi-

420 4758 785 4815 dentissimum
813 4755 1193 4817 testimonium,
1222 4756 1334 4809 sive
1361 4770 1390 4806 a
1419 4764 1469 4809 te
1491 4755 1626 4823 ipso,
1655 4754 1768 4809 sive
1795 4753 1863 4809 ab
1887 4754 1993 4809 alio

418 4850 507 4921 qui
549 4849 648 4904 hoc
678 4846 769 4902 tibi
800 4844 1040 4901 fortassis
1067 4844 1290 4912 obiecit,
1324 4844 1414 4897 ubi
1450 4845 1567 4899 sine
1597 4844 1702 4898 ulla
1736 4844 1993 4913 ambigui-

420 4950 528 4996 tate
555 4941 623 4995 ab
648 4953 755 4993 uno
779 4937 880 4992 orti
906 4935 1031 4991 dicti
1061 4943 1186 4989 sunt
1209 4934 1643 5000 innumerabiles,
1673 4950 1794 4989 cum
1822 4935 1990 4988 virum

416 5039 471 5086 et
495 5030 774 5093 feminam,
804 5027 935 5083 duos
975 5025 1158 5096 utique
1190 5032 1472 5094 pereuntes,
1512 5034 1571 5079 ut
1600 5025 1871 5081 orirentur
1898 5025 1991 5079 ba-

419 5120 665 5175 buerint:
694 5117 789 5172 sed
814 5117 1013 5170 dictum
1033 5125 1115 5170 est
1141 5114 1454 5178 reetissime,
1478 5124 1692 5183 propter
1710 5114 1987 5169 csordium

415 5207 772 5279 generationis
793 5245 811 5270 ,
853 5205 994 5275 quod
1033 5220 1064 5259 a
1111 5207 1316 5260 semine
1346 5205 1443 5259 viri
1472 5212 1573 5260 est.
1606 5205 1840 5274 Denique
1866 5221 1987 5259 cum

417 5297 698 5355 laudabilia
726 5295 847 5350 fidei
872 5296 1111 5364 exempla
1138 5304 1479 5365 proponeret,
1498 5294 1566 5347 ab
1589 5294 1703 5364 ipso
1720 5295 1850 5350 Abel
1872 5309 1988 5349 coe-

417 5392 510 5460 pit,
542 5400 596 5444 ct
616 5395 1031 5444 commemorato
1056 5385 1321 5441 Abraham
1362 5386 1603 5454 pervenit
1644 5385 1710 5441 ad
1748 5385 1985 5441 Sarram.

448 5574 451 5575 ,
478 5528 491 5556 ¹
519 5526 589 5587 sic
624 5532 729 5573 Mss.
758 5530 809 5573 Λι
833 5524 990 5587 vlgn.,
1015 5516 1247 5587 haedum.

475 5587 494 5616 ⁸
528 5584 913 5644 alitimrtuteai.
938 5584 1232 5645 castigantur
1251 5593 1313 5631 ex
1338 5587 1444 5632 Mss.

477 5647 501 5686 ι
529 5649 599 5693 sic
619 5656 706 5696 Mss
750 5647 862 5708 illiti
888 5654 1068 5702 autem,
1096 5650 1371 5708 argumento

475 5715 495 5735 ο
521 5714 597 5753 )ls.
627 5713 767 5761 ωτι..
792 5706 1066 5754 humanum.

1082 290 1322 347 OPERIS
1360 281 1765 343 lMl’ERFEC’l‘l
1794 276 2064 334 CUNTlH
2105 275 2460 343 JUl.l.lNU.\l,
2492 250 2561 332 ’S.
2605 278 2968 335 AUGUSTINI

3522 286 3672 344 1288

2100 388 2215 443 Jam
2246 391 2424 460 utique
2451 392 2517 445 ab
2543 392 2635 445 illo
2663 394 2977 459 transierat,
3010 404 3064 447 et
3100 393 3165 449 de
3201 396 3315 465 ejus
3337 400 3567 469 conjuge
3596 401 3680 455 lo‘

2097 479 2354 549 quebatur
2381 500 2393 533 :
2420 489 2473 536 et
2500 494 2672 536 tamen
2694 498 2812 537 cum
2840 483 2906 537 ad
2936 486 3334 539 memorandam
3369 491 3679 557 generatio—

2099 586 2220 625 nem
2251 570 2492 626 immensi
2517 574 2691 642 populi
2722 583 2935 628 ventum
2960 584 3132 639 esset,
3158 576 3226 629 ad
3252 577 3395 630 illum
3427 594 3683 635 reversus

2098 671 2213 722 est;
2246 664 2365 731 quia
2398 663 2486 717 ille
2514 663 2725 732 genuit,
2763 664 2903 733 quod
2946 665 3033 718 illa
3076 668 3302 735 peperit.
3331 669 3483 734 Quod
3510 671 3588 736 si,
3622 682 3689 725 ut

2098 752 2380 819 debueras,
2406 756 2703 824 cogitares,
2739 770 2843 807 non
2886 755 3286 824 blaSpliemares
3317 759 3524 814 lidelem
3553 762 3683 816 lidei

2099 843 2523 911 praedicatorem,
2557 846 2645 914 qui
2672 845 2882 914 scripsit
2907 846 3219 915 Epistolam,
3244 858 3296 903 et
3321 851 3529 905 diceres
3552 869 3685 906 eum

2105 953 2127 986 ι
2153 944 2268 988 arte
2297 936 2467 988 laudis
2492 935 2842 989 admonitum.
2875 954 2894 987 ι
2922 936 3057 1003 Quid
3073 938 3426 1005 admonitum,
3456 943 3689 1011 (μιξεδοῖ

2100 1039 2166 1078 an
2197 1034 2252 1079 ιιι
2281 1025 2624 1091 mentiretur,
2667 1026 2735 1080 ab
2774 1042 2880 1081 uno
2923 1040 3173 1081 asserens
3214 1037 3396 1096 ortos,
3443 1032 3535 1100 qui
3576 1034 3687 1085 orti

2099 1126 2225 1171 sunt
2251 1132 2280 1170 ιι
2310 1116 2553 1172 duobus?
2583 1136 2602 1169 ι
2634 1118 3088 1173 accommodatius
3119 1138 3140 1172 ι
3169 1120 3413 1177 videlicet
3433 1165 3449 1187 ,
3478 1132 3535 1177 ut
3562 1124 3687 1178 cxi-

2100 1208 2303 1270 stiinas,
2337 1226 2356 1259 ι
2386 1207 2435 1261 id
2463 1222 2584 1262 esse
2605 1208 2954 1277 perpendens,
2983 1209 3051 1263 ad
3073 1210 3280 1266 laudem
3304 1214 3480 1281 operis
3508 1215 3618 1268 Dei.
3657 1234 3678 1267 ι

2101 1301 2318 1355 Multum
2345 1315 2494 1354 erras
2517 1319 2530 1354 :
2564 1317 2669 1354 non
2691 1302 2925 1356 delectat
2948 1302 3112 1357 Deum
3135 1302 3267 1357 falsa
3295 1306 3549 1361 laudatio.
3573 1308 3683 1362 So-

2102 1392 2181 1446 les
2209 1406 2327 1446 eam
2351 1401 2404 1444 tu
2425 1392 2637 1460 quidem
2662 1391 2888 1445 libenter
2908 1394 3165 1449 exhibere
3185 1395 3388 1449 libidini
3415 1414 3429 1449 :
3452 1398 3545 1452 sed
3568 1401 3688 1453 val-

2100 1481 2167 1536 de
2188 1480 2430 1550 disiilicet
2456 1481 2655 1535 falsitas
2677 1482 2906 1538 veritati.
2932 1481 3064 1537 Nam
3087 1491 3142 1538 et
3161 1484 3259 1553 ipsi
3286 1485 3488 1541 libidini
3511 1498 3562 1543 te
3582 1504 3689 1543 cur

2102 1574 2371 1643 praebeas,
2410 1589 2515 1627 non
2556 1572 2914 1638 laudatorem,
2951 1574 3045 1629 sed
3088 1574 3447 1643 adulatorem,
3476 1580 3686 1635 nescio.

2100 1664 2363 1735 Numquid
2394 1663 2513 1719 ideo
2542 1674 2592 1719 te
2628 1664 2745 1734 plus
2778 1664 3015 1718 amabit?
3054 1665 3279 1721 Prorsus
3318 1668 3518 1725 falleris
3546 1688 3561 1726 :
3591 1672 3685 1725 illa

2102 1772 2206 1812 non
2235 1768 2377 1811 amat
2401 1756 2691 1817 hominem.
2713 1756 2806 1810 sed
2831 1756 2985 1826 plane
3005 1757 3261 1823 stimulat,
3291 1770 3347 1814 ut
3374 1772 3514 1815 amet
3533 1764 3683 1833 quod

2099 1862 2280 1902 amare
2308 1858 2414 1901 non
2438 1846 2614 1902 debet.
2641 1847 2697 1902 Si
2721 1855 2896 1902 autem
2935 1857 3109 1916 potest
3149 1864 3483 1922 quocumque
3522 1853 3680 1909 locu-

2100 1939 2259 1993 tionis
2300 1938 2460 1993 modo
2499 1953 2604 1993 non
2645 1939 2988 2004 mendaciter,
3030 1941 3124 1994 sed
3155 1943 3413 1998 veraciter
3438 1944 3578 2011 diei,
3609 1960 3685 2000 ex

2101 2045 2207 2086 uno
2247 2046 2366 2086 esse
2394 2042 2539 2087 ortos
2558 2072 2573 2098 ,
2615 2034 2705 2102 qui
2734 2034 2835 2087 orti
2867 2042 3092 2089 suntex
3121 2035 3365 2091 duobus:
3392 2052 3488 2092 cur
3524 2048 3687 2107 putas

2101 2124 2220 2180 ideo
2243 2126 2635 2195 generationem
2665 2141 2769 2180 non
2796 2128 3033 2195 potuisse
3059 2129 3346 2191 insinuari,
3370 2130 3456 2183 ubi
3478 2131 3684 2185 dictum

2100 2226 2202 2281 est,
2232 2215 2332 2269 Per
2353 2233 2510 2270 unum
2542 2217 2793 2271 hominem
2819 2228 3080 2288 peccatum
3103 2220 3309 2273 intravit
3328 2221 3380 2273 in
3402 2221 3639 2275 mundum
3662 2238 3686 2287 ;

2099 2310 2219 2380 quia
2249 2310 2520 2380 generatio
2549 2311 2608 2364 lit
2645 2326 2740 2379 per
2768 2311 2934 2377 duos,
2964 2326 3067 2365 nou
3106 2327 3202 2382 per
3229 2315 3425 2367 unum?
3452 2312 3581 2369 Cum
3608 2315 3690 2369 sit

2099 2402 2343 2456 omnibus
2373 2412 2554 2457 notum
2579 2445 2594 2469 ,
2632 2411 2724 2457 aut
2751 2418 2873 2458 eum
2903 2404 3105 2472 potius,
3135 2416 3227 2459 aut
3257 2406 3401 2474 prius
3424 2422 3689 2477 generare

2099 2493 2185 2561 qui
2216 2493 2469 2557 seminat;
2495 2492 2741 2547 feminam
2764 2508 2890 2549 vero
2915 2504 3006 2548 aut
3033 2508 3138 2549 non
3163 2510 3432 2564 generare,
3460 2496 3553 2551 sed
3584 2512 3683 2566 pa-

2099 2597 2240 2646 rere,
2264 2591 2353 2636 aut
2376 2582 2419 2636 si
2445 2592 2498 2637 et
2527 2584 2639 2652 ipse
2665 2594 2847 2653 partus
2875 2594 3017 2639 recte
3042 2586 3307 2655 generatio
3326 2586 3429 2640 dici
3462 2596 3682 2656 potest,

2102 2672 2244 2741 prius
2272 2688 2387 2726 eam
2416 2673 2484 2727 de
2511 2675 2625 2726 viro
2652 2684 2941 2743 generante
2965 2676 3243 2744 concipere
3261 2718 3275 2742 ,
3306 2686 3361 2730 et
3388 2686 3572 2746 postea
3597 2678 3682 2731 fe-

2100 2771 2209 2815 tum
2256 2777 2411 2831 quem
2455 2772 2774 2833 conceperat
2813 2780 3089 2833 generare.
3122 2765 3352 2821 Proinde
3392 2767 3684 2835 Apostolus

2098 2868 2218 2908 eum
2248 2863 2519 2924 peccatum
2547 2856 2599 2908 in
2626 2856 2908 2919 mundum,
2946 2856 3089 2925 quod
3131 2856 3375 2911 Christus
3400 2873 3688 2927 regenera-

2098 2930 2242 3000 tione
2278 2946 2534 3011 dilueret,
2565 2948 2906 3015 generatione
2946 2947 3172 3002 intrasse
3212 2949 3373 3002 vellet
3418 2950 3680 3018 intelligi;

2099 3052 2188 3107 per
2216 3053 2370 3089 unum
2401 3021 2649 3091 hominem
2670 3038 2821 3103 dixit,
2853 3039 2941 3107 qui
2966 3047 3088 3092 tunc
3109 3039 3189 3092 vel
3220 3040 3363 3108 prius
3391 3040 3468 3094 vel
3503 3041 3687 3109 potius

2097 3131 2403 3201 generavit:
2431 3132 2721 3200 praesertim
2748 3133 2890 3201 quia,
2917 3141 2973 3185 ut
2989 3132 3098 3201 jam
3123 3132 3375 3198 diximus,
3399 3142 3451 3186 et
3483 3132 3576 3187 tibi
3601 3135 3685 3186 in-

2096 3224 2412 3278 eulcandum
2438 3232 2539 3288 est,
2562 3225 2605 3278 si
2634 3225 2734 3278 hoc
2761 3233 2974 3294 propter
2996 3226 3223 3294 exempli
3251 3226 3453 3281 diceret
3478 3227 3677 3296 princi-

2097 3323 2307 3383 patum,
2356 3329 2451 3383 per
2474 3329 2630 3367 unam
2656 3313 2859 3370 diceret
2878 3357 2890 3378 ,
2920 3330 2983 3370 es
3015 3331 3115 3385 qua
3145 3317 3370 3386 primum
3399 3318 3448 3370 in
3482 3331 3683 3385 genere

2100 3404 2330 3457 humano
2351 3402 2598 3472 peccandi
2622 3405 2879 3473 processit
2901 3405 3202 3474 exemplum
3224 3421 3240 3470 ;
3264 3414 3318 3459 et
3345 3406 3511 3475 magis
3540 3420 3681 3474 prm-

2098 3495 2411 3549 termitteret
2430 3494 2619 3560 virum,
2641 3510 2797 3564 quem
2826 3495 3062 3550 mulieris
3081 3496 3405 3565 exemplum,
3434 3506 3491 3550 ut
3516 3497 3679 3551 etiam

2097 3586 2211 3655 ipse
2242 3594 2482 3653 peccaret
2510 3584 2785 3651 imitando,
2814 3595 3033 3640 noverat
3058 3586 3425 3640 subsecutum.

2169 3675 2452 3731 LXXXVI.
2483 3676 2601 3732 Jun.
2631 3678 2707 3732 Ad
2732 3677 2986 3733 llebmos
3024 3694 3187 3748 ergo,
3219 3680 3306 3735 ubi
3349 3679 3416 3734 de
3450 3695 3679 3749 genera-

2098 3767 2241 3823 tione
2267 3783 2441 3823 sermo
2468 3778 2569 3834 est,
2600 3785 2663 3823 ea:
2682 3786 2783 3823 uno
2812 3770 3059 3824 dicuntur
3088 3771 3237 3824 multi
3265 3772 3535 3826 exstitisse
3560 3792 3573 3827 :
3606 3773 3675 3826 ad

2096 3858 2366 3914 Romanos
2404 3870 2579 3914 autem
2597 3900 2612 3923 ,
2643 3860 2731 3913 ubi
2758 3861 2828 3913 de
2857 3870 3078 3929 peccato
3107 3862 3393 3930 Apostolus
3422 3863 3675 3932 loquitur,

2098 3969 2188 4023 per
2222 3969 2379 4006 unum
2417 3953 2666 4006 hominem
2710 3952 2784 4005 ait
2822 3954 3046 4007 intrasse
3094 3964 3401 4023 peccatum;
3444 3969 3552 4024 quo
3580 3970 3679 4009 nu-

2097 4060 2247 4099 mero
2271 4044 2661 4099 absolutissima
2696 4058 2757 4099 se
2801 4043 2931 4097 nihil
2971 4043 3040 4099 de
3076 4046 3417 4114 generatione
3444 4046 3681 4101 sensisse

2098 4136 2388 4205 perdocuit.

2168 4228 2299 4282 Auc.
2328 4226 2525 4281 Contra
2554 4240 2642 4281 res
2671 4236 2881 4296 apertas
2906 4228 2985 4282 sic
3013 4227 3180 4296 loqui,
3211 4243 3316 4282 non
3347 4237 3428 4282 est
3449 4270 3463 4290 ,
3496 4238 3554 4282 ut
3578 4244 3680 4297 pn-

2099 4323 2198 4381 tas,
2221 4317 2519 4385 eloquentia
2537 4316 2837 4381 laudabilis,
2860 4318 2953 4372 sed
2982 4318 3305 4373 incredibilis
3326 4318 3674 4388 impudentia.

2168 4407 2472 4464 LXXXVII.
2501 4408 2619 4463 JUL.
2656 4408 2750 4463 L'bi
2780 4419 2957 4464 autem
2996 4410 3062 4464 de
3093 4410 3304 4464 Christo
3333 4409 3547 4476 dicitur,
3576 4409 3679 4475 Qui

2097 4501 2397 4567 sanctiﬁcat,
2416 4511 2462 4555 et
2475 4500 2634 4556 sancti
2637 4501 2872 4568 ﬁcantur,
2890 4517 2955 4555 ea:
2970 4518 3068 4555 uno
3089 4518 3261 4556 omnes
3280 4501 3463 4573 (Hebr.
3481 4517 3544 4567 ιι,
3562 4503 3622 4556 Η
3636 4504 3674 4570 );

2099 4610 2202 4648 non
2232 4593 2298 4648 de
2322 4593 2508 4658 Adam,
2543 4593 2636 4648 sed
2665 4592 2732 4647 de
2761 4593 2868 4648 Deo
2894 4594 3060 4662 accipi
3085 4602 3279 4664 potest,
3303 4595 3457 4663 cujus
3480 4595 3676 4649 virtute

2097 4684 2337 4739 Christus
2365 4683 2654 4738 secundum
2683 4698 2897 4738 carnem
2928 4683 3094 4739 factus
3124 4695 3226 4750 εει,
3251 4693 3305 4740 et
3324 4700 3481 4740 omne
3509 4701 3677 4755 genus

2099 4774 2384 4828 humanum
2410 4793 2422 4827 :
2443 4782 2497 4828 et
2517 4789 2610 4844 per
2631 4773 2732 4828 hoc
2751 4773 2814 4828 ad
2835 4773 3254 4829 labefactandam
3276 4776 3675 4844 intelligemi'uu

2097 4863 2364 4933 Apostoli,
2395 4878 2497 4932 qua
2525 4863 2660 4917 dixit
2685 4879 2779 4931 per
2806 4880 2967 4919 unum
2999 4864 3265 4919 hominem
3292 4875 3565 4934 peccatum
3599 4865 3678 4917 in-

2097 4963 2264 5008 trasse
2290 4953 2342 5007 in
2371 4953 2645 5016 mundum,
2668 4955 2891 5008 aliorum
2918 4956 3211 5010 similitudo
3237 4957 3520 5011 verborum
3545 4957 3674 5008 nihil

2096 5046 2262 5115 quivit
2286 5045 2475 5101 allerre
2500 5048 2771 5101 momenti.
2798 5046 3008 5101 Haereat
3037 5056 3210 5102 tamen
3241 5049 3289 5102 id
3316 5049 3455 5118 quod
3492 5050 3675 5115 sequi-

2097 5150 2181 5194 tur
2209 5142 2437 5195 maxime
2462 5140 2732 5209 prudentis
2756 5141 2933 5195 animo
2958 5142 3191 5208 lectoris,
3222 5151 3279 5195 ut
3304 5142 3559 5209 intelligat
3591 5160 3677 5196 me

2094 5229 2349 5285 hactenus
2375 5232 2540 5285 multo
2570 5232 2840 5287 remissius
2871 5248 3027 5302 quam
3067 5249 3154 5287 res
3181 5236 3502 5303 postulabat,
3531 5237 3673 5304 egis-

2095 5336 2172 5376 se.
2199 5323 2463 5376 l’atiamur
2491 5323 2705 5391 quippe,
2732 5332 2786 5389 ut
2808 5323 3052 5392 plurimis
3077 5324 3398 5377 testimoniis
3419 5324 3676 5377 doceatur

2093 5416 2506 5484 generationem,
2533 5429 2652 5483 quae
2681 5414 2780 5467 nisi
2811 5428 2905 5482 per
2927 5413 3061 5467 duos
3092 5416 3202 5468 lieri
3231 5430 3336 5468 non
3361 5423 3553 5483 potet.
3584 5416 3672 5485 agi

2096 5514 2270 5558 tamen
2296 5504 2453 5577 etiam
2474 5519 2565 5571 per
2586 5520 2746 5559 unum
2773 5504 2945 5560 solere
2969 5504 3092 5558 dici.
3116 5505 3308 5560 Verum
3333 5505 3463 5559 nihil
3489 5504 3674 5575 opinio

2097 5592 2327 5647 traducis
2375 5594 2699 5661 promovebit
2731 5612 2746 5647 :
2775 5594 2908 5650 cur?
2947 5594 3204 5650 Videlicet
3243 5594 3363 5665 quia
3402 5595 3501 5648 alia
3545 5603 3674 5648 sunt

2101 5698 2217 5754 quae
2247 5683 2479 5750 abusive,
2503 5686 2601 5739 alia
2627 5700 2744 5755 qua:
2780 5685 2991 5756 proprie
3030 5686 3252 5742 dicimus
3276 5703 3288 5740 :
3312 5696 3439 5756 ergo
3462 5700 3523 5741 ea
3545 5700 3670 5754 quae
