  <div class='ocr_page' id='page_1' title='image "/cluster/home/n/w/nwhite01/storage/ocr_20150623/45/hvd.32044096580667/156.png"; bbox 0 0 4004 6190; ppageno 0'>
   <div class='ocr_carea' id='block_1_1' title="bbox 323 251 461 312">
    <p class='ocr_par' dir='ltr' id='par_1_1' title="bbox 323 251 461 312">
     <span class='ocr_line' id='line_1_1' title="bbox 323 251 461 312; baseline -0.036 0"><span class='ocrx_word' id='word_1_1' title='bbox 323 259 345 312; x_wconf 78' lang='grc' dir='ltr'><strong>Ι</strong></span> <span class='ocrx_word' id='word_1_2' title='bbox 359 251 461 307; x_wconf 70' lang='grc'>235</span> 
     </span>
    </p>
   </div>
   <div class='ocr_carea' id='block_1_2' title="bbox 321 364 1910 455">
    <p class='ocr_par' dir='ltr' id='par_1_2' title="bbox 321 364 1910 455">
     <span class='ocr_line' id='line_1_2' title="bbox 321 364 1910 455; baseline -0.011 -17"><span class='ocrx_word' id='word_1_3' title='bbox 321 394 452 438; x_wconf 87' lang='lat' dir='ltr'><strong>sunt</strong></span> <span class='ocrx_word' id='word_1_4' title='bbox 483 384 716 455; x_wconf 82' lang='lat' dir='ltr'><strong>prepria,</strong></span> <span class='ocrx_word' id='word_1_5' title='bbox 748 364 1132 451; x_wconf 67' lang='lat' dir='ltr'><strong>appellationes</strong></span> <span class='ocrx_word' id='word_1_6' title='bbox 1173 391 1301 431; x_wconf 89' lang='lat' dir='ltr'><strong>suas</strong></span> <span class='ocrx_word' id='word_1_7' title='bbox 1343 376 1459 429; x_wconf 86' lang='lat' dir='ltr'><strong>sine</strong></span> <span class='ocrx_word' id='word_1_8' title='bbox 1488 370 1766 441; x_wconf 87' lang='lat' dir='ltr'><strong>dispendio</strong></span> <span class='ocrx_word' id='word_1_9' title='bbox 1802 371 1910 422; x_wconf 83' lang='lat' dir='ltr'><strong>lar-</strong></span> 
     </span>
    </p>
   </div>
   <div class='ocr_carea' id='block_1_3' title="bbox 320 459 1910 550">
    <p class='ocr_par' dir='ltr' id='par_1_3' title="bbox 320 459 1910 550">
     <span class='ocr_line' id='line_1_3' title="bbox 320 459 1910 550; baseline -0.011 -19"><span class='ocrx_word' id='word_1_10' title='bbox 320 459 578 550; x_wconf 69' lang='lat' dir='ltr'><strong>gutntur&#39;,</strong></span> <span class='ocrx_word' id='word_1_11' title='bbox 620 492 683 531; x_wconf 90' lang='lat' dir='ltr'><strong>ea</strong></span> <span class='ocrx_word' id='word_1_12' title='bbox 729 490 858 530; x_wconf 88' lang='lat' dir='ltr'><strong>vero</strong></span> <span class='ocrx_word' id='word_1_13' title='bbox 901 490 1020 544; x_wconf 71' lang='lat' dir='ltr'><strong>qua:</strong></span> <span class='ocrx_word' id='word_1_14' title='bbox 1066 487 1160 541; x_wconf 88' lang='lat' dir='ltr'><strong>per</strong></span> <span class='ocrx_word' id='word_1_15' title='bbox 1200 468 1598 539; x_wconf 76' lang='lat' dir='ltr'><strong>usurpationem</strong></span> <span class='ocrx_word' id='word_1_16' title='bbox 1643 465 1910 526; x_wconf 86' lang='lat' dir='ltr'><strong>dicuntur,</strong></span> 
     </span>
    </p>
   </div>
   <div class='ocr_carea' id='block_1_4' title="bbox 325 556 1912 639">
    <p class='ocr_par' dir='ltr' id='par_1_4' title="bbox 325 556 1912 639">
     <span class='ocr_line' id='line_1_4' title="bbox 325 556 1912 639; baseline -0.006 -19"><span class='ocrx_word' id='word_1_17' title='bbox 325 569 709 639; x_wconf 65' lang='lat' dir='ltr'><strong>principalibus</strong></span> <span class='ocrx_word' id='word_1_18' title='bbox 744 567 935 632; x_wconf 85' lang='lat' dir='ltr'><strong>rebus,</strong></span> <span class='ocrx_word' id='word_1_19' title='bbox 976 564 1221 619; x_wconf 85' lang='lat' dir='ltr'><strong>videlicet</strong></span> <span class='ocrx_word' id='word_1_20' title='bbox 1253 561 1510 632; x_wconf 82' lang='lat' dir='ltr'><strong>propriis,</strong></span> <span class='ocrx_word' id='word_1_21' title='bbox 1541 556 1912 613; x_wconf 85' lang='lat' dir='ltr'><strong>definitionum</strong></span> 
     </span>
    </p>
   </div>
   <div class='ocr_carea' id='block_1_5' title="bbox 320 647 1912 728">
    <p class='ocr_par' dir='ltr' id='par_1_5' title="bbox 320 647 1912 728">
     <span class='ocr_line' id='line_1_5' title="bbox 320 647 1912 728; baseline -0.009 -12"><span class='ocrx_word' id='word_1_22' title='bbox 320 677 547 716; x_wconf 85' lang='lat' dir='ltr'><strong>suarum</strong></span> <span class='ocrx_word' id='word_1_23' title='bbox 576 659 878 728; x_wconf 77' lang='lat' dir='ltr'><strong>prmjudicia</strong></span> <span class='ocrx_word' id='word_1_24' title='bbox 905 672 1011 711; x_wconf 92' lang='lat' dir='ltr'><strong>non</strong></span> <span class='ocrx_word' id='word_1_25' title='bbox 1038 657 1281 710; x_wconf 75' lang='lat' dir='ltr'><strong>sinuntur</strong></span> <span class='ocrx_word' id='word_1_26' title='bbox 1307 652 1593 713; x_wconf 82' lang='lat' dir='ltr'><strong>invehere;</strong></span> <span class='ocrx_word' id='word_1_27' title='bbox 1624 651 1787 717; x_wconf 84' lang='lat' dir='ltr'><strong>[itque</strong></span> <span class='ocrx_word' id='word_1_28' title='bbox 1809 647 1912 701; x_wconf 81' lang='lat' dir='ltr'><strong>hoc</strong></span> 
     </span>
    </p>
   </div>
   <div class='ocr_carea' id='block_1_6' title="bbox 321 738 1913 818">
    <p class='ocr_par' dir='ltr' id='par_1_6' title="bbox 321 738 1913 818">
     <span class='ocr_line' id='line_1_6' title="bbox 321 738 1913 818; baseline -0.008 -15"><span class='ocrx_word' id='word_1_29' title='bbox 321 761 499 805; x_wconf 82' lang='lat' dir='ltr'><strong>totum</strong></span> <span class='ocrx_word' id='word_1_30' title='bbox 543 749 949 818; x_wconf 82' lang='lat' dir='ltr'><strong>inculpabiliter,</strong></span> <span class='ocrx_word' id='word_1_31' title='bbox 988 762 1108 801; x_wconf 89' lang='lat' dir='ltr'><strong>cum</strong></span> <span class='ocrx_word' id='word_1_32' title='bbox 1153 738 1312 800; x_wconf 85' lang='lat' dir='ltr'><strong>rebus</strong></span> <span class='ocrx_word' id='word_1_33' title='bbox 1357 744 1424 798; x_wconf 89' lang='lat' dir='ltr'><strong>de</strong></span> <span class='ocrx_word' id='word_1_34' title='bbox 1467 742 1657 811; x_wconf 83' lang='lat' dir='ltr'><strong>quibus</strong></span> <span class='ocrx_word' id='word_1_35' title='bbox 1696 754 1799 793; x_wconf 83' lang='lat' dir='ltr'><strong>non</strong></span> <span class='ocrx_word' id='word_1_36' title='bbox 1831 746 1913 793; x_wconf 90' lang='lat' dir='ltr'><strong>est</strong></span> 
     </span>
    </p>
   </div>
   <div class='ocr_carea' id='block_1_7' title="bbox 322 830 1912 909">
    <p class='ocr_par' dir='ltr' id='par_1_7' title="bbox 322 830 1912 909">
     <span class='ocr_line' id='line_1_7' title="bbox 322 830 1912 909; baseline -0.007 -17"><span class='ocrx_word' id='word_1_37' title='bbox 322 842 438 895; x_wconf 85' lang='lat' dir='ltr'><strong>ulla</strong></span> <span class='ocrx_word' id='word_1_38' title='bbox 479 841 769 906; x_wconf 88' lang='lat' dir='ltr'><strong>dubitatio,</strong></span> <span class='ocrx_word' id='word_1_39' title='bbox 805 855 900 909; x_wconf 86' lang='lat' dir='ltr'><strong>per</strong></span> <span class='ocrx_word' id='word_1_40' title='bbox 929 839 1240 894; x_wconf 80' lang='lat' dir='ltr'><strong>abusionem</strong></span> <span class='ocrx_word' id='word_1_41' title='bbox 1279 833 1533 889; x_wconf 83' lang='lat' dir='ltr'><strong>vocabula</strong></span> <span class='ocrx_word' id='word_1_42' title='bbox 1577 830 1912 900; x_wconf 90' lang='lat' dir='ltr'><strong>impertimur</strong></span> 
     </span>
    </p>
   </div>
   <div class='ocr_carea' id='block_1_8' title="bbox 318 924 1917 986">
    <p class='ocr_par' dir='ltr' id='par_1_8' title="bbox 318 924 1917 986">
     <span class='ocr_line' id='line_1_8' title="bbox 318 924 1917 986; baseline -0.012 0"><span class='ocrx_word' id='word_1_43' title='bbox 318 933 516 986; x_wconf 72' lang='lat' dir='ltr'><strong>aliena.</strong></span> <span class='ocrx_word' id='word_1_44' title='bbox 1912 924 1917 929; x_wconf 82' lang='lat'>&#39;</span> 
     </span>
    </p>
   </div>
   <div class='ocr_carea' id='block_1_9' title="bbox 396 1012 1908 1088">
    <p class='ocr_par' dir='ltr' id='par_1_9' title="bbox 396 1012 1908 1088">
     <span class='ocr_line' id='line_1_9' title="bbox 396 1012 1908 1088; baseline -0.009 -11"><span class='ocrx_word' id='word_1_45' title='bbox 396 1025 530 1078; x_wconf 77' lang='lat' dir='ltr'><strong>Aes.</strong></span> <span class='ocrx_word' id='word_1_46' title='bbox 551 1022 658 1077; x_wconf 78' lang='lat' dir='ltr'><strong>Sed</strong></span> <span class='ocrx_word' id='word_1_47' title='bbox 688 1033 743 1076; x_wconf 91' lang='lat' dir='ltr'><strong>tu</strong></span> <span class='ocrx_word' id='word_1_48' title='bbox 769 1021 1175 1087; x_wconf 71' lang='lat' dir='ltr'><strong>dubitationem,</strong></span> <span class='ocrx_word' id='word_1_49' title='bbox 1202 1018 1400 1088; x_wconf 87' lang='lat' dir='ltr'><strong>apertis</strong></span> <span class='ocrx_word' id='word_1_50' title='bbox 1424 1016 1582 1072; x_wconf 87' lang='lat' dir='ltr'><strong>etiam</strong></span> <span class='ocrx_word' id='word_1_51' title='bbox 1610 1012 1772 1070; x_wconf 90' lang='lat' dir='ltr'><strong>rebus</strong></span> <span class='ocrx_word' id='word_1_52' title='bbox 1790 1026 1908 1082; x_wconf 79' lang='lat' dir='ltr'><strong>qua:</strong></span> 
     </span>
    </p>
   </div>
   <div class='ocr_carea' id='block_1_10' title="bbox 313 1113 1207 1176">
    <p class='ocr_par' dir='ltr' id='par_1_10' title="bbox 313 1113 1207 1176">
     <span class='ocr_line' id='line_1_10' title="bbox 313 1113 1207 1176; baseline -0.003 -9"><span class='ocrx_word' id='word_1_53' title='bbox 313 1122 504 1168; x_wconf 69' lang='lat' dir='ltr'><strong>contra</strong></span> <span class='ocrx_word' id='word_1_54' title='bbox 540 1124 591 1169; x_wconf 92' lang='lat' dir='ltr'><strong>te</strong></span> <span class='ocrx_word' id='word_1_55' title='bbox 619 1114 831 1176; x_wconf 90' lang='lat' dir='ltr'><strong>fuerint,</strong></span> <span class='ocrx_word' id='word_1_56' title='bbox 856 1113 1102 1168; x_wconf 78' lang='lat' dir='ltr'><strong>illaturus</strong></span> <span class='ocrx_word' id='word_1_57' title='bbox 1128 1126 1207 1167; x_wconf 87' lang='lat' dir='ltr'><strong>es.</strong></span> 
     </span>
    </p>
   </div>
   <div class='ocr_carea' id='block_1_11' title="bbox 394 1200 1907 1270">
    <p class='ocr_par' dir='ltr' id='par_1_11' title="bbox 394 1200 1907 1270">
     <span class='ocr_line' id='line_1_11' title="bbox 394 1200 1907 1270; baseline -0.007 -9"><span class='ocrx_word' id='word_1_58' title='bbox 394 1205 722 1264; x_wconf 71' lang='lat' dir='ltr'><strong>LXXXVIII.</strong></span> <span class='ocrx_word' id='word_1_59' title='bbox 749 1205 866 1260; x_wconf 70' lang='lat' dir='ltr'><strong>Jue.</strong></span> <span class='ocrx_word' id='word_1_60' title='bbox 898 1206 1161 1260; x_wconf 67' lang='lat' dir='ltr'><strong>Caeterum</strong></span> <span class='ocrx_word' id='word_1_61' title='bbox 1208 1218 1333 1258; x_wconf 89' lang='lat' dir='ltr'><strong>cum</strong></span> <span class='ocrx_word' id='word_1_62' title='bbox 1376 1215 1465 1257; x_wconf 85' lang='lat' dir='ltr'><strong>res</strong></span> <span class='ocrx_word' id='word_1_63' title='bbox 1506 1200 1679 1270; x_wconf 86' lang='lat' dir='ltr'><strong>aliqua</strong></span> <span class='ocrx_word' id='word_1_64' title='bbox 1722 1205 1907 1252; x_wconf 88' lang='lat' dir='ltr'><strong>contra</strong></span> 
     </span>
    </p>
   </div>
   <div class='ocr_carea' id='block_1_12' title="bbox 309 1288 1908 1366">
    <p class='ocr_par' dir='ltr' id='par_1_12' title="bbox 309 1288 1908 1366">
     <span class='ocr_line' id='line_1_12' title="bbox 309 1288 1908 1366; baseline -0.005 -16"><span class='ocrx_word' id='word_1_65' title='bbox 309 1299 624 1366; x_wconf 80' lang='lat' dir='ltr'><strong>opinionem</strong></span> <span class='ocrx_word' id='word_1_66' title='bbox 662 1299 901 1352; x_wconf 90' lang='lat' dir='ltr'><strong>omnium</strong></span> <span class='ocrx_word' id='word_1_67' title='bbox 944 1311 1010 1352; x_wconf 91' lang='lat' dir='ltr'><strong>eo</strong></span> <span class='ocrx_word' id='word_1_68' title='bbox 1051 1309 1301 1351; x_wconf 86' lang='lat' dir='ltr'><strong>sermone</strong></span> <span class='ocrx_word' id='word_1_69' title='bbox 1342 1293 1628 1354; x_wconf 88' lang='lat' dir='ltr'><strong>inducitur,</strong></span> <span class='ocrx_word' id='word_1_70' title='bbox 1660 1291 1712 1343; x_wconf 91' lang='lat' dir='ltr'><strong>iu</strong></span> <span class='ocrx_word' id='word_1_71' title='bbox 1755 1288 1908 1358; x_wconf 81' lang='lat' dir='ltr'><strong>cujus</strong></span> 
     </span>
    </p>
   </div>
   <div class='ocr_carea' id='block_1_13' title="bbox 310 1378 1907 1457">
    <p class='ocr_par' dir='ltr' id='par_1_13' title="bbox 310 1378 1907 1457">
     <span class='ocr_line' id='line_1_13' title="bbox 310 1378 1907 1457; baseline -0.005 -17"><span class='ocrx_word' id='word_1_72' title='bbox 310 1403 457 1441; x_wconf 84' lang='lat' dir='ltr'><strong>sono</strong></span> <span class='ocrx_word' id='word_1_73' title='bbox 491 1388 656 1442; x_wconf 85' lang='lat' dir='ltr'><strong>habet</strong></span> <span class='ocrx_word' id='word_1_74' title='bbox 697 1403 855 1442; x_wconf 90' lang='lat' dir='ltr'><strong>omne</strong></span> <span class='ocrx_word' id='word_1_75' title='bbox 890 1386 1225 1457; x_wconf 69' lang='lat' dir='ltr'><strong>praesidium;</strong></span> <span class='ocrx_word' id='word_1_76' title='bbox 1270 1386 1510 1455; x_wconf 75' lang='lat' dir='ltr'><strong>graviter</strong></span> <span class='ocrx_word' id='word_1_77' title='bbox 1560 1388 1829 1452; x_wconf 87' lang='lat' dir='ltr'><strong>peccatur,</strong></span> <span class='ocrx_word' id='word_1_78' title='bbox 1861 1378 1907 1432; x_wconf 90' lang='lat' dir='ltr'><strong>si</strong></span> 
     </span>
    </p>
   </div>
   <div class='ocr_carea' id='block_1_14' title="bbox 309 1471 1905 1548">
    <p class='ocr_par' dir='ltr' id='par_1_14' title="bbox 309 1471 1905 1548">
     <span class='ocr_line' id='line_1_14' title="bbox 309 1471 1905 1548; baseline -0.003 -19"><span class='ocrx_word' id='word_1_79' title='bbox 309 1480 538 1548; x_wconf 79' lang='lat' dir='ltr'><strong>proprio</strong></span> <span class='ocrx_word' id='word_1_80' title='bbox 578 1479 692 1546; x_wconf 85' lang='lat' dir='ltr'><strong>ejus</strong></span> <span class='ocrx_word' id='word_1_81' title='bbox 732 1479 948 1535; x_wconf 79' lang='lat' dir='ltr'><strong>nomine</strong></span> <span class='ocrx_word' id='word_1_82' title='bbox 987 1477 1055 1533; x_wconf 86' lang='lat' dir='ltr'><strong>ad</strong></span> <span class='ocrx_word' id='word_1_83' title='bbox 1081 1492 1295 1531; x_wconf 89' lang='lat' dir='ltr'><strong>manum</strong></span> <span class='ocrx_word' id='word_1_84' title='bbox 1328 1476 1533 1546; x_wconf 85' lang='lat' dir='ltr'><strong>posito,</strong></span> <span class='ocrx_word' id='word_1_85' title='bbox 1574 1471 1905 1528; x_wconf 88' lang='lat' dir='ltr'><strong>emendieata</strong></span> 
     </span>
    </p>
   </div>
   <div class='ocr_carea' id='block_1_15' title="bbox 309 1563 1906 1639">
    <p class='ocr_par' dir='ltr' id='par_1_15' title="bbox 309 1563 1906 1639">
     <span class='ocr_line' id='line_1_15' title="bbox 309 1563 1906 1639; baseline -0.002 -18"><span class='ocrx_word' id='word_1_86' title='bbox 309 1570 524 1624; x_wconf 84' lang='lat' dir='ltr'><strong>abusivi</strong></span> <span class='ocrx_word' id='word_1_87' title='bbox 553 1570 909 1639; x_wconf 81' lang='lat' dir='ltr'><strong>appellatione</strong></span> <span class='ocrx_word' id='word_1_88' title='bbox 948 1570 1206 1638; x_wconf 80' lang='lat' dir='ltr'><strong>signetur.</strong></span> <span class='ocrx_word' id='word_1_89' title='bbox 1253 1567 1388 1623; x_wconf 90' lang='lat' dir='ltr'><strong>Cum</strong></span> <span class='ocrx_word' id='word_1_90' title='bbox 1432 1581 1561 1636; x_wconf 86' lang='lat' dir='ltr'><strong>ergo</strong></span> <span class='ocrx_word' id='word_1_91' title='bbox 1599 1565 1669 1620; x_wconf 89' lang='lat' dir='ltr'><strong>de</strong></span> <span class='ocrx_word' id='word_1_92' title='bbox 1708 1563 1906 1619; x_wconf 86' lang='lat' dir='ltr'><strong>fetibus</strong></span> 
     </span>
    </p>
   </div>
   <div class='ocr_carea' id='block_1_16' title="bbox 308 1654 1902 1731">
    <p class='ocr_par' dir='ltr' id='par_1_16' title="bbox 308 1654 1902 1731">
     <span class='ocr_line' id='line_1_16' title="bbox 308 1654 1902 1731; baseline -0.005 -15"><span class='ocrx_word' id='word_1_93' title='bbox 308 1677 501 1716; x_wconf 82' lang='lat' dir='ltr'><strong>sermo</strong></span> <span class='ocrx_word' id='word_1_94' title='bbox 524 1673 629 1727; x_wconf 90' lang='lat' dir='ltr'><strong>est,</strong></span> <span class='ocrx_word' id='word_1_95' title='bbox 660 1661 911 1731; x_wconf 86' lang='lat' dir='ltr'><strong>quoniam</strong></span> <span class='ocrx_word' id='word_1_96' title='bbox 943 1660 1120 1720; x_wconf 85' lang='lat' dir='ltr'><strong>nullus</strong></span> <span class='ocrx_word' id='word_1_97' title='bbox 1156 1659 1364 1714; x_wconf 87' lang='lat' dir='ltr'><strong>dubitat</strong></span> <span class='ocrx_word' id='word_1_98' title='bbox 1401 1659 1529 1729; x_wconf 92' lang='lat' dir='ltr'><strong>quin</strong></span> <span class='ocrx_word' id='word_1_99' title='bbox 1560 1665 1717 1711; x_wconf 90' lang='lat' dir='ltr'><strong>natus</strong></span> <span class='ocrx_word' id='word_1_100' title='bbox 1752 1654 1902 1724; x_wconf 88' lang='lat' dir='ltr'><strong>quis-</strong></span> 
     </span>
    </p>
   </div>
   <div class='ocr_carea' id='block_1_17' title="bbox 307 1745 1904 1822">
    <p class='ocr_par' dir='ltr' id='par_1_17' title="bbox 307 1745 1904 1822">
     <span class='ocr_line' id='line_1_17' title="bbox 307 1745 1904 1822; baseline -0.005 -17"><span class='ocrx_word' id='word_1_101' title='bbox 307 1768 425 1822; x_wconf 78' lang='lat' dir='ltr'><strong>que</strong></span> <span class='ocrx_word' id='word_1_102' title='bbox 453 1752 585 1807; x_wconf 87' lang='lat' dir='ltr'><strong>duos</strong></span> <span class='ocrx_word' id='word_1_103' title='bbox 611 1752 802 1806; x_wconf 86' lang='lat' dir='ltr'><strong>habeat</strong></span> <span class='ocrx_word' id='word_1_104' title='bbox 830 1760 1100 1821; x_wconf 85' lang='lat' dir='ltr'><strong>parentes,</strong></span> <span class='ocrx_word' id='word_1_105' title='bbox 1132 1765 1234 1804; x_wconf 89' lang='lat' dir='ltr'><strong>nec</strong></span> <span class='ocrx_word' id='word_1_106' title='bbox 1259 1749 1360 1804; x_wconf 93' lang='lat' dir='ltr'><strong>hoe</strong></span> <span class='ocrx_word' id='word_1_107' title='bbox 1381 1747 1791 1816; x_wconf 83' lang='lat' dir='ltr'><strong>adstipulatione</strong></span> <span class='ocrx_word' id='word_1_108' title='bbox 1822 1745 1904 1797; x_wconf 91' lang='lat' dir='ltr'><strong>in-</strong></span> 
     </span>
    </p>
   </div>
   <div class='ocr_carea' id='block_1_18' title="bbox 298 1838 1905 1911">
    <p class='ocr_par' dir='ltr' id='par_1_18' title="bbox 298 1838 1905 1911">
     <span class='ocr_line' id='line_1_18' title="bbox 298 1838 1905 1911; baseline -0.002 -17"><span class='ocrx_word' id='word_1_109' title='bbox 298 1842 500 1911; x_wconf 78' lang='lat' dir='ltr'><strong>diget;</strong></span> <span class='ocrx_word' id='word_1_110' title='bbox 526 1857 630 1896; x_wconf 92' lang='lat' dir='ltr'><strong>non</strong></span> <span class='ocrx_word' id='word_1_111' title='bbox 659 1841 1076 1898; x_wconf 83' lang='lat' dir='ltr'><strong>ineommodabit</strong></span> <span class='ocrx_word' id='word_1_112' title='bbox 1103 1840 1415 1903; x_wconf 89' lang='lat' dir='ltr'><strong>intellectui,</strong></span> <span class='ocrx_word' id='word_1_113' title='bbox 1443 1839 1489 1893; x_wconf 91' lang='lat' dir='ltr'><strong>si</strong></span> <span class='ocrx_word' id='word_1_114' title='bbox 1514 1838 1686 1893; x_wconf 89' lang='lat' dir='ltr'><strong>dicam</strong></span> <span class='ocrx_word' id='word_1_115' title='bbox 1712 1852 1779 1891; x_wconf 78' lang='lat' dir='ltr'><strong>ex</strong></span> <span class='ocrx_word' id='word_1_116' title='bbox 1801 1850 1905 1891; x_wconf 88' lang='lat' dir='ltr'><strong>uno</strong></span> 
     </span>
    </p>
   </div>
   <div class='ocr_carea' id='block_1_19' title="bbox 305 1930 1905 2003">
    <p class='ocr_par' dir='ltr' id='par_1_19' title="bbox 305 1930 1905 2003">
     <span class='ocr_line' id='line_1_19' title="bbox 305 1930 1905 2003; baseline -0.003 -18"><span class='ocrx_word' id='word_1_117' title='bbox 305 1933 471 1988; x_wconf 86' lang='lat' dir='ltr'><strong>illum</strong></span> <span class='ocrx_word' id='word_1_118' title='bbox 495 1949 613 1989; x_wconf 84' lang='lat' dir='ltr'><strong>esse</strong></span> <span class='ocrx_word' id='word_1_119' title='bbox 637 1941 945 2003; x_wconf 86' lang='lat' dir='ltr'><strong>generatum</strong></span> <span class='ocrx_word' id='word_1_120' title='bbox 969 1951 984 1988; x_wconf 90' lang='lat'><strong>:</strong></span> <span class='ocrx_word' id='word_1_121' title='bbox 1013 1932 1280 1987; x_wconf 90' lang='lat' dir='ltr'><strong>neminem</strong></span> <span class='ocrx_word' id='word_1_122' title='bbox 1320 1930 1517 2000; x_wconf 83' lang='lat' dir='ltr'><strong>quippe</strong></span> <span class='ocrx_word' id='word_1_123' title='bbox 1542 1943 1723 1983; x_wconf 87' lang='lat' dir='ltr'><strong>sermo</strong></span> <span class='ocrx_word' id='word_1_124' title='bbox 1753 1941 1905 1981; x_wconf 84' lang='lat' dir='ltr'><strong>meus</strong></span> 
     </span>
    </p>
   </div>
   <div class='ocr_carea' id='block_1_20' title="bbox 298 2021 1900 2094">
    <p class='ocr_par' dir='ltr' id='par_1_20' title="bbox 298 2021 1900 2094">
     <span class='ocr_line' id='line_1_20' title="bbox 298 2021 1900 2094; baseline -0.002 -17"><span class='ocrx_word' id='word_1_125' title='bbox 298 2025 453 2078; x_wconf 79' lang='lat' dir='ltr'><strong>adeo</strong></span> <span class='ocrx_word' id='word_1_126' title='bbox 484 2027 831 2093; x_wconf 85' lang='lat' dir='ltr'><strong>pertnovebit,</strong></span> <span class='ocrx_word' id='word_1_127' title='bbox 860 2035 917 2079; x_wconf 92' lang='lat' dir='ltr'><strong>ut</strong></span> <span class='ocrx_word' id='word_1_128' title='bbox 941 2033 1088 2094; x_wconf 89' lang='lat' dir='ltr'><strong>putet</strong></span> <span class='ocrx_word' id='word_1_129' title='bbox 1108 2024 1261 2080; x_wconf 87' lang='lat' dir='ltr'><strong>illum</strong></span> <span class='ocrx_word' id='word_1_130' title='bbox 1291 2023 1438 2079; x_wconf 89' lang='lat' dir='ltr'><strong>nasci</strong></span> <span class='ocrx_word' id='word_1_131' title='bbox 1462 2031 1554 2076; x_wconf 87' lang='lat' dir='ltr'><strong>aut</strong></span> <span class='ocrx_word' id='word_1_132' title='bbox 1578 2021 1695 2076; x_wconf 91' lang='lat' dir='ltr'><strong>sine</strong></span> <span class='ocrx_word' id='word_1_133' title='bbox 1718 2027 1900 2090; x_wconf 84' lang='lat' dir='ltr'><strong>patre,</strong></span> 
     </span>
    </p>
   </div>
   <div class='ocr_carea' id='block_1_21' title="bbox 304 2115 1037 2185">
    <p class='ocr_par' dir='ltr' id='par_1_21' title="bbox 304 2115 1037 2185">
     <span class='ocr_line' id='line_1_21' title="bbox 304 2115 1037 2185; baseline 0 -18"><span class='ocrx_word' id='word_1_134' title='bbox 304 2123 413 2167; x_wconf 87' lang='lat' dir='ltr'><strong>aut</strong></span> <span class='ocrx_word' id='word_1_135' title='bbox 441 2115 558 2171; x_wconf 81' lang='lat' dir='ltr'><strong>sine</strong></span> <span class='ocrx_word' id='word_1_136' title='bbox 585 2125 753 2170; x_wconf 80' lang='lat' dir='ltr'><strong>matre</strong></span> <span class='ocrx_word' id='word_1_137' title='bbox 783 2116 1037 2185; x_wconf 88' lang='lat' dir='ltr'><strong>potuisse.</strong></span> 
     </span>
    </p>
   </div>
   <div class='ocr_carea' id='block_1_22' title="bbox 390 2200 1907 2275">
    <p class='ocr_par' dir='ltr' id='par_1_22' title="bbox 390 2200 1907 2275">
     <span class='ocr_line' id='line_1_22' title="bbox 390 2200 1907 2275; baseline -0.004 -15"><span class='ocrx_word' id='word_1_138' title='bbox 390 2208 523 2262; x_wconf 74' lang='lat' dir='ltr'><strong>Ave.</strong></span> <span class='ocrx_word' id='word_1_139' title='bbox 556 2206 721 2261; x_wconf 85' lang='lat' dir='ltr'><strong>Natus</strong></span> <span class='ocrx_word' id='word_1_140' title='bbox 749 2206 963 2275; x_wconf 83' lang='lat' dir='ltr'><strong>quidem</strong></span> <span class='ocrx_word' id='word_1_141' title='bbox 1006 2205 1140 2259; x_wconf 83' lang='lat' dir='ltr'><strong>duos</strong></span> <span class='ocrx_word' id='word_1_142' title='bbox 1182 2212 1437 2273; x_wconf 90' lang='lat' dir='ltr'><strong>parentes</strong></span> <span class='ocrx_word' id='word_1_143' title='bbox 1477 2201 1640 2257; x_wconf 84' lang='lat' dir='ltr'><strong>habet</strong></span> <span class='ocrx_word' id='word_1_144' title='bbox 1673 2220 1685 2253; x_wconf 92' lang='lat'>:</span> <span class='ocrx_word' id='word_1_145' title='bbox 1716 2200 1809 2256; x_wconf 88' lang='lat' dir='ltr'><strong>sed</strong></span> <span class='ocrx_word' id='word_1_146' title='bbox 1851 2210 1907 2254; x_wconf 93' lang='lat' dir='ltr'><strong>ut</strong></span> 
     </span>
    </p>
   </div>
   <div class='ocr_carea' id='block_1_23' title="bbox 307 2293 1908 2366">
    <p class='ocr_par' dir='ltr' id='par_1_23' title="bbox 307 2293 1908 2366">
     <span class='ocr_line' id='line_1_23' title="bbox 307 2293 1908 2366; baseline -0.004 -14"><span class='ocrx_word' id='word_1_147' title='bbox 307 2307 590 2363; x_wconf 83' lang='lat' dir='ltr'><strong>nascatur,</strong></span> <span class='ocrx_word' id='word_1_148' title='bbox 617 2313 754 2353; x_wconf 90' lang='lat' dir='ltr'><strong>unus</strong></span> <span class='ocrx_word' id='word_1_149' title='bbox 780 2313 902 2353; x_wconf 89' lang='lat' dir='ltr'><strong>eum</strong></span> <span class='ocrx_word' id='word_1_150' title='bbox 931 2296 1160 2353; x_wconf 89' lang='lat' dir='ltr'><strong>serendo</strong></span> <span class='ocrx_word' id='word_1_151' title='bbox 1186 2295 1375 2366; x_wconf 91' lang='lat' dir='ltr'><strong>gignit,</strong></span> <span class='ocrx_word' id='word_1_152' title='bbox 1399 2296 1564 2350; x_wconf 91' lang='lat' dir='ltr'><strong>altera</strong></span> <span class='ocrx_word' id='word_1_153' title='bbox 1589 2293 1795 2350; x_wconf 90' lang='lat' dir='ltr'><strong>edendo</strong></span> <span class='ocrx_word' id='word_1_154' title='bbox 1817 2307 1908 2363; x_wconf 81' lang='lat' dir='ltr'><strong>pa-</strong></span> 
     </span>
    </p>
   </div>
   <div class='ocr_carea' id='block_1_24' title="bbox 306 2383 1905 2458">
    <p class='ocr_par' dir='ltr' id='par_1_24' title="bbox 306 2383 1905 2458">
     <span class='ocr_line' id='line_1_24' title="bbox 306 2383 1905 2458; baseline -0.004 -15"><span class='ocrx_word' id='word_1_155' title='bbox 306 2390 406 2443; x_wconf 87' lang='lat' dir='ltr'><strong>rit.</strong></span> <span class='ocrx_word' id='word_1_156' title='bbox 436 2387 590 2444; x_wconf 89' lang='lat' dir='ltr'><strong>Unde</strong></span> <span class='ocrx_word' id='word_1_157' title='bbox 619 2390 747 2443; x_wconf 86' lang='lat' dir='ltr'><strong>satis</strong></span> <span class='ocrx_word' id='word_1_158' title='bbox 785 2395 1039 2458; x_wconf 86' lang='lat' dir='ltr'><strong>apparet,</strong></span> <span class='ocrx_word' id='word_1_159' title='bbox 1066 2387 1151 2442; x_wconf 89' lang='lat' dir='ltr'><strong>eui</strong></span> <span class='ocrx_word' id='word_1_160' title='bbox 1177 2387 1253 2441; x_wconf 77' lang='lat' dir='ltr'><strong>sit</strong></span> <span class='ocrx_word' id='word_1_161' title='bbox 1286 2386 1653 2456; x_wconf 81' lang='lat' dir='ltr'><strong>potissimum,</strong></span> <span class='ocrx_word' id='word_1_162' title='bbox 1694 2383 1779 2440; x_wconf 84' lang='lat' dir='ltr'><strong>vel</strong></span> <span class='ocrx_word' id='word_1_163' title='bbox 1821 2384 1905 2438; x_wconf 89' lang='lat' dir='ltr'><strong>cui</strong></span> 
     </span>
    </p>
   </div>
   <div class='ocr_carea' id='block_1_25' title="bbox 308 2474 1905 2548">
    <p class='ocr_par' dir='ltr' id='par_1_25' title="bbox 308 2474 1905 2548">
     <span class='ocr_line' id='line_1_25' title="bbox 308 2474 1905 2548; baseline -0.003 -15"><span class='ocrx_word' id='word_1_164' title='bbox 308 2480 547 2548; x_wconf 85' lang='lat' dir='ltr'><strong>primum</strong></span> <span class='ocrx_word' id='word_1_165' title='bbox 571 2479 843 2548; x_wconf 80' lang='lat' dir='ltr'><strong>generatio</strong></span> <span class='ocrx_word' id='word_1_166' title='bbox 873 2478 1182 2542; x_wconf 89' lang='lat' dir='ltr'><strong>tribuenda;</strong></span> <span class='ocrx_word' id='word_1_167' title='bbox 1215 2484 1272 2532; x_wconf 81' lang='lat' dir='ltr'><strong>tit</strong></span> <span class='ocrx_word' id='word_1_168' title='bbox 1290 2476 1507 2531; x_wconf 76' lang='lat' dir='ltr'><strong>desinas</strong></span> <span class='ocrx_word' id='word_1_169' title='bbox 1531 2474 1763 2529; x_wconf 88' lang='lat' dir='ltr'><strong>rebusin</strong></span> <span class='ocrx_word' id='word_1_170' title='bbox 1782 2474 1905 2529; x_wconf 87' lang='lat' dir='ltr'><strong>luce</strong></span> 
     </span>
    </p>
   </div>
   <div class='ocr_carea' id='block_1_26' title="bbox 309 2565 1905 2641">
    <p class='ocr_par' dir='ltr' id='par_1_26' title="bbox 309 2565 1905 2641">
     <span class='ocr_line' id='line_1_26' title="bbox 309 2565 1905 2641; baseline -0.003 -18"><span class='ocrx_word' id='word_1_171' title='bbox 309 2569 511 2641; x_wconf 82' lang='lat' dir='ltr'><strong>positis</strong></span> <span class='ocrx_word' id='word_1_172' title='bbox 537 2569 755 2624; x_wconf 86' lang='lat' dir='ltr'><strong>nebulas</strong></span> <span class='ocrx_word' id='word_1_173' title='bbox 781 2568 1112 2638; x_wconf 88' lang='lat' dir='ltr'><strong>loquacitatis</strong></span> <span class='ocrx_word' id='word_1_174' title='bbox 1146 2566 1442 2622; x_wconf 72' lang='lat' dir='ltr'><strong>oﬂ‘undete.</strong></span> <span class='ocrx_word' id='word_1_175' title='bbox 1469 2565 1598 2633; x_wconf 87' lang='lat' dir='ltr'><strong>Quis</strong></span> <span class='ocrx_word' id='word_1_176' title='bbox 1626 2573 1802 2619; x_wconf 88' lang='lat' dir='ltr'><strong>autem</strong></span> <span class='ocrx_word' id='word_1_177' title='bbox 1827 2565 1905 2619; x_wconf 90' lang='lat' dir='ltr'><strong>sic</strong></span> 
     </span>
    </p>
   </div>
   <div class='ocr_carea' id='block_1_27' title="bbox 310 2655 1904 2730">
    <p class='ocr_par' dir='ltr' id='par_1_27' title="bbox 310 2655 1904 2730">
     <span class='ocr_line' id='line_1_27' title="bbox 310 2655 1904 2730; baseline -0.005 -15"><span class='ocrx_word' id='word_1_178' title='bbox 310 2660 577 2730; x_wconf 89' lang='lat' dir='ltr'><strong>loquitur,</strong></span> <span class='ocrx_word' id='word_1_179' title='bbox 606 2670 663 2713; x_wconf 84' lang='lat' dir='ltr'><strong>tit</strong></span> <span class='ocrx_word' id='word_1_180' title='bbox 686 2659 827 2714; x_wconf 89' lang='lat' dir='ltr'><strong>dicat</strong></span> <span class='ocrx_word' id='word_1_181' title='bbox 853 2672 1171 2729; x_wconf 88' lang='lat' dir='ltr'><strong>quemquam</strong></span> <span class='ocrx_word' id='word_1_182' title='bbox 1199 2673 1263 2712; x_wconf 80' lang='lat' dir='ltr'><strong>ex</strong></span> <span class='ocrx_word' id='word_1_183' title='bbox 1286 2671 1393 2711; x_wconf 92' lang='lat' dir='ltr'><strong>uno</strong></span> <span class='ocrx_word' id='word_1_184' title='bbox 1411 2655 1759 2725; x_wconf 79' lang='lat' dir='ltr'><strong>generatum?</strong></span> <span class='ocrx_word' id='word_1_185' title='bbox 1782 2669 1904 2708; x_wconf 88' lang='lat' dir='ltr'><strong>cum</strong></span> 
     </span>
    </p>
   </div>
   <div class='ocr_carea' id='block_1_28' title="bbox 312 2747 1906 2823">
    <p class='ocr_par' dir='ltr' id='par_1_28' title="bbox 312 2747 1906 2823">
     <span class='ocr_line' id='line_1_28' title="bbox 312 2747 1906 2823; baseline -0.003 -18"><span class='ocrx_word' id='word_1_186' title='bbox 312 2752 499 2806; x_wconf 86' lang='lat' dir='ltr'><strong>omnis</strong></span> <span class='ocrx_word' id='word_1_187' title='bbox 525 2752 614 2823; x_wconf 91' lang='lat' dir='ltr'><strong>qui</strong></span> <span class='ocrx_word' id='word_1_188' title='bbox 642 2752 745 2805; x_wconf 88' lang='lat' dir='ltr'><strong>hoc</strong></span> <span class='ocrx_word' id='word_1_189' title='bbox 772 2750 958 2815; x_wconf 90' lang='lat' dir='ltr'><strong>audit,</strong></span> <span class='ocrx_word' id='word_1_190' title='bbox 989 2764 1094 2804; x_wconf 89' lang='lat' dir='ltr'><strong>non</strong></span> <span class='ocrx_word' id='word_1_191' title='bbox 1138 2748 1335 2817; x_wconf 78' lang='lat' dir='ltr'><strong>cogitet</strong></span> <span class='ocrx_word' id='word_1_192' title='bbox 1380 2747 1483 2801; x_wconf 82' lang='lat' dir='ltr'><strong>nisi</strong></span> <span class='ocrx_word' id='word_1_193' title='bbox 1531 2755 1732 2816; x_wconf 70' lang='lat' dir='ltr'><strong>patrem</strong></span> <span class='ocrx_word' id='word_1_194' title='bbox 1755 2784 1773 2811; x_wconf 93' lang='lat'><strong>,</strong></span> <span class='ocrx_word' id='word_1_195' title='bbox 1805 2760 1906 2801; x_wconf 85' lang='lat' dir='ltr'><strong>nec</strong></span> 
     </span>
    </p>
   </div>
   <div class='ocr_carea' id='block_1_29' title="bbox 316 2835 1904 2909">
    <p class='ocr_par' dir='ltr' id='par_1_29' title="bbox 316 2835 1904 2909">
     <span class='ocr_line' id='line_1_29' title="bbox 316 2835 1904 2909; baseline -0.003 -13"><span class='ocrx_word' id='word_1_196' title='bbox 316 2840 936 2898; x_wconf 86' lang='lat' dir='ltr'><strong>hominemsemiuando</strong></span> <span class='ocrx_word' id='word_1_197' title='bbox 952 2848 1173 2909; x_wconf 80' lang='lat' dir='ltr'><strong>generet</strong></span> <span class='ocrx_word' id='word_1_198' title='bbox 1197 2839 1214 2870; x_wconf 73' lang='grc' dir='ltr'><strong>ι</strong></span> <span class='ocrx_word' id='word_1_199' title='bbox 1238 2838 1339 2894; x_wconf 89' lang='lat' dir='ltr'><strong>nisi</strong></span> <span class='ocrx_word' id='word_1_200' title='bbox 1361 2853 1496 2891; x_wconf 83' lang='lat' dir='ltr'><strong>unus</strong></span> <span class='ocrx_word' id='word_1_201' title='bbox 1520 2846 1686 2906; x_wconf 86' lang='lat' dir='ltr'><strong>pater.</strong></span> <span class='ocrx_word' id='word_1_202' title='bbox 1711 2835 1816 2891; x_wconf 90' lang='lat' dir='ltr'><strong>Sed</strong></span> <span class='ocrx_word' id='word_1_203' title='bbox 1838 2851 1904 2891; x_wconf 83' lang='lat' dir='ltr'><strong>ex</strong></span> 
     </span>
    </p>
   </div>
   <div class='ocr_carea' id='block_1_30' title="bbox 320 2928 1904 3002">
    <p class='ocr_par' dir='ltr' id='par_1_30' title="bbox 320 2928 1904 3002">
     <span class='ocr_line' id='line_1_30' title="bbox 320 2928 1904 3002; baseline -0.004 -15"><span class='ocrx_word' id='word_1_204' title='bbox 320 2948 437 2988; x_wconf 87' lang='lat' dir='ltr'><strong>uno</strong></span> <span class='ocrx_word' id='word_1_205' title='bbox 463 2934 695 3002; x_wconf 80' lang='lat' dir='ltr'><strong>generati</strong></span> <span class='ocrx_word' id='word_1_206' title='bbox 717 2931 824 2987; x_wconf 87' lang='lat' dir='ltr'><strong>duo</strong></span> <span class='ocrx_word' id='word_1_207' title='bbox 848 2932 929 2987; x_wconf 91' lang='lat' dir='ltr'><strong>vel</strong></span> <span class='ocrx_word' id='word_1_208' title='bbox 959 2933 1138 3001; x_wconf 90' lang='lat' dir='ltr'><strong>plures</strong></span> <span class='ocrx_word' id='word_1_209' title='bbox 1161 2939 1306 2986; x_wconf 90' lang='lat' dir='ltr'><strong>recte</strong></span> <span class='ocrx_word' id='word_1_210' title='bbox 1330 2929 1433 2984; x_wconf 87' lang='lat' dir='ltr'><strong>dici</strong></span> <span class='ocrx_word' id='word_1_211' title='bbox 1463 2930 1657 2993; x_wconf 88' lang='lat' dir='ltr'><strong>solent,</strong></span> <span class='ocrx_word' id='word_1_212' title='bbox 1679 2928 1770 2998; x_wconf 89' lang='lat' dir='ltr'><strong>qui</strong></span> <span class='ocrx_word' id='word_1_213' title='bbox 1798 2941 1904 2981; x_wconf 92' lang='lat' dir='ltr'><strong>non</strong></span> 
     </span>
    </p>
   </div>
   <div class='ocr_carea' id='block_1_31' title="bbox 316 3017 1905 3093">
    <p class='ocr_par' dir='ltr' id='par_1_31' title="bbox 316 3017 1905 3093">
     <span class='ocr_line' id='line_1_31' title="bbox 316 3017 1905 3093; baseline -0.006 -12"><span class='ocrx_word' id='word_1_214' title='bbox 316 3028 521 3081; x_wconf 85' lang='lat' dir='ltr'><strong>habere</strong></span> <span class='ocrx_word' id='word_1_215' title='bbox 545 3040 707 3080; x_wconf 92' lang='lat' dir='ltr'><strong>unum</strong></span> <span class='ocrx_word' id='word_1_216' title='bbox 748 3033 949 3093; x_wconf 85' lang='lat' dir='ltr'><strong>patrem</strong></span> <span class='ocrx_word' id='word_1_217' title='bbox 990 3030 1208 3092; x_wconf 86' lang='lat' dir='ltr'><strong>possent</strong></span> <span class='ocrx_word' id='word_1_218' title='bbox 1248 3020 1559 3077; x_wconf 77' lang='lat' dir='ltr'><strong>exisdmari.</strong></span> <span class='ocrx_word' id='word_1_219' title='bbox 1603 3017 1703 3077; x_wconf 87' lang='lat' dir='ltr'><strong>Ubi</strong></span> <span class='ocrx_word' id='word_1_220' title='bbox 1729 3026 1905 3073; x_wconf 89' lang='lat' dir='ltr'><strong>autem</strong></span> 
     </span>
    </p>
   </div>
   <div class='ocr_carea' id='block_1_32' title="bbox 318 3109 1906 3188">
    <p class='ocr_par' dir='ltr' id='par_1_32' title="bbox 318 3109 1906 3188">
     <span class='ocr_line' id='line_1_32' title="bbox 318 3109 1906 3188; baseline -0.006 -17"><span class='ocrx_word' id='word_1_221' title='bbox 318 3127 477 3188; x_wconf 88' lang='lat' dir='ltr'><strong>pater</strong></span> <span class='ocrx_word' id='word_1_222' title='bbox 495 3126 549 3171; x_wconf 90' lang='lat' dir='ltr'><strong>et</strong></span> <span class='ocrx_word' id='word_1_223' title='bbox 574 3125 742 3170; x_wconf 87' lang='lat' dir='ltr'><strong>mater</strong></span> <span class='ocrx_word' id='word_1_224' title='bbox 763 3125 887 3169; x_wconf 91' lang='lat' dir='ltr'><strong>sunt</strong></span> <span class='ocrx_word' id='word_1_225' title='bbox 927 3112 1228 3183; x_wconf 88' lang='lat' dir='ltr'><strong>cogitandi,</strong></span> <span class='ocrx_word' id='word_1_226' title='bbox 1258 3114 1376 3181; x_wconf 90' lang='lat' dir='ltr'><strong>quis</strong></span> <span class='ocrx_word' id='word_1_227' title='bbox 1397 3126 1465 3166; x_wconf 75' lang='lat' dir='ltr'><strong>ex</strong></span> <span class='ocrx_word' id='word_1_228' title='bbox 1490 3126 1596 3165; x_wconf 91' lang='lat' dir='ltr'><strong>uno</strong></span> <span class='ocrx_word' id='word_1_229' title='bbox 1622 3119 1776 3164; x_wconf 91' lang='lat' dir='ltr'><strong>natus</strong></span> <span class='ocrx_word' id='word_1_230' title='bbox 1802 3109 1906 3163; x_wconf 80' lang='lat' dir='ltr'><strong>nisi</strong></span> 
     </span>
    </p>
   </div>
   <div class='ocr_carea' id='block_1_33' title="bbox 318 3199 1905 3274">
    <p class='ocr_par' dir='ltr' id='par_1_33' title="bbox 318 3199 1905 3274">
     <span class='ocr_line' id='line_1_33' title="bbox 318 3199 1905 3274; baseline -0.005 -12"><span class='ocrx_word' id='word_1_231' title='bbox 318 3207 655 3263; x_wconf 85' lang='lat' dir='ltr'><strong>mendaciter</strong></span> <span class='ocrx_word' id='word_1_232' title='bbox 682 3202 1204 3274; x_wconf 62' lang='lat' dir='ltr'><strong>dicitur‘iNnmquid</strong></span> <span class='ocrx_word' id='word_1_233' title='bbox 1247 3203 1426 3269; x_wconf 90' lang='lat' dir='ltr'><strong>enim,</strong></span> <span class='ocrx_word' id='word_1_234' title='bbox 1471 3202 1518 3256; x_wconf 86' lang='lat' dir='ltr'><strong>si</strong></span> <span class='ocrx_word' id='word_1_235' title='bbox 1565 3199 1905 3255; x_wconf 88' lang='lat' dir='ltr'><strong>manifestum</strong></span> 
     </span>
    </p>
   </div>
   <div class='ocr_carea' id='block_1_34' title="bbox 318 3288 1903 3360">
    <p class='ocr_par' dir='ltr' id='par_1_34' title="bbox 318 3288 1903 3360">
     <span class='ocr_line' id='line_1_34' title="bbox 318 3288 1903 3360; baseline -0.004 -10"><span class='ocrx_word' id='word_1_236' title='bbox 318 3299 399 3351; x_wconf 79' lang='lat' dir='ltr'><strong>sit</strong></span> <span class='ocrx_word' id='word_1_237' title='bbox 425 3288 744 3351; x_wconf 57' lang='lat' dir='ltr'><strong>duos&#39;simul</strong></span> <span class='ocrx_word' id='word_1_238' title='bbox 774 3295 1113 3359; x_wconf 85' lang='lat' dir='ltr'><strong>ambulasse,</strong></span> <span class='ocrx_word' id='word_1_239' title='bbox 1141 3300 1231 3346; x_wconf 88' lang='lat' dir='ltr'><strong>aut</strong></span> <span class='ocrx_word' id='word_1_240' title='bbox 1269 3290 1469 3360; x_wconf 82' lang='lat' dir='ltr'><strong>aliquid</strong></span> <span class='ocrx_word' id='word_1_241' title='bbox 1508 3291 1667 3345; x_wconf 87' lang='lat' dir='ltr'><strong>simul</strong></span> <span class='ocrx_word' id='word_1_242' title='bbox 1702 3291 1903 3359; x_wconf 81' lang='lat' dir='ltr'><strong>egisse,</strong></span> 
     </span>
    </p>
   </div>
   <div class='ocr_carea' id='block_1_35' title="bbox 319 3383 1906 3447">
    <p class='ocr_par' dir='ltr' id='par_1_35' title="bbox 319 3383 1906 3447">
     <span class='ocr_line' id='line_1_35' title="bbox 319 3383 1906 3447; baseline -0.007 -1"><span class='ocrx_word' id='word_1_243' title='bbox 319 3391 448 3446; x_wconf 91' lang='lat' dir='ltr'><strong>ideo</strong></span> <span class='ocrx_word' id='word_1_244' title='bbox 475 3391 591 3445; x_wconf 91' lang='lat' dir='ltr'><strong>sine</strong></span> <span class='ocrx_word' id='word_1_245' title='bbox 619 3388 896 3444; x_wconf 87' lang='lat' dir='ltr'><strong>mendacio</strong></span> <span class='ocrx_word' id='word_1_246' title='bbox 920 3386 1054 3441; x_wconf 89' lang='lat' dir='ltr'><strong>dicis</strong></span> <span class='ocrx_word' id='word_1_247' title='bbox 1075 3401 1240 3441; x_wconf 91' lang='lat' dir='ltr'><strong>unum</strong></span> <span class='ocrx_word' id='word_1_248' title='bbox 1271 3383 1593 3447; x_wconf 89' lang='lat' dir='ltr'><strong>ambulasse,</strong></span> <span class='ocrx_word' id='word_1_249' title='bbox 1625 3390 1718 3437; x_wconf 89' lang='lat' dir='ltr'><strong>aut</strong></span> <span class='ocrx_word' id='word_1_250' title='bbox 1743 3397 1906 3436; x_wconf 92' lang='lat' dir='ltr'><strong>unum</strong></span> 
     </span>
    </p>
   </div>
   <div class='ocr_carea' id='block_1_36' title="bbox 323 3473 1909 3550">
    <p class='ocr_par' dir='ltr' id='par_1_36' title="bbox 323 3473 1909 3550">
     <span class='ocr_line' id='line_1_36' title="bbox 323 3473 1909 3550; baseline -0.004 -14"><span class='ocrx_word' id='word_1_251' title='bbox 323 3482 432 3537; x_wconf 84' lang='lat' dir='ltr'><strong>hoc</strong></span> <span class='ocrx_word' id='word_1_252' title='bbox 466 3482 639 3550; x_wconf 80' lang='lat' dir='ltr'><strong>egisse</strong></span> <span class='ocrx_word' id='word_1_253' title='bbox 657 3521 672 3544; x_wconf 95' lang='lat'><strong>,</strong></span> <span class='ocrx_word' id='word_1_254' title='bbox 700 3480 823 3549; x_wconf 86' lang='lat' dir='ltr'><strong>quia</strong></span> <span class='ocrx_word' id='word_1_255' title='bbox 853 3477 1194 3533; x_wconf 88' lang='lat' dir='ltr'><strong>manifestum</strong></span> <span class='ocrx_word' id='word_1_256' title='bbox 1220 3485 1303 3531; x_wconf 88' lang='lat' dir='ltr'><strong>est</strong></span> <span class='ocrx_word' id='word_1_257' title='bbox 1331 3474 1466 3530; x_wconf 89' lang='lat' dir='ltr'><strong>duos</strong></span> <span class='ocrx_word' id='word_1_258' title='bbox 1505 3473 1703 3529; x_wconf 84' lang='lat' dir='ltr'><strong>fuisse?</strong></span> <span class='ocrx_word' id='word_1_259' title='bbox 1720 3473 1909 3530; x_wconf 78' lang='lat' dir='ltr'><strong>Nonne</strong></span> 
     </span>
    </p>
   </div>
   <div class='ocr_carea' id='block_1_37' title="bbox 320 3566 1907 3638">
    <p class='ocr_par' dir='ltr' id='par_1_37' title="bbox 320 3566 1907 3638">
     <span class='ocr_line' id='line_1_37' title="bbox 320 3566 1907 3638; baseline -0.004 -10"><span class='ocrx_word' id='word_1_260' title='bbox 320 3573 662 3628; x_wconf 87' lang='lat' dir='ltr'><strong>mendacium</strong></span> <span class='ocrx_word' id='word_1_261' title='bbox 692 3580 837 3626; x_wconf 90' lang='lat' dir='ltr'><strong>tuum</strong></span> <span class='ocrx_word' id='word_1_262' title='bbox 879 3578 1025 3625; x_wconf 88' lang='lat' dir='ltr'><strong>tanto</strong></span> <span class='ocrx_word' id='word_1_263' title='bbox 1061 3570 1164 3624; x_wconf 90' lang='lat' dir='ltr'><strong>erit</strong></span> <span class='ocrx_word' id='word_1_264' title='bbox 1191 3566 1550 3638; x_wconf 88' lang='lat' dir='ltr'><strong>impudentius</strong></span> <span class='ocrx_word' id='word_1_265' title='bbox 1572 3606 1587 3632; x_wconf 89' lang='lat'><strong>,</strong></span> <span class='ocrx_word' id='word_1_266' title='bbox 1615 3576 1816 3637; x_wconf 83' lang='lat' dir='ltr'><strong>quanto</strong></span> <span class='ocrx_word' id='word_1_267' title='bbox 1841 3567 1907 3621; x_wconf 94' lang='lat' dir='ltr'><strong>il-</strong></span> 
     </span>
    </p>
   </div>
   <div class='ocr_carea' id='block_1_38' title="bbox 322 3658 1910 3734">
    <p class='ocr_par' dir='ltr' id='par_1_38' title="bbox 322 3658 1910 3734">
     <span class='ocr_line' id='line_1_38' title="bbox 322 3658 1910 3734; baseline -0.004 -17"><span class='ocrx_word' id='word_1_268' title='bbox 322 3664 417 3719; x_wconf 90' lang='lat' dir='ltr'><strong>lud</strong></span> <span class='ocrx_word' id='word_1_269' title='bbox 456 3663 729 3734; x_wconf 82' lang='lat' dir='ltr'><strong>apertius?</strong></span> <span class='ocrx_word' id='word_1_270' title='bbox 768 3662 990 3717; x_wconf 88' lang='lat' dir='ltr'><strong>Ponitur</strong></span> <span class='ocrx_word' id='word_1_271' title='bbox 1015 3659 1231 3730; x_wconf 90' lang='lat' dir='ltr'><strong>quidem</strong></span> <span class='ocrx_word' id='word_1_272' title='bbox 1268 3667 1325 3714; x_wconf 91' lang='lat' dir='ltr'><strong>et</strong></span> <span class='ocrx_word' id='word_1_273' title='bbox 1351 3658 1632 3729; x_wconf 87' lang='lat' dir='ltr'><strong>singularis</strong></span> <span class='ocrx_word' id='word_1_274' title='bbox 1656 3671 1910 3712; x_wconf 89' lang='lat' dir='ltr'><strong>numerus</strong></span> 
     </span>
    </p>
   </div>
   <div class='ocr_carea' id='block_1_39' title="bbox 325 3749 1910 3826">
    <p class='ocr_par' dir='ltr' id='par_1_39' title="bbox 325 3749 1910 3826">
     <span class='ocr_line' id='line_1_39' title="bbox 325 3749 1910 3826; baseline -0.006 -15"><span class='ocrx_word' id='word_1_275' title='bbox 325 3770 426 3826; x_wconf 78' lang='lat' dir='ltr'><strong>pro</strong></span> <span class='ocrx_word' id='word_1_276' title='bbox 458 3756 680 3826; x_wconf 90' lang='lat' dir='ltr'><strong>plurali,</strong></span> <span class='ocrx_word' id='word_1_277' title='bbox 720 3754 923 3824; x_wconf 88' lang='lat' dir='ltr'><strong>tropica</strong></span> <span class='ocrx_word' id='word_1_278' title='bbox 948 3753 1217 3808; x_wconf 90' lang='lat' dir='ltr'><strong>locutione</strong></span> <span class='ocrx_word' id='word_1_279' title='bbox 1237 3793 1252 3817; x_wconf 93' lang='lat'><strong>,</strong></span> <span class='ocrx_word' id='word_1_280' title='bbox 1284 3750 1422 3805; x_wconf 88' lang='lat' dir='ltr'><strong>sicut</strong></span> <span class='ocrx_word' id='word_1_281' title='bbox 1445 3750 1498 3804; x_wconf 92' lang='lat' dir='ltr'><strong>in</strong></span> <span class='ocrx_word' id='word_1_282' title='bbox 1527 3749 1696 3820; x_wconf 87' lang='lat' dir='ltr'><strong>plagis</strong></span> <span class='ocrx_word' id='word_1_283' title='bbox 1718 3749 1910 3818; x_wconf 90' lang='lat' dir='ltr'><strong>quibus</strong></span> 
     </span>
    </p>
   </div>
   <div class='ocr_carea' id='block_1_40' title="bbox 327 3842 1913 3918">
    <p class='ocr_par' dir='ltr' id='par_1_40' title="bbox 327 3842 1913 3918">
     <span class='ocr_line' id='line_1_40' title="bbox 327 3842 1913 3918; baseline -0.005 -15"><span class='ocrx_word' id='word_1_284' title='bbox 327 3863 582 3917; x_wconf 87' lang='lat' dir='ltr'><strong>percussa</strong></span> <span class='ocrx_word' id='word_1_285' title='bbox 612 3856 696 3902; x_wconf 90' lang='lat' dir='ltr'><strong>est</strong></span> <span class='ocrx_word' id='word_1_286' title='bbox 728 3846 1028 3918; x_wconf 69' lang='lat' dir='ltr'><strong>Egyptus,</strong></span> <span class='ocrx_word' id='word_1_287' title='bbox 1074 3844 1160 3898; x_wconf 90' lang='lat' dir='ltr'><strong>ubi</strong></span> <span class='ocrx_word' id='word_1_288' title='bbox 1197 3843 1393 3898; x_wconf 89' lang='lat' dir='ltr'><strong>dicitur</strong></span> <span class='ocrx_word' id='word_1_289' title='bbox 1430 3856 1561 3896; x_wconf 89' lang='lat' dir='ltr'><strong>rana</strong></span> <span class='ocrx_word' id='word_1_290' title='bbox 1598 3842 1682 3896; x_wconf 85' lang='lat' dir='ltr'><strong>vel</strong></span> <span class='ocrx_word' id='word_1_291' title='bbox 1710 3842 1913 3897; x_wconf 87' lang='lat' dir='ltr'><strong>locusta</strong></span> 
     </span>
    </p>
   </div>
   <div class='ocr_carea' id='block_1_41' title="bbox 325 3929 1913 4006">
    <p class='ocr_par' dir='ltr' id='par_1_41' title="bbox 325 3929 1913 4006">
     <span class='ocr_line' id='line_1_41' title="bbox 325 3929 1913 4006; baseline -0.006 -15"><span class='ocrx_word' id='word_1_292' title='bbox 325 3952 554 3993; x_wconf 89' lang='lat' dir='ltr'><strong>numero</strong></span> <span class='ocrx_word' id='word_1_293' title='bbox 574 3939 595 3968; x_wconf 81' lang='grc'>³</span> <span class='ocrx_word' id='word_1_294' title='bbox 636 3937 818 4006; x_wconf 90' lang='lat' dir='ltr'><strong>utique</strong></span> <span class='ocrx_word' id='word_1_295' title='bbox 861 3934 1115 4004; x_wconf 85' lang='lat' dir='ltr'><strong>singulari</strong></span> <span class='ocrx_word' id='word_1_296' title='bbox 1158 3933 1177 4002; x_wconf 93' lang='lat'><strong>(</strong></span> <span class='ocrx_word' id='word_1_297' title='bbox 1202 3931 1348 3986; x_wconf 82' lang='lat' dir='ltr'><strong>Psal.</strong></span> <span class='ocrx_word' id='word_1_298' title='bbox 1382 3946 1590 3995; x_wconf 80' lang='lat' dir='ltr'><strong>uxvn,</strong></span> <span class='ocrx_word' id='word_1_299' title='bbox 1618 3931 1723 3997; x_wconf 69' lang='grc'><strong>45,</strong></span> <span class='ocrx_word' id='word_1_300' title='bbox 1745 3929 1834 3996; x_wconf 71' lang='grc'><strong>46,</strong></span> <span class='ocrx_word' id='word_1_301' title='bbox 1865 3938 1913 3983; x_wconf 86' lang='lat' dir='ltr'><strong>et</strong></span> 
     </span>
    </p>
   </div>
   <div class='ocr_carea' id='block_1_42' title="bbox 333 4020 1912 4097">
    <p class='ocr_par' dir='ltr' id='par_1_42' title="bbox 333 4020 1912 4097">
     <span class='ocr_line' id='line_1_42' title="bbox 333 4020 1912 4097; baseline -0.006 -14"><span class='ocrx_word' id='word_1_302' title='bbox 333 4030 480 4083; x_wconf 75' lang='lat' dir='ltr'><strong>Psal.</strong></span> <span class='ocrx_word' id='word_1_303' title='bbox 502 4043 610 4094; x_wconf 84' lang='lat' dir='ltr'><strong>etv,</strong></span> <span class='ocrx_word' id='word_1_304' title='bbox 641 4028 710 4083; x_wconf 62' lang='grc'><strong>54</strong></span> <span class='ocrx_word' id='word_1_305' title='bbox 731 4029 770 4097; x_wconf 83' lang='grc'><strong>),</strong></span> <span class='ocrx_word' id='word_1_306' title='bbox 794 4041 916 4082; x_wconf 89' lang='lat' dir='ltr'><strong>cum</strong></span> <span class='ocrx_word' id='word_1_307' title='bbox 944 4024 1122 4079; x_wconf 69' lang='lat' dir='ltr'><strong>multa:</strong></span> <span class='ocrx_word' id='word_1_308' title='bbox 1151 4021 1384 4078; x_wconf 88' lang='lat' dir='ltr'><strong>fuerint:</strong></span> <span class='ocrx_word' id='word_1_309' title='bbox 1416 4021 1461 4079; x_wconf 90' lang='lat' dir='ltr'><strong>si</strong></span> <span class='ocrx_word' id='word_1_310' title='bbox 1489 4030 1666 4076; x_wconf 90' lang='lat' dir='ltr'><strong>autem</strong></span> <span class='ocrx_word' id='word_1_311' title='bbox 1702 4020 1912 4076; x_wconf 86' lang='lat' dir='ltr'><strong>dicere-</strong></span> 
     </span>
    </p>
   </div>
   <div class='ocr_carea' id='block_1_43' title="bbox 332 4110 1915 4182">
    <p class='ocr_par' dir='ltr' id='par_1_43' title="bbox 332 4110 1915 4182">
     <span class='ocr_line' id='line_1_43' title="bbox 332 4110 1915 4182; baseline -0.006 -8"><span class='ocrx_word' id='word_1_312' title='bbox 332 4130 421 4174; x_wconf 89' lang='lat' dir='ltr'><strong>tur</strong></span> <span class='ocrx_word' id='word_1_313' title='bbox 464 4134 589 4173; x_wconf 84' lang='lat' dir='ltr'><strong>rana</strong></span> <span class='ocrx_word' id='word_1_314' title='bbox 635 4133 734 4171; x_wconf 90' lang='lat' dir='ltr'><strong>una</strong></span> <span class='ocrx_word' id='word_1_315' title='bbox 755 4157 771 4182; x_wconf 95' lang='lat'><strong>,</strong></span> <span class='ocrx_word' id='word_1_316' title='bbox 800 4116 883 4171; x_wconf 88' lang='lat' dir='ltr'><strong>vel</strong></span> <span class='ocrx_word' id='word_1_317' title='bbox 921 4115 1122 4170; x_wconf 91' lang='lat' dir='ltr'><strong>locusta</strong></span> <span class='ocrx_word' id='word_1_318' title='bbox 1152 4128 1288 4178; x_wconf 87' lang='lat' dir='ltr'><strong>una;</strong></span> <span class='ocrx_word' id='word_1_319' title='bbox 1317 4112 1435 4182; x_wconf 90' lang='lat' dir='ltr'><strong>quis</strong></span> <span class='ocrx_word' id='word_1_320' title='bbox 1474 4110 1740 4166; x_wconf 84' lang='lat' dir='ltr'><strong>dubitaret</strong></span> <span class='ocrx_word' id='word_1_321' title='bbox 1768 4117 1915 4164; x_wconf 90' lang='lat' dir='ltr'><strong>tanto</strong></span> 
     </span>
    </p>
   </div>
   <div class='ocr_carea' id='block_1_44' title="bbox 338 4200 1915 4274">
    <p class='ocr_par' dir='ltr' id='par_1_44' title="bbox 338 4200 1915 4274">
     <span class='ocr_line' id='line_1_44' title="bbox 338 4200 1915 4274; baseline -0.008 -8"><span class='ocrx_word' id='word_1_322' title='bbox 338 4227 463 4267; x_wconf 85' lang='lat' dir='ltr'><strong>esse</strong></span> <span class='ocrx_word' id='word_1_323' title='bbox 492 4213 590 4265; x_wconf 90' lang='lat' dir='ltr'><strong>hoc</strong></span> <span class='ocrx_word' id='word_1_324' title='bbox 629 4207 961 4263; x_wconf 87' lang='lat' dir='ltr'><strong>mendacium</strong></span> <span class='ocrx_word' id='word_1_325' title='bbox 988 4205 1176 4260; x_wconf 81' lang='lat' dir='ltr'><strong>vanius</strong></span> <span class='ocrx_word' id='word_1_326' title='bbox 1198 4244 1214 4270; x_wconf 90' lang='lat'><strong>,</strong></span> <span class='ocrx_word' id='word_1_327' title='bbox 1261 4211 1463 4274; x_wconf 92' lang='lat' dir='ltr'><strong>quanto</strong></span> <span class='ocrx_word' id='word_1_328' title='bbox 1490 4211 1574 4257; x_wconf 90' lang='lat' dir='ltr'><strong>est</strong></span> <span class='ocrx_word' id='word_1_329' title='bbox 1601 4201 1692 4256; x_wconf 89' lang='lat' dir='ltr'><strong>illa</strong></span> <span class='ocrx_word' id='word_1_330' title='bbox 1717 4200 1915 4256; x_wconf 83' lang='lat' dir='ltr'><strong>veritas</strong></span> 
     </span>
    </p>
   </div>
   <div class='ocr_carea' id='block_1_45' title="bbox 331 4293 1914 4370">
    <p class='ocr_par' dir='ltr' id='par_1_45' title="bbox 331 4293 1914 4370">
     <span class='ocr_line' id='line_1_45' title="bbox 331 4293 1914 4370; baseline -0.007 -12"><span class='ocrx_word' id='word_1_331' title='bbox 331 4302 565 4359; x_wconf 83' lang='lat' dir='ltr'><strong>clarior?</strong></span> <span class='ocrx_word' id='word_1_332' title='bbox 594 4302 787 4357; x_wconf 90' lang='lat' dir='ltr'><strong>Desine</strong></span> <span class='ocrx_word' id='word_1_333' title='bbox 829 4300 987 4370; x_wconf 82' lang='lat' dir='ltr'><strong>igitur</strong></span> <span class='ocrx_word' id='word_1_334' title='bbox 1028 4298 1156 4354; x_wconf 89' lang='lat' dir='ltr'><strong>istos</strong></span> <span class='ocrx_word' id='word_1_335' title='bbox 1185 4296 1360 4351; x_wconf 83' lang='lat' dir='ltr'><strong>fumos</strong></span> <span class='ocrx_word' id='word_1_336' title='bbox 1388 4294 1691 4350; x_wconf 86' lang='lat' dir='ltr'><strong>hominibus</strong></span> <span class='ocrx_word' id='word_1_337' title='bbox 1728 4293 1914 4348; x_wconf 89' lang='lat' dir='ltr'><strong>harum</strong></span> 
     </span>
    </p>
   </div>
   <div class='ocr_carea' id='block_1_46' title="bbox 336 4385 1915 4463">
    <p class='ocr_par' dir='ltr' id='par_1_46' title="bbox 336 4385 1915 4463">
     <span class='ocr_line' id='line_1_46' title="bbox 336 4385 1915 4463; baseline -0.006 -14"><span class='ocrx_word' id='word_1_338' title='bbox 336 4411 516 4450; x_wconf 88' lang='lat' dir='ltr'><strong>rerum</strong></span> <span class='ocrx_word' id='word_1_339' title='bbox 541 4391 950 4463; x_wconf 84' lang='lat' dir='ltr'><strong>imperitissimis</strong></span> <span class='ocrx_word' id='word_1_340' title='bbox 969 4388 1233 4455; x_wconf 87' lang='lat' dir='ltr'><strong>vendere;</strong></span> <span class='ocrx_word' id='word_1_341' title='bbox 1261 4398 1316 4444; x_wconf 92' lang='lat' dir='ltr'><strong>et</strong></span> <span class='ocrx_word' id='word_1_342' title='bbox 1341 4402 1434 4459; x_wconf 89' lang='lat' dir='ltr'><strong>per</strong></span> <span class='ocrx_word' id='word_1_343' title='bbox 1459 4402 1621 4443; x_wconf 87' lang='lat' dir='ltr'><strong>unum</strong></span> <span class='ocrx_word' id='word_1_344' title='bbox 1644 4385 1915 4441; x_wconf 89' lang='lat' dir='ltr'><strong>hominem</strong></span> 
     </span>
    </p>
   </div>
   <div class='ocr_carea' id='block_1_47' title="bbox 335 4477 1920 4553">
    <p class='ocr_par' dir='ltr' id='par_1_47' title="bbox 335 4477 1920 4553">
     <span class='ocr_line' id='line_1_47' title="bbox 335 4477 1920 4553; baseline -0.006 -11"><span class='ocrx_word' id='word_1_345' title='bbox 335 4490 390 4542; x_wconf 89' lang='lat' dir='ltr'><strong>in</strong></span> <span class='ocrx_word' id='word_1_346' title='bbox 418 4486 671 4541; x_wconf 89' lang='lat' dir='ltr'><strong>mundum</strong></span> <span class='ocrx_word' id='word_1_347' title='bbox 699 4487 925 4539; x_wconf 89' lang='lat' dir='ltr'><strong>intrasse</strong></span> <span class='ocrx_word' id='word_1_348' title='bbox 946 4491 1242 4553; x_wconf 83' lang='lat' dir='ltr'><strong>peccatum,</strong></span> <span class='ocrx_word' id='word_1_349' title='bbox 1266 4494 1372 4535; x_wconf 87' lang='lat' dir='ltr'><strong>non</strong></span> <span class='ocrx_word' id='word_1_350' title='bbox 1400 4480 1540 4535; x_wconf 82' lang='lat' dir='ltr'><strong>sicut</strong></span> <span class='ocrx_word' id='word_1_351' title='bbox 1564 4486 1642 4542; x_wconf 92' lang='lat' dir='ltr'><strong>tu,</strong></span> <span class='ocrx_word' id='word_1_352' title='bbox 1664 4477 1760 4532; x_wconf 90' lang='lat' dir='ltr'><strong>sed</strong></span> <span class='ocrx_word' id='word_1_353' title='bbox 1781 4477 1920 4532; x_wconf 89' lang='lat' dir='ltr'><strong>sicut</strong></span> 
     </span>
    </p>
   </div>
   <div class='ocr_carea' id='block_1_48' title="bbox 333 4571 1917 4651">
    <p class='ocr_par' dir='ltr' id='par_1_48' title="bbox 333 4571 1917 4651">
     <span class='ocr_line' id='line_1_48' title="bbox 333 4571 1917 4651; baseline -0.008 -14"><span class='ocrx_word' id='word_1_354' title='bbox 333 4580 626 4651; x_wconf 79' lang='lat' dir='ltr'><strong>Apostolus</strong></span> <span class='ocrx_word' id='word_1_355' title='bbox 645 4577 794 4642; x_wconf 91' lang='lat' dir='ltr'><strong>dicit,</strong></span> <span class='ocrx_word' id='word_1_356' title='bbox 819 4576 1073 4645; x_wconf 81' lang='lat' dir='ltr'><strong>intellige.</strong></span> <span class='ocrx_word' id='word_1_357' title='bbox 1102 4574 1204 4629; x_wconf 88' lang='lat' dir='ltr'><strong>Per</strong></span> <span class='ocrx_word' id='word_1_358' title='bbox 1232 4587 1398 4627; x_wconf 91' lang='lat' dir='ltr'><strong>unum</strong></span> <span class='ocrx_word' id='word_1_359' title='bbox 1427 4572 1624 4642; x_wconf 87' lang='lat' dir='ltr'><strong>quippe</strong></span> <span class='ocrx_word' id='word_1_360' title='bbox 1650 4571 1917 4626; x_wconf 86' lang='lat' dir='ltr'><strong>hominem</strong></span> 
     </span>
    </p>
   </div>
   <div class='ocr_carea' id='block_1_49' title="bbox 335 4659 1920 4739">
    <p class='ocr_par' dir='ltr' id='par_1_49' title="bbox 335 4659 1920 4739">
     <span class='ocr_line' id='line_1_49' title="bbox 335 4659 1920 4739; baseline -0.007 -13"><span class='ocrx_word' id='word_1_361' title='bbox 335 4687 451 4726; x_wconf 85' lang='lat' dir='ltr'><strong>non</strong></span> <span class='ocrx_word' id='word_1_362' title='bbox 485 4669 731 4739; x_wconf 83' lang='lat' dir='ltr'><strong>exemplo</strong></span> <span class='ocrx_word' id='word_1_363' title='bbox 764 4665 1153 4737; x_wconf 69' lang='lat' dir='ltr'><strong>prreeedentem</strong></span> <span class='ocrx_word' id='word_1_364' title='bbox 1181 4664 1351 4734; x_wconf 89' lang='lat' dir='ltr'><strong>(nam</strong></span> <span class='ocrx_word' id='word_1_365' title='bbox 1383 4662 1485 4716; x_wconf 86' lang='lat' dir='ltr'><strong>hoc</strong></span> <span class='ocrx_word' id='word_1_366' title='bbox 1518 4660 1586 4716; x_wconf 89' lang='lat' dir='ltr'><strong>de</strong></span> <span class='ocrx_word' id='word_1_367' title='bbox 1615 4659 1809 4715; x_wconf 83' lang='lat' dir='ltr'><strong>femina</strong></span> <span class='ocrx_word' id='word_1_368' title='bbox 1836 4659 1920 4715; x_wconf 91' lang='lat' dir='ltr'><strong>di-</strong></span> 
     </span>
    </p>
   </div>
   <div class='ocr_carea' id='block_1_50' title="bbox 334 4753 1923 4834">
    <p class='ocr_par' dir='ltr' id='par_1_50' title="bbox 334 4753 1923 4834">
     <span class='ocr_line' id='line_1_50' title="bbox 334 4753 1923 4834; baseline -0.007 -16"><span class='ocrx_word' id='word_1_369' title='bbox 334 4763 611 4834; x_wconf 76' lang='lat' dir='ltr'><strong>ceretur),</strong></span> <span class='ocrx_word' id='word_1_370' title='bbox 637 4761 731 4817; x_wconf 91' lang='lat' dir='ltr'><strong>sed</strong></span> <span class='ocrx_word' id='word_1_371' title='bbox 762 4759 1022 4831; x_wconf 85' lang='lat' dir='ltr'><strong>principio</strong></span> <span class='ocrx_word' id='word_1_372' title='bbox 1046 4764 1391 4827; x_wconf 88' lang='lat' dir='ltr'><strong>generantem</strong></span> <span class='ocrx_word' id='word_1_373' title='bbox 1416 4795 1430 4819; x_wconf 88' lang='lat'><strong>,</strong></span> <span class='ocrx_word' id='word_1_374' title='bbox 1459 4755 1580 4824; x_wconf 91' lang='lat' dir='ltr'><strong>quia</strong></span> <span class='ocrx_word' id='word_1_375' title='bbox 1610 4754 1755 4823; x_wconf 89' lang='lat' dir='ltr'><strong>prior</strong></span> <span class='ocrx_word' id='word_1_376' title='bbox 1784 4753 1923 4808; x_wconf 80' lang='lat' dir='ltr'><strong>sevit</strong></span> 
     </span>
    </p>
   </div>
   <div class='ocr_carea' id='block_1_51' title="bbox 331 4846 1917 4927">
    <p class='ocr_par' dir='ltr' id='par_1_51' title="bbox 331 4846 1917 4927">
     <span class='ocr_line' id='line_1_51' title="bbox 331 4846 1917 4927; baseline -0.008 -15"><span class='ocrx_word' id='word_1_377' title='bbox 331 4857 481 4927; x_wconf 81' lang='lat' dir='ltr'><strong>quod</strong></span> <span class='ocrx_word' id='word_1_378' title='bbox 511 4857 600 4911; x_wconf 90' lang='lat' dir='ltr'><strong>illa</strong></span> <span class='ocrx_word' id='word_1_379' title='bbox 624 4854 951 4923; x_wconf 87' lang='lat' dir='ltr'><strong>conciperet,</strong></span> <span class='ocrx_word' id='word_1_380' title='bbox 979 4860 1036 4906; x_wconf 89' lang='lat' dir='ltr'><strong>et</strong></span> <span class='ocrx_word' id='word_1_381' title='bbox 1059 4851 1173 4921; x_wconf 92' lang='lat' dir='ltr'><strong>ipse</strong></span> <span class='ocrx_word' id='word_1_382' title='bbox 1198 4849 1381 4919; x_wconf 86' lang='lat' dir='ltr'><strong>genuit</strong></span> <span class='ocrx_word' id='word_1_383' title='bbox 1407 4846 1548 4917; x_wconf 85' lang='lat' dir='ltr'><strong>quod</strong></span> <span class='ocrx_word' id='word_1_384' title='bbox 1579 4846 1667 4900; x_wconf 89' lang='lat' dir='ltr'><strong>illa</strong></span> <span class='ocrx_word' id='word_1_385' title='bbox 1690 4853 1917 4915; x_wconf 90' lang='lat' dir='ltr'><strong>pareret,</strong></span> 
     </span>
    </p>
   </div>
   <div class='ocr_carea' id='block_1_52' title="bbox 334 4938 1919 5020">
    <p class='ocr_par' dir='ltr' id='par_1_52' title="bbox 334 4938 1919 5020">
     <span class='ocr_line' id='line_1_52' title="bbox 334 4938 1919 5020; baseline -0.01 -14"><span class='ocrx_word' id='word_1_386' title='bbox 334 4959 617 5020; x_wconf 73' lang='lat' dir='ltr'><strong>peceatum</strong></span> <span class='ocrx_word' id='word_1_387' title='bbox 658 4946 874 5002; x_wconf 85' lang='lat' dir='ltr'><strong>intravit</strong></span> <span class='ocrx_word' id='word_1_388' title='bbox 911 4944 964 4999; x_wconf 91' lang='lat' dir='ltr'><strong>in</strong></span> <span class='ocrx_word' id='word_1_389' title='bbox 995 4941 1294 5017; x_wconf 83' lang='lat' dir='ltr'><strong>mundum:</strong></span> <span class='ocrx_word' id='word_1_390' title='bbox 1322 4940 1459 4995; x_wconf 82' lang='lat' dir='ltr'><strong>sicut</strong></span> <span class='ocrx_word' id='word_1_391' title='bbox 1503 4938 1758 5009; x_wconf 87' lang='lat' dir='ltr'><strong>scriptum</strong></span> <span class='ocrx_word' id='word_1_392' title='bbox 1802 4946 1919 5003; x_wconf 89' lang='lat' dir='ltr'><strong>est,</strong></span> 
     </span>
    </p>
   </div>
   <div class='ocr_carea' id='block_1_53' title="bbox 338 5030 1923 5111">
    <p class='ocr_par' dir='ltr' id='par_1_53' title="bbox 338 5030 1923 5111">
     <span class='ocr_line' id='line_1_53' title="bbox 338 5030 1923 5111; baseline -0.01 -11"><span class='ocrx_word' id='word_1_393' title='bbox 338 5043 597 5100; x_wconf 76' lang='lat' dir='ltr'><strong>Abraham</strong></span> <span class='ocrx_word' id='word_1_394' title='bbox 624 5040 793 5111; x_wconf 81' lang='lat' dir='ltr'><strong>genuit</strong></span> <span class='ocrx_word' id='word_1_395' title='bbox 812 5037 987 5102; x_wconf 79' lang='lat' dir='ltr'><strong>Isaac,</strong></span> <span class='ocrx_word' id='word_1_396' title='bbox 1014 5035 1167 5090; x_wconf 76' lang='lat' dir='ltr'><strong>Isaac</strong></span> <span class='ocrx_word' id='word_1_397' title='bbox 1191 5033 1363 5105; x_wconf 83' lang='lat' dir='ltr'><strong>genuit</strong></span> <span class='ocrx_word' id='word_1_398' title='bbox 1377 5030 1562 5095; x_wconf 73' lang='lat' dir='ltr'><strong>Iacob,</strong></span> <span class='ocrx_word' id='word_1_399' title='bbox 1599 5040 1655 5086; x_wconf 89' lang='lat' dir='ltr'><strong>et</strong></span> <span class='ocrx_word' id='word_1_400' title='bbox 1692 5046 1786 5100; x_wconf 87' lang='lat' dir='ltr'><strong>per</strong></span> <span class='ocrx_word' id='word_1_401' title='bbox 1820 5044 1923 5085; x_wconf 66' lang='lat' dir='ltr'><strong>ete-</strong></span> 
     </span>
    </p>
   </div>
   <div class='ocr_carea' id='block_1_54' title="bbox 342 5123 1923 5202">
    <p class='ocr_par' dir='ltr' id='par_1_54' title="bbox 342 5123 1923 5202">
     <span class='ocr_line' id='line_1_54' title="bbox 342 5123 1923 5202; baseline -0.008 -14"><span class='ocrx_word' id='word_1_402' title='bbox 342 5149 489 5192; x_wconf 84' lang='lat' dir='ltr'><strong>teras</strong></span> <span class='ocrx_word' id='word_1_403' title='bbox 510 5134 895 5202; x_wconf 86' lang='lat' dir='ltr'><strong>subsequentes</strong></span> <span class='ocrx_word' id='word_1_404' title='bbox 917 5126 1292 5200; x_wconf 84' lang='lat' dir='ltr'><strong>generationes</strong></span> <span class='ocrx_word' id='word_1_405' title='bbox 1319 5124 1418 5179; x_wconf 82' lang='lat' dir='ltr'><strong>ista</strong></span> <span class='ocrx_word' id='word_1_406' title='bbox 1445 5123 1643 5179; x_wconf 90' lang='lat' dir='ltr'><strong>locutio</strong></span> <span class='ocrx_word' id='word_1_407' title='bbox 1670 5135 1923 5191; x_wconf 84' lang='lat' dir='ltr'><strong>perseve-</strong></span> 
     </span>
    </p>
   </div>
   <div class='ocr_carea' id='block_1_55' title="bbox 341 5213 1928 5290">
    <p class='ocr_par' dir='ltr' id='par_1_55' title="bbox 341 5213 1928 5290">
     <span class='ocr_line' id='line_1_55' title="bbox 341 5213 1928 5290; baseline -0.01 -10"><span class='ocrx_word' id='word_1_408' title='bbox 341 5236 469 5290; x_wconf 89' lang='lat' dir='ltr'><strong>rat;</strong></span> <span class='ocrx_word' id='word_1_409' title='bbox 500 5237 600 5278; x_wconf 89' lang='lat' dir='ltr'><strong>nec</strong></span> <span class='ocrx_word' id='word_1_410' title='bbox 625 5222 825 5276; x_wconf 86' lang='lat' dir='ltr'><strong>dictum</strong></span> <span class='ocrx_word' id='word_1_411' title='bbox 867 5228 984 5284; x_wconf 88' lang='lat' dir='ltr'><strong>est,</strong></span> <span class='ocrx_word' id='word_1_412' title='bbox 1027 5216 1295 5272; x_wconf 84' lang='lat' dir='ltr'><strong>Abraham</strong></span> <span class='ocrx_word' id='word_1_413' title='bbox 1346 5222 1402 5269; x_wconf 88' lang='lat' dir='ltr'><strong>et</strong></span> <span class='ocrx_word' id='word_1_414' title='bbox 1440 5213 1600 5268; x_wconf 88' lang='lat' dir='ltr'><strong>Sarra</strong></span> <span class='ocrx_word' id='word_1_415' title='bbox 1628 5219 1928 5282; x_wconf 87' lang='lat' dir='ltr'><strong>genuerunt</strong></span> 
     </span>
    </p>
   </div>
   <div class='ocr_carea' id='block_1_56' title="bbox 344 5302 1924 5383">
    <p class='ocr_par' dir='ltr' id='par_1_56' title="bbox 344 5302 1924 5383">
     <span class='ocr_line' id='line_1_56' title="bbox 344 5302 1924 5383; baseline -0.013 -7"><span class='ocrx_word' id='word_1_416' title='bbox 344 5319 515 5383; x_wconf 76' lang='lat' dir='ltr'><strong>Isaac,</strong></span> <span class='ocrx_word' id='word_1_417' title='bbox 537 5324 651 5381; x_wconf 88' lang='lat' dir='ltr'><strong>aut,</strong></span> <span class='ocrx_word' id='word_1_418' title='bbox 678 5315 824 5370; x_wconf 88' lang='lat' dir='ltr'><strong>Isaae</strong></span> <span class='ocrx_word' id='word_1_419' title='bbox 843 5322 897 5368; x_wconf 90' lang='lat' dir='ltr'><strong>et</strong></span> <span class='ocrx_word' id='word_1_420' title='bbox 922 5310 1162 5366; x_wconf 83' lang='lat' dir='ltr'><strong>Rebecca</strong></span> <span class='ocrx_word' id='word_1_421' title='bbox 1192 5315 1494 5379; x_wconf 88' lang='lat' dir='ltr'><strong>genuerunt</strong></span> <span class='ocrx_word' id='word_1_422' title='bbox 1515 5304 1683 5360; x_wconf 83' lang='lat' dir='ltr'><strong>Jacob</strong></span> <span class='ocrx_word' id='word_1_423' title='bbox 1707 5322 1723 5359; x_wconf 88' lang='lat'><strong>:</strong></span> <span class='ocrx_word' id='word_1_424' title='bbox 1754 5312 1811 5358; x_wconf 88' lang='lat' dir='ltr'><strong>et</strong></span> <span class='ocrx_word' id='word_1_425' title='bbox 1835 5302 1924 5357; x_wconf 89' lang='lat' dir='ltr'><strong>ubi</strong></span> 
     </span>
    </p>
   </div>
   <div class='ocr_carea' id='block_1_57' title="bbox 343 5394 1924 5467">
    <p class='ocr_par' dir='ltr' id='par_1_57' title="bbox 343 5394 1924 5467">
     <span class='ocr_line' id='line_1_57' title="bbox 343 5394 1924 5467; baseline -0.013 1"><span class='ocrx_word' id='word_1_426' title='bbox 343 5424 548 5467; x_wconf 81' lang='lat' dir='ltr'><strong>matres</strong></span> <span class='ocrx_word' id='word_1_427' title='bbox 565 5405 972 5464; x_wconf 70' lang='lat' dir='ltr'><strong>commemorari</strong></span> <span class='ocrx_word' id='word_1_428' title='bbox 999 5401 1357 5457; x_wconf 84' lang='lat' dir='ltr'><strong>necessarium</strong></span> <span class='ocrx_word' id='word_1_429' title='bbox 1377 5399 1494 5464; x_wconf 85' lang='lat' dir='ltr'><strong>fuit,</strong></span> <span class='ocrx_word' id='word_1_430' title='bbox 1521 5411 1628 5452; x_wconf 91' lang='lat' dir='ltr'><strong>non</strong></span> <span class='ocrx_word' id='word_1_431' title='bbox 1647 5395 1720 5450; x_wconf 92' lang='lat' dir='ltr'><strong>ait</strong></span> <span class='ocrx_word' id='word_1_432' title='bbox 1745 5394 1924 5449; x_wconf 88' lang='lat' dir='ltr'><strong>Evan-</strong></span> 
     </span>
    </p>
   </div>
   <div class='ocr_carea' id='block_1_58' title="bbox 407 5545 1813 5624">
    <p class='ocr_par' dir='ltr' id='par_1_58' title="bbox 407 5545 1813 5624">
     <span class='ocr_line' id='line_1_58' title="bbox 407 5545 1813 5624; baseline -0.01 -14"><span class='ocrx_word' id='word_1_433' title='bbox 407 5563 426 5593; x_wconf 78' lang='grc'><strong><em>²</em></strong></span> <span class='ocrx_word' id='word_1_434' title='bbox 460 5570 536 5610; x_wconf 62' lang='grc' dir='ltr'><strong>διο</strong></span> <span class='ocrx_word' id='word_1_435' title='bbox 556 5566 661 5607; x_wconf 71' lang='lat' dir='ltr'><strong>Mss.</strong></span> <span class='ocrx_word' id='word_1_436' title='bbox 683 5556 912 5624; x_wconf 69' lang='lat' dir='ltr'><strong>A_t}&#39;ign._,</strong></span> <span class='ocrx_word' id='word_1_437' title='bbox 929 5565 1015 5624; x_wconf 75' lang='lat' dir='ltr'><strong>nee</strong></span> <span class='ocrx_word' id='word_1_438' title='bbox 1029 5551 1272 5624; x_wconf 59' lang='lat' dir='ltr'><strong>[tonantem</strong></span> <span class='ocrx_word' id='word_1_439' title='bbox 1302 5548 1577 5624; x_wconf 63' lang='lat' dir='ltr'><strong>generando</strong></span> <span class='ocrx_word' id='word_1_440' title='bbox 1599 5545 1813 5624; x_wconf 66' lang='lat' dir='ltr'><strong>amittet.</strong></span> 
     </span>
    </p>
   </div>
   <div class='ocr_carea' id='block_1_59' title="bbox 262 5613 1928 5734">
    <p class='ocr_par' dir='ltr' id='par_1_59' title="bbox 262 5613 1928 5734">
     <span class='ocr_line' id='line_1_59' title="bbox 406 5613 1928 5734; baseline -0.006 -67"><span class='ocrx_word' id='word_1_441' title='bbox 406 5613 930 5734; x_wconf 54' lang='lat' dir='ltr'><strong>idvtgn.,_vet“tofnsta</strong></span> <span class='ocrx_word' id='word_1_442' title='bbox 967 5615 1130 5677; x_wconf 79' lang='lat' dir='ltr'><strong>tuique</strong></span> <span class='ocrx_word' id='word_1_443' title='bbox 1172 5613 1409 5677; x_wconf 68' lang='lat' dir='ltr'><strong>singulari</strong></span> <span class='ocrx_word' id='word_1_444' title='bbox 1424 5625 1444 5674; x_wconf 88' lang='lat'><strong>;</strong></span> <span class='ocrx_word' id='word_1_445' title='bbox 1482 5613 1678 5671; x_wconf 86' lang='lat' dir='ltr'><strong>omisso,</strong></span> <span class='ocrx_word' id='word_1_446' title='bbox 1700 5619 1899 5659; x_wconf 80' lang='lat' dir='ltr'><strong>numero</strong></span> <span class='ocrx_word' id='word_1_447' title='bbox 1915 5643 1928 5669; x_wconf 91' lang='lat'><strong>,</strong></span> 
     </span>
     <span class='ocr_line' id='line_1_60' title="bbox 262 5689 1185 5734; baseline -0.007 1"><span class='ocrx_word' id='word_1_448' title='bbox 262 5696 275 5709; x_wconf 73' lang='grc' dir='ltr'><strong>ι</strong></span> <span class='ocrx_word' id='word_1_449' title='bbox 336 5698 443 5734; x_wconf 86' lang='lat' dir='ltr'><strong>quo</strong></span> <span class='ocrx_word' id='word_1_450' title='bbox 517 5689 593 5733; x_wconf 84' lang='lat' dir='ltr'><strong>est</strong></span> <span class='ocrx_word' id='word_1_451' title='bbox 637 5694 684 5731; x_wconf 75' lang='grc' dir='ltr'><strong>ιιι</strong></span> <span class='ocrx_word' id='word_1_452' title='bbox 1178 5726 1185 5729; x_wconf 69' lang='lat'>,</span> 
     </span>
    </p>
   </div>
   <div class='ocr_carea' id='block_1_60' title="bbox 336 5698 832 5746">
    <p class='ocr_par' dir='ltr' id='par_1_60' title="bbox 336 5698 832 5746">
     <span class='ocr_line' id='line_1_61' title="bbox 336 5698 832 5746; baseline -0.008 -14"><span class='ocrx_word' id='word_1_453' title='bbox 336 5698 473 5746; x_wconf 79' lang='lat' dir='ltr'><strong>quoa</strong></span> <span class='ocrx_word' id='word_1_454' title='bbox 517 5698 593 5733; x_wconf 68' lang='grc' dir='ltr'><strong>ρει</strong></span> <span class='ocrx_word' id='word_1_455' title='bbox 637 5698 684 5731; x_wconf 82' lang='lat' dir='ltr'><strong>tu</strong></span> <span class='ocrx_word' id='word_1_456' title='bbox 731 5698 832 5728; x_wconf 72' lang='lat' dir='ltr'><strong>mss.</strong></span> 
     </span>
    </p>
   </div>
   <div class='ocr_carea' id='block_1_61' title="bbox 1676 235 2222 291">
    <p class='ocr_par' dir='ltr' id='par_1_61' title="bbox 1676 235 2222 291">
     <span class='ocr_line' id='line_1_62' title="bbox 1676 235 2222 291; baseline -0.005 0"><span class='ocrx_word' id='word_1_457' title='bbox 1676 237 1869 291; x_wconf 66' lang='lat' dir='ltr'><strong>Lillliii</strong></span> <span class='ocrx_word' id='word_1_458' title='bbox 1912 235 2222 290; x_wconf 64' lang='lat' dir='ltr'><strong>Tlill&#39;l‘lUS.</strong></span> 
     </span>
    </p>
   </div>
   <div class='ocr_carea' id='block_1_62' title="bbox 3469 246 3603 301">
    <p class='ocr_par' dir='ltr' id='par_1_62' title="bbox 3469 246 3603 301">
     <span class='ocr_line' id='line_1_63' title="bbox 3469 246 3603 301; baseline -0.015 0"><span class='ocrx_word' id='word_1_459' title='bbox 3469 246 3603 301; x_wconf 71' lang='lat' dir='ltr'><strong>i286</strong></span> 
     </span>
    </p>
   </div>
   <div class='ocr_carea' id='block_1_63' title="bbox 2021 369 3597 444">
    <p class='ocr_par' dir='ltr' id='par_1_63' title="bbox 2021 369 3597 444">
     <span class='ocr_line' id='line_1_64' title="bbox 2021 369 3597 444; baseline 0.01 -26"><span class='ocrx_word' id='word_1_460' title='bbox 2021 370 2225 435; x_wconf 69' lang='lat' dir='ltr'><strong>gelistu,</strong></span> <span class='ocrx_word' id='word_1_461' title='bbox 2249 369 2411 422; x_wconf 66' lang='lat' dir='ltr'><strong>Jtnlas</strong></span> <span class='ocrx_word' id='word_1_462' title='bbox 2437 382 2492 424; x_wconf 88' lang='lat' dir='ltr'><strong>et</strong></span> <span class='ocrx_word' id='word_1_463' title='bbox 2516 372 2594 425; x_wconf 61' lang='lat' dir='ltr'><strong>&#39;l&#39;h</strong></span> <span class='ocrx_word' id='word_1_464' title='bbox 2613 388 2744 427; x_wconf 80' lang='lat' dir='ltr'><strong>uuar</strong></span> <span class='ocrx_word' id='word_1_465' title='bbox 2769 387 3067 444; x_wconf 79' lang='lat' dir='ltr'><strong>genuerunt</strong></span> <span class='ocrx_word' id='word_1_466' title='bbox 3101 377 3296 433; x_wconf 84' lang='lat' dir='ltr'><strong>f&#39;ltat&#39;es</strong></span> <span class='ocrx_word' id='word_1_467' title='bbox 3318 391 3371 434; x_wconf 90' lang='lat' dir='ltr'><strong>ct</strong></span> <span class='ocrx_word' id='word_1_468' title='bbox 3391 381 3559 434; x_wconf 71' lang='lat' dir='ltr'><strong>Zuran</strong></span> <span class='ocrx_word' id='word_1_469' title='bbox 3582 402 3597 414; x_wconf 78' lang='lat'><strong>-</strong></span> 
     </span>
    </p>
   </div>
   <div class='ocr_carea' id='block_1_64' title="bbox 2018 459 3684 543">
    <p class='ocr_par' dir='ltr' id='par_1_64' title="bbox 2018 459 3684 543">
     <span class='ocr_line' id='line_1_65' title="bbox 2018 459 3684 543; baseline 0.01 -31"><span class='ocrx_word' id='word_1_470' title='bbox 2018 459 2115 512; x_wconf 81' lang='lat' dir='ltr'><strong>Sed</strong></span> <span class='ocrx_word' id='word_1_471' title='bbox 2142 462 2235 523; x_wconf 86' lang='lat' dir='ltr'><strong>ait,</strong></span> <span class='ocrx_word' id='word_1_472' title='bbox 2261 459 2428 513; x_wconf 80' lang='lat' dir='ltr'><strong>.Imlus</strong></span> <span class='ocrx_word' id='word_1_473' title='bbox 2456 464 2622 530; x_wconf 81' lang='lat' dir='ltr'><strong>genuit</strong></span> <span class='ocrx_word' id='word_1_474' title='bbox 2656 465 2719 518; x_wconf 80' lang='lat' dir='ltr'><strong>de</strong></span> <span class='ocrx_word' id='word_1_475' title='bbox 2752 464 2975 519; x_wconf 82' lang='lat' dir='ltr'><strong>Thamar</strong></span> <span class='ocrx_word' id='word_1_476' title='bbox 3000 467 3018 539; x_wconf 83' lang='lat'>(</span> <span class='ocrx_word' id='word_1_477' title='bbox 3042 468 3229 523; x_wconf 76' lang='lat' dir='ltr'><strong>Matth.</strong></span> <span class='ocrx_word' id='word_1_478' title='bbox 3257 486 3296 537; x_wconf 88' lang='grc' dir='ltr'>ι,</span> <span class='ocrx_word' id='word_1_479' title='bbox 3323 470 3378 535; x_wconf 72' lang='grc'><strong>2,</strong></span> <span class='ocrx_word' id='word_1_480' title='bbox 3399 472 3476 541; x_wconf 78' lang='grc'><strong>5)</strong></span> <span class='ocrx_word' id='word_1_481' title='bbox 3506 492 3517 527; x_wconf 92' lang='lat'>:</span> <span class='ocrx_word' id='word_1_482' title='bbox 3547 485 3604 530; x_wconf 80' lang='lat' dir='ltr'><strong>et</strong></span> <span class='ocrx_word' id='word_1_483' title='bbox 3672 531 3684 543; x_wconf 61' lang='grc'><em>,</em></span> 
     </span>
    </p>
   </div>
   <div class='ocr_carea' id='block_1_65' title="bbox 2021 552 3598 629">
    <p class='ocr_par' dir='ltr' id='par_1_65' title="bbox 2021 552 3598 629">
     <span class='ocr_line' id='line_1_66' title="bbox 2021 552 3598 629; baseline 0.01 -26"><span class='ocrx_word' id='word_1_484' title='bbox 2021 552 2335 620; x_wconf 81' lang='lat' dir='ltr'><strong>ubicumque</strong></span> <span class='ocrx_word' id='word_1_485' title='bbox 2365 553 2603 622; x_wconf 82' lang='lat' dir='ltr'><strong>adjunxil</strong></span> <span class='ocrx_word' id='word_1_486' title='bbox 2631 566 2688 609; x_wconf 86' lang='lat' dir='ltr'><strong>et</strong></span> <span class='ocrx_word' id='word_1_487' title='bbox 2723 567 2954 625; x_wconf 80' lang='lat' dir='ltr'><strong>matres,</strong></span> <span class='ocrx_word' id='word_1_488' title='bbox 2986 563 3388 629; x_wconf 82' lang='lat' dir='ltr'><strong>generationem</strong></span> <span class='ocrx_word' id='word_1_489' title='bbox 3423 574 3598 620; x_wconf 85' lang='lat' dir='ltr'><strong>tamen</strong></span> 
     </span>
    </p>
   </div>
   <div class='ocr_carea' id='block_1_66' title="bbox 2018 642 3593 720">
    <p class='ocr_par' dir='ltr' id='par_1_66' title="bbox 2018 642 3593 720">
     <span class='ocr_line' id='line_1_67' title="bbox 2018 642 3593 720; baseline 0.01 -28"><span class='ocrx_word' id='word_1_490' title='bbox 2018 642 2256 708; x_wconf 86' lang='lat' dir='ltr'><strong>patribus</strong></span> <span class='ocrx_word' id='word_1_491' title='bbox 2269 642 2433 708; x_wconf 89' lang='lat' dir='ltr'><strong>dedit,</strong></span> <span class='ocrx_word' id='word_1_492' title='bbox 2452 659 2556 697; x_wconf 90' lang='lat' dir='ltr'><strong>non</strong></span> <span class='ocrx_word' id='word_1_493' title='bbox 2586 646 2789 711; x_wconf 87' lang='lat' dir='ltr'><strong>dicens,</strong></span> <span class='ocrx_word' id='word_1_494' title='bbox 2810 647 2903 702; x_wconf 81' lang='lat' dir='ltr'><strong>Ille</strong></span> <span class='ocrx_word' id='word_1_495' title='bbox 2925 660 2978 704; x_wconf 89' lang='lat' dir='ltr'><strong>et</strong></span> <span class='ocrx_word' id='word_1_496' title='bbox 2998 651 3084 704; x_wconf 88' lang='lat' dir='ltr'><strong>illa</strong></span> <span class='ocrx_word' id='word_1_497' title='bbox 3107 665 3400 720; x_wconf 87' lang='lat' dir='ltr'><strong>genuerunt</strong></span> <span class='ocrx_word' id='word_1_498' title='bbox 3425 655 3593 719; x_wconf 86' lang='lat' dir='ltr'><strong>illum,</strong></span> 
     </span>
    </p>
   </div>
   <div class='ocr_carea' id='block_1_67' title="bbox 2017 732 3597 815">
    <p class='ocr_par' dir='ltr' id='par_1_67' title="bbox 2017 732 3597 815">
     <span class='ocr_line' id='line_1_68' title="bbox 2017 732 3597 815; baseline 0.01 -29"><span class='ocrx_word' id='word_1_499' title='bbox 2017 732 2131 796; x_wconf 86' lang='lat' dir='ltr'><strong>sed,</strong></span> <span class='ocrx_word' id='word_1_500' title='bbox 2163 734 2253 803; x_wconf 89' lang='lat' dir='ltr'><strong>Ille</strong></span> <span class='ocrx_word' id='word_1_501' title='bbox 2276 736 2460 803; x_wconf 87' lang='lat' dir='ltr'><strong>genuit</strong></span> <span class='ocrx_word' id='word_1_502' title='bbox 2485 736 2628 793; x_wconf 86' lang='lat' dir='ltr'><strong>illum</strong></span> <span class='ocrx_word' id='word_1_503' title='bbox 2655 738 2723 791; x_wconf 79' lang='lat' dir='ltr'><strong>de</strong></span> <span class='ocrx_word' id='word_1_504' title='bbox 2750 739 2834 791; x_wconf 84' lang='lat' dir='ltr'><strong>illa</strong></span> <span class='ocrx_word' id='word_1_505' title='bbox 2862 759 2874 793; x_wconf 90' lang='lat'>:</span> <span class='ocrx_word' id='word_1_506' title='bbox 2898 743 3037 797; x_wconf 89' lang='lat' dir='ltr'><strong>unde</strong></span> <span class='ocrx_word' id='word_1_507' title='bbox 3059 744 3320 815; x_wconf 85' lang='lat' dir='ltr'><strong>intelligas</strong></span> <span class='ocrx_word' id='word_1_508' title='bbox 3350 762 3414 801; x_wconf 90' lang='lat' dir='ltr'><strong>eo</strong></span> <span class='ocrx_word' id='word_1_509' title='bbox 3435 749 3597 801; x_wconf 87' lang='lat' dir='ltr'><strong>modo</strong></span> 
     </span>
    </p>
   </div>
   <div class='ocr_carea' id='block_1_68' title="bbox 2016 824 3593 907">
    <p class='ocr_par' dir='ltr' id='par_1_68' title="bbox 2016 824 3593 907">
     <span class='ocr_line' id='line_1_69' title="bbox 2016 824 3593 907; baseline 0.011 -28"><span class='ocrx_word' id='word_1_510' title='bbox 2016 824 2234 890; x_wconf 84' lang='lat' dir='ltr'><strong>dictum,</strong></span> <span class='ocrx_word' id='word_1_511' title='bbox 2261 842 2327 880; x_wconf 80' lang='lat' dir='ltr'><strong>ex</strong></span> <span class='ocrx_word' id='word_1_512' title='bbox 2360 844 2464 887; x_wconf 81' lang='lat' dir='ltr'><strong>uno</strong></span> <span class='ocrx_word' id='word_1_513' title='bbox 2483 829 2753 884; x_wconf 85' lang='lat' dir='ltr'><strong>Abraham</strong></span> <span class='ocrx_word' id='word_1_514' title='bbox 2776 835 3128 901; x_wconf 79' lang='lat' dir='ltr'><strong>geuitosesse</strong></span> <span class='ocrx_word' id='word_1_515' title='bbox 3155 839 3593 907; x_wconf 82' lang='lat' dir='ltr'><strong>innumerabiles,</strong></span> 
     </span>
    </p>
   </div>
   <div class='ocr_carea' id='block_1_69' title="bbox 2015 918 3588 1000">
    <p class='ocr_par' dir='ltr' id='par_1_69' title="bbox 2015 918 3588 1000">
     <span class='ocr_line' id='line_1_70' title="bbox 2015 918 3588 1000; baseline 0.013 -32"><span class='ocrx_word' id='word_1_516' title='bbox 2015 918 2137 985; x_wconf 82' lang='lat' dir='ltr'><strong>quia</strong></span> <span class='ocrx_word' id='word_1_517' title='bbox 2170 918 2281 986; x_wconf 90' lang='lat' dir='ltr'><strong>ipse</strong></span> <span class='ocrx_word' id='word_1_518' title='bbox 2304 919 2421 974; x_wconf 92' lang='lat' dir='ltr'><strong>illos</strong></span> <span class='ocrx_word' id='word_1_519' title='bbox 2441 923 2622 990; x_wconf 89' lang='lat' dir='ltr'><strong>genuit</strong></span> <span class='ocrx_word' id='word_1_520' title='bbox 2643 939 2778 977; x_wconf 90' lang='lat' dir='ltr'><strong>unus</strong></span> <span class='ocrx_word' id='word_1_521' title='bbox 2808 942 2873 979; x_wconf 83' lang='lat' dir='ltr'><strong>ex</strong></span> <span class='ocrx_word' id='word_1_522' title='bbox 2898 927 3076 982; x_wconf 88' lang='lat' dir='ltr'><strong>Sarra.</strong></span> <span class='ocrx_word' id='word_1_523' title='bbox 3111 929 3339 1000; x_wconf 86' lang='lat' dir='ltr'><strong>Ideoque</strong></span> <span class='ocrx_word' id='word_1_524' title='bbox 3366 932 3588 999; x_wconf 83' lang='lat' dir='ltr'><strong>dictum,</strong></span> 
     </span>
    </p>
   </div>
   <div class='ocr_carea' id='block_1_70' title="bbox 2016 1009 3598 1090">
    <p class='ocr_par' dir='ltr' id='par_1_70' title="bbox 2016 1009 3598 1090">
     <span class='ocr_line' id='line_1_71' title="bbox 2016 1009 3598 1090; baseline 0.01 -27"><span class='ocrx_word' id='word_1_525' title='bbox 2016 1009 2123 1064; x_wconf 86' lang='lat' dir='ltr'><strong>Per</strong></span> <span class='ocrx_word' id='word_1_526' title='bbox 2141 1027 2298 1065; x_wconf 82' lang='lat' dir='ltr'><strong>unum</strong></span> <span class='ocrx_word' id='word_1_527' title='bbox 2318 1012 2567 1067; x_wconf 83' lang='lat' dir='ltr'><strong>hominem</strong></span> <span class='ocrx_word' id='word_1_528' title='bbox 2589 1026 2848 1084; x_wconf 85' lang='lat' dir='ltr'><strong>peccatum</strong></span> <span class='ocrx_word' id='word_1_529' title='bbox 2867 1020 3071 1073; x_wconf 74' lang='lat' dir='ltr'><strong>intrauit</strong></span> <span class='ocrx_word' id='word_1_530' title='bbox 3090 1022 3142 1074; x_wconf 80' lang='lat' dir='ltr'><strong>in</strong></span> <span class='ocrx_word' id='word_1_531' title='bbox 3163 1026 3426 1090; x_wconf 83' lang='lat' dir='ltr'><strong>mundum,</strong></span> <span class='ocrx_word' id='word_1_532' title='bbox 3448 1035 3504 1077; x_wconf 94' lang='lat' dir='ltr'><strong>ut</strong></span> <span class='ocrx_word' id='word_1_533' title='bbox 3526 1026 3598 1079; x_wconf 62' lang='lat' dir='ltr'><strong>iu.</strong></span> 
     </span>
    </p>
   </div>
   <div class='ocr_carea' id='block_1_71' title="bbox 2017 1102 3593 1181">
    <p class='ocr_par' dir='ltr' id='par_1_71' title="bbox 2017 1102 3593 1181">
     <span class='ocr_line' id='line_1_72' title="bbox 2017 1102 3593 1181; baseline 0.01 -25"><span class='ocrx_word' id='word_1_534' title='bbox 2017 1102 2340 1172; x_wconf 88' lang='lat' dir='ltr'><strong>telligeretur</strong></span> <span class='ocrx_word' id='word_1_535' title='bbox 2366 1104 2434 1159; x_wconf 92' lang='lat' dir='ltr'><strong>ibi</strong></span> <span class='ocrx_word' id='word_1_536' title='bbox 2462 1107 2817 1175; x_wconf 88' lang='lat' dir='ltr'><strong>generationis</strong></span> <span class='ocrx_word' id='word_1_537' title='bbox 2834 1109 3062 1175; x_wconf 74' lang='lat' dir='ltr'><strong>initium,</strong></span> <span class='ocrx_word' id='word_1_538' title='bbox 3089 1113 3230 1181; x_wconf 89' lang='lat' dir='ltr'><strong>quod</strong></span> <span class='ocrx_word' id='word_1_539' title='bbox 3253 1130 3317 1168; x_wconf 82' lang='lat' dir='ltr'><strong>ex</strong></span> <span class='ocrx_word' id='word_1_540' title='bbox 3338 1116 3452 1169; x_wconf 89' lang='lat' dir='ltr'><strong>viro</strong></span> <span class='ocrx_word' id='word_1_541' title='bbox 3477 1127 3558 1172; x_wconf 91' lang='lat' dir='ltr'><strong>est</strong></span> <span class='ocrx_word' id='word_1_542' title='bbox 3580 1135 3593 1177; x_wconf 86' lang='lat'><strong>:</strong></span> 
     </span>
    </p>
   </div>
   <div class='ocr_carea' id='block_1_72' title="bbox 2014 1194 3599 1279">
    <p class='ocr_par' dir='ltr' id='par_1_72' title="bbox 2014 1194 3599 1279">
     <span class='ocr_line' id='line_1_73' title="bbox 2014 1194 3599 1279; baseline 0.011 -33"><span class='ocrx_word' id='word_1_543' title='bbox 2014 1207 2121 1246; x_wconf 91' lang='lat' dir='ltr'><strong>non</strong></span> <span class='ocrx_word' id='word_1_544' title='bbox 2139 1194 2446 1250; x_wconf 88' lang='lat' dir='ltr'><strong>imitationis</strong></span> <span class='ocrx_word' id='word_1_545' title='bbox 2460 1197 2785 1266; x_wconf 80' lang='lat' dir='ltr'><strong>exemplum,</strong></span> <span class='ocrx_word' id='word_1_546' title='bbox 2803 1201 3015 1270; x_wconf 89' lang='lat' dir='ltr'><strong>quodin</strong></span> <span class='ocrx_word' id='word_1_547' title='bbox 3036 1218 3231 1273; x_wconf 84' lang='lat' dir='ltr'><strong>genere</strong></span> <span class='ocrx_word' id='word_1_548' title='bbox 3252 1205 3484 1262; x_wconf 82' lang='lat' dir='ltr'><strong>humano</strong></span> <span class='ocrx_word' id='word_1_549' title='bbox 3504 1224 3599 1279; x_wconf 89' lang='lat' dir='ltr'><strong>per</strong></span> 
     </span>
    </p>
   </div>
   <div class='ocr_carea' id='block_1_73' title="bbox 2012 1292 3530 1362">
    <p class='ocr_par' dir='ltr' id='par_1_73' title="bbox 2012 1292 3530 1362">
     <span class='ocr_line' id='line_1_74' title="bbox 2012 1292 3530 1362; baseline 0.009 -19"><span class='ocrx_word' id='word_1_550' title='bbox 2012 1304 2171 1343; x_wconf 88' lang='lat' dir='ltr'><strong>unam</strong></span> <span class='ocrx_word' id='word_1_551' title='bbox 2200 1292 2395 1358; x_wconf 90' lang='lat' dir='ltr'><strong>potius,</strong></span> <span class='ocrx_word' id='word_1_552' title='bbox 2423 1308 2583 1362; x_wconf 90' lang='lat' dir='ltr'><strong>quam</strong></span> <span class='ocrx_word' id='word_1_553' title='bbox 2613 1308 2709 1362; x_wconf 90' lang='lat' dir='ltr'><strong>per</strong></span> <span class='ocrx_word' id='word_1_554' title='bbox 2736 1310 2899 1349; x_wconf 87' lang='lat' dir='ltr'><strong>unum</strong></span> <span class='ocrx_word' id='word_1_555' title='bbox 2930 1297 3145 1352; x_wconf 86' lang='lat' dir='ltr'><strong>intravit</strong></span> <span class='ocrx_word' id='word_1_556' title='bbox 3170 1301 3223 1353; x_wconf 88' lang='lat' dir='ltr'><strong>in</strong></span> <span class='ocrx_word' id='word_1_557' title='bbox 3253 1302 3530 1356; x_wconf 88' lang='lat' dir='ltr'><strong>mundum.</strong></span> 
     </span>
    </p>
   </div>
   <div class='ocr_carea' id='block_1_74' title="bbox 2082 1379 3594 1463">
    <p class='ocr_par' dir='ltr' id='par_1_74' title="bbox 2082 1379 3594 1463">
     <span class='ocr_line' id='line_1_75' title="bbox 2082 1379 3594 1463; baseline 0.008 -29"><span class='ocrx_word' id='word_1_558' title='bbox 2082 1379 2369 1435; x_wconf 80' lang='lat' dir='ltr'><strong>LXXXIX.</strong></span> <span class='ocrx_word' id='word_1_559' title='bbox 2399 1382 2517 1437; x_wconf 74' lang='lat' dir='ltr'><strong>JUL.</strong></span> <span class='ocrx_word' id='word_1_560' title='bbox 2547 1384 2678 1438; x_wconf 89' lang='lat' dir='ltr'><strong>Cum</strong></span> <span class='ocrx_word' id='word_1_561' title='bbox 2708 1399 2836 1440; x_wconf 89' lang='lat' dir='ltr'><strong>vero</strong></span> <span class='ocrx_word' id='word_1_562' title='bbox 2874 1387 2941 1441; x_wconf 90' lang='lat' dir='ltr'><strong>de</strong></span> <span class='ocrx_word' id='word_1_563' title='bbox 2980 1396 3198 1456; x_wconf 88' lang='lat' dir='ltr'><strong>peccato</strong></span> <span class='ocrx_word' id='word_1_564' title='bbox 3223 1393 3421 1461; x_wconf 83' lang='lat' dir='ltr'><strong>agitur,</strong></span> <span class='ocrx_word' id='word_1_565' title='bbox 3450 1394 3594 1463; x_wconf 87' lang='lat' dir='ltr'><strong>quod</strong></span> 
     </span>
    </p>
   </div>
   <div class='ocr_carea' id='block_1_75' title="bbox 2009 1473 3594 1545">
    <p class='ocr_par' dir='ltr' id='par_1_75' title="bbox 2009 1473 3594 1545">
     <span class='ocr_line' id='line_1_76' title="bbox 2009 1473 3594 1545; baseline 0.007 -17"><span class='ocrx_word' id='word_1_566' title='bbox 2009 1482 2191 1528; x_wconf 85' lang='lat' dir='ltr'><strong>contra</strong></span> <span class='ocrx_word' id='word_1_567' title='bbox 2219 1473 2455 1529; x_wconf 88' lang='lat' dir='ltr'><strong>omnium</strong></span> <span class='ocrx_word' id='word_1_568' title='bbox 2484 1476 2787 1545; x_wconf 91' lang='lat' dir='ltr'><strong>opinionem</strong></span> <span class='ocrx_word' id='word_1_569' title='bbox 2815 1487 2871 1533; x_wconf 90' lang='lat' dir='ltr'><strong>et</strong></span> <span class='ocrx_word' id='word_1_570' title='bbox 2897 1493 3110 1535; x_wconf 90' lang='lat' dir='ltr'><strong>omnem</strong></span> <span class='ocrx_word' id='word_1_571' title='bbox 3140 1481 3397 1537; x_wconf 86' lang='lat' dir='ltr'><strong>rationem</strong></span> <span class='ocrx_word' id='word_1_572' title='bbox 3424 1484 3594 1538; x_wconf 87' lang='lat' dir='ltr'><strong>simu-</strong></span> 
     </span>
    </p>
   </div>
   <div class='ocr_carea' id='block_1_76' title="bbox 2010 1564 2497 1635">
    <p class='ocr_par' dir='ltr' id='par_1_76' title="bbox 2010 1564 2497 1635">
     <span class='ocr_line' id='line_1_77' title="bbox 2010 1564 2497 1635; baseline 0.002 -17"><span class='ocrx_word' id='word_1_573' title='bbox 2010 1564 2149 1619; x_wconf 88' lang='lat' dir='ltr'><strong>latur</strong></span> <span class='ocrx_word' id='word_1_574' title='bbox 2187 1566 2497 1635; x_wconf 87' lang='lat' dir='ltr'><strong>ingenitum.</strong></span> 
     </span>
    </p>
   </div>
   <div class='ocr_carea' id='block_1_77' title="bbox 2079 1657 3593 1735">
    <p class='ocr_par' dir='ltr' id='par_1_77' title="bbox 2079 1657 3593 1735">
     <span class='ocr_line' id='line_1_78' title="bbox 2079 1657 3593 1735; baseline 0.006 -24"><span class='ocrx_word' id='word_1_575' title='bbox 2079 1658 2214 1713; x_wconf 77' lang='lat' dir='ltr'><strong>Anc.</strong></span> <span class='ocrx_word' id='word_1_576' title='bbox 2245 1657 2359 1713; x_wconf 88' lang='lat' dir='ltr'><strong>Non</strong></span> <span class='ocrx_word' id='word_1_577' title='bbox 2381 1669 2566 1712; x_wconf 88' lang='lat' dir='ltr'><strong>contra</strong></span> <span class='ocrx_word' id='word_1_578' title='bbox 2585 1660 2820 1714; x_wconf 91' lang='lat' dir='ltr'><strong>omnium</strong></span> <span class='ocrx_word' id='word_1_579' title='bbox 2842 1662 3146 1731; x_wconf 82' lang='lat' dir='ltr'><strong>Opinionem</strong></span> <span class='ocrx_word' id='word_1_580' title='bbox 3167 1679 3487 1735; x_wconf 84' lang='lat' dir='ltr'><strong>omnemque</strong></span> <span class='ocrx_word' id='word_1_581' title='bbox 3510 1681 3593 1720; x_wconf 89' lang='lat' dir='ltr'><strong>ra-</strong></span> 
     </span>
    </p>
   </div>
   <div class='ocr_carea' id='block_1_78' title="bbox 2007 1749 3595 1821">
    <p class='ocr_par' dir='ltr' id='par_1_78' title="bbox 2007 1749 3595 1821">
     <span class='ocr_line' id='line_1_79' title="bbox 2007 1749 3595 1821; baseline 0.007 -20"><span class='ocrx_word' id='word_1_582' title='bbox 2007 1749 2206 1804; x_wconf 89' lang='lat' dir='ltr'><strong>tionem</strong></span> <span class='ocrx_word' id='word_1_583' title='bbox 2234 1750 2544 1817; x_wconf 85' lang='lat' dir='ltr'><strong>simulatur;</strong></span> <span class='ocrx_word' id='word_1_584' title='bbox 2572 1752 2666 1806; x_wconf 91' lang='lat' dir='ltr'><strong>sed</strong></span> <span class='ocrx_word' id='word_1_585' title='bbox 2695 1762 2880 1807; x_wconf 90' lang='lat' dir='ltr'><strong>contra</strong></span> <span class='ocrx_word' id='word_1_586' title='bbox 2908 1763 3141 1808; x_wconf 88' lang='lat' dir='ltr'><strong>vestrum</strong></span> <span class='ocrx_word' id='word_1_587' title='bbox 3171 1770 3428 1821; x_wconf 88' lang='lat' dir='ltr'><strong>errorem,</strong></span> <span class='ocrx_word' id='word_1_588' title='bbox 3461 1767 3595 1813; x_wconf 84' lang='lat' dir='ltr'><strong>teste</strong></span> 
     </span>
    </p>
   </div>
   <div class='ocr_carea' id='block_1_79' title="bbox 2009 1838 3590 1915">
    <p class='ocr_par' dir='ltr' id='par_1_79' title="bbox 2009 1838 3590 1915">
     <span class='ocr_line' id='line_1_80' title="bbox 2009 1838 3590 1915; baseline 0.004 -22"><span class='ocrx_word' id='word_1_589' title='bbox 2009 1838 2280 1907; x_wconf 88' lang='lat' dir='ltr'><strong>Scriptura</strong></span> <span class='ocrx_word' id='word_1_590' title='bbox 2297 1879 2314 1904; x_wconf 95' lang='lat'><strong>,</strong></span> <span class='ocrx_word' id='word_1_591' title='bbox 2342 1850 2395 1893; x_wconf 89' lang='lat' dir='ltr'><strong>et</strong></span> <span class='ocrx_word' id='word_1_592' title='bbox 2422 1841 2533 1908; x_wconf 90' lang='lat' dir='ltr'><strong>ipsa</strong></span> <span class='ocrx_word' id='word_1_593' title='bbox 2559 1843 2768 1910; x_wconf 89' lang='lat' dir='ltr'><strong>generis</strong></span> <span class='ocrx_word' id='word_1_594' title='bbox 2799 1842 3016 1898; x_wconf 89' lang='lat' dir='ltr'><strong>humani</strong></span> <span class='ocrx_word' id='word_1_595' title='bbox 3044 1845 3254 1899; x_wconf 87' lang='lat' dir='ltr'><strong>miseria</strong></span> <span class='ocrx_word' id='word_1_596' title='bbox 3275 1884 3291 1911; x_wconf 90' lang='lat'><strong>,</strong></span> <span class='ocrx_word' id='word_1_597' title='bbox 3319 1856 3590 1915; x_wconf 86' lang='lat' dir='ltr'><strong>peccatum</strong></span> 
     </span>
    </p>
   </div>
   <div class='ocr_carea' id='block_1_80' title="bbox 2007 1929 2637 1998">
    <p class='ocr_par' dir='ltr' id='par_1_80' title="bbox 2007 1929 2637 1998">
     <span class='ocr_line' id='line_1_81' title="bbox 2007 1929 2637 1998; baseline 0.003 -15"><span class='ocrx_word' id='word_1_598' title='bbox 2007 1929 2265 1998; x_wconf 85' lang='lat' dir='ltr'><strong>originale</strong></span> <span class='ocrx_word' id='word_1_599' title='bbox 2290 1939 2637 1985; x_wconf 85' lang='lat' dir='ltr'><strong>monstratur.</strong></span> 
     </span>
    </p>
   </div>
   <div class='ocr_carea' id='block_1_81' title="bbox 2079 2018 3594 2096">
    <p class='ocr_par' dir='ltr' id='par_1_81' title="bbox 2079 2018 3594 2096">
     <span class='ocr_line' id='line_1_82' title="bbox 2079 2018 3594 2096; baseline 0.004 -22"><span class='ocrx_word' id='word_1_600' title='bbox 2079 2018 2190 2074; x_wconf 83' lang='lat' dir='ltr'><strong>XC.</strong></span> <span class='ocrx_word' id='word_1_601' title='bbox 2218 2020 2335 2074; x_wconf 72' lang='grc' dir='ltr'>ιω..</span> <span class='ocrx_word' id='word_1_602' title='bbox 2368 2020 2434 2074; x_wconf 84' lang='grc' dir='ltr'>Ει</span> <span class='ocrx_word' id='word_1_603' title='bbox 2460 2021 2562 2076; x_wconf 89' lang='lat' dir='ltr'><strong>hoc</strong></span> <span class='ocrx_word' id='word_1_604' title='bbox 2588 2032 2861 2090; x_wconf 88' lang='lat' dir='ltr'><strong>peceatum</strong></span> <span class='ocrx_word' id='word_1_605' title='bbox 2891 2026 3147 2080; x_wconf 84' lang='lat' dir='ltr'><strong>transisse</strong></span> <span class='ocrx_word' id='word_1_606' title='bbox 3168 2041 3266 2095; x_wconf 89' lang='lat' dir='ltr'><strong>per</strong></span> <span class='ocrx_word' id='word_1_607' title='bbox 3284 2042 3447 2081; x_wconf 90' lang='lat' dir='ltr'><strong>unum</strong></span> <span class='ocrx_word' id='word_1_608' title='bbox 3472 2042 3594 2096; x_wconf 80' lang='lat' dir='ltr'><strong>pro-</strong></span> 
     </span>
    </p>
   </div>
   <div class='ocr_carea' id='block_1_82' title="bbox 2011 2109 3590 2186">
    <p class='ocr_par' dir='ltr' id='par_1_82' title="bbox 2011 2109 3590 2186">
     <span class='ocr_line' id='line_1_83' title="bbox 2011 2109 3590 2186; baseline 0.005 -23"><span class='ocrx_word' id='word_1_609' title='bbox 2011 2110 2125 2179; x_wconf 90' lang='lat' dir='ltr'><strong>prie</strong></span> <span class='ocrx_word' id='word_1_610' title='bbox 2152 2109 2373 2177; x_wconf 87' lang='lat' dir='ltr'><strong>dicitur,</strong></span> <span class='ocrx_word' id='word_1_611' title='bbox 2406 2112 2450 2165; x_wconf 91' lang='lat' dir='ltr'><strong>si</strong></span> <span class='ocrx_word' id='word_1_612' title='bbox 2487 2114 2791 2183; x_wconf 81' lang='lat' dir='ltr'><strong>exemplum</strong></span> <span class='ocrx_word' id='word_1_613' title='bbox 2828 2113 3168 2182; x_wconf 85' lang='lat' dir='ltr'><strong>delinquendi</strong></span> <span class='ocrx_word' id='word_1_614' title='bbox 3210 2117 3437 2186; x_wconf 64' lang='lat' dir='ltr'><strong>praebuit</strong></span> <span class='ocrx_word' id='word_1_615' title='bbox 3464 2134 3480 2171; x_wconf 90' lang='lat'><strong>:</strong></span> <span class='ocrx_word' id='word_1_616' title='bbox 3510 2118 3590 2171; x_wconf 88' lang='lat' dir='ltr'><strong>in-</strong></span> 
     </span>
    </p>
   </div>
   <div class='ocr_carea' id='block_1_83' title="bbox 1985 2200 3590 2275">
    <p class='ocr_par' dir='ltr' id='par_1_83' title="bbox 1985 2200 3590 2275">
     <span class='ocr_line' id='line_1_84' title="bbox 1985 2200 3590 2275; baseline 0.003 -21"><span class='ocrx_word' id='word_1_617' title='bbox 1985 2200 2512 2257; x_wconf 86' lang='lat' dir='ltr'><strong>-convenientissime</strong></span> <span class='ocrx_word' id='word_1_618' title='bbox 2548 2213 2722 2258; x_wconf 90' lang='lat' dir='ltr'><strong>autem</strong></span> <span class='ocrx_word' id='word_1_619' title='bbox 2744 2243 2758 2268; x_wconf 90' lang='lat'><strong>,</strong></span> <span class='ocrx_word' id='word_1_620' title='bbox 2785 2204 2828 2257; x_wconf 88' lang='lat' dir='ltr'><strong>si</strong></span> <span class='ocrx_word' id='word_1_621' title='bbox 2859 2215 3134 2274; x_wconf 91' lang='lat' dir='ltr'><strong>peccatum</strong></span> <span class='ocrx_word' id='word_1_622' title='bbox 3166 2206 3304 2260; x_wconf 92' lang='lat' dir='ltr'><strong>istud</strong></span> <span class='ocrx_word' id='word_1_623' title='bbox 3331 2207 3590 2275; x_wconf 83' lang='lat' dir='ltr'><strong>ingenuit,</strong></span> 
     </span>
    </p>
   </div>
   <div class='ocr_carea' id='block_1_84' title="bbox 2009 2293 3519 2367">
    <p class='ocr_par' dir='ltr' id='par_1_84' title="bbox 2009 2293 3519 2367">
     <span class='ocr_line' id='line_1_85' title="bbox 2009 2293 3519 2367; baseline 0.003 -21"><span class='ocrx_word' id='word_1_624' title='bbox 2009 2293 2151 2362; x_wconf 91' lang='lat' dir='ltr'><strong>quod</strong></span> <span class='ocrx_word' id='word_1_625' title='bbox 2175 2293 2241 2347; x_wconf 90' lang='lat' dir='ltr'><strong>ad</strong></span> <span class='ocrx_word' id='word_1_626' title='bbox 2268 2303 2510 2363; x_wconf 91' lang='lat' dir='ltr'><strong>posteros</strong></span> <span class='ocrx_word' id='word_1_627' title='bbox 2531 2295 2630 2349; x_wconf 89' lang='lat' dir='ltr'><strong>nisi</strong></span> <span class='ocrx_word' id='word_1_628' title='bbox 2658 2309 2751 2364; x_wconf 87' lang='lat' dir='ltr'><strong>per</strong></span> <span class='ocrx_word' id='word_1_629' title='bbox 2773 2297 2910 2350; x_wconf 77' lang='lat' dir='ltr'><strong>duo‘s</strong></span> <span class='ocrx_word' id='word_1_630' title='bbox 2936 2298 3159 2352; x_wconf 87' lang='lat' dir='ltr'><strong>transire</strong></span> <span class='ocrx_word' id='word_1_631' title='bbox 3183 2313 3289 2351; x_wconf 90' lang='lat' dir='ltr'><strong>non</strong></span> <span class='ocrx_word' id='word_1_632' title='bbox 3313 2299 3481 2367; x_wconf 89' lang='lat' dir='ltr'><strong>potuit</strong></span> <span class='ocrx_word' id='word_1_633' title='bbox 3506 2317 3519 2351; x_wconf 89' lang='lat'>:</span> 
     </span>
    </p>
   </div>
   <div class='ocr_carea' id='block_1_85' title="bbox 2080 2383 3593 2456">
    <p class='ocr_par' dir='ltr' id='par_1_85' title="bbox 2080 2383 3593 2456">
     <span class='ocr_line' id='line_1_86' title="bbox 2080 2383 3593 2456; baseline 0.003 -19"><span class='ocrx_word' id='word_1_634' title='bbox 2080 2384 2215 2439; x_wconf 80' lang='lat' dir='ltr'><strong>Aue.</strong></span> <span class='ocrx_word' id='word_1_635' title='bbox 2246 2383 2356 2439; x_wconf 88' lang='lat' dir='ltr'><strong>lmo</strong></span> <span class='ocrx_word' id='word_1_636' title='bbox 2385 2399 2480 2453; x_wconf 90' lang='lat' dir='ltr'><strong>per</strong></span> <span class='ocrx_word' id='word_1_637' title='bbox 2506 2401 2668 2440; x_wconf 90' lang='lat' dir='ltr'><strong>unum</strong></span> <span class='ocrx_word' id='word_1_638' title='bbox 2704 2386 2947 2453; x_wconf 82' lang='lat' dir='ltr'><strong>intravit,</strong></span> <span class='ocrx_word' id='word_1_639' title='bbox 2979 2401 3009 2440; x_wconf 93' lang='lat' dir='ltr'><strong>a</strong></span> <span class='ocrx_word' id='word_1_640' title='bbox 3035 2402 3140 2456; x_wconf 89' lang='lat' dir='ltr'><strong>quo</strong></span> <span class='ocrx_word' id='word_1_641' title='bbox 3166 2389 3482 2442; x_wconf 88' lang='lat' dir='ltr'><strong>seminatum</strong></span> <span class='ocrx_word' id='word_1_642' title='bbox 3512 2400 3593 2442; x_wconf 86' lang='lat' dir='ltr'><strong>est</strong></span> 
     </span>
    </p>
   </div>
   <div class='ocr_carea' id='block_1_86' title="bbox 2010 2474 3590 2550">
    <p class='ocr_par' dir='ltr' id='par_1_86' title="bbox 2010 2474 3590 2550">
     <span class='ocr_line' id='line_1_87' title="bbox 2010 2474 3590 2550; baseline 0.004 -23"><span class='ocrx_word' id='word_1_643' title='bbox 2010 2474 2150 2543; x_wconf 91' lang='lat' dir='ltr'><strong>quod</strong></span> <span class='ocrx_word' id='word_1_644' title='bbox 2178 2475 2381 2542; x_wconf 88' lang='lat' dir='ltr'><strong>peperit</strong></span> <span class='ocrx_word' id='word_1_645' title='bbox 2405 2476 2492 2530; x_wconf 91' lang='lat' dir='ltr'><strong>illa</strong></span> <span class='ocrx_word' id='word_1_646' title='bbox 2520 2492 2534 2529; x_wconf 91' lang='lat'><strong>:</strong></span> <span class='ocrx_word' id='word_1_647' title='bbox 2567 2476 2868 2547; x_wconf 87' lang='lat' dir='ltr'><strong>exemplum</strong></span> <span class='ocrx_word' id='word_1_648' title='bbox 2895 2487 3072 2532; x_wconf 86' lang='lat' dir='ltr'><strong>autem</strong></span> <span class='ocrx_word' id='word_1_649' title='bbox 3100 2479 3154 2532; x_wconf 90' lang='lat' dir='ltr'><strong>in</strong></span> <span class='ocrx_word' id='word_1_650' title='bbox 3179 2479 3267 2533; x_wconf 90' lang='lat' dir='ltr'><strong>illa</strong></span> <span class='ocrx_word' id='word_1_651' title='bbox 3293 2481 3590 2550; x_wconf 72' lang='lat' dir='ltr'><strong>prmcessit,</strong></span> 
     </span>
    </p>
   </div>
   <div class='ocr_carea' id='block_1_87' title="bbox 2007 2563 2639 2634">
    <p class='ocr_par' dir='ltr' id='par_1_87' title="bbox 2007 2563 2639 2634">
     <span class='ocr_line' id='line_1_88' title="bbox 2007 2563 2639 2634; baseline 0.006 -16"><span class='ocrx_word' id='word_1_652' title='bbox 2007 2563 2150 2634; x_wconf 89' lang='lat' dir='ltr'><strong>quod</strong></span> <span class='ocrx_word' id='word_1_653' title='bbox 2179 2573 2395 2620; x_wconf 89' lang='lat' dir='ltr'><strong>secutus</strong></span> <span class='ocrx_word' id='word_1_654' title='bbox 2422 2576 2505 2622; x_wconf 88' lang='lat' dir='ltr'><strong>est</strong></span> <span class='ocrx_word' id='word_1_655' title='bbox 2532 2568 2639 2622; x_wconf 89' lang='lat' dir='ltr'><strong>ille.</strong></span> 
     </span>
    </p>
   </div>
   <div class='ocr_carea' id='block_1_88' title="bbox 2080 2655 3593 2731">
    <p class='ocr_par' dir='ltr' id='par_1_88' title="bbox 2080 2655 3593 2731">
     <span class='ocr_line' id='line_1_89' title="bbox 2080 2655 3593 2731; baseline 0.007 -23"><span class='ocrx_word' id='word_1_656' title='bbox 2080 2655 2215 2710; x_wconf 76' lang='lat' dir='ltr'><strong>XCI.</strong></span> <span class='ocrx_word' id='word_1_657' title='bbox 2253 2655 2371 2710; x_wconf 68' lang='lat' dir='ltr'><strong>Jun.</strong></span> <span class='ocrx_word' id='word_1_658' title='bbox 2408 2656 2977 2731; x_wconf 86' lang='lat' dir='ltr'><strong>Commendaveritque</strong></span> <span class='ocrx_word' id='word_1_659' title='bbox 3011 2663 3297 2731; x_wconf 86' lang='lat' dir='ltr'><strong>Apostolus</strong></span> <span class='ocrx_word' id='word_1_660' title='bbox 3339 2665 3593 2720; x_wconf 86' lang='lat' dir='ltr'><strong>transisse</strong></span> 
     </span>
    </p>
   </div>
   <div class='ocr_carea' id='block_1_89' title="bbox 2008 2748 3594 2824">
    <p class='ocr_par' dir='ltr' id='par_1_89' title="bbox 2008 2748 3594 2824">
     <span class='ocr_line' id='line_1_90' title="bbox 2008 2748 3594 2824; baseline 0.006 -23"><span class='ocrx_word' id='word_1_661' title='bbox 2008 2756 2281 2817; x_wconf 85' lang='lat' dir='ltr'><strong>peccatum</strong></span> <span class='ocrx_word' id='word_1_662' title='bbox 2301 2788 2317 2813; x_wconf 93' lang='lat'><strong>,</strong></span> <span class='ocrx_word' id='word_1_663' title='bbox 2345 2748 2439 2804; x_wconf 85' lang='lat' dir='ltr'><strong>sed</strong></span> <span class='ocrx_word' id='word_1_664' title='bbox 2465 2766 2570 2804; x_wconf 92' lang='lat' dir='ltr'><strong>non</strong></span> <span class='ocrx_word' id='word_1_665' title='bbox 2597 2766 2694 2821; x_wconf 90' lang='lat' dir='ltr'><strong>per</strong></span> <span class='ocrx_word' id='word_1_666' title='bbox 2719 2768 2913 2819; x_wconf 90' lang='lat' dir='ltr'><strong>unum;</strong></span> <span class='ocrx_word' id='word_1_667' title='bbox 2944 2754 3343 2824; x_wconf 88' lang='lat' dir='ltr'><strong>ostenderitque</strong></span> <span class='ocrx_word' id='word_1_668' title='bbox 3375 2758 3473 2810; x_wconf 90' lang='lat' dir='ltr'><strong>hoc</strong></span> <span class='ocrx_word' id='word_1_669' title='bbox 3500 2772 3594 2811; x_wconf 86' lang='lat' dir='ltr'><strong>ve-</strong></span> 
     </span>
    </p>
   </div>
   <div class='ocr_carea' id='block_1_90' title="bbox 2008 2838 3597 2913">
    <p class='ocr_par' dir='ltr' id='par_1_90' title="bbox 2008 2838 3597 2913">
     <span class='ocr_line' id='line_1_91' title="bbox 2008 2838 3597 2913; baseline 0.005 -20"><span class='ocrx_word' id='word_1_670' title='bbox 2008 2838 2138 2894; x_wconf 83' lang='lat' dir='ltr'><strong>ritas</strong></span> <span class='ocrx_word' id='word_1_671' title='bbox 2166 2840 2232 2894; x_wconf 90' lang='lat' dir='ltr'><strong>ad</strong></span> <span class='ocrx_word' id='word_1_672' title='bbox 2258 2842 2559 2909; x_wconf 84' lang='lat' dir='ltr'><strong>exemplum</strong></span> <span class='ocrx_word' id='word_1_673' title='bbox 2587 2844 2800 2913; x_wconf 83' lang='lat' dir='ltr'><strong>preprie</strong></span> <span class='ocrx_word' id='word_1_674' title='bbox 2823 2845 3086 2913; x_wconf 87' lang='lat' dir='ltr'><strong>pertinere</strong></span> <span class='ocrx_word' id='word_1_675' title='bbox 3110 2865 3123 2899; x_wconf 88' lang='lat'><strong>:</strong></span> <span class='ocrx_word' id='word_1_676' title='bbox 3149 2847 3466 2901; x_wconf 87' lang='lat' dir='ltr'><strong>intolerabili</strong></span> <span class='ocrx_word' id='word_1_677' title='bbox 3498 2848 3597 2901; x_wconf 44' lang='lat' dir='ltr'><strong>im.</strong></span> 
     </span>
    </p>
   </div>
   <div class='ocr_carea' id='block_1_91' title="bbox 2008 2930 3592 3001">
    <p class='ocr_par' dir='ltr' id='par_1_91' title="bbox 2008 2930 3592 3001">
     <span class='ocr_line' id='line_1_92' title="bbox 2008 2930 3592 3001; baseline 0.006 -17"><span class='ocrx_word' id='word_1_678' title='bbox 2008 2930 2261 2999; x_wconf 87' lang='lat' dir='ltr'><strong>pudentia</strong></span> <span class='ocrx_word' id='word_1_679' title='bbox 2288 2932 2654 2989; x_wconf 85' lang='lat' dir='ltr'><strong>Traducianus</strong></span> <span class='ocrx_word' id='word_1_680' title='bbox 2693 2935 2851 3001; x_wconf 88' lang='lat' dir='ltr'><strong>facit,</strong></span> <span class='ocrx_word' id='word_1_681' title='bbox 2895 2945 2952 2990; x_wconf 88' lang='lat' dir='ltr'><strong>ut</strong></span> <span class='ocrx_word' id='word_1_682' title='bbox 2994 2938 3137 2992; x_wconf 88' lang='lat' dir='ltr'><strong>dicat</strong></span> <span class='ocrx_word' id='word_1_683' title='bbox 3174 2949 3228 2993; x_wconf 89' lang='lat' dir='ltr'><strong>et</strong></span> <span class='ocrx_word' id='word_1_684' title='bbox 3265 2939 3331 2993; x_wconf 87' lang='lat' dir='ltr'><strong>ad</strong></span> <span class='ocrx_word' id='word_1_685' title='bbox 3360 2956 3418 2995; x_wconf 86' lang='lat' dir='ltr'><strong>se</strong></span> <span class='ocrx_word' id='word_1_686' title='bbox 3447 2939 3592 2993; x_wconf 88' lang='lat' dir='ltr'><strong>illum</strong></span> 
     </span>
    </p>
   </div>
   <div class='ocr_carea' id='block_1_92' title="bbox 2009 3024 3202 3099">
    <p class='ocr_par' dir='ltr' id='par_1_92' title="bbox 2009 3024 3202 3099">
     <span class='ocr_line' id='line_1_93' title="bbox 2009 3024 3202 3099; baseline 0.005 -23"><span class='ocrx_word' id='word_1_687' title='bbox 2009 3037 2288 3078; x_wconf 90' lang='lat' dir='ltr'><strong>numerum</strong></span> <span class='ocrx_word' id='word_1_688' title='bbox 2318 3024 2571 3080; x_wconf 76' lang='lat' dir='ltr'><strong>inflexum</strong></span> <span class='ocrx_word' id='word_1_689' title='bbox 2598 3028 2852 3082; x_wconf 90' lang='lat' dir='ltr'><strong>abusione</strong></span> <span class='ocrx_word' id='word_1_690' title='bbox 2880 3033 3202 3099; x_wconf 86' lang='lat' dir='ltr'><strong>pertingere.</strong></span> 
     </span>
    </p>
   </div>
   <div class='ocr_carea' id='block_1_93' title="bbox 2080 3117 3594 3192">
    <p class='ocr_par' dir='ltr' id='par_1_93' title="bbox 2080 3117 3594 3192">
     <span class='ocr_line' id='line_1_94' title="bbox 2080 3117 3594 3192; baseline 0.004 -22"><span class='ocrx_word' id='word_1_691' title='bbox 2080 3117 2219 3173; x_wconf 79' lang='lat' dir='ltr'><strong>Ave.</strong></span> <span class='ocrx_word' id='word_1_692' title='bbox 2244 3117 2382 3183; x_wconf 86' lang='lat' dir='ltr'><strong>Quid</strong></span> <span class='ocrx_word' id='word_1_693' title='bbox 2411 3128 2494 3173; x_wconf 91' lang='lat' dir='ltr'><strong>est</strong></span> <span class='ocrx_word' id='word_1_694' title='bbox 2517 3119 2659 3188; x_wconf 91' lang='lat' dir='ltr'><strong>quod</strong></span> <span class='ocrx_word' id='word_1_695' title='bbox 2690 3130 2795 3173; x_wconf 89' lang='lat' dir='ltr'><strong>tam</strong></span> <span class='ocrx_word' id='word_1_696' title='bbox 2834 3136 2977 3189; x_wconf 75' lang='lat' dir='ltr'><strong>saepe</strong></span> <span class='ocrx_word' id='word_1_697' title='bbox 3018 3137 3155 3174; x_wconf 87' lang='lat' dir='ltr'><strong>novo</strong></span> <span class='ocrx_word' id='word_1_698' title='bbox 3195 3123 3409 3176; x_wconf 87' lang='lat' dir='ltr'><strong>nomine</strong></span> <span class='ocrx_word' id='word_1_699' title='bbox 3446 3125 3594 3192; x_wconf 81' lang='lat' dir='ltr'><strong>quasi</strong></span> 
     </span>
    </p>
   </div>
   <div class='ocr_carea' id='block_1_94' title="bbox 2009 3210 3594 3282">
    <p class='ocr_par' dir='ltr' id='par_1_94' title="bbox 2009 3210 3594 3282">
     <span class='ocr_line' id='line_1_95' title="bbox 2009 3210 3594 3282; baseline 0.001 -18"><span class='ocrx_word' id='word_1_700' title='bbox 2009 3210 2396 3264; x_wconf 78' lang='lat' dir='ltr'><strong>Contumelioso</strong></span> <span class='ocrx_word' id='word_1_701' title='bbox 2424 3225 2582 3279; x_wconf 89' lang='lat' dir='ltr'><strong>agere</strong></span> <span class='ocrx_word' id='word_1_702' title='bbox 2610 3219 2661 3264; x_wconf 93' lang='lat' dir='ltr'><strong>te</strong></span> <span class='ocrx_word' id='word_1_703' title='bbox 2688 3221 2858 3280; x_wconf 87' lang='lat' dir='ltr'><strong>putas,</strong></span> <span class='ocrx_word' id='word_1_704' title='bbox 2893 3222 2952 3265; x_wconf 91' lang='lat' dir='ltr'><strong>ut</strong></span> <span class='ocrx_word' id='word_1_705' title='bbox 2979 3212 3208 3282; x_wconf 81' lang='lat' dir='ltr'><strong>fugiatur</strong></span> <span class='ocrx_word' id='word_1_706' title='bbox 3234 3213 3431 3267; x_wconf 89' lang='lat' dir='ltr'><strong>veritas</strong></span> <span class='ocrx_word' id='word_1_707' title='bbox 3455 3216 3594 3266; x_wconf 88' lang='lat' dir='ltr'><strong>anti-</strong></span> 
     </span>
    </p>
   </div>
   <div class='ocr_carea' id='block_1_95' title="bbox 2010 3302 3599 3374">
    <p class='ocr_par' dir='ltr' id='par_1_95' title="bbox 2010 3302 3599 3374">
     <span class='ocr_line' id='line_1_96' title="bbox 2010 3302 3599 3374; baseline 0.002 -19"><span class='ocrx_word' id='word_1_708' title='bbox 2010 3302 2254 3372; x_wconf 88' lang='lat' dir='ltr'><strong>quissimi</strong></span> <span class='ocrx_word' id='word_1_709' title='bbox 2279 3302 2523 3358; x_wconf 84' lang='lat' dir='ltr'><strong>catholici</strong></span> <span class='ocrx_word' id='word_1_710' title='bbox 2543 3303 2826 3373; x_wconf 88' lang='lat' dir='ltr'><strong>dogmatis,</strong></span> <span class='ocrx_word' id='word_1_711' title='bbox 2850 3304 2976 3358; x_wconf 92' lang='lat' dir='ltr'><strong>dum</strong></span> <span class='ocrx_word' id='word_1_712' title='bbox 3002 3305 3210 3359; x_wconf 87' lang='lat' dir='ltr'><strong>novitas</strong></span> <span class='ocrx_word' id='word_1_713' title='bbox 3229 3306 3599 3374; x_wconf 76' lang='lat' dir='ltr'><strong>expavescitur</strong></span> 
     </span>
    </p>
   </div>
   <div class='ocr_carea' id='block_1_96' title="bbox 2011 3393 3598 3463">
    <p class='ocr_par' dir='ltr' id='par_1_96' title="bbox 2011 3393 3598 3463">
     <span class='ocr_line' id='line_1_97' title="bbox 2011 3393 3598 3463; baseline -0.001 -12"><span class='ocrx_word' id='word_1_714' title='bbox 2011 3395 2280 3451; x_wconf 84' lang='lat' dir='ltr'><strong>nominis?</strong></span> <span class='ocrx_word' id='word_1_715' title='bbox 2317 3393 2456 3462; x_wconf 86' lang='lat' dir='ltr'><strong>Quid</strong></span> <span class='ocrx_word' id='word_1_716' title='bbox 2495 3410 2601 3450; x_wconf 92' lang='lat' dir='ltr'><strong>non</strong></span> <span class='ocrx_word' id='word_1_717' title='bbox 2641 3405 2818 3463; x_wconf 89' lang='lat' dir='ltr'><strong>potest</strong></span> <span class='ocrx_word' id='word_1_718' title='bbox 2859 3394 2979 3450; x_wconf 78' lang='lat' dir='ltr'><strong>isto’</strong></span> <span class='ocrx_word' id='word_1_719' title='bbox 3003 3396 3163 3450; x_wconf 90' lang='lat' dir='ltr'><strong>modo</strong></span> <span class='ocrx_word' id='word_1_720' title='bbox 3205 3395 3475 3451; x_wconf 87' lang='lat' dir='ltr'><strong>derideri?</strong></span> <span class='ocrx_word' id='word_1_721' title='bbox 3502 3397 3598 3451; x_wconf 87' lang='lat' dir='ltr'><strong>sed</strong></span> 
     </span>
    </p>
   </div>
   <div class='ocr_carea' id='block_1_97' title="bbox 2012 3488 3601 3560">
    <p class='ocr_par' dir='ltr' id='par_1_97' title="bbox 2012 3488 3601 3560">
     <span class='ocr_line' id='line_1_98' title="bbox 2012 3488 3601 3560; baseline -0.001 -16"><span class='ocrx_word' id='word_1_722' title='bbox 2012 3490 2245 3544; x_wconf 83' lang='lat' dir='ltr'><strong>vanitate</strong></span> <span class='ocrx_word' id='word_1_723' title='bbox 2265 3528 2279 3553; x_wconf 89' lang='lat'><strong>,</strong></span> <span class='ocrx_word' id='word_1_724' title='bbox 2323 3504 2428 3543; x_wconf 89' lang='lat' dir='ltr'><strong>non</strong></span> <span class='ocrx_word' id='word_1_725' title='bbox 2461 3489 2777 3543; x_wconf 78' lang='lat' dir='ltr'><strong>urbanitate.</strong></span> <span class='ocrx_word' id='word_1_726' title='bbox 2807 3490 3096 3560; x_wconf 84' lang='lat' dir='ltr'><strong>Apostolus</strong></span> <span class='ocrx_word' id='word_1_727' title='bbox 3123 3491 3265 3546; x_wconf 90' lang='lat' dir='ltr'><strong>enim</strong></span> <span class='ocrx_word' id='word_1_728' title='bbox 3284 3489 3429 3544; x_wconf 75' lang='lat' dir='ltr'><strong>dicit</strong></span> <span class='ocrx_word' id='word_1_729' title='bbox 3448 3530 3462 3554; x_wconf 93' lang='lat'><strong>,</strong></span> <span class='ocrx_word' id='word_1_730' title='bbox 3500 3488 3601 3543; x_wconf 84' lang='lat' dir='ltr'><strong>Per</strong></span> 
     </span>
    </p>
   </div>
   <div class='ocr_carea' id='block_1_98' title="bbox 2012 3580 3603 3652">
    <p class='ocr_par' dir='ltr' id='par_1_98' title="bbox 2012 3580 3603 3652">
     <span class='ocr_line' id='line_1_99' title="bbox 2012 3580 3603 3652; baseline -0.001 -15"><span class='ocrx_word' id='word_1_731' title='bbox 2012 3599 2169 3637; x_wconf 83' lang='lat' dir='ltr'><strong>unum</strong></span> <span class='ocrx_word' id='word_1_732' title='bbox 2197 3583 2449 3637; x_wconf 82' lang='lat' dir='ltr'><strong>hominem</strong></span> <span class='ocrx_word' id='word_1_733' title='bbox 2494 3591 2752 3651; x_wconf 82' lang='lat' dir='ltr'><strong>peccatum</strong></span> <span class='ocrx_word' id='word_1_734' title='bbox 2790 3583 2992 3636; x_wconf 81' lang='lat' dir='ltr'><strong>intravit</strong></span> <span class='ocrx_word' id='word_1_735' title='bbox 3029 3583 3083 3636; x_wconf 85' lang='lat' dir='ltr'><strong>in</strong></span> <span class='ocrx_word' id='word_1_736' title='bbox 3120 3580 3485 3649; x_wconf 54' lang='lat' dir='ltr'><strong>mundum,&#39;et</strong></span> <span class='ocrx_word' id='word_1_737' title='bbox 3512 3598 3603 3652; x_wconf 73' lang='lat' dir='ltr'><strong>per</strong></span> 
     </span>
    </p>
   </div>
   <div class='ocr_carea' id='block_1_99' title="bbox 2016 3674 3597 3745">
    <p class='ocr_par' dir='ltr' id='par_1_99' title="bbox 2016 3674 3597 3745">
     <span class='ocr_line' id='line_1_100' title="bbox 2016 3674 3597 3745; baseline 0.001 -18"><span class='ocrx_word' id='word_1_738' title='bbox 2016 3682 2273 3743; x_wconf 78' lang='lat' dir='ltr'><strong>peccatum</strong></span> <span class='ocrx_word' id='word_1_739' title='bbox 2315 3689 2488 3738; x_wconf 81' lang='lat' dir='ltr'><strong>mors;</strong></span> <span class='ocrx_word' id='word_1_740' title='bbox 2525 3682 2572 3728; x_wconf 84' lang='lat' dir='ltr'><strong>et</strong></span> <span class='ocrx_word' id='word_1_741' title='bbox 2607 3675 2679 3727; x_wconf 84' lang='lat' dir='ltr'><strong>ita</strong></span> <span class='ocrx_word' id='word_1_742' title='bbox 2714 3674 2769 3727; x_wconf 85' lang='lat' dir='ltr'><strong>in</strong></span> <span class='ocrx_word' id='word_1_743' title='bbox 2806 3691 2980 3728; x_wconf 81' lang='lat' dir='ltr'><strong>omnes</strong></span> <span class='ocrx_word' id='word_1_744' title='bbox 3023 3676 3248 3728; x_wconf 80' lang='lat' dir='ltr'><strong>homines</strong></span> <span class='ocrx_word' id='word_1_745' title='bbox 3290 3675 3597 3745; x_wconf 82' lang='lat' dir='ltr'><strong>pertransiit.</strong></span> 
     </span>
    </p>
   </div>
   <div class='ocr_carea' id='block_1_100' title="bbox 2018 3766 3601 3836">
    <p class='ocr_par' dir='ltr' id='par_1_100' title="bbox 2018 3766 3601 3836">
     <span class='ocr_line' id='line_1_101' title="bbox 2018 3766 3601 3836; baseline -0.003 -14"><span class='ocrx_word' id='word_1_746' title='bbox 2018 3767 2143 3822; x_wconf 68' lang='lat' dir='ltr'><strong>Haec</strong></span> <span class='ocrx_word' id='word_1_747' title='bbox 2179 3767 2343 3820; x_wconf 84' lang='lat' dir='ltr'><strong>verba</strong></span> <span class='ocrx_word' id='word_1_748' title='bbox 2373 3768 2580 3834; x_wconf 89' lang='lat' dir='ltr'><strong>utrique</strong></span> <span class='ocrx_word' id='word_1_749' title='bbox 2608 3766 2927 3835; x_wconf 87' lang='lat' dir='ltr'><strong>suscipimus</strong></span> <span class='ocrx_word' id='word_1_750' title='bbox 2960 3783 2973 3819; x_wconf 90' lang='lat'><strong>:</strong></span> <span class='ocrx_word' id='word_1_751' title='bbox 3008 3767 3055 3822; x_wconf 88' lang='lat' dir='ltr'><strong>si</strong></span> <span class='ocrx_word' id='word_1_752' title='bbox 3102 3781 3229 3836; x_wconf 90' lang='lat' dir='ltr'><strong>ergo</strong></span> <span class='ocrx_word' id='word_1_753' title='bbox 3268 3781 3367 3821; x_wconf 89' lang='lat' dir='ltr'><strong>nos</strong></span> <span class='ocrx_word' id='word_1_754' title='bbox 3395 3766 3601 3821; x_wconf 80' lang='lat' dir='ltr'><strong>Tradu-</strong></span> 
     </span>
    </p>
   </div>
   <div class='ocr_carea' id='block_1_101' title="bbox 2016 3855 3601 3925">
    <p class='ocr_par' dir='ltr' id='par_1_101' title="bbox 2016 3855 3601 3925">
     <span class='ocr_line' id='line_1_102' title="bbox 2016 3855 3601 3925; baseline -0.003 -12"><span class='ocrx_word' id='word_1_755' title='bbox 2016 3856 2153 3913; x_wconf 87' lang='lat' dir='ltr'><strong>ciani</strong></span> <span class='ocrx_word' id='word_1_756' title='bbox 2183 3870 2366 3911; x_wconf 90' lang='lat' dir='ltr'><strong>sumus</strong></span> <span class='ocrx_word' id='word_1_757' title='bbox 2398 3865 2616 3925; x_wconf 88' lang='lat' dir='ltr'><strong>propter</strong></span> <span class='ocrx_word' id='word_1_758' title='bbox 2642 3866 2916 3924; x_wconf 89' lang='lat' dir='ltr'><strong>peccatum</strong></span> <span class='ocrx_word' id='word_1_759' title='bbox 2947 3855 3087 3924; x_wconf 89' lang='lat' dir='ltr'><strong>quod</strong></span> <span class='ocrx_word' id='word_1_760' title='bbox 3116 3857 3460 3925; x_wconf 88' lang='lat' dir='ltr'><strong>generatione</strong></span> <span class='ocrx_word' id='word_1_761' title='bbox 3491 3866 3601 3910; x_wconf 91' lang='lat' dir='ltr'><strong>tra-</strong></span> 
     </span>
    </p>
   </div>
   <div class='ocr_carea' id='block_1_102' title="bbox 2016 3945 3604 4014">
    <p class='ocr_par' dir='ltr' id='par_1_102' title="bbox 2016 3945 3604 4014">
     <span class='ocr_line' id='line_1_103' title="bbox 2016 3945 3604 4014; baseline -0.002 -12"><span class='ocrx_word' id='word_1_762' title='bbox 2016 3947 2231 4003; x_wconf 91' lang='lat' dir='ltr'><strong>ductum</strong></span> <span class='ocrx_word' id='word_1_763' title='bbox 2262 3954 2379 4013; x_wconf 90' lang='lat' dir='ltr'><strong>est,</strong></span> <span class='ocrx_word' id='word_1_764' title='bbox 2408 3956 2465 4000; x_wconf 92' lang='lat' dir='ltr'><strong>ut</strong></span> <span class='ocrx_word' id='word_1_765' title='bbox 2502 3947 2554 4000; x_wconf 90' lang='lat' dir='ltr'><strong>in</strong></span> <span class='ocrx_word' id='word_1_766' title='bbox 2595 3960 2784 4000; x_wconf 88' lang='lat' dir='ltr'><strong>omnes</strong></span> <span class='ocrx_word' id='word_1_767' title='bbox 2818 3945 3062 3999; x_wconf 87' lang='lat' dir='ltr'><strong>homines</strong></span> <span class='ocrx_word' id='word_1_768' title='bbox 3094 3947 3477 4014; x_wconf 89' lang='lat' dir='ltr'><strong>pertransiret;</strong></span> <span class='ocrx_word' id='word_1_769' title='bbox 3509 3960 3604 4000; x_wconf 84' lang='lat' dir='ltr'><strong>vos</strong></span> 
     </span>
    </p>
   </div>
   <div class='ocr_carea' id='block_1_103' title="bbox 2017 4034 3604 4106">
    <p class='ocr_par' dir='ltr' id='par_1_103' title="bbox 2017 4034 3604 4106">
     <span class='ocr_line' id='line_1_104' title="bbox 2017 4034 3604 4106; baseline -0.003 -12"><span class='ocrx_word' id='word_1_770' title='bbox 2017 4037 2334 4094; x_wconf 88' lang='lat' dir='ltr'><strong>Traduciani</strong></span> <span class='ocrx_word' id='word_1_771' title='bbox 2375 4037 2507 4093; x_wconf 87' lang='lat' dir='ltr'><strong>estis</strong></span> <span class='ocrx_word' id='word_1_772' title='bbox 2547 4044 2763 4106; x_wconf 90' lang='lat' dir='ltr'><strong>propter</strong></span> <span class='ocrx_word' id='word_1_773' title='bbox 2805 4044 3079 4106; x_wconf 84' lang='lat' dir='ltr'><strong>peccatum</strong></span> <span class='ocrx_word' id='word_1_774' title='bbox 3123 4034 3264 4106; x_wconf 90' lang='lat' dir='ltr'><strong>quod</strong></span> <span class='ocrx_word' id='word_1_775' title='bbox 3309 4035 3604 4090; x_wconf 86' lang='lat' dir='ltr'><strong>imitatione</strong></span> 
     </span>
    </p>
   </div>
   <div class='ocr_carea' id='block_1_104' title="bbox 2019 4124 3606 4197">
    <p class='ocr_par' dir='ltr' id='par_1_104' title="bbox 2019 4124 3606 4197">
     <span class='ocr_line' id='line_1_105' title="bbox 2019 4124 3606 4197; baseline -0.004 -14"><span class='ocrx_word' id='word_1_776' title='bbox 2019 4127 2317 4183; x_wconf 90' lang='lat' dir='ltr'><strong>traductum</strong></span> <span class='ocrx_word' id='word_1_777' title='bbox 2339 4141 2458 4182; x_wconf 89' lang='lat' dir='ltr'><strong>esse</strong></span> <span class='ocrx_word' id='word_1_778' title='bbox 2478 4125 2693 4197; x_wconf 82' lang='lat' dir='ltr'><strong>ﬁngitis,</strong></span> <span class='ocrx_word' id='word_1_779' title='bbox 2715 4133 2774 4181; x_wconf 92' lang='lat' dir='ltr'><strong>ut</strong></span> <span class='ocrx_word' id='word_1_780' title='bbox 2794 4126 2846 4179; x_wconf 92' lang='lat' dir='ltr'><strong>in</strong></span> <span class='ocrx_word' id='word_1_781' title='bbox 2868 4139 3058 4180; x_wconf 91' lang='lat' dir='ltr'><strong>omnes</strong></span> <span class='ocrx_word' id='word_1_782' title='bbox 3081 4124 3327 4180; x_wconf 88' lang='lat' dir='ltr'><strong>homines</strong></span> <span class='ocrx_word' id='word_1_783' title='bbox 3345 4134 3606 4195; x_wconf 77' lang='lat' dir='ltr'><strong>pertrans-</strong></span> 
     </span>
    </p>
   </div>
   <div class='ocr_carea' id='block_1_105' title="bbox 2018 4215 3603 4291">
    <p class='ocr_par' dir='ltr' id='par_1_105' title="bbox 2018 4215 3603 4291">
     <span class='ocr_line' id='line_1_106' title="bbox 2018 4215 3603 4291; baseline -0.004 -15"><span class='ocrx_word' id='word_1_784' title='bbox 2018 4221 2124 4276; x_wconf 90' lang='lat' dir='ltr'><strong>iret</strong></span> <span class='ocrx_word' id='word_1_785' title='bbox 2146 4222 2199 4285; x_wconf 80' lang='grc'><strong>¹;</strong></span> <span class='ocrx_word' id='word_1_786' title='bbox 2230 4228 2285 4276; x_wconf 88' lang='lat' dir='ltr'><strong>et</strong></span> <span class='ocrx_word' id='word_1_787' title='bbox 2313 4219 2459 4291; x_wconf 89' lang='lat' dir='ltr'><strong>prior</strong></span> <span class='ocrx_word' id='word_1_788' title='bbox 2485 4219 2773 4290; x_wconf 86' lang='lat' dir='ltr'><strong>Apostolus</strong></span> <span class='ocrx_word' id='word_1_789' title='bbox 2805 4216 3171 4273; x_wconf 82' lang='lat' dir='ltr'><strong>Traducianus</strong></span> <span class='ocrx_word' id='word_1_790' title='bbox 3206 4215 3481 4287; x_wconf 84' lang='lat' dir='ltr'><strong>apparuit,</strong></span> <span class='ocrx_word' id='word_1_791' title='bbox 3513 4217 3603 4286; x_wconf 90' lang='lat' dir='ltr'><strong>qui</strong></span> 
     </span>
    </p>
   </div>
   <div class='ocr_carea' id='block_1_106' title="bbox 2020 4308 3603 4381">
    <p class='ocr_par' dir='ltr' id='par_1_106' title="bbox 2020 4308 3603 4381">
     <span class='ocr_line' id='line_1_107' title="bbox 2020 4308 3603 4381; baseline -0.003 -15"><span class='ocrx_word' id='word_1_792' title='bbox 2020 4311 2134 4366; x_wconf 87' lang='lat' dir='ltr'><strong>sive</strong></span> <span class='ocrx_word' id='word_1_793' title='bbox 2155 4311 2259 4366; x_wconf 91' lang='lat' dir='ltr'><strong>hoc</strong></span> <span class='ocrx_word' id='word_1_794' title='bbox 2277 4310 2419 4381; x_wconf 88' lang='lat' dir='ltr'><strong>quod</strong></span> <span class='ocrx_word' id='word_1_795' title='bbox 2441 4326 2562 4366; x_wconf 90' lang='lat' dir='ltr'><strong>eum</strong></span> <span class='ocrx_word' id='word_1_796' title='bbox 2584 4310 2819 4366; x_wconf 88' lang='lat' dir='ltr'><strong>sensisse</strong></span> <span class='ocrx_word' id='word_1_797' title='bbox 2836 4310 3041 4365; x_wconf 87' lang='lat' dir='ltr'><strong>clarum</strong></span> <span class='ocrx_word' id='word_1_798' title='bbox 3063 4316 3165 4375; x_wconf 88' lang='lat' dir='ltr'><strong>est,</strong></span> <span class='ocrx_word' id='word_1_799' title='bbox 3185 4308 3297 4364; x_wconf 88' lang='lat' dir='ltr'><strong>sive</strong></span> <span class='ocrx_word' id='word_1_800' title='bbox 3317 4308 3441 4363; x_wconf 91' lang='lat' dir='ltr'><strong>illud</strong></span> <span class='ocrx_word' id='word_1_801' title='bbox 3461 4310 3603 4377; x_wconf 86' lang='lat' dir='ltr'><strong>quod</strong></span> 
     </span>
    </p>
   </div>
   <div class='ocr_carea' id='block_1_107' title="bbox 2020 4400 3604 4471">
    <p class='ocr_par' dir='ltr' id='par_1_107' title="bbox 2020 4400 3604 4471">
     <span class='ocr_line' id='line_1_108' title="bbox 2020 4400 3604 4471; baseline -0.003 -13"><span class='ocrx_word' id='word_1_802' title='bbox 2020 4402 2252 4459; x_wconf 88' lang='lat' dir='ltr'><strong>errando</strong></span> <span class='ocrx_word' id='word_1_803' title='bbox 2274 4402 2450 4458; x_wconf 88' lang='lat' dir='ltr'><strong>dicitis</strong></span> <span class='ocrx_word' id='word_1_804' title='bbox 2477 4403 2736 4468; x_wconf 86' lang='lat' dir='ltr'><strong>senserit;</strong></span> <span class='ocrx_word' id='word_1_805' title='bbox 2765 4411 3042 4471; x_wconf 86' lang='lat' dir='ltr'><strong>peccatum</strong></span> <span class='ocrx_word' id='word_1_806' title='bbox 3069 4410 3245 4455; x_wconf 89' lang='lat' dir='ltr'><strong>tamen</strong></span> <span class='ocrx_word' id='word_1_807' title='bbox 3274 4401 3325 4454; x_wconf 91' lang='lat' dir='ltr'><strong>in</strong></span> <span class='ocrx_word' id='word_1_808' title='bbox 3350 4400 3604 4453; x_wconf 89' lang='lat' dir='ltr'><strong>mundum</strong></span> 
     </span>
    </p>
   </div>
   <div class='ocr_carea' id='block_1_108' title="bbox 2023 4489 3609 4565">
    <p class='ocr_par' dir='ltr' id='par_1_108' title="bbox 2023 4489 3609 4565">
     <span class='ocr_line' id='line_1_109' title="bbox 2023 4489 3609 4565; baseline -0.001 -16"><span class='ocrx_word' id='word_1_809' title='bbox 2023 4510 2119 4565; x_wconf 92' lang='lat' dir='ltr'><strong>per</strong></span> <span class='ocrx_word' id='word_1_810' title='bbox 2158 4508 2324 4549; x_wconf 88' lang='lat' dir='ltr'><strong>unum</strong></span> <span class='ocrx_word' id='word_1_811' title='bbox 2359 4493 2628 4548; x_wconf 87' lang='lat' dir='ltr'><strong>hominem</strong></span> <span class='ocrx_word' id='word_1_812' title='bbox 2665 4494 2925 4559; x_wconf 89' lang='lat' dir='ltr'><strong>intrasse,</strong></span> <span class='ocrx_word' id='word_1_813' title='bbox 2956 4500 3011 4546; x_wconf 88' lang='lat' dir='ltr'><strong>et</strong></span> <span class='ocrx_word' id='word_1_814' title='bbox 3045 4492 3101 4545; x_wconf 87' lang='lat' dir='ltr'><strong>in</strong></span> <span class='ocrx_word' id='word_1_815' title='bbox 3137 4504 3325 4545; x_wconf 89' lang='lat' dir='ltr'><strong>omnes</strong></span> <span class='ocrx_word' id='word_1_816' title='bbox 3363 4489 3609 4547; x_wconf 83' lang='lat' dir='ltr'><strong>homines</strong></span> 
     </span>
    </p>
   </div>
   <div class='ocr_carea' id='block_1_109' title="bbox 2025 4580 3609 4655">
    <p class='ocr_par' dir='ltr' id='par_1_109' title="bbox 2025 4580 3609 4655">
     <span class='ocr_line' id='line_1_110' title="bbox 2025 4580 3609 4655; baseline -0.003 -15"><span class='ocrx_word' id='word_1_817' title='bbox 2025 4585 2376 4655; x_wconf 88' lang='lat' dir='ltr'><strong>pertransisse</strong></span> <span class='ocrx_word' id='word_1_818' title='bbox 2400 4583 2645 4650; x_wconf 83' lang='lat' dir='ltr'><strong>dicendo,</strong></span> <span class='ocrx_word' id='word_1_819' title='bbox 2674 4582 2833 4653; x_wconf 88' lang='lat' dir='ltr'><strong>hujus</strong></span> <span class='ocrx_word' id='word_1_820' title='bbox 2857 4582 3194 4638; x_wconf 86' lang='lat' dir='ltr'><strong>occasionem</strong></span> <span class='ocrx_word' id='word_1_821' title='bbox 3221 4580 3449 4637; x_wconf 87' lang='lat' dir='ltr'><strong>nominis</strong></span> <span class='ocrx_word' id='word_1_822' title='bbox 3474 4596 3609 4651; x_wconf 69' lang='lat' dir='ltr'><strong>prae-</strong></span> 
     </span>
    </p>
   </div>
   <div class='ocr_carea' id='block_1_110' title="bbox 2025 4673 3608 4735">
    <p class='ocr_par' dir='ltr' id='par_1_110' title="bbox 2025 4673 3608 4735">
     <span class='ocr_line' id='line_1_111' title="bbox 2025 4673 3608 4735; baseline -0.003 -3"><span class='ocrx_word' id='word_1_823' title='bbox 2025 4677 2156 4735; x_wconf 88' lang='lat' dir='ltr'><strong>buit.</strong></span> <span class='ocrx_word' id='word_1_824' title='bbox 2187 4676 2243 4731; x_wconf 91' lang='lat' dir='ltr'><strong>Si</strong></span> <span class='ocrx_word' id='word_1_825' title='bbox 2272 4685 2449 4730; x_wconf 89' lang='lat' dir='ltr'><strong>autem</strong></span> <span class='ocrx_word' id='word_1_826' title='bbox 2481 4673 2712 4729; x_wconf 88' lang='lat' dir='ltr'><strong>traducis</strong></span> <span class='ocrx_word' id='word_1_827' title='bbox 2754 4689 2949 4729; x_wconf 84' lang='lat' dir='ltr'><strong>nomen</strong></span> <span class='ocrx_word' id='word_1_828' title='bbox 2996 4673 3080 4728; x_wconf 91' lang='lat' dir='ltr'><strong>his</strong></span> <span class='ocrx_word' id='word_1_829' title='bbox 3115 4673 3294 4729; x_wconf 88' lang='lat' dir='ltr'><strong>verbis</strong></span> <span class='ocrx_word' id='word_1_830' title='bbox 3331 4687 3436 4728; x_wconf 90' lang='lat' dir='ltr'><strong>non</strong></span> <span class='ocrx_word' id='word_1_831' title='bbox 3476 4687 3608 4728; x_wconf 77' lang='lat' dir='ltr'><strong>con-</strong></span> 
     </span>
    </p>
   </div>
   <div class='ocr_carea' id='block_1_111' title="bbox 2025 4764 3612 4835">
    <p class='ocr_par' dir='ltr' id='par_1_111' title="bbox 2025 4764 3612 4835">
     <span class='ocr_line' id='line_1_112' title="bbox 2025 4764 3612 4835; baseline -0.002 -13"><span class='ocrx_word' id='word_1_832' title='bbox 2025 4768 2203 4833; x_wconf 92' lang='lat' dir='ltr'><strong>venit,</strong></span> <span class='ocrx_word' id='word_1_833' title='bbox 2231 4767 2319 4822; x_wconf 89' lang='lat' dir='ltr'><strong>ubi</strong></span> <span class='ocrx_word' id='word_1_834' title='bbox 2347 4766 2542 4820; x_wconf 89' lang='lat' dir='ltr'><strong>dicitur</strong></span> <span class='ocrx_word' id='word_1_835' title='bbox 2566 4780 2662 4835; x_wconf 86' lang='lat' dir='ltr'><strong>per</strong></span> <span class='ocrx_word' id='word_1_836' title='bbox 2685 4780 2847 4819; x_wconf 89' lang='lat' dir='ltr'><strong>unum</strong></span> <span class='ocrx_word' id='word_1_837' title='bbox 2880 4764 3149 4820; x_wconf 89' lang='lat' dir='ltr'><strong>hominem</strong></span> <span class='ocrx_word' id='word_1_838' title='bbox 3187 4768 3450 4829; x_wconf 85' lang='lat' dir='ltr'><strong>intrasse,</strong></span> <span class='ocrx_word' id='word_1_839' title='bbox 3478 4766 3532 4819; x_wconf 88' lang='lat' dir='ltr'><strong>et</strong></span> <span class='ocrx_word' id='word_1_840' title='bbox 3559 4764 3612 4819; x_wconf 91' lang='lat' dir='ltr'><strong>in</strong></span> 
     </span>
    </p>
   </div>
   <div class='ocr_carea' id='block_1_112' title="bbox 2027 4854 3611 4927">
    <p class='ocr_par' dir='ltr' id='par_1_112' title="bbox 2027 4854 3611 4927">
     <span class='ocr_line' id='line_1_113' title="bbox 2027 4854 3611 4927; baseline -0.004 -12"><span class='ocrx_word' id='word_1_841' title='bbox 2027 4874 2214 4915; x_wconf 89' lang='lat' dir='ltr'><strong>onmes</strong></span> <span class='ocrx_word' id='word_1_842' title='bbox 2233 4858 2477 4913; x_wconf 84' lang='lat' dir='ltr'><strong>homines</strong></span> <span class='ocrx_word' id='word_1_843' title='bbox 2502 4857 2852 4927; x_wconf 83' lang='lat' dir='ltr'><strong>pertransisse</strong></span> <span class='ocrx_word' id='word_1_844' title='bbox 2872 4864 3183 4925; x_wconf 88' lang='lat' dir='ltr'><strong>peccatum;</strong></span> <span class='ocrx_word' id='word_1_845' title='bbox 3210 4869 3309 4909; x_wconf 86' lang='lat' dir='ltr'><strong>nec</strong></span> <span class='ocrx_word' id='word_1_846' title='bbox 3333 4854 3486 4909; x_wconf 89' lang='lat' dir='ltr'><strong>nobis</strong></span> <span class='ocrx_word' id='word_1_847' title='bbox 3511 4854 3611 4909; x_wconf 89' lang='lat' dir='ltr'><strong>hoc</strong></span> 
     </span>
    </p>
   </div>
   <div class='ocr_carea' id='block_1_113' title="bbox 2030 4944 3612 5018">
    <p class='ocr_par' dir='ltr' id='par_1_113' title="bbox 2030 4944 3612 5018">
     <span class='ocr_line' id='line_1_114' title="bbox 2030 4944 3612 5018; baseline -0.003 -12"><span class='ocrx_word' id='word_1_848' title='bbox 2030 4965 2243 5013; x_wconf 88' lang='lat' dir='ltr'><strong>nomen.</strong></span> <span class='ocrx_word' id='word_1_849' title='bbox 2277 4964 2376 5003; x_wconf 89' lang='lat' dir='ltr'><strong>nec</strong></span> <span class='ocrx_word' id='word_1_850' title='bbox 2401 4948 2576 5014; x_wconf 89' lang='lat' dir='ltr'><strong>vobis,</strong></span> <span class='ocrx_word' id='word_1_851' title='bbox 2609 4964 2706 5003; x_wconf 90' lang='lat' dir='ltr'><strong>nec</strong></span> <span class='ocrx_word' id='word_1_852' title='bbox 2731 4948 2986 5018; x_wconf 87' lang='lat' dir='ltr'><strong>Apostolo</strong></span> <span class='ocrx_word' id='word_1_853' title='bbox 3010 4946 3264 5000; x_wconf 89' lang='lat' dir='ltr'><strong>convenit</strong></span> <span class='ocrx_word' id='word_1_854' title='bbox 3293 4963 3307 5000; x_wconf 90' lang='lat'><strong>:</strong></span> <span class='ocrx_word' id='word_1_855' title='bbox 3337 4944 3431 5001; x_wconf 88' lang='lat' dir='ltr'><strong>sed</strong></span> <span class='ocrx_word' id='word_1_856' title='bbox 3456 4946 3612 5016; x_wconf 88' lang='lat' dir='ltr'><strong>plane</strong></span> 
     </span>
    </p>
   </div>
   <div class='ocr_carea' id='block_1_114' title="bbox 2031 5034 3611 5107">
    <p class='ocr_par' dir='ltr' id='par_1_114' title="bbox 2031 5034 3611 5107">
     <span class='ocr_line' id='line_1_115' title="bbox 2031 5034 3611 5107; baseline -0.004 -10"><span class='ocrx_word' id='word_1_857' title='bbox 2031 5043 2133 5098; x_wconf 90' lang='lat' dir='ltr'><strong>hoc</strong></span> <span class='ocrx_word' id='word_1_858' title='bbox 2160 5041 2339 5097; x_wconf 85' lang='lat' dir='ltr'><strong>dicere</strong></span> <span class='ocrx_word' id='word_1_859' title='bbox 2358 5081 2373 5107; x_wconf 93' lang='lat'><strong>,</strong></span> <span class='ocrx_word' id='word_1_860' title='bbox 2405 5040 2504 5095; x_wconf 90' lang='lat' dir='ltr'><strong>hoc</strong></span> <span class='ocrx_word' id='word_1_861' title='bbox 2531 5040 2793 5107; x_wconf 84' lang='lat' dir='ltr'><strong>ohjicere,</strong></span> <span class='ocrx_word' id='word_1_862' title='bbox 2822 5038 2927 5093; x_wconf 85' lang='lat' dir='ltr'><strong>hoc</strong></span> <span class='ocrx_word' id='word_1_863' title='bbox 2958 5036 3170 5091; x_wconf 86' lang='lat' dir='ltr'><strong>assidue</strong></span> <span class='ocrx_word' id='word_1_864' title='bbox 3208 5034 3496 5107; x_wconf 87' lang='lat' dir='ltr'><strong>odioseque</strong></span> <span class='ocrx_word' id='word_1_865' title='bbox 3523 5051 3611 5091; x_wconf 80' lang='lat' dir='ltr'><strong>re-</strong></span> 
     </span>
    </p>
   </div>
   <div class='ocr_carea' id='block_1_115' title="bbox 2034 5127 3151 5204">
    <p class='ocr_par' dir='ltr' id='par_1_115' title="bbox 2034 5127 3151 5204">
     <span class='ocr_line' id='line_1_116' title="bbox 2034 5127 3151 5204; baseline -0.007 -15"><span class='ocrx_word' id='word_1_866' title='bbox 2034 5144 2212 5204; x_wconf 88' lang='lat' dir='ltr'><strong>petere</strong></span> <span class='ocrx_word' id='word_1_867' title='bbox 2231 5174 2246 5199; x_wconf 93' lang='lat'><strong>,</strong></span> <span class='ocrx_word' id='word_1_868' title='bbox 2278 5132 2491 5201; x_wconf 82' lang='lat' dir='ltr'><strong>ineptiae</strong></span> <span class='ocrx_word' id='word_1_869' title='bbox 2515 5139 2706 5187; x_wconf 76' lang='lat' dir='ltr'><strong>vestra:</strong></span> <span class='ocrx_word' id='word_1_870' title='bbox 2729 5127 2859 5183; x_wconf 90' lang='lat' dir='ltr'><strong>satis</strong></span> <span class='ocrx_word' id='word_1_871' title='bbox 2882 5127 3151 5183; x_wconf 89' lang='lat' dir='ltr'><strong>convenit.</strong></span> 
     </span>
    </p>
   </div>
   <div class='ocr_carea' id='block_1_116' title="bbox 2103 5217 3612 5280">
    <p class='ocr_par' dir='ltr' id='par_1_116' title="bbox 2103 5217 3612 5280">
     <span class='ocr_line' id='line_1_117' title="bbox 2103 5217 3612 5280; baseline -0.007 0"><span class='ocrx_word' id='word_1_872' title='bbox 2103 5224 2260 5280; x_wconf 82' lang='lat' dir='ltr'><strong>XCII.</strong></span> <span class='ocrx_word' id='word_1_873' title='bbox 2290 5224 2408 5279; x_wconf 66' lang='lat' dir='ltr'><strong>Jun.</strong></span> <span class='ocrx_word' id='word_1_874' title='bbox 2440 5222 2570 5278; x_wconf 86' lang='lat' dir='ltr'><strong>Nam</strong></span> <span class='ocrx_word' id='word_1_875' title='bbox 2601 5236 2722 5276; x_wconf 90' lang='lat' dir='ltr'><strong>cum</strong></span> <span class='ocrx_word' id='word_1_876' title='bbox 2762 5219 3051 5273; x_wconf 88' lang='lat' dir='ltr'><strong>inauditum</strong></span> <span class='ocrx_word' id='word_1_877' title='bbox 3089 5226 3386 5272; x_wconf 88' lang='lat' dir='ltr'><strong>monstrum</strong></span> <span class='ocrx_word' id='word_1_878' title='bbox 3434 5217 3502 5270; x_wconf 91' lang='lat' dir='ltr'><strong>sit</strong></span> <span class='ocrx_word' id='word_1_879' title='bbox 3522 5258 3536 5277; x_wconf 87' lang='lat'><strong>,</strong></span> <span class='ocrx_word' id='word_1_880' title='bbox 3568 5230 3612 5269; x_wconf 87' lang='lat' dir='ltr'><strong>st</strong></span> 
     </span>
    </p>
   </div>
   <div class='ocr_carea' id='block_1_117' title="bbox 2033 5305 3608 5389">
    <p class='ocr_par' dir='ltr' id='par_1_117' title="bbox 2033 5305 3608 5389">
     <span class='ocr_line' id='line_1_118' title="bbox 2033 5305 3608 5389; baseline -0.012 -14"><span class='ocrx_word' id='word_1_881' title='bbox 2033 5318 2223 5389; x_wconf 87' lang='lat' dir='ltr'><strong>dogma</strong></span> <span class='ocrx_word' id='word_1_882' title='bbox 2248 5317 2408 5372; x_wconf 89' lang='lat' dir='ltr'><strong>etiam</strong></span> <span class='ocrx_word' id='word_1_883' title='bbox 2436 5314 2733 5379; x_wconf 87' lang='lat' dir='ltr'><strong>tolerabile,</strong></span> <span class='ocrx_word' id='word_1_884' title='bbox 2766 5325 2960 5367; x_wconf 88' lang='lat' dir='ltr'><strong>novum</strong></span> <span class='ocrx_word' id='word_1_885' title='bbox 2990 5319 3166 5379; x_wconf 87' lang='lat' dir='ltr'><strong>tamen</strong></span> <span class='ocrx_word' id='word_1_886' title='bbox 3189 5350 3203 5374; x_wconf 86' lang='lat'><strong><em>.</em></strong></span> <span class='ocrx_word' id='word_1_887' title='bbox 3233 5308 3424 5377; x_wconf 86' lang='lat' dir='ltr'><strong>aliquis</strong></span> <span class='ocrx_word' id='word_1_888' title='bbox 3450 5305 3608 5357; x_wconf 85' lang='lat' dir='ltr'><strong>retin-</strong></span> 
     </span>
    </p>
   </div>
   <div class='ocr_carea' id='block_1_118' title="bbox 2100 5521 3618 5592">
    <p class='ocr_par' dir='ltr' id='par_1_118' title="bbox 2100 5521 3618 5592">
     <span class='ocr_line' id='line_1_119' title="bbox 2100 5521 3618 5592; baseline -0.015 -2"><span class='ocrx_word' id='word_1_889' title='bbox 2100 5541 2117 5572; x_wconf 73' lang='grc' dir='ltr'>ί</span> <span class='ocrx_word' id='word_1_890' title='bbox 2142 5547 2324 5589; x_wconf 84' lang='lat' dir='ltr'><strong>Lacuna</strong></span> <span class='ocrx_word' id='word_1_891' title='bbox 2355 5539 2434 5588; x_wconf 89' lang='lat' dir='ltr'><strong>hic</strong></span> <span class='ocrx_word' id='word_1_892' title='bbox 2457 5543 2563 5586; x_wconf 88' lang='lat' dir='ltr'><strong>erat</strong></span> <span class='ocrx_word' id='word_1_893' title='bbox 2585 5537 2633 5586; x_wconf 87' lang='lat' dir='ltr'><strong>in</strong></span> <span class='ocrx_word' id='word_1_894' title='bbox 2658 5533 2819 5591; x_wconf 85' lang='lat' dir='ltr'><strong>editis,</strong></span> <span class='ocrx_word' id='word_1_895' title='bbox 2846 5542 3027 5592; x_wconf 86' lang='lat' dir='ltr'><strong>nempe</strong></span> <span class='ocrx_word' id='word_1_896' title='bbox 3062 5542 3089 5578; x_wconf 86' lang='lat' dir='ltr'><strong>a</strong></span> <span class='ocrx_word' id='word_1_897' title='bbox 3113 5525 3298 5592; x_wconf 77' lang='lat' dir='ltr'><strong>verbis,</strong></span> <span class='ocrx_word' id='word_1_898' title='bbox 3334 5521 3618 5592; x_wconf 43' lang='lat' dir='ltr'><strong>nostratiu-</strong></span> 
     </span>
    </p>
   </div>
   <div class='ocr_carea' id='block_1_119' title="bbox 2036 5581 3614 5715">
    <p class='ocr_par' dir='ltr' id='par_1_119' title="bbox 2036 5581 3614 5715">
     <span class='ocr_line' id='line_1_120' title="bbox 2036 5581 3614 5711; baseline -0.015 -58"><span class='ocrx_word' id='word_1_899' title='bbox 2036 5581 2440 5711; x_wconf 41' lang='lat' dir='ltr'><strong>cmigiiéiiﬁéa</strong></span> <span class='ocrx_word' id='word_1_900' title='bbox 2463 5581 2685 5656; x_wconf 56' lang='lat' dir='ltr'><strong>iit-ibim;</strong></span> <span class='ocrx_word' id='word_1_901' title='bbox 2698 5581 3040 5661; x_wconf 52' lang='lat' dir='ltr'><strong>Momm.-</strong></span> <span class='ocrx_word' id='word_1_902' title='bbox 3057 5581 3289 5651; x_wconf 65' lang='lat' dir='ltr'><strong>expletur</strong></span> <span class='ocrx_word' id='word_1_903' title='bbox 3302 5596 3367 5633; x_wconf 77' lang='lat' dir='ltr'><strong>ex</strong></span> <span class='ocrx_word' id='word_1_904' title='bbox 3389 5581 3614 5632; x_wconf 80' lang='lat' dir='ltr'><strong>hhronttn&#39;</strong></span> 
     </span>
     <span class='ocr_line' id='line_1_121' title="bbox 2040 5674 2282 5715; baseline -0.021 0"><span class='ocrx_word' id='word_1_905' title='bbox 2040 5674 2145 5715; x_wconf 71' lang='lat' dir='ltr'><strong>Mss.</strong></span> <span class='ocrx_word' id='word_1_906' title='bbox 2236 5680 2282 5713; x_wconf 84' lang='lat' dir='ltr'><strong>e.</strong></span> 
     </span>
    </p>
   </div>
  </div>
