4004 6190
437 292 575 348 12δῖ

434 420 605 475 quens
640 399 852 471 propria
874 439 890 465 ,
928 397 1158 451 almsivis
1187 394 1360 448 verbis
1388 391 1621 446 condere
1650 388 2013 457 ambiguisque

312 556 325 568 ,
392 481 396 485 ’
434 505 655 551 conetur
684 513 696 547 :
729 504 838 548 tum
870 490 1007 545 istud
1048 488 1251 541 infinite
1289 484 1582 540 deformius
1615 494 1726 544 est,
1757 479 1898 550 quod
1931 493 2017 532 res

435 586 696 643 obscenas
719 594 771 639 et
802 582 895 637 Dei
930 579 1187 648 justitiam
1223 577 1568 632 criminantes
1588 615 1603 640 ,
1635 584 1741 627 tam
1769 570 2017 639 ancipiti-

434 679 532 733 bus
560 675 882 745 Augustinus
910 672 1095 725 nititur
1121 668 1439 724 continuare
1479 664 1756 719 sententiis
1775 702 1790 727 ,
1833 670 1890 714 ut
1925 673 2017 713 cas

433 777 616 824 contra
651 779 709 818 se
744 761 958 833 praprie
977 800 991 824 ,
1018 774 1117 829 pro
1140 774 1202 813 se
1231 766 1406 811 autem
1436 754 1678 824 precario
1705 766 1898 813 sonare
1931 747 2015 803 fa-

432 866 621 912 teatur.
650 854 1009 923 Quisquamne
1038 850 1366 905 eruditorum
1407 846 1482 900 illi
1520 852 1833 914 argumento
1868 842 2014 908 Iidat,

431 948 570 1017 quod
604 962 726 1002 cmn
758 947 811 1000 in
834 945 921 1013 jus
949 945 1188 1003 venerit,
1219 940 1285 995 ab
1314 938 1534 993 inimico
1571 936 1690 1005 ejus
1717 934 1865 1005 quasi
1894 948 2016 987 ver-

432 1042 676 1097 naculum
696 1081 709 1100 .
741 1039 809 1092 ab
845 1039 940 1093 illo
975 1050 1104 1091 vero
1141 1033 1290 1103 quasi
1321 1030 1598 1101 fugitivum
1627 1026 2018 1098 plagiatumque

431 1130 722 1202 pcusetur?

507 1226 637 1279 Anc.
670 1224 745 1277 De
770 1220 946 1276 verbis
977 1217 1209 1273 abusivis
1237 1224 1291 1269 et
1318 1213 1547 1284 propriis
1571 1226 1635 1266 ea
1661 1209 1895 1278 loqueris
1915 1251 1930 1273 ,
1961 1219 2019 1263 ut
2083 1234 2089 1241 ·

433 1315 707 1369 hominum
751 1312 1015 1382 paucitate
1052 1316 1356 1376 contempta
1395 1304 1483 1374 qui
1529 1312 1582 1358 te
1627 1300 1926 1369 intelligunt
1964 1306 2020 1353 et

430 1408 705 1462 inveniunt
729 1404 1067 1463 delirantem,
1092 1399 1260 1467 eligas
1284 1396 1464 1451 multis
1489 1394 1578 1464 qui
1614 1402 1667 1447 te
1689 1406 1795 1446 non
1821 1389 2019 1445 intelli-

429 1504 594 1567 gunt,
626 1495 788 1551 videri
829 1493 1005 1549 dicere
1032 1489 1267 1559 aliquid,
1293 1502 1415 1542 cum
1448 1485 1597 1540 dicas
1632 1483 1784 1538 nihil.
1830 1481 2017 1537 Melius

430 1605 558 1660 ergo
580 1588 760 1659 paucis
787 1586 959 1640 doctis
985 1592 1037 1638 te
1065 1583 1327 1651 relinquo,
1356 1579 1445 1649 qui
1474 1586 1641 1632 etme
1667 1591 1774 1630 non
1799 1574 2019 1629 demon-

431 1691 658 1746 straute,
690 1678 941 1734 facillime
975 1674 1275 1742 intelligunt
1302 1680 1354 1726 te
1384 1669 1514 1723 nihil
1543 1668 1753 1731 dicere,
1781 1680 1938 1735 quam
1968 1673 2019 1718 te

434 1771 760 1834 refellendo,
795 1767 1037 1839 quamvis
1075 1778 1199 1819 vera
1234 1762 1440 1825 dicam,
1471 1775 1534 1815 ea
1566 1774 1688 1829 quas
1725 1757 1879 1812 multi
1908 1769 2015 1810 non

433 1863 732 1932 intelligunt
776 1859 918 1914 dico.
966 1856 1340 1912 Verumtamen
1385 1851 1476 1907 ubi
1522 1850 1723 1905 dictum
1766 1857 1883 1913 est,
1914 1845 2021 1901 Per

432 1971 590 2008 unum
618 1951 870 2005 hominem
900 1957 1158 2019 peccatum
1183 1944 1386 1999 intravit
1413 1943 1469 1996 in
1494 1941 1736 1995 mundum
1755 1979 1770 2003 ,
1803 1946 2020 2008 propter

430 2041 789 2113 generationis
817 2047 1120 2101 auctorem,
1155 2034 1275 2090 ideo
1316 2033 1545 2088 formant
1578 2029 1771 2094 futuri,
1799 2037 2019 2098 propter

432 2132 852 2205 regenerationis
870 2140 1179 2193 auctorem;
1208 2140 1312 2180 non
1335 2123 1495 2180 verba
1518 2130 1640 2177 sunt
1662 2120 1900 2185 abusive,
1924 2117 2019 2173 sed

430 2227 668 2297 propria.

502 2313 686 2369 XCIII.
714 2313 833 2368 JUL.
861 2310 1013 2378 Quod
1039 2310 1196 2381 igitur
1214 2308 1281 2364 ad
1303 2307 1555 2362 Hebra‘os
1577 2305 1803 2373 positum
1829 2311 1931 2363 est,
1956 2317 2021 2355 ea:

429 2422 531 2459 uno
558 2420 748 2466 euntes,
785 2403 947 2471 exigit
974 2402 1089 2455 laus
1122 2401 1136 2433 ²
1166 2400 1279 2462 Dei,
1311 2407 1431 2467 post
1458 2394 2017 2451 commemorationem

435 2506 609 2548 tamen
639 2502 915 2562 parentum
947 2510 962 2545 :
989 2490 1130 2561 quod
1157 2501 1334 2544 autem
1360 2488 1552 2543 dicitur
1575 2485 1644 2540 de
1663 2484 1896 2549 Christo,
1921 2483 2021 2546 Qui

431 2586 714 2654 satiati/ient
732 2626 746 2649 ,
776 2597 821 2639 et
851 2583 1261 2651 sanctiﬁcantur,
1292 2596 1354 2633 ex
1382 2594 1480 2633 uno
1517 2593 1687 2631 omnes
1708 2617 1722 2641 ,
1754 2575 1821 2629 ad
1850 2575 2017 2629 Deum

435 2678 657 2731 relatum
690 2686 791 2729 est.

506 2770 641 2822 Auc.
661 2765 825 2834 Magis
845 2773 967 2834 post
983 2760 1546 2817 commemorationem
1571 2766 1846 2827 pauculum
1869 2755 2023 2824 (prm-

435 2858 619 2912 sertim
650 2857 771 2924 quia
797 2855 906 2925 jam
948 2853 1229 2908 transierat
1254 2867 1283 2904 a
1317 2860 1493 2921 patre,
1535 2857 1589 2903 et
1626 2849 1692 2902 de
1734 2858 1901 2902 matre
1945 2846 2022 2900 ln-

434 2946 717 3017 quebatnr)
739 2987 754 3013 ,
784 2944 1043 3015 prmteriri
1074 2957 1177 2997 non
1206 2941 1387 2996 debuit
1422 2940 1533 3009 ipsa
1566 2949 1767 3003 multa;
1797 2938 1891 2993 sed
1918 2937 2020 2991 diei

434 3039 637 3103 debuit,
668 3037 746 3091 Ex
775 3036 985 3091 duobus
1010 3032 1113 3088 orti
1142 3040 1299 3096 sunt;
1328 3031 1418 3100 qui
1449 3045 1555 3085 non
1582 3044 1649 3083 ex
1682 3042 1807 3090 uno,
1836 3026 1929 3080 sed
1957 3042 2020 3081 ex

435 3128 642 3182 duobus
669 3127 770 3180 orti
799 3133 987 3190 erant;
1019 3132 1076 3179 ut
1105 3124 1217 3176 laus
1241 3122 1336 3177 Dei
1361 3130 1503 3175 esset
1529 3134 1685 3183 vera,
1708 3134 1813 3171 non
1850 3116 1978 3171 falsa
2007 3135 2020 3172 :

438 3222 537 3274 ιιίςὶ
577 3220 698 3290 quia
743 3229 797 3274 et
841 3219 940 3273 hoc
979 3232 1163 3273 verum
1193 3224 1307 3279 est,
1338 3212 1478 3284 quod
1508 3228 1573 3267 ex
1600 3226 1706 3267 uno
1728 3210 1835 3265 orti
1864 3219 2020 3274 sunt;

435 3327 535 3368 nec
572 3312 792 3366 abusive
832 3310 1031 3365 dictum
1071 3317 1187 3373 est,
1223 3306 1316 3363 sed
1350 3305 1561 3376 pmprie
1590 3313 1807 3373 propter
1833 3311 2021 3357 aucto-

437 3420 548 3457 rem
590 3401 811 3455 setuiuis
838 3413 919 3468 put
931 3416 1041 3454 rem
1062 3439 1078 3465 ,
1108 3414 1214 3453 non
1244 3405 1460 3466 propter
1485 3393 1777 3463 augendam
1807 3392 2025 3447 menda-

436 3495 549 3555 riu,
581 3495 718 3546 sicut
758 3501 811 3545 tu
852 3492 1154 3555 existimas,
1189 3490 1280 3542 Dei
1313 3487 1541 3541 laudem.
1585 3486 1768 3540 Dicere
1807 3485 2021 3553 quippe,

437 3584 616 3636 llouur
640 3581 798 3645 fecit,
838 3580 982 3649 quod
1031 3579 1272 3632 homines
1312 3577 1419 3632 duo
1465 3575 1712 3645 pluresve
1754 3573 2020 3636 fecerunt;

439 3683 614 3742 plllt‘al
643 3674 843 3739 tropica
870 3684 990 3726 esse
1020 3669 1215 3723 locutio
1243 3684 1256 3721 :
1285 3668 1329 3722 si
1355 3666 1477 3737 quis
1499 3674 1674 3720 autem
1704 3664 1831 3719 dicit
1859 3680 2022 3720 unum

442 3764 711 3817 hominem
738 3761 945 3823 fecisse,
970 3759 1110 3830 quod
1138 3760 1245 3815 duo
1271 3756 1530 3823 fecerunt,
1558 3756 1659 3810 nisi
1684 3770 1867 3809 eorum
1892 3755 2026 3810 duo-

440 3871 557 3908 rum
587 3864 775 3908 auctor
804 3852 927 3907 facti
958 3853 1028 3906 sit
1054 3866 1223 3916 unus;
1252 3859 1343 3904 aut
1367 3848 1642 3913 mentitur,
1670 3857 1760 3901 aut
1789 3845 2020 3901 fallitur:

439 3948 576 4001 sicut
604 3947 671 4000 de
699 3947 898 3999 locusta
926 3953 981 3999 et
1005 3960 1131 3998 rana
1163 3943 1320 4012 paulo
1350 3952 1471 3997 ante
1494 3943 1606 4011 jam
1633 3941 1881 3995 diximus.

512 4035 691 4091 XCIV.
717 4036 835 4091 Jun.
862 4036 950 4090 Sic
973 4035 1116 4089 enim
1139 4033 1422 4103 Apostolus
1447 4033 1510 4086 ad
1533 4030 1857 4097 Corinthios,
1890 4028 2026 4084 Nam

439 4133 567 4183 sicut
596 4129 775 4183 mulier
794 4169 810 4192 ,
838 4128 1035 4198 inquit,
1066 4143 1130 4180 ea:
1155 4127 1261 4179 viro
1280 4167 1296 4192 ,
1325 4127 1399 4179 ita
1427 4135 1472 4179 et
1500 4126 1573 4179 vir
1607 4142 1696 4197 per
1729 4126 2025 4189 mulierem;

442 4221 612 4273 omnia
640 4230 804 4273 autem
834 4234 897 4271 ea:
920 4217 1024 4271 Deo
1053 4218 1095 4287 (ι
1119 4216 1238 4272 Cor.
1262 4232 1334 4281 XI,
1362 4216 1470 4286 19).
1493 4216 1673 4271 Tertio
1698 4233 1825 4271 Vero
1848 4228 2028 4272 osten-

442 4313 521 4366 dit
548 4312 699 4375 ratio,
726 4311 975 4380 quouiam
996 4310 1096 4369 etsi
1119 4318 1364 4364 neutrum
1387 4309 1573 4363 borum
1599 4307 1739 4378 quod
1763 4308 1917 4363 nobis
1933 4309 2027 4364 ad-

442 4406 801 4468 tuiuiculatur,
833 4403 1049 4466 fuisset;
1079 4410 1255 4457 tamen
1282 4401 1422 4454 illam
1446 4401 1785 4467 sententiam,
1807 4418 1907 4470 qua
1935 4417 2027 4470 per

445 4513 606 4553 unum
639 4495 904 4549 hominem
936 4494 1162 4551 intrasse
1200 4502 1475 4562 permatqu
1513 4490 1565 4545 in
1608 4490 1748 4545 hunc
1773 4491 2026 4545 mundum

444 4587 638 4642 Paulus
652 4585 904 4653 disputat,
923 4585 1126 4639 nullum
1143 4598 1265 4639 cum
1284 4582 1587 4637 Mauichaeis
1603 4581 1784 4637 iniisse
1804 4581 2024 4637 fmdus’.

514 4680 649 4730 Anc.
683 4676 759 4729 Tu
790 4677 964 4744 potius
988 4675 1088 4728 ista
1116 4674 1339 4729 dicendo
1362 4672 1658 4729 ostenderis
1681 4672 1873 4729 fmdus.
1897 4673 2026 4727 Nam

440 4767 582 4838 quod
615 4766 789 4820 I'mdtts
817 4774 900 4819 est
928 4766 1182 4834 Apostolo
1215 4781 1337 4819 cum
1364 4766 1657 4821 hiauit-bam
1691 4784 1702 4818 :
1734 4781 1851 4821 cum
1882 4766 2026 4834 Apo-

442 4859 615 4913 stnlus
639 4856 778 4911 diCat
796 4897 813 4921 ,
845 4853 1040 4926 Corpus
1072 4855 1274 4925 quidem
1302 4866 1554 4911 mortuum
1584 4868 1655 4912 est
1683 4868 1887 4928 prapter
1915 4874 2027 4927 pec-

440 4962 648 5016 catum;
692 4951 834 5021 quod
880 4952 1070 5007 evertit
1114 4950 1359 5007 ltmresim
1404 4962 1675 5008 vestram:
1709 4954 2029 5010 Manichacus

444 5053 621 5097 autem
652 5044 824 5109 dicat,
857 5044 1063 5113 Corpus
1093 5044 1490 5099 immutabiliter
1516 5046 1710 5099 malum
1735 5057 1817 5102 est
1838 5047 1876 5112 ³,
1910 5063 2029 5116 pro—

447 5146 563 5206 pter
595 5145 914 5191 cozcteruam
953 5138 1092 5194 bono
1131 5139 1256 5193 ntali
1292 5140 1574 5195 naturam?
1615 5139 1847 5209 Itemque
1886 5143 1935 5195 in
1964 5157 2029 5197 eo

445 5233 565 5287 loco
593 5227 678 5282 ubi
704 5226 903 5282 dictum
932 5237 1033 5295 est,
1064 5228 1259 5300 Corpus
1285 5240 1533 5285 mortuum
1567 5242 1644 5287 est
1681 5244 1883 5303 propter
1911 5252 2027 5303 prc-

445 5333 651 5388 catum;
678 5322 966 5403 Apostolus
983 5323 1144 5389 dicat,
1171 5324 1270 5389 Qui
1289 5325 1547 5379 suscitavit
1567 5324 1822 5381 Christum
1845 5344 1877 5382 α
1898 5343 2029 5381 utor-

509 5500 527 5526 ο
555 5504 635 5547 κίε.
655 5495 997 5556 Ρονῑηιαιιάεδ.

428 5557 628 5685 ’[ρέᾕο
860 5565 917 5610 At
974 5558 1109 5621 vign.
1127 5591 1145 5618 ,
1198 5555 1384 5609 nullum
1424 5572 1538 5609 cum
1579 5559 1841 5613 maritimo
1884 5564 2029 5628 fuisse

515 5678 536 5709 ³
558 5686 655 5731 mc.
679 5679 858 5731 malum
878 5686 966 5741 est,
986 5692 1051 5729 ex
1076 5686 1318 5730 Portam
1340 5682 1506 5733 codice
1529 5683 1807 5746 adiecimus.

1089 282 1331 338 OPERIS
1372 278 1777 334 llll’lillFECTl
1816 274 2087 329 (ῙΟΝΤξὶΧ
2133 268 2490 336 JULIANUiI,
2532 274 2589 329 S.
2636 271 3002 366 AUGU‘STINI

3558 264 3714 331 £9.83

2126 386 2254 449 tuis,
2289 386 2553 453 viviﬁcabit
2591 397 2637 439 rt
2676 387 2911 439 mortalia
2944 400 3156 456 corpora
3184 396 3346 440 vestra
3385 381 3561 458 (Rom.
3591 402 3725 449 vm.

2129 477 2213 541 I0,
2250 476 2335 546 Il)
2369 495 2381 529 :
2414 477 2737 533 Manicba‘tts
2758 489 2932 531 autem
2962 477 3123 542 dicat,
3152 479 3327 533 carnis
3355 494 3576 550 corpora
3602 495 3727 535 non

2126 568 2392 637 pertinere
2419 569 2485 621 ad
2517 568 2639 622 boni
2669 569 2759 623 Dei
2786 577 3117 633 creaturam,
3158 569 3253 623 sed
3293 569 3361 624 ad
3400 571 3522 624 mali
3551 582 3725 626 uatu—

2123 672 2268 722 ram;
2295 673 2393 712 nec
2411 656 2685 712 Christum
2701 674 2732 712 a
2753 659 2974 713 mortuis
2994 660 3328 726 suscitatum,
3351 660 3445 715 sed
3466 677 3570 715 non
3590 677 3727 716 esse

2123 749 2433 804 mortuum?
2465 749 2566 805 Vos
2592 765 2720 820 ergo
2746 751 2835 820 qui
2862 750 3135 805 Manicluei
3166 767 3273 806 nou
3299 753 3459 817 estis,
3497 754 3590 809 sed
3625 755 3725 808 di-

2125 856 2280 897 versa
2309 851 2457 911 peste
2483 857 2582 897 nec
2608 857 2707 897 vos
2723 843 2838 897 sani
2863 843 3012 905 estis.
3038 842 3197 899 dicite
3215 844 3481 913 quomodo
3502 846 3726 899 sit-cor-

2125 946 2226 999 pus
2246 941 2512 986 mortuum
2540 942 2756 1002 propter
2782 941 3088 1001 peccatum;
3114 934 3202 1004 qui
3222 934 3464 1003 corporis
3484 946 3722 992 mortem

2124 1037 2231 1075 nun
2263 1038 2357 1091 per
2382 1033 2658 1092 peccatum
2687 1024 2829 1079 illius
2852 1023 3104 1092 uomitus,
3136 1025 3231 1082 Sed
3258 1027 3373 1095 lege
3400 1037 3602 1082 natura:
3635 1029 3726 1081 in-

2126 1123 2295 1169 trasse
2324 1117 2638 1171 asseverans
2670 1117 2720 1169 in
2752 1116 3029 1170 mundum.

2195 1203 2354 1259 XCV.
2391 1204 2510 1261 Jun.
2551 1207 2632 1261 Ac
2660 1222 2756 1274 per
2791 1206 2927 1272 hoc,
2967 1208 3277 1262 inconcussa
3315 1219 3493 1265 manet
3528 1220 3723 1266 nostra

2123 1298 2433 1366 responsio,
2472 1314 2592 1368 quae
2631 1299 2866 1355 ostendit
2908 1315 3005 1370 per
3046 1317 3209 1356 unum
3255 1302 3557 1369 hominem,
3602 1321 3723 1359 non

2122 1390 2465 1461 generatione
2507 1390 2740 1446 vitiatam
2782 1400 2944 1461 atque
2985 1402 3324 1462 cormptam,
3368 1395 3463 1449 sed
3508 1396 3723 1466 integra

2124 1490 2469 1551 permanente
2495 1491 2682 1537 natura
2705 1524 2719 1547 ,
2746 1483 2990 1538 vitiosam
3019 1483 3356 1540 solummodo
3391 1485 3603 1556 allegari
3644 1488 3726 1540 ab

2124 1571 2382 1641 Apostolo
2411 1573 2747 1642 peccantium
2772 1572 3118 1628 voiuutatem.

2196 1664 2334 1720 Atio.
2369 1663 2633 1733 Numquid
2662 1679 2829 1733 usque
2855 1663 2991 1720 adeo
3015 1665 3144 1721 circi
3168 1665 3327 1731 estis,
3355 1674 3448 1721 aut
3469 1666 3725 1723 homines

2122 1757 2406 1811 excaecatis
2423 1758 2726 1828 caliginosis
2742 1757 3188 1828 disputationibus
3208 1760 3417 1825 vestris,
3440 1771 3497 1814 ut
3517 1776 3724 1830 negare

2124 1848 2365 1904 audeatis
2384 1849 2529 1925 nasci
2557 1863 2783 1919 corpora
2803 1850 2991 1904 vitiosa
3006 1850 3031 1902 Ἰ
3058 1849 3322 1920 Numquid
3348 1850 3413 1905 ad
3436 1850 3723 1906 hominum

2125 1949 2367 1994 naturam
2398 1953 2504 1995 non
2533 1942 2802 2011 pertinent
2830 1941 3095 2011 corpora?
3123 1950 3234 2004 aut.
3264 1941 3407 2012 quod
3438 1941 3723 1998 Manicbmi

2124 2033 2307 2088 dicunt
2352 2033 2607 2103 (quorum
2647 2034 2968 2089 dementiam
3012 2036 3313 2090 nescientes
3342 2036 3551 2105 quidem
3571 2077 3585 2100 ,
3614 2037 3723 2091 sed

2126 2132 2379 2191 quantum
2409 2123 2670 2192 adjuvetis
2689 2167 2704 2190 ,
2733 2125 3011 2180 advertere
3034 2135 3088 2180 et
3109 2127 3346 2194 cogitare
3370 2142 3476 2181 non
3504 2128 3723 2195 vultis),

2125 2214 2299 2284 gentis
2348 2215 2683 2270 tenebrarum
2729 2217 3044 2287 corporibus
3090 2219 3265 2273 anima
3293 2219 3430 2275 bona
3460 2229 3674 2275 tenetur
3705 2223 3724 2253 ι

2125 2304 2401 2359 admixta?
2423 2306 2589 2361 Dicite
2609 2322 2737 2377 ergo
2758 2308 3068 2362 vitiosorum
3091 2323 3373 2378 corporum
3394 2313 3595 2377 merita,
3620 2315 3726 2382 qui

2126 2397 2329 2465 negatis
2358 2397 2609 2467 parvulos
2638 2414 2702 2452 ex
2737 2400 3045 2468 parentibus
3085 2402 3295 2462 trahere
3332 2403 3442 2457 ulla
3475 2414 3723 2473 peccata.

2127 2488 2267 2544 Ecce
2294 2488 2566 2544 Manicbuei
2595 2489 2778 2545 dicunt
2803 2510 2815 2545 :
2841 2491 3021 2562 Usque
3043 2494 3180 2548 adeo
3201 2509 3327 2549 caro
3352 2496 3450 2550 ista
3473 2498 3728 2553 mortalis

2127 2594 2232 2633 non
2263 2579 2329 2634 ad
2357 2581 2627 2649 opiﬁcium
2656 2582 2769 2648 Dei,
2797 2583 2891 2638 sed
2918 2584 2983 2637 ad
3011 2585 3184 2653 gentis
3210 2588 3437 2654 pertinet
3463 2589 3728 2643 tenebra-

2126 2688 2244 2727 rum
2264 2712 2281 2738 ,
2315 2682 2375 2729 ut
2399 2674 2559 2729 etiam
2590 2675 2865 2731 hominum
2892 2691 3112 2747 corpora
3134 2721 3150 2745 ,
3178 2694 3310 2749 quos
3337 2680 3403 2734 ad
3430 2682 3725 2753 imaginem

2128 2763 2222 2817 Dei
2248 2762 2422 2819 factos
2448 2779 2570 2820 esse
2591 2756 2911 2835 perhibetis,
2942 2785 3049 2823 nou
3077 2770 3248 2824 solum
3279 2773 3634 2841 corruptibilis
3664 2784 3728 2830 et

2126 2855 2415 2908 conditioni
2446 2856 2634 2911 mortis
2661 2856 2886 2912 obnoxia
2909 2901 2923 2924 ,
2950 2874 3135 2914 verum
3165 2862 3325 2915 etiam
3358 2862 3545 2917 vitiosa
3572 2878 3728 2932 sarpe

2129 2956 2434 3001 nascantur.
2463 2948 2600 3015 Quid
2632 2950 2710 3004 eis
2742 2951 3086 3019 restiondebit
3116 2953 3334 3009 hmresis
3363 2965 3536 3011 vestra
3555 2999 3571 3024 ,
3614 2959 3725 3013 nisi

2129 3035 2436 3106 humanam,
2463 3042 2706 3109 quamvis
2729 3043 2829 3097 sub
2859 3044 2967 3097 Deo
2991 3055 3234 3100 creatore
3258 3056 3311 3101 et
3334 3049 3553 3113 artifice,
3579 3049 3727 3105 hanc

2130 3139 2305 3186 tamen
2331 3146 2450 3187 esse
2473 3144 2737 3198 naturam,
2766 3145 2823 3188 ut
2843 3137 2942 3189 etsi
2972 3154 3129 3191 nemo
3156 3150 3449 3208 peccasset,
3477 3143 3633 3196 etiam
3664 3146 3724 3199 in

2129 3222 2377 3291 paradiso
2415 3225 2537 3278 talia
2579 3225 2852 3280 hominum
2882 3243 3105 3297 corpora
3137 3233 3520 3287 nascerentur?
3545 3232 3592 3289 Ο
3618 3237 3724 3289 ab-

2122 3313 2468 3368 ominabilem
2509 3326 2565 3369 et
2602 3315 2956 3372 damnabilem
2988 3322 3210 3374 vocem!
3242 3320 3347 3375 Nos
3377 3333 3551 3377 autem
3582 3341 3725 3393 quo-

2130 3402 2272 3456 niam
2316 3402 2592 3457 hominum
2634 3419 2858 3474 corpora
2903 3421 3008 3460 non
3055 3410 3227 3463 solum
3270 3414 3625 3481 eorntptibilia
3662 3424 3726 3469 et

2131 3493 2438 3548 necessitati
2466 3498 2652 3548 mortis
2676 3497 2949 3561 obstricta,
2972 3514 3157 3553 verum
3184 3503 3341 3555 etiam
3367 3504 3530 3557 multa
3562 3506 3614 3558 in
3640 3507 3725 3560 eis

2131 3584 2501 3639 innumerabili
2542 3587 2830 3643 vitiositate
2857 3589 3127 3658 languida,
3159 3592 3402 3659 distorta,
3435 3595 3723 3663 deformia,

2130 3677 2278 3731 nullo
2304 3686 2582 3747 parentum
2618 3679 2954 3749 prmeedeute
2993 3692 3237 3750 peccato,
3270 3685 3323 3739 in
3351 3687 3595 3755 paradiso
3621 3704 3723 3742 cx-

2129 3776 2311 3821 ortura
2342 3766 2504 3825 fuisse
2531 3784 2637 3822 non
2663 3769 2908 3837 dicimus,
2937 3780 2993 3826 et
3020 3789 3114 3827 eos
3138 3776 3228 3843 qui
3258 3775 3441 3830 dicunt
3469 3778 3725 3849 dignissi-

2131 3872 2253 3912 mos
2273 3858 2610 3914 anathemate
2633 3860 2966 3929 iudicamus;
3000 3878 3103 3918 nou
3132 3866 3201 3920 ab
3231 3867 3382 3923 initio
3410 3869 3487 3923 sic
3512 3872 3533 3902 ²¹
3563 3872 3725 3925 insti-

2131 3958 2259 4004 tuta:
2284 3957 2504 4012 naturae.
2532 3950 2625 4004 sed
2652 3952 2941 4022 iniquitatis
2971 3956 3162 4011 merito
3190 3968 3368 4027 postea
3395 3962 3593 4015 vitiata:
3621 3964 3725 4017 ista

2133 4044 2430 4110 tribuimus,
2460 4052 2593 4098 utet
2622 4060 2714 4098 vos
2740 4056 2793 4100 et
2815 4046 3131 4102 Mauiclueos
3161 4049 3471 4109 inconcussa
3502 4064 3555 4109 et
3584 4057 3728 4110 auti-

2130 4147 2231 4201 qua
2264 4132 2387 4185 fidei
2413 4134 2688 4187 catholicae
2713 4134 2999 4191 stabilitate
3027 4137 3385 4196 destruamus.

2202 4221 2382 4277 XCVI.
2409 4221 2527 4277 JUL.
2558 4223 2664 4279 Sed
2692 4235 3028 4281 revertamur
3050 4231 3114 4284 ad
3145 4230 3336 4286 librum
3362 4233 3533 4302 illum,
3562 4252 3726 4306 quem

2132 4315 2199 4370 ad
2230 4315 2499 4370 Valerium
2537 4315 2851 4385 destinavit,
2894 4320 2946 4373 in
2984 4337 3091 4391 quo
3126 4322 3462 4394 discerptas’
3491 4328 3559 4382 de
3587 4329 3729 4383 libro

2132 4420 2253 4461 meo
2282 4420 2387 4460 uno
2424 4406 2679 4461 duntaxat
2714 4412 3006 4465 sententias
3042 4412 3142 4466 sibi
3172 4413 3533 4472 discutiendas
3562 4419 3729 4474 refel-

2132 4496 2422 4567 lendasque
2448 4499 2743 4568 proposuit.
2772 4500 2839 4554 Et
2864 4502 3077 4571 quidem
3107 4505 3158 4557 in
3186 4506 3356 4574 primo
3384 4510 3562 4578 operis
3588 4527 3729 4581 prm-

2130 4589 2299 4642 seutis
2325 4588 2501 4643 libello
2521 4604 2686 4658 usque
2709 4590 2774 4643 ad
2801 4606 2863 4646 ea
2885 4593 3159 4662 Augustini
3187 4596 3325 4651 dicta
3353 4614 3727 4668 perveneram,

2130 4680 2324 4748 quibus
2348 4689 2546 4734 retecta
2577 4680 2922 4749 impudentia,
2954 4700 3055 4753 qua
3085 4686 3353 4754 opinionis
3382 4685 3524 4744 illius
3555 4692 3729 4761 fngie-

2133 4769 2223 4824 bat
2258 4769 2505 4823 invidiam
2527 4811 2542 4836 ,
2585 4786 2653 4824 ne
2676 4771 2944 4827 diabolum
2973 4774 3243 4830 videretur
3279 4793 3521 4834 asserere
3549 4779 3730 4834 benti-

2133 4876 2259 4915 num
2298 4860 2627 4915 conditorem
2649 4902 2663 4925 ,
2708 4864 3068 4930 pronuntiavit
3104 4866 3269 4921 Deum
3305 4882 3423 4923 esse
3449 4880 3729 4924 auctorem

2134 4954 2427 5018 malorum,
2458 4963 2617 5022 atque
2659 4953 2832 5023 ipsum
2877 4955 2998 5010 talis
3036 4959 3208 5012 meriti
3244 4973 3433 5014 creare
3472 4961 3734 5016 substan-

2136 5044 2284 5109 tiam,
2314 5060 2433 5112 qmu
2459 5054 2687 5108 reatum,
2712 5053 2995 5114 antequam
3031 5062 3185 5102 usum
3211 5050 3452 5114 rationis,
3480 5050 3733 5120 accipiat.

2134 5146 2187 5189 et
2212 5151 2328 5205 qua:
2358 5137 2410 5189 in
2434 5151 2601 5205 regno
2622 5136 2842 5201 diaboli,
2877 5138 3179 5194 Conditoris
3215 5141 3296 5194 sui
3326 5142 3574 5197 manibus
3611 5145 3733 5197 col-

2135 5230 2358 5284 locetur.

2206 5322 2340 5377 Auc.
2371 5320 2471 5389 Qui
2502 5330 2743 5375 naturam
2770 5321 3027 5377 discernit
3053 5339 3083 5379 a
3112 5324 3263 5391 vitio,
3298 5341 3402 5379 non
3430 5325 3554 5380 dicit
3576 5326 3736 5396 quod

2135 5413 2267 5469 dicis
2296 5432 2308 5468 :
2340 5413 2432 5484 qui
2463 5413 2817 5484 iutelligeuter
2845 5414 2969 5486 legit
2995 5417 3133 5485 quod
3158 5417 3300 5485 dico,
3334 5434 3440 5473 non
3467 5434 3554 5474 me
3581 5428 3741 5489 putat

2203 5570 2216 5601 ¹
2243 5571 2314 5618 sic
2335 5575 2440 5617 Mss.
2466 5568 2584 5617 mliti
2611 5581 2742 5625 vero,
2765 5568 3026 5620 tenebatur.

2201 5632 2222 5661 '
2244 5629 2492 5686 particula,
2512 5628 2600 5687 sic,
2620 5630 2894 5681 restituitur
2917 5645 2980 5682 ex
3005 5641 3110 5685 Mss.

2205 5692 2225 5723 ³
2255 5692 2409 5741 codex
2432 5700 2575 5750 Port.,
2600 5692 2866 5753 decerptus.
