3962 6180
278 361 416 419 H80

272 475 456 530 dicere
481 473 622 546 quid
650 489 756 530 non
782 470 920 530 dico.

345 586 550 644 XCVII.
579 588 699 643 Jun.
729 589 970 660 Eumque
1005 602 1127 644 esse
1165 589 1381 662 ligulam
1408 590 1500 648 irte
1523 601 1577 647 et
1603 592 1857 663 perditio-

273 677 360 733 nis
384 692 509 731 vasa
537 677 844 746 fingentem.

343 769 478 824 Anc.
511 767 913 834 Quantumlibet
950 785 1070 825 non-
1097 771 1392 842 intelligas,
1423 771 1690 844 quomodo
1719 774 1856 830 Deus

269 857 429 914 faeiat
450 873 520 912 ex
547 857 735 913 eadem
764 873 940 914 massa
969 861 1113 916 aliud
1150 877 1246 918 vas
1284 863 1337 918 in
1378 865 1664 933 honorem,
1708 865 1852 920 aliud

266 949 322 1002 in
341 950 718 1006 contumeliam
745 949 922 1025 (Rom.
947 969 1020 1018 ις,
1042 953 1135 1024 Si)
1159 973 1174 1011 :
1197 955 1269 1011 ita
1291 955 1418 1012 facit
1441 966 1644 1026 tamen,
1668 968 1725 1013 ut
1747 973 1852 1013 non

262 1036 426 1093 faciat
451 1040 661 1094 tertium
685 1055 855 1112 genus
880 1057 1150 1110 vasorum,
1172 1060 1273 1101 nec
1295 1046 1352 1101 in
1377 1048 1656 1113 honorem,
1679 1063 1779 1104 nec
1799 1049 1851 1104 in

261 1132 671 1200 contumeliam,
697 1134 881 1204 quales
914 1149 1010 1191 vos
1046 1151 1168 1193 esse
1207 1139 1460 1208 parvulos
1497 1139 1688 1208 vultis;
1719 1149 1774 1197 et
1799 1141 1852 1198 in

262 1233 487 1289 regnum
529 1220 622 1277 Dei
659 1237 766 1278 non
803 1224 1001 1282 intrare
1035 1227 1318 1299 imaginem
1345 1229 1474 1296 Dei,
1504 1231 1700 1286 nullam
1730 1245 1852 1289 esse

260 1313 638 1370 contumeliam
665 1314 952 1387 deputatis.
981 1319 1156 1388 Ipsum
1183 1321 1325 1377 enim
1355 1337 1576 1391 regnum
1600 1326 1680 1379 sic
1704 1338 1852 1379 ama-

261 1403 328 1456 tis
348 1445 364 1468 ,
394 1412 454 1458 ut
481 1419 586 1460 non
625 1405 698 1462 ibi
734 1421 884 1474 esse,
912 1424 1017 1465 non
1047 1411 1235 1467 saltem
1263 1413 1438 1470 levem
1477 1428 1692 1484 pmnam
1726 1429 1847 1472 cre-

258 1491 399 1548 datis
427 1492 660 1552 hominis
687 1512 828 1564 esse,
866 1499 960 1555 sed
986 1501 1206 1557 nullam.

329 1581 559 1640 XCVIII.
594 1585 716 1642 Jun.
753 1587 858 1644 Sed
898 1604 1018 1660 qum
1059 1591 1114 1646 in
1156 1592 1547 1662 perditionem,
1582 1610 1689 1653 non
1719 1612 1844 1669 pro-
1891 1623 1898 1628 ο

261 1688 412 1731 ccssu
444 1677 624 1734 liberte
650 1681 969 1752 voluntatis,
1013 1698 1201 1740 verum
1243 1685 1606 1746 informatoris
1634 1691 1716 1746 sui
1747 1705 1842 1762 po-

260 1775 451 1824 testate
475 1779 750 1840 cogantur.

326 1859 466 1916 A06.
498 1859 655 1916 Potes
677 1861 874 1931 dicere,
899 1879 1003 1920 non
1029 1867 1297 1938 quoslibet
1321 1867 1587 1937 homines,
1616 1869 1708 1927 sed
1731 1871 1841 1942 jam

254 1958 596 2017 regeneratos
631 1951 770 2008 filios
802 1969 929 2011 suos
954 1956 1120 2012 Deum
1158 1956 1214 2013 in
1245 1959 1595 2029 perditionem
1624 1977 1837 2032 cogere,

250 2036 498 2096 faciendo
522 2057 615 2097 eos
642 2045 838 2108 vivere,
865 2061 1000 2116 quos
1025 2063 1058 2103 a
1085 2047 1192 2104 fide
1227 2050 1482 2118 praevidet
1509 2065 1840 2120 recessuros,

245 2141 373 2182 cum
404 2142 583 2199 posset
606 2147 701 2188 eos
727 2135 851 2189 hinc
877 2151 1093 2206 rapere,
1119 2145 1407 2208 antequam
1437 2141 1637 2195 malitia
1665 2150 1843 2196 muta-

245 2231 460 2275 rentur.

321 2310 518 2366 XCIX.
554 2312 674 2368 ius.
719 2313 1055 2388 Tantumque
1103 2319 1207 2374 hoc
1247 2320 1554 2393 prodigialia
1579 2322 1843 2394 dogmatis

244 2403 404 2458 nefas
432 2406 660 2474 apostoli
701 2407 849 2463 Pauli
886 2413 1102 2467 molitus
1125 2423 1209 2469 est
1250 2415 1504 2470 roborare
1532 2417 1836 2484 sententiis,

242 2508 387 2562 quas
426 2505 681 2552 contextu
729 2499 892 2556 totius
937 2502 1182 2559 lectionis
1227 2507 1485 2576 exposui,
1533 2516 1588 2562 et
1628 2509 1838 2565 ostendi

245 2586 569 2656 prophetam
599 2588 811 2657 Isaiam,
839 2590 1032 2663 dequo
1057 2593 1195 2648 hanc
1218 2597 1670 2666 comparationem
1697 2597 1838 2669 ﬁguli

242 2677 529 2732 constabat
580 2689 906 2750 assumptum
931 2723 947 2750 ,
1007 2681 1230 2754 justititc
1283 2684 1475 2742 divina:
1529 2686 1837 2758 plenissime

242 2774 468 2815 causam
492 2763 650 2817 tueri.

323 2851 460 2908 Aac.
488 2853 623 2920 Quid
643 2855 920 2913 ostendisti
948 2857 1247 2930 legentibus
1276 2861 1294 2894 ⁸
1319 2872 1374 2918 et
1397 2861 1834 2934 intelligentibus,

245 2941 353 2995 nisi
388 2953 438 2996 te
467 2944 623 2999 verba
663 2949 954 3016 apostolica
988 2948 1154 3005 nimia
1199 2951 1516 3022 loquacitate
1559 2965 1833 3024 conatum,

245 3047 358 3088 non
382 3043 556 3090 tamen
586 3039 822 3107 potuisse
865 3044 1208 3110 pervertere?

319 3124 380 3181 C.
409 3127 526 3182 Jun.
559 3129 860 3187 Secundum
887 3143 1066 3190 autem
1102 3135 1296 3191 librum
1329 3138 1659 3208 expositione
1693 3140 1835 3212 Apo-

242 3216 374 3271 stoli
418 3222 744 3290 argumentis
782 3224 1061 3294 Augustini
1105 3241 1171 3281 ex
1207 3225 1432 3283 adverso
1468 3229 1690 3300 positis,
1740 3245 1836 3298 pro

242 3323 311 3364 ea
359 3327 515 3380 quam
563 3315 919 3385 suppeditavit
961 3320 1191 3386 veritas,
1242 3318 1489 3378 facultate
1529 3324 1832 3394 complevi:

243 3409 405 3472 atque
428 3403 546 3458 idco
568 3420 709 3461 nunc
735 3408 800 3462 ad
831 3409 948 3462 libri
977 3409 1092 3479 ejus
1115 3411 1356 3466 ordinem
1383 3421 1734 3468 revertamur.

318 3496 454 3551 Anc.
495 3494 798 3552 Secundum
839 3499 1028 3554 librum
1070 3516 1176 3555 non
1214 3503 1546 3572 expositione
1568 3503 1828 3575 Apostoli,

243 3587 339 3641 sed
367 3588 466 3640 sub
493 3591 838 3658 expositionis
864 3590 1222 3662 professione,
1268 3595 1410 3649 inani
1439 3596 1831 3667 oppugnatiOue

242 3680 557 3750 complesti,
597 3682 828 3738 vanitate
870 3684 998 3751 tibi,
1038 3700 1142 3740 non
1175 3685 1395 3743 veritate
1416 3727 1431 3754 ,
1463 3688 1830 3758 suppeditante

240 3785 360 3837 qua:
380 3769 604 3826 diceres.

312 3859 398 3914 Cl.
421 3860 543 3918 ,1ιί.
573 3861 734 3933 Igitur
775 3876 1051 3938 postquam
1091 3866 1190 3924 sibi
1233 3883 1394 3924 unum
1421 3870 1490 3927 de
1517 3871 1828 3944 praefation-

240 3951 356 4005 cula
381 3953 576 4023 prioris
599 3957 778 4025 aperis
798 3959 902 4012 mei
931 3967 1090 4028 caput
1111 4001 1127 4027 ,
1155 3960 1295 4029 quod
1317 3961 1462 4032 quasi
1495 3963 1828 4034 impugnaret

239 4042 440 4108 objecit
464 4085 477 4109 ,
525 4045 760 4117 illudque
798 4049 864 4104 de
891 4051 1048 4120 ligulo
1077 4059 1412 4121 peccatorum
1442 4053 1552 4110 Deo
1574 4071 1672 4110 suo
1697 4041 1850 4113 sub--

239 4133 412 4201 didit;
463 4151 549 4192 me
592 4139 797 4208 arguit,
839 4157 996 4210 quam
1045 4157 1173 4196 sane
1217 4153 1524 4201 constanter
1562 4156 1616 4203 et
1662 4164 1822 4218 pure,

239 4226 404 4296 ipsius
429 4227 654 4300 eloquiis
682 4231 996 4300 publicetur.
1035 4250 1054 4284 t
1086 4233 1200 4289 Non
1228 4235 1422 4306 itaque,
1455 4256 1474 4290 ι
1503 4238 1641 4294 sicut
1671 4248 1720 4295 te
1744 4249 1828 4296 ate

236 4333 340 4386 que
365 4319 499 4374 alios
528 4320 712 4377 fallens
745 4323 979 4394 loqueris
1001 4367 1016 4390 ,
1050 4326 1093 4379 si
1123 4327 1242 4396 quis
1275 4337 1367 4382 aut
1394 4328 1616 4386 liberum
1643 4330 1695 4386 in
1723 4331 1822 4388 ho-

237 4408 466 4464 minibus
495 4411 807 4480 arbitrium,
853 4423 946 4468 aut
988 4415 1154 4470 Deunt
1180 4431 1300 4471 esse
1326 4421 1656 4475 nascentium
1689 4437 1822 4478 con-

236 4501 462 4556 ditorem
487 4504 681 4560 dixerit
709 4549 721 4570 ,
765 4507 1120 4564 Ctelestianus
1145 4518 1198 4563 et
1227 4510 1537 4581 Pelagianus
1561 4522 1818 4570 vocatur:

238 4592 335 4645 ista
374 4597 570 4665 quippe
608 4605 663 4652 et
702 4597 961 4653 catholica
1005 4599 1136 4654 fides
1170 4599 1315 4654 dicit.
1362 4601 1466 4656 Sed
1507 4604 1554 4658 si
1588 4603 1707 4674 quis
1753 4604 1821 4660 ad

235 4683 518 4741 colendum
548 4698 690 4744 recte
715 4691 898 4757 Deum,
928 4691 1042 4747 sine
1073 4693 1236 4762 ipsius
1257 4692 1521 4763 adjutorio
1549 4695 1676 4750 dicit
1701 4712 1822 4752 esse

237 4776 291 4831 in
320 4776 623 4834 hon'tinibus
648 4781 870 4836 liberum
901 4783 1210 4848 arbitrium;
1249 4791 1304 4838 et
1325 4785 1564 4855 quisquis
1588 4787 1659 4842 ita
1693 4786 1821 4843 dicit

242 4868 402 4926 Deum
445 4875 776 4928 nascentium
805 4875 1134 4931 conditorem
1157 4919 1172 4942 ,
1217 4884 1274 4930 ut
1299 4879 1635 4946 parvulorum
1664 4889 1820 4950 neget

235 4977 263 5014 a
306 4973 565 5032 potestate
606 4967 799 5022 diaboli
846 4968 1268 5039 redemptorem,
1313 4969 1426 5038 ipse
1466 4970 1819 5026 leestianus

233 5064 288 5108 et
316 5055 626 5128 Pelagianos
652 5070 885 5115 vocatur.
911 5061 1156 5116 Liberum
1189 5063 1362 5130 itaque
1389 5061 1665 5118 arbitrium
1697 5075 1818 5119 ease

235 5145 290 5200 iu
320 5147 653 5216 hominibus,
694 5161 744 5206 et
775 5152 936 5208 Deum
963 5167 1081 5208 esse
1106 5153 1432 5208 nascentium
1462 5154 1810 5217 conditorem,

233 5241 438 5311 utrique
478 5243 736 5308 dicimus;
783 5261 887 5300 non
927 5245 1047 5301 hinc
1075 5247 1200 5299 estis
1239 5245 1540 5301 leestiani
1578 5254 1632 5299 et
1661 5243 1812 5300 Pela-

231 5329 392 5397 giani.
441 5333 695 5390 Liberum
737 5345 913 5392 autem
951 5351 1070 5392 esse
1110 5349 1430 5407 quemquam
1457 5336 1521 5390 ad
1551 5336 1813 5407 agendum

234 5420 428 5478 bonum
451 5425 568 5481 sine
591 5426 857 5496 adjutorio
888 5426 999 5492 Dei,
1029 5435 1082 5482 et
1109 5443 1212 5481 non
1241 5428 1351 5482 erui
1381 5429 1629 5496 parvulos
1657 5443 1685 5481 a
1715 5440 1810 5499 po-

234 5520 420 5571 testate
456 5519 794 5574 tenebrarum
820 5561 836 5586 ,
886 5529 938 5575 et
975 5520 1053 5576 sic
1078 5519 1348 5575 transferri
1378 5521 1429 5574 in
1465 5535 1685 5591 regnum
1718 5521 1808 5575 Dei

233 5602 447 5675 (Colon.
481 5625 517 5674 ι,
553 5610 642 5681 15)
671 5627 685 5662 :
719 5609 818 5665 hoc
843 5625 937 5665 vos
962 5609 1136 5665 dicitis
1169 5628 1180 5664 :
1212 5609 1332 5664 hinc
1359 5610 1488 5666 estis
1507 5611 1808 5666 Cwlestiani

296 5758 313 5792 ³
344 5760 481 5823 Editi,
501 5758 625 5822 Quid
647 5760 852 5812 ostendit
881 5759 1198 5825 diligentibus.
1225 5748 1525 5823 castigantur
1549 5773 1609 5810 ex
1637 5766 1741 5808 Mss.

501 5845 774 5905 Panos.
810 5847 858 5903 Χ
877 5848 998 5905 LV.

1654 363 1857 420 Lines
1895 363 2202 428 TERTIUS.
2294 426 2308 438 ,

1968 492 2024 538 et
2053 484 2321 557 Pelagiani
2349 507 2368 541 ι
2402 489 2504 558 (De
2529 490 2742 562 Nuptiis
2785 503 2836 550 et
2879 494 3328 569 Concupt'urtttia,
3372 505 3460 558 lib.
3489 508 3546 570 3,

1965 589 2020 627 rt.
2069 574 2151 645 8).
2202 577 2397 634 Nature
2425 590 2478 636 te
2504 582 2720 653 quidem
2741 585 2796 640 in
2823 584 3111 657 impietatis
3133 597 3235 645 tute
3273 600 3330 647 et
3355 590 3546 650 fortui-

1962 663 2106 720 diuis
2133 666 2323 736 palude
2347 670 2652 741 frequenter
2675 676 2919 745 ostendi,
2953 693 3055 738 nec
3080 694 3243 752 super
3266 681 3370 740 hoc
3391 684 3546 746 dubi-

1965 763 2196 812 taturum
2227 759 2537 827 prudentem
2561 773 2772 821 constat
2797 781 2920 824 esse
2949 767 3223 828 lectorem.

2032 847 2169 904 Ave.
2196 848 2308 906 Nec
2329 863 2513 908 natare
2533 862 2585 910 te
2612 871 2790 924 posse,
2817 857 2913 914 sed
2939 862 3130 933 mergi,
3153 863 3242 919 alii
3258 877 3544 936 onerarunt,

1959 937 2050 1008 qui
2097 937 2405 998 ltzcreticum
2451 953 2502 1000 te
2537 960 2657 1002 esse
2696 960 3066 1020 cognoscunt:
3098 969 3218 1010 nam
3260 965 3318 1013 tu
3355 957 3545 1017 eadem

1961 1031 2330 1090 submersione
2357 1051 2573 1092 sensum
2601 1039 2764 1094 etiam
2790 1042 3090 1110 perdidisti.

2029 1120 2137 1176 Cll.
2165 1121 2284 1179 Jun.
2332 1125 2505 1197 Atque
2545 1129 2664 1185 ideo
2688 1129 2746 1185 in
2777 1132 2951 1202 primo
2975 1134 3113 1191 libro
3136 1151 3236 1193 nec
3259 1153 3352 1196 me
3379 1139 3545 1200 fuisse

1957 1214 2238 1269 mentitum
2260 1254 2279 1283 ,
2303 1218 2430 1287 quid
2461 1219 2802 1290 scripseram,
2831 1238 3021 1280 omnes
3044 1227 3136 1298 qui
3163 1227 3541 1300 fugissent”-

1954 1313 2080 1359 διε-ω
2106 1306 2377 1362 societatis
2412 1309 2700 1380 invidiam,
2740 1313 2794 1369 in
2833 1313 3248 1374 Manichzcorum
3275 1333 3541 1393 prterupta

1952 1408 2234 1464 corruere,
2266 1398 2489 1454 liberum
2531 1402 2810 1460 arbitrium
2841 1406 3215 1478 denegantium
3235 1449 3256 1480 ,
3296 1421 3352 1470 et
3372 1414 3541 1472 Deum

1952 1484 2226 1544 hominum
2255 1491 2621 1561 conditorem;
2665 1502 2824 1568 teque
2856 1498 2908 1553 id
2942 1502 3086 1572 quod
3113 1503 3293 1560 fueras
3316 1507 3538 1578 propiti-

1950 1591 2072 1634 sare
2090 1590 2344 1648 conatus,
2373 1583 2554 1639 statim
2577 1585 2836 1644 absolutis
2870 1592 3163 1662 arripuisse
3179 1597 3548 1676 sermonibus,

1949 1668 2110 1724 etiam
2137 1669 2349 1727 illorum
2375 1673 2692 1745 scriptorum
2714 1718 2729 1743 ,
2767 1695 2887 1749 quae
2916 1681 2983 1736 ad
3014 1683 3342 1742 Bonifacium
3371 1687 3535 1746 misc-

1950 1773 2073 1826 ras,
2122 1760 2414 1818 insertione
2465 1765 2689 1834 patefeci
2740 1767 2978 1840 (Supra,
3022 1772 3112 1828 tib.
3159 1775 3212 1842 l,
3254 1791 3374 1848 cap.
3420 1779 3534 1850 ιι).

1958 1847 2332 1907 Verumtamen
2359 1853 2461 1909 hoc
2483 1894 2500 1922 ,
2539 1857 2700 1914 etiam
2730 1857 2847 1915 huic
2869 1875 3032 1931 quam
3058 1878 3200 1919 nunc
3225 1847 3415 1936 posui,
3445 1847 3536 1924 tua

1947 1941 2226 2010 responsio
2261 1943 2570 2001 confitetur.
2611 1947 2802 2004 Dixisti
2825 1950 2969 2006 enim
2990 1993 3006 2018 ,
3037 1953 3194 2010 fidem
3221 1957 3535 2017 catholicam

1945 2044 2066 2086 esse
2085 2073 2101 2096 ,
2129 2048 2250 2102 qua:
2277 2041 2337 2090 et
2359 2035 2588 2092 liberum
2614 2040 2787 2095 credit
2810 2042 3086 2099 arbitrium
3105 2085 3124 2113 ,
3154 2056 3211 2101 et
3241 2047 3406 2105 Deum
3442 2065 3537 2108 sa-

1947 2121 2211 2176 scentium
2252 2123 2608 2182 conditorem.
2655 2130 2808 2196 Quod
2836 2141 3121 2205 utrumque
3155 2138 3392 2194 omnium
3419 2139 3535 2197 ha:-

1946 2214 2232 2270 reticorum
2253 2255 2269 2280 ,
2311 2216 2633 2276 Manichteos
2656 2233 2863 2279 certum
2903 2235 2986 2281 est
3017 2226 3291 2286 vobiscum
3318 2247 3532 2303 negare.

2015 2304 2153 2362 Anc.
2199 2304 2476 2364 Manichtei
2523 2307 2688 2382 (quod
2727 2312 2914 2370 videro
2957 2329 3064 2371 non
3104 2318 3288 2388 vultis)
3327 2335 3358 2377 a
3387 2325 3537 2381 vobis

1945 2395 2121 2464 potius
2143 2395 2480 2467 adjuvantur,
2509 2402 2600 2472 qui
2630 2410 2709 2458 tot
2734 2412 2790 2459 et
2808 2413 2951 2462 tanta
2971 2408 3108 2463 mala
3137 2425 3259 2481 qua:
3283 2415 3389 2484 pati
3413 2430 3535 2486 par-

1945 2487 2099 2545 vulos
2123 2491 2420 2558 cernimus,
2450 2506 2555 2548 non
2584 2495 2791 2552 meritis
2824 2509 3162 2567 peccatorum
3185 2540 3203 2570 ,
3252 2504 3345 2559 sed
3381 2509 3528 2577 genti

1945 2577 2180 2634 tribuunt
2210 2581 2569 2638 tenebrarum.
2613 2583 2728 2641 Non
2757 2588 2901 2643 enim
2933 2588 3138 2648 habetis
3166 2608 3274 2665 quo
3291 2595 3530 2670 fugiatis,

1940 2668 2154 2738 quando
2191 2685 2222 2726 a
2257 2671 2410 2729 vobis
2459 2675 2599 2731 mala
2632 2675 2734 2733 ista
2771 2679 2913 2736 unde
2947 2682 3058 2737 sint
3097 2668 3527 2755 percunctantur.

1939 2761 2044 2818 Sed
2070 2763 2227 2821 nobis
2247 2765 2314 2821 ad
2343 2766 2571 2823 liberum
2591 2770 2869 2827 arbitrium
2907 2772 3138 2833 hominis
3157 2819 3175 2845 ,
3209 2795 3318 2851 quo
3339 2793 3530 2839 natura

1941 2852 2171 2912 humana
2191 2897 2207 2922 ,
2253 2871 2375 2912 cum
2403 2858 2543 2914 bona
2583 2861 2739 2917 fuerit
2778 2863 3018 2920 instituta
3036 2905 3052 2933 ,
3082 2868 3264 2925 vitiata
3289 2880 3394 2939 est,
3415 2871 3530 2930 haec

1939 2945 2118 3000 otnnia
2145 2945 2502 3005 referentibus
2518 2991 2534 3019 ,
2561 2951 2829 3009 catholica
2859 2955 3134 3015 vobiscum
3155 2961 3381 3020 veritate
3408 2965 3526 3020 vin-

1934 3043 2150 3090 cuntur.

2009 3120 2141 3182 Clll.
2171 3126 2292 3184 Jun.
2317 3129 2516 3186 Verum
2544 3133 2667 3206 quia
2687 3135 2810 3193 fidei
2838 3139 3118 3198 catholica:
3142 3183 3158 3211 ,
3185 3145 3339 3215 cujus
3355 3146 3529 3205 solide

1939 3216 2169 3274 nudatus
2192 3233 2252 3274 es
2273 3260 2289 3287 ,
2315 3223 2466 3291 quasi
2495 3226 2780 3282 amiculum
2813 3238 2993 3298 tenue,
3021 3233 3194 3289 solum
3215 3251 3411 3294 nornen
3433 3254 3523 3295 as-

1938 3308 2106 3363 sumis
2127 3348 2145 3376 ,
2178 3311 2258 3365 vis
2285 3326 2382 3367 nos
2420 3315 2671 3384 credere,
2713 3319 2874 3375 etiam
2909 3335 2943 3376 a
2973 3331 3026 3378 te
3051 3323 3154 3379 hoc
3187 3328 3355 3382 teneri
3379 3331 3524 3400 quod

1936 3398 2185 3455 catholici
2223 3402 2583 3474 confitentur,
2629 3407 2680 3463 id
2724 3419 2840 3478 est,
2886 3421 2941 3468 et
2983 3414 3209 3471 liberum
3246 3398 3522 3477 arbitrium

1936 3503 2058 3548 esse
2083 3491 2136 3546 in
2158 3491 2461 3551 hominibus
2485 3537 2502 3565 ,
2539 3505 2596 3553 et
2621 3499 2784 3555 Deum
2813 3506 3143 3562 nascentium
3157 3507 3518 3568 conditorem.

1935 3580 2041 3638 Sed
2066 3584 2113 3639 si
2141 3584 2244 3642 hoc
2267 3601 2298 3642 a
2327 3595 2378 3643 te
2407 3590 2720 3661 simpliciter
2748 3592 3080 3667 ﬁdeliterque
3121 3599 3382 3668 prolatum
3415 3611 3518 3665 est.

1933 3673 2094 3730 linem
2128 3678 2406 3734 certamini
2433 3681 2647 3752 impone
2665 3683 2918 3754 silentio;
2945 3687 3083 3744 fama
3113 3689 3181 3746 ad
3215 3705 3314 3749 nos
3334 3694 3519 3751 erimi-

1933 3769 2174 3824 nantium
2203 3781 2476 3838 recurrat,
2504 3773 2596 3844 qui
2634 3775 2686 3830 id
2715 3777 3073 3848 objecerimus
3105 3779 3231 3852 tibi,
3261 3786 3404 3856 quod
3428 3801 3519 3844 se-

1931 3873 2059 3914 cura
2101 3861 2118 3894 ί
2156 3863 2438 3932 negatione
2489 3863 2773 3922 deleveris.
2824 3868 2938 3925 Hoc
2980 3871 3155 3927 solum
3207 3874 3332 3930 huic
3378 3875 3519 3933 adde

1931 3951 2208 4006 sententia:
2227 3993 2242 4018 ,
2289 3952 2336 4009 si
2361 3967 2460 4023 qua
2498 3954 2709 4009 inventa
2737 3956 2896 4012 fuerit
2918 3967 3062 4014 secta
3086 4001 3102 4028 ,
3129 3962 3174 4017 si
3198 3978 3300 4034 qua
3327 3964 3514 4036 dispu-

1933 4043 2083 4112 tatio,
2107 4059 2229 4116 quae
2256 4043 2394 4099 hanc
2420 4043 2686 4116 duplicem
2716 4046 3131 4118 confessionem,
3156 4066 3314 4122 quam
3340 4055 3516 4112 catho-

1931 4136 2085 4191 licam
2115 4151 2238 4192 esse
2275 4135 2550 4208 professus
2577 4151 2639 4193 es
2659 4179 2674 4204 ,
2718 4139 2894 4210 aliqua
2923 4151 3148 4198 conetur
3169 4157 3512 4217 argumenta-

1931 4227 2074 4284 tione
2108 4230 2444 4297 convellere,
2487 4240 2580 4286 aut
2608 4239 2752 4286 tuam
2787 4247 2892 4288 non
2919 4247 3038 4290 esse
3060 4275 3076 4302 ,
3111 4244 3205 4291 aut
3237 4250 3268 4291 a
3297 4244 3349 4294 te
3380 4239 3516 4296 ulte-

1930 4320 2042 4375 rius
2069 4334 2175 4376 non
2216 4319 2452 4377 defendi.
2495 4322 2550 4378 Si
2580 4331 2760 4379 autem
2795 4323 2980 4394 juvat,
3011 4340 3076 4383 ea
3113 4342 3236 4398 qua:
3275 4329 3514 4390 dictum

1889 4426 1899 4436 ’
1928 4425 1988 4465 es
2025 4425 2244 4482 negasse
2265 4453 2280 4477 ,
2323 4411 2571 4483 locupleti
2591 4413 2754 4469 etiam
2790 4413 3149 4485 disputatione
3191 4417 3510 4491 defendere;

1927 4501 2133 4571 explica
2176 4501 2512 4558 definitiones
2555 4503 2709 4559 liberi
2733 4504 2973 4573 arbitrii,
3003 4513 3060 4561 et
3083 4505 3220 4564 fines
3253 4509 3373 4581 ejus
3395 4510 3514 4568 dis-

1932 4591 2277 4649 tinctionibus
2329 4593 2588 4648 absolutis
2638 4594 2789 4664 quasi
2844 4594 3161 4665 quibusdam
3213 4598 3368 4672 cinge
3440 4600 3508 4658 Ii-

1928 4683 2161 4738 mitibus.

1995 4775 2132 4831 Aoe.
2188 4773 2392 4831 lnimiei
2444 4784 2500 4832 et
2547 4774 2898 4848 defensores,
2949 4779 3176 4836 liberum
3229 4781 3508 4840 arbitrium

1923 4866 2256 4923 defendendo
2299 4868 2571 4938 premitis,
2618 4869 2759 4941 quod
2789 4869 2856 4924 ad
2894 4884 3022 4925 suos
3044 4871 3243 4930 limites
3268 4876 3509 4932 revocari

1923 4959 2304 5028 omnipotentis
2330 4970 2386 5016 et
2425 4959 2538 5016 veri
2567 4961 2865 5018 defensoris
2901 4962 3139 5020 bonitate
3173 4978 3281 5022 non
3317 4966 3499 5025 vultis.
3550 5016 3563 5051 ‘.

1991 5048 2126 5106 CIV.
2172 5049 2290 5106 Jun.
2339 5046 2505 5106 Deum
2551 5067 2762 5124 quoque
2801 5052 2984 5108 talium
3021 5053 3296 5112 hominum
3323 5071 3506 5116 assero

1922 5141 2289 5211 conditorem,
2334 5145 2516 5215 quales
2564 5143 2810 5200 manibus
2845 5143 2961 5216 ejus
3003 5145 3330 5221 justitithue
3368 5167 3502 5208 con-

1925 5238 2162 5292 veniunt.

1993 5329 2126 5384 Ave.
2177 5326 2222 5383 0
2247 5327 2392 5383 stulti
2437 5327 2670 5384 luerctici
2711 5327 2871 5384 novil
2916 5327 2962 5384 si
3002 5328 3245 5388 manibus
3270 5331 3363 5387 Dei
3393 5345 3500 5387 non

1920 5420 2245 5475 conveniunt
2273 5435 2434 5489 nprra
2467 5419 2678 5486 vitiosa,
2711 5419 2964 5491 numquid
2992 5422 3237 5478 manibus
3257 5421 3348 5476 Dei
3368 5421 3496 5475 sub-

1919 5511 2132 5566 trahere
2153 5512 2260 5565 ulla
2289 5510 2562 5566 hominum
2593 5526 2814 5583 corpora
2838 5511 3100 5568 audebitis
3119 5553 3134 5579 ,
3159 5525 3280 5581 qua:
3305 5511 3497 5568 videtis

1917 5620 2058 5674 sape
2087 5605 2230 5660 nasci
2274 5603 2525 5659 nonnulla
2559 5603 2788 5660 vitiosa?
2816 5601 2923 5659 Cur
2948 5618 3052 5658 non
3093 5615 3221 5674 ergo
3253 5612 3494 5662 naturam

1980 5759 1998 5792 ι
2033 5759 2103 5808 sic
2125 5763 2230 5809 Ias.
2255 5757 2371 5808 editi
2392 5771 2527 5822 vero,
2546 5761 2726 5810 uetita.

2646 5839 3212 5919 (Quamuis-um.)
