3962 6180
438 369 564 426 ιὲἯ

425 480 688 552 p-imario
731 475 1001 552 peccantis
1051 471 1281 526 hominis
1331 467 1550 522 arbitrio
1597 465 1834 552 vitiatam
1885 475 2006 552 cum

431 549 694 624 ἐτειῃοιίαι
734 549 960 620 istaisto
987 559 1222 615 fatemini
1245 598 1262 622 ,
1301 557 1372 612 de
1412 568 1512 624 qua
1546 553 1684 608 Deus
1719 551 1841 606 facit
1866 549 2007 620 quod

433 675 542 717 non
583 661 754 716 solum
795 652 987 710 artiﬁci
1023 652 1202 716 bono,
1251 647 1348 703 sed
1387 647 1549 701 etiam
1575 643 1737 714 judici
1763 641 2012 698 convenit

431 757 609 826 justo;
655 766 721 806 ne
757 744 1033 804 ΠαπίοΜί
1053 755 1165 798 vos
1189 747 1381 811 cogant
1411 737 1642 792 humana
1663 745 1885 805 corpora
1911 732 2012 786 tri-

435 845 601 898 buere
629 838 816 894 artiﬁci
847 837 1080 906 maligno
1103 843 1159 888 et
1183 830 1380 902 iniusto
1398 828 1426 883 ?

505 933 614 989 CV.
645 930 764 986 ιω..
805 929 1042 995 Quorum
1079 931 1228 980 certe
1255 920 1386 976 nihil
1414 933 1446 974 n
1473 926 1524 974 te
1550 925 1727 973 actam
1759 923 1842 970 est
1870 932 1883 968 :
1915 911 2011 968 sed

435 1033 718 1096 postquam
761 1016 1083 1089 respondisti
1131 1012 1436 1070 Catholicos
1476 1009 1703 1096 iibernm
1731 1005 2012 1096 arbitrium

425 1095 710 1180 ‘conliteri,
741 1111 1059 1180 de-quorum
1084 1114 1138 1160 te
1167 1116 1390 1161 numero
1423 1114 1542 1156 esse
1555 1095 1859 1166 con’lingis;
1899 1102 2012 1148 sta-

435 1209 531 1262 tim
577 1204 941 1262 definitionem
990 1196 1269 1254 admovisti
1296 1236 1311 1261 ,
1356 1207 1476 1264 quae
1523 1190 1576 1245 id
1620 1187 1778 1259 quod.
1803 1185 2014 1241 dedisse

425 1298 709 1354 videbaris
737 1297 987 1365 eriperet.
1014 1292 1108 1347 Ais
1132 1289 1278 1344 enim
1304 1303 1319 1342 :
1357 1283 1509 1341 tSed
1535 1283 1578 1338 si
1607 1283 1724 1352 quis
1741 1280 1809 1336 ad
1833 1279 2016 1335 colen-

425 1391 741 1444 ilum‘tvectc
771 1387 938 1440 Deum
961 1424 976 1450 ,
1020 1383 1136 1437 sine
1161 1379 1327 1450 ipsius
1354 1377 1617 1447 adiutorio
1639 1373 1769 1430 dicit
1804 1386 1924 1428 esse
1961 1371 2014 1425 in

423 1479 744 1534 'humittib'us‘
779 1476 1004 1530 liberum
1047 1471 1319 1526 arbitrium
1341 1509 1356 1534 ,
1398 1467 1484 1521 hic
1520 1465 1835 1534 Pelagianus
1859 1477 2018 1516 voca-

441 1580 547 1625 tur;
584 1588 604 1623 ι
649 1569 724 1624 Et
749 1569 878 1623 item
909 1585 921 1619 :
956 1583 976 1619 t
1014 1565 1261 1620 Liberum
1299 1560 1574 1615 arbitrium
1603 1571 1722 1614 esse
1758 1546 1811 1611 in
1840 1554 2015 1610 homi-

429 1664 597 1716 nibus
637 1661 882 1716 dicimus.
928 1657 1178 1713 Liberum
1223 1662 1399 1709 autem
1439 1663 1759 1722 quamquam
1792 1659 1911 1703 esse
1949 1646 2016 1700 ad

430 1752 706 1823 agendum
723 1751 940 1805 bonum.
981 1766 1000 1799 ι
1037 1757 1041 1762 '

435 1875 438 1878 ~
503 1845 646 1897 Acs.
679 1841 752 1896 ibi
779 1840 823 1894 si
851 1838 1206 1908 adjnnxisses,
1243 1853 1260 1886 ι
1291 1832 1526 1889 haeretici
1551 1830 1730 1887 dicunt
1753 1844 1770 1895 ;
1793 1847 1817 1881 ι
1841 1841 2019 1897 quam-

433 1936 524 1990 vis
547 1949 647 2003 ego
671 1931 962 1987 verbn'ista
989 1941 1096 1983 non
1121 1927 1368 1998 dixerim,
1397 1939 1428 1978 a
1457 1937 1575 1978 mea
1606 1931 1784 1977 tamen
1807 1928 2020 1975 senten-

441 2027 514 2079 tia
555 2035 660 2078 non
685 2022 1034 2078 recessisses.
1083 2018 1283 2074 Verum
1321 2024 1406 2072 est
1441 2016 1584 2070 enim
1623 2013 1902 2068 haereticos
1933 2011 2017 2065 di-

431 2129 565 2171 cere
584 2155 599 2181 ,
630 2112 682 2168 id
713 2121 826 2177 est,
860 2121 953 2166 vos
984 2111 1127 2178 ipsos
1147 2149 1162 2174 ,
1205 2109 1428 2162 liberum
1465 2119 1584 2161 esse
1607 2117 1924 2174 quemquam
1951 2101 2017 2156 ad

441 2205 706 2276 agendum
740 2204 939 2258 bonum
969 2201 1084 2255 sine
1113 2197 1378 2267 adjutorio
1406 2197 1518 2251 Dei.
1555 2194 1664 2250 Sed
1685 2209 1787 2249 cur
1815 2193 1885 2248 ibi
1913 2207 2016 2246 non

425 2295 660 2368 iegerim
682 2333 697 2358 ,
734 2310 756 2345 ο
787 2292 907 2348 sine
931 2287 1195 2360 adjtuorio
1221 2287 1350 2351 Dei,
1386 2304 1405 2340 ι
1439 2299 1559 2355 quae
1587 2284 1640 2340 iu
1671 2283 1770 2338 hac
1799 2290 2018 2338 senten-

439 2389 515 2442 tia
542 2387 701 2442 verba
729 2397 848 2440 mea
875 2383 1035 2439 etiam
1065 2381 1186 2450 ipse
1205 2379 1361 2448 paulo
1396 2385 1520 2432 ante
1548 2373 1804 2445 posuisti;
1835 2387 2022 2443 quam-

437 2480 534 2533 diu
554 2491 792 2549 possum,
817 2472 1078 2530 mendoso
1097 2470 1272 2542 potius
1292 2467 1462 2524 codici
1492 2467 1691 2530 tribuo,
1711 2478 1870 2534 quam
1891 2461 1982 2518 tibi
2002 2480 2018 2517 :

433 2569 544 2628 .di'c-
559 2575 690 2638 ergo
713 2575 925 2621 cmtera.

505 2656 644 2714 CVI.
674 2656 796 2712 ius.
827 2651 978 2721 Quod
1005 2649 1148 2707 enim
1170 2649 1269 2714 eis,
1299 2647 1365 2702 ad
1385 2644 1663 2702 colendum
1684 2651 1832 2698 recte
1855 2643 2020 2698 Deum

443 2751 564 2805 sine
591 2747 757 2817 ipsius
781 2743 1065 2814 adjutorio,
1088 2739 1192 2795 dici
1211 2754 1241 2792 a
1269 2738 1443 2802 nobis,
1471 2735 1716 2790 sufﬁcere
1743 2733 2023 2803 unicuique

445 2839 748 2894 libertatem
773 2833 1010 2898 arbitrii,
1049 2831 1265 2886 omnino
1291 2827 1548 2882 mentiris.
1576 2825 1709 2882 Cum
1735 2825 1876 2880 enim
1905 2823 2024 2880 cul-

450 2939 540 2984 tus
563 2927 656 2982 Dei
677 2925 863 2980 mnitis
885 2921 1206 2992 intelligatur
1233 2917 1404 2974 modis
1424 2957 1442 2983 ,
1463 2915 1589 2971 etin
1611 2913 1848 2970 custodia
1871 2927 2020 2968 man-

449 3018 691 3073 datorum
715 3056 732 3081 ,
777 3023 831 3069 et
859 3013 913 3068 in
938 3009 1306 3067 exsecratione
1330 3007 1576 3062 vitiorum
1601 3045 1617 3070 ,
1663 3013 1717 3059 et
1742 3003 1797 3059 in
1826 3002 2029 3075 simpli-

449 3111 615 3167 citate
655 3105 1080 3168 conversationis
1102 3143 1120 3171 ,
1159 3109 1215 3157 et
1242 3101 1300 3156 in
1322 3099 1509 3156 ordine
1535 3098 1903 3170 mysteriorum
1924 3138 1940 3165 ,
1973 3105 2029 3153 et

450 3201 507 3258 in
547 3197 905 3271 profunditate
944 3195 1248 3264 dogmatum
1273 3231 1288 3256 ,
1331 3205 1450 3261 quae
1473 3189 1542 3246 de
1567 3187 1826 3244 Trinitate
1849 3187 1935 3242 vel
1959 3185 2029 3242 de

439 3289 882 3350 resurrectione,
920 3283 1208 3354 multisque
1245 3281 1366 3338 aliis
1407 3279 1670 3336 similibus
1710 3276 1841 3334 ﬁdes
1881 3276 2027 3332 chri-

451 3381 626 3436 stiana
665 3374 1011 3445 consequitur
1039 3390 1056 3427 ς
1086 3373 1174 3441 qui
1205 3369 1320 3426 fieri
1363 3376 1566 3439 potest,
1612 3375 1671 3421 ut
1693 3381 1792 3421 nos
1818 3367 1868 3420 in
1895 3380 2028 3421 con-

451 3470 572 3524 fuso
594 3467 838 3522 dicamus
860 3504 878 3531 ,
923 3464 1041 3519 sine
1063 3461 1327 3530 adiutorio
1363 3459 1456 3514 Dei
1493 3459 1717 3513 liberum
1752 3457 2030 3512 arbitrium

455 3556 729 3615 suﬂiciens
774 3553 842 3610 ad
887 3552 1003 3623 ejus
1046 3565 1169 3607 esse
1215 3549 1516 3611 culturam,
1555 3562 1676 3602 cum
1704 3547 1938 3617 legamus
1975 3548 2028 3602 in

457 3644 749 3715 Evangelia
773 3643 1037 3700 dicentem
1062 3640 1342 3695 Dominum
1363 3679 1379 3705 ,
1405 3635 1659 3707 Conﬁteor
1683 3637 1772 3691 tibi
1793 3677 1810 3704 ,
1851 3635 2028 3704 Pater,

455 3737 676 3794 Domine
699 3735 810 3791 cadi
835 3742 882 3789 et
919 3743 1066 3789 terra
1084 3773 1101 3800 ,
1135 3731 1223 3802 qui
1252 3729 1559 3786 abscondisti
1597 3728 1704 3784 haec
1731 3745 1762 3781 α
1786 3728 2030 3798 sapienti-

453 3829 550 3888 bus
577 3836 623 3883 et
649 3824 973 3897 prude
991 3866 1005 3888 ,
1035 3833 1083 3879 et
1102 3822 1328 3878 reretasti
1351 3837 1413 3877 ea
1441 3821 1794 3892 pmulis;.ita
1812 3861 1828 3886 ,
1854 3818 2029 3887 Pater,

456 3920 692 3992 quoniam
728 3919 802 3978 sic
831 3917 928 3987 fuit
973 3915 1338 3984 betrepiacitsms
1367 3922 1485 3968 ante
1509 3921 1557 3967 te
1604 3911 1816 3982 (Matth.
1845 3927 1896 3966 ιι
1915 3951 1933 3976 ,
1961 3911 2033 3967 25

457 4022 504 4068 et
524 4009 618 4083 26)
635 4009 658 4065 τ
677 4010 808 4065 Cum
835 4007 1019 4078 utique
1048 4007 1147 4062 ista
1170 4005 1378 4069 omnia,
1402 4011 1510 4057 tam
1533 4017 1651 4072 quas
1679 4001 2030 4070 dogmatibus,

459 4116 618 4171 quam
659 4114 779 4169 qua
825 4095 1096 4169 mysteriis
1136 4093 1480 4150 continentur
1502 4132 1517 4158 ,
1562 4091 1781 4147 libertas
1829 4089 2034 4146 arbitrii

459 4206 558 4264 per
583 4205 643 4246 se
678 4204 785 4248 non
828 4187 1059 4258 potuerit
1101 4184 1340 4240 invenire
1368 4199 1385 4237 :
1411 4183 1650 4251 quamvis
1687 4190 1746 4236 ut
1769 4196 1868 4236 nec
1897 4180 2032 4235 idola

458 4281 793 4345 colerentur,
829 4290 936 4332 nec
962 4275 1104 4330 Deus
1138 4271 1231 4343 qui
1267 4270 1632 4327 innotescebat
1657 4271 1840 4324 mundi
1871 4270 2034 4341 ipsius

459 4371 702 4428 conditor
739 4373 1078 4438 sperneretur
1102 4404 1118 4429 ,
1164 4362 1416 4432 Magistro
1453 4359 1699 4418 Gentium
1738 4369 1870 4416 teste
1892 4360 2035 4426 ,‘do-

460 4478 586 4520 cere
610 4461 841 4533 potuerit
875 4458 1010 4514 ratio
1038 4454 1296 4512 naturalis
1324 4452 1499 4525 (Rom.
1529 4467 1568 4518 t,
1598 4451 1713 4521 20).
1767 4451 1881 4506 Non
1909 4466 2036 4522 ergo

463 4551 568 4606 hoc
589 4549 732 4620 quod
761 4549 913 4620 fingis
930 4587 948 4612 ,
985 4555 1080 4602 aut
1104 4560 1202 4602 nos
1231 4551 1323 4600 aut
1351 4543 1626 4614 quisquam
1650 4541 1778 4596 dicit
1800 4541 2035 4612 pruden-

465 4641 599 4697 tium
637 4657 650 4693 :
693 4638 787 4693 sed
831 4637 1158 4691 affirmamus
1198 4650 1229 4689 a
1256 4635 1366 4690 Deo
1412 4633 1526 4689 fieri
1566 4631 1834 4688 hominem
1883 4631 2034 4686 liberi

461 4727 667 4790 arbitrii
685 4766 703 4792 ,
737 4739 967 4794 cumque
989 4723 1280 4778 innumeris
1306 4722 1500 4778 divina:
1521 4721 1706 4792 gratia:
1755 4720 2035 4790 speciebus

463 4821 660 4893 juvari,
686 4817 772 4874 cui
799 4815 1052 4887 possibile
1081 4815 1152 4870 sit
1174 4814 1256 4869 vel
1282 4828 1495 4870 servare
1525 4813 1619 4868 Dei
1646 4811 1915 4878 mandata,
1951 4811 2037 4866 vel

465 4910 777 4983 transgredi.
827 4908 894 4974 Et
936 4907 1040 4962 hoc
1083 4915 1167 4962 est
1194 4905 1281 4960 ubi
1329 4903 1551 4960 liberum
1599 4903 1879 4958 arbitrium
1917 4917 2036 4958 esse

461 5001 833 5069 defendimus,
862 5009 919 5053 ut
944 5012 1063 5053 cum
1095 4996 1236 5051 Deus
1262 5003 1366 5049 tam
1389 4994 1569 5049 multis
1597 4993 1767 5048 modis
1793 4993 2036 5064 benigni.

413 5114 415 5116 ·
464 5101 628 5147 tatem
667 5104 814 5144 suam
859 5097 1090 5153 asserat,
1141 5085 1191 5142 id
1235 5093 1350 5149 est,
1401 5084 1786 5154 praecipiendo,
1822 5084 2040 5138 benedi-

467 5183 661 5247 cendo,
683 5179 1080 5244 sanctilicando,
1106 5176 1425 5241 coercendo,
1447 5174 1806 5244 provocando,
1840 5175 2037 5229 illumi~

467 5272 684 5334 nando,
732 5269 1087 5339 unusquisque
1131 5283 1313 5322 eorum
1353 5267 1445 5338 qui
1481 5267 1590 5336 jam
1623 5265 1823 5320 ratione
1853 5267 2036 5331 utitur,

465 5365 689 5418 liberum
737 5359 961 5426 habeat,
1007 5358 1330 5413 voluntatem
1381 5357 1472 5412 Dei
1521 5355 1602 5411 vel
1655 5371 1905 5421 servare,
1957 5356 2038 5409 vel

465 5466 738 5523 spernere.

537 5543 670 5597 Anc.
703 5539 833 5594 Tam
864 5537 1026 5591 multa
1052 5535 1182 5591 dicis
1202 5533 1391 5604 quibus
1420 5549 1516 5589 nos
1548 5532 1761 5602 adjuvat
1787 5532 1956 5600 Deus,
1988 5533 2040 5587 id

466 5640 569 5694 est,
602 5649 620 5681 ι
651 5627 1022 5700 praecipiendo,
1054 5623 1436 5687 benedicendo,
1468 5622 1867 5689 sanctiﬁcando,
1897 5637 2041 5677 coer-

467 5721 672 5786 cendo,
722 5719 1088 5789 provocando,
1137 5715 1478 5774 illuminando
1510 5735 1523 5770 :
1561 5735 1579 5769 ο
1632 5726 1686 5772 et
1733 5732 1838 5772 non
1877 5716 2032 5782 dicis,

1087 357 1327 416 ODERIS
1365 353 1768 412 IMPERFECTI
1801 349 2025 408 CONTR

2133 349 2469 416 iULlANUM,
2511 353 2570 408 S.
2611 349 2971 412 AUGUSTINI

3550 349 3692 406 l29‘i

2115 462 2439 517 Charitatem
2465 463 2668 528 dando;
2691 480 2813 519 cum
2829 463 2966 518 dicat
2987 463 3219 518 Joannes
3233 461 3525 531 apostolus,
3555 461 3693 517 Cha-

2118 550 2242 604 rius
2259 567 2324 605 at:
2341 550 2448 605 Deo
2469 561 2539 607 est
2569 550 2609 622 (1
2634 549 2792 607 Joan.
2825 567 2896 619 tv,
2925 550 2998 622 7).
3031 550 3184 608 Unde
3210 551 3338 606 item
3363 549 3524 618 dicit,
3557 550 3691 608 Ecce

2116 643 2316 713 qualem
2353 643 2642 696 charitatem
2680 644 2817 697 dedit
2841 644 2980 697 nobis
3001 642 3156 698 Pater
3173 684 3190 708 ,
3216 653 3270 697 stt
3297 643 3392 712 ﬁlii
3424 642 3517 698 Dei
3541 660 3687 698 noce-

2117 749 2250 798 atur,
2279 741 2327 788 et
2351 733 2510 790 simus
2533 732 2646 805 (Id.
2677 749 2754 798 Ill,
2783 733 2858 804 l).
2889 733 2946 788 In
2968 733 3068 788 hac
3091 733 3369 800 charitote,
3399 749 3519 804 qua:
3542 735 3686 790 cordi

2117 824 2386 891 humano,
2417 825 2607 895 spiritu
2629 865 2646 892 ,
2695 840 2801 882 non
2845 827 3015 882 littera
3049 827 3236 890 datur,
3267 826 3427 882 etiam
3458 837 3691 896 potestas

2117 916 2206 972 illa
2235 916 2575 987 intelligitur,
2617 916 2686 973 de
2709 931 2812 986 qua
2841 917 2981 974 idem
3011 916 3126 986 ipse
3169 918 3220 972 in
3249 917 3537 988 Evangelio
3569 935 3688 982 suo.

2116 1005 2271 1060 Dedit
2294 1008 2395 1072 eis,
2431 1007 2634 1076 inquit,
2679 1014 2973 1076 potestatem
3009 1007 3144 1074 filias
3173 1005 3268 1061 Dei
3300 1007 3410 1075 ﬁeri
3439 1005 3615 1077 (lacn.
3650 1024 3696 1073 ι,

2119 1095 2233 1164 12).
2277 1097 2424 1152 lianc
2468 1112 2566 1153 vos
2599 1096 2670 1152 ab
2715 1096 2929 1154 homine
2965 1111 3088 1153 esse
3131 1097 3303 1152 dicitis
3353 1097 3552 1152 homini
3595 1113 3696 1166 per

2119 1185 2342 1242 liberum
2385 1187 2659 1242 arbitrium
2683 1225 2700 1254 ,
2741 1187 2984 1257 spiritum
3013 1187 3267 1242 habentes
3292 1187 3447 1256 hujus
3482 1187 3692 1250 mundi,

2119 1290 2226 1332 non
2247 1292 2367 1332 cum
2406 1278 2496 1348 qui
2540 1293 2606 1332 ex
2638 1278 2746 1332 Deo
2769 1285 2882 1344 est;
2927 1285 3144 1348 propter
3167 1277 3307 1346 quod
3332 1278 3548 1332 nescitis
3570 1293 3704 1346 qua:

2119 1381 2152 1421 a
2183 1369 2290 1424 Deo
2317 1367 2509 1425 donata
2535 1370 2641 1424 sint
2667 1369 2818 1424 nobis
2839 1368 2883 1438 (l
2911 1367 3030 1422 Cor.
3056 1384 3090 1422 ιι
3113 1407 3127 1432 ,
3157 1367 3264 1438 i2).
3307 1367 3430 1423 Ideo
3467 1383 3566 1423 nec
3595 1384 3698 1436 pa-

2119 1473 2237 1512 cem
2263 1458 2468 1514 habetis
2492 1475 2612 1514 cum
2642 1460 2876 1514 Ecclesia
2895 1499 2912 1523 ,
2941 1458 3008 1514 de
3043 1475 3146 1528 qua
3185 1459 3398 1523 existis;
3436 1474 3534 1513 nec
3558 1459 3696 1514 cha-

2119 1552 2329 1608 ritatcm
2352 1593 2372 1618 ,
2410 1567 2564 1622 quam
2591 1552 2685 1607 Dei
2722 1567 2839 1607 esse
2867 1551 3065 1607 donum
3104 1552 3337 1620 negatis;
3384 1565 3482 1606 nec
3509 1534 3695 1616 iidem,

2119 1643 2238 1712 quia
2264 1643 2495 1698 haeretici
2516 1643 2645 1698 estis
2675 1661 2690 1696 :
2719 1643 2971 1712 quoniam
3000 1659 3103 1712 pax
3134 1643 3374 1711 fratribus
3399 1650 3444 1696 et
3471 1643 3699 1696 charitas

2119 1749 2234 1785 cum
2258 1732 2378 1800 fide,
2409 1747 2514 1788 non
2535 1733 2601 1788 ab
2625 1732 2856 1786 humano
2889 1734 3092 1788 libero‘
3124 1734 3342 1788 arbitrio
3362 1774 3377 1797 ,
3406 1733 3499 1787 sed
3525 1750 3557 1785 α
3585 1733 3699 1786 Deo
3797 1790 3802 1796 ,

2122 1820 2277 1876 Patre
2321 1831 2366 1877 et
2405 1820 2624 1878 Domino
2663 1823 2789 1878 Iesu
2833 1822 3032 1880 Christo
3077 1821 3294 1893 (Ep/tes.
3333 1838 3424 1888 γι,
3464 1822 3580 1894 9.5).
3637 1822 3737 1878 Si’

2121 1913 2363 1981 agnoscis
2392 1913 2445 1968 in
2473 1911 2557 1968 his
2583 1913 2758 1969 verbis
2784 1913 2973 1982 dog-ma
3002 1914 3347 1983 apostolicum
3370 1953 3387 1980 ,
3415 1923 3471 1968 et
3496 1913 3550 1967 in
3575 1929 3702 1968 vcr-

2121 2002 2203 2056 bis
2234 2003 2333 2056 tuis
2361 2019 2588 2073 agnosce
2616 2013 2667 2059 te
2689 2003 3016 2058 hmreticum.

2191 2090 2346 2147 CVII.
2375 2092 2498 2148 ius.
2527 2092 2644 2150 Non
2668 2108 2794 2163 ergo
2819 2093 2936 2149 sine
2976 2091 3238 2162 adjutorio
3268 2093 3360 2148 Dei
3387 2092 3454 2147 ad
3493 2093 3698 2147 cultum

2121 2183 2239 2251 ejus
2257 2225 2272 2249 ,
2312 2185 2520 2254 qualem
2546 2185 2797 2239 exhibent
2821 2185 3010 2240 initiati
3037 2185 3331 2255 mysteriis,
3361 2184 3582 2238 liberum
3609 2201 3706 2238 ar-

2121 2273 2336 2329 bitrium
2375 2273 2620 2330 idoneum
2649 2274 2915 2330 credimus
2940 2291 2954 2328 :
2985 2273 3079 2330 sed
3109 2273 3300 2329 divina:
3331 2275 3590 2344 mquitatis
3619 2274 3703 2328 lo-

2123 2364 2386 2434 cupletem
2435 2374 2622 2420 testem
2666 2365 2960 2422 libertatem
2999 2365 3202 2420 arbitrii
3244 2365 3596 2430 confitemur,
3638 2376 3702 2420 ut

2124 2470 2191 2512 eo
2220 2466 2452 2525 tempore
2472 2472 2577 2526 quo
2616 2471 2713 2511 nos
2738 2456 3064 2512 manifestari
3091 2466 3298 2526 oportet
3316 2467 3439 2511 ante
3465 2457 3703 2514 tribunal

2123 2546 2348 2611 Christi,
2379 2557 2437 2604 et
2471 2549 2706 2618 recipere
2737 2564 3164 2620 unumquemque
3199 2549 3408 2619 propria
3433 2553 3700 2618 corporis,

2124 2638 2264 2694 sicut
2299 2639 2500 2710 gessit,
2543 2640 2655 2696 sive
2688 2641 2920 2708 bonum,
2961 2641 3075 2697 sive
3119 2641 3350 2708 malum,
3388 2641 3519 2697 nihil
3560 2643 3706 2699 Deus

2126 2729 2322 2799 injuste
2355 2729 2592 2799 judicare
2615 2730 2900 2798 doceatur,
2931 2717 3021 2802 qui
3069 2733 3197 2786 nulli
3241 2733 3464 2802 imputat
3505 2748 3705 2802 pecca-

2131 2828 2239 2874 tum
2263 2861 2279 2886 ,
2307 2819 2406 2874 nisi
2433 2820 2574 2892 quod
2600 2821 2678 2888 is,
2716 2822 2807 2893 qui
2835 2831 3052 2894 propter
3078 2822 3205 2879 illud
3242 2823 3488 2894 punitur,
3530 2826 3705 2894 potuit

2128 2919 2184 2968 et
2221 2926 2434 2968 cavere.

2197 3002 2335 3060 Ana.
2374 3003 2519 3060 Bene
2559 3019 2647 3060 me
2686 3019 2993 3062 commones
3029 3006 3155 3078 quid
3190 3015 3376 3063 contra
3412 3015 3465 3063 te
3503 3006 3708 3061 dicam.

2134 3091 2319 3149 Omnes
2359 3110 2450 3152 nos
2491 3103 2669 3163 certe,
2707 3096 2846 3151 sicut
2877 3097 3008 3152 dicit
3038 3097 3345 3167 Apostolus,
3381 3099 3709 3170 ‘manifestari

2130 3194 2324 3256 Oportet
2361 3194 2478 3242 ante
2503 3186 2720 3242 tribunal
2747 3187 2933 3244 Christi
2949 3229 2966 3253 ,
3007 3197 3063 3242 ut
3091 3192 3220 3258 [erat
3255 3189 3596 3259 unusquisque
3620 3206 3710 3244 se-

2131 3276 2348 3332 cundum
2371 3293 2429 3332 ca
2451 3294 2562 3347 qua:
2585 3295 2674 3348 per
2700 3295 2881 3348 corpus
2904 3279 3086 3350 gessit,
3107 3279 3209 3334 sive
3231 3281 3434 3346 honuni,
3463 3281 3567 3333 sive
3589 3296 3708 3333 nta-

2133 3368 2236 3420 lum
2283 3368 2349 3438 (ll
2392 3367 2509 3423 Cor.
2534 3385 2604 3436 v,
2645 3369 2753 3439 10).
2798 3369 3061 3439 Numquid
3107 3371 3174 3425 ab
3215 3369 3314 3425 hac
3359 3370 3710 3426 universitate

2131 3457 2379 3528 parvulos
2416 3458 2720 3527 separabis?
2748 3459 2843 3515 Dic
2875 3475 3005 3529 ergo
3042 3459 3166 3528 quid
3215 3459 3337 3514 boni
3383 3474 3475 3528 per
3510 3474 3710 3529 corpus

2131 3549 2394 3618 gesserint
2421 3551 2636 3620 proprio
2662 3549 2827 3605 libero
2849 3551 3088 3618 arbitrio,
3116 3560 3173 3606 ut
3198 3551 3454 3619 recipiant
3482 3567 3708 3622 regnum

2134 3639 2229 3696 Dei
2256 3649 2360 3695 tam
2389 3655 2635 3711 magnum
2659 3640 2852 3696 bonum
2879 3659 2892 3695 :
2923 3651 3015 3695 aut
3041 3641 3166 3712 quid
3196 3642 3316 3696 mali
3342 3641 3548 3711 egerint
3575 3656 3712 3711 pro-

2136 3732 2246 3801 prin
2270 3731 2560 3797 voluntate,
2588 3731 2678 3802 qui
2704 3732 2901 3801 parvuli
2930 3732 3362 3787 abalienabuntur
3383 3733 3451 3787 ab
3477 3733 3576 3787 hac
3603 3733 3712 3786 vita

2136 3821 2247 3878 Dei.
2277 3821 2430 3890 Quod
2452 3821 2516 3887 si,
2551 3831 2609 3876 ut
2635 3836 2852 3877 necesse
2879 3831 2980 3886 est,
3014 3821 3222 3877 fatearis
3245 3823 3360 3876 sine
3387 3823 3506 3875 ullis
3531 3822 3714 3890 cperi-

2136 3912 2236 3968 bus
2261 3914 2440 3968 libera:
2466 3913 2778 3978 voluntatis,
2808 3928 2924 3984 qua:
2951 3913 3086 3983 gerit
3111 3913 3334 3982 quisque
3361 3928 3454 3980 per
3477 3927 3678 3981 corpus
3695 3954 3714 3978 ,

2136 4003 2255 4058 illos
2294 4002 2346 4057 in
2386 4001 2595 4056 Christo
2641 4002 2922 4068 vivificari;
2974 4019 3070 4057 cur
3111 4018 3214 4056 non
3262 4002 3440 4056 fateris
3482 4003 3616 4056 istos
3659 4003 3720 4057 in

2138 4094 2305 4147 Adam
2336 4091 2492 4156 mori,
2519 4107 2640 4146 cum
2668 4092 2804 4146 scias
2829 4091 2994 4146 Adam
3015 4092 3226 4147 Christo
3251 4109 3281 4147 e
3300 4093 3568 4146 contrario
3593 4109 3722 4148 esse

2138 4182 2360 4237 formam
2386 4181 2586 4236 futuri?
2616 4184 2693 4235 An
2719 4181 2912 4236 clausis
2937 4183 3104 4237 oculis
3127 4197 3189 4236 os
3213 4182 3440 4251 apet-ies,
3461 4191 3517 4236 et
3541 4183 3718 4249 dices,

2139 4274 2242 4328 illis
2264 4273 2316 4326 in
2345 4287 2450 4342 quo
2470 4271 2637 4328 renati
2665 4281 2820 4338 sunt,
2846 4273 3084 4342 spiritum
3117 4271 3374 4342 profuisse
3391 4257 3636 4342 justitize.
3665 4283 3725 4326 ct

2139 4365 2252 4419 istis
2282 4364 2332 4418 in
2371 4379 2474 4436 qua
2501 4364 2610 4418 nati
2636 4372 2790 4431 sunt,
2821 4379 3033 4418 carnem
3060 4379 3164 4418 non
3204 4363 3437 4420 obfuisse
3467 4367 3671 4434 peccati
3700 4366 3726 4418 Ἰ

2138 4456 2284 4524 Quis,
2311 4457 2408 4512 nisi
2435 4471 2549 4522 vos,
2578 4455 2678 4511 hoc
2697 4455 2873 4512 dicere
2895 4457 3144 4513 audebit?
3164 4457 3374 4527 Iinjov'is
3397 4475 3522 4514 vero
3543 4461 3726 4514 aetatis

2139 4547 2380 4604 homines
2411 4547 2620 4618 quando
2653 4549 2869 4604 audiunt
2913 4549 2997 4603 vel
3037 4549 3246 4617 legunt,
3284 4566 3726 4621 unumquemque

2140 4649 2472 4710 recepturum
2495 4638 2781 4694 secundum
2807 4655 2868 4694 ea
2897 4655 3015 4710 qua:
3043 4655 3137 4709 per
3161 4655 3354 4709 corpus
3378 4642 3578 4710 gessit,
3610 4659 3726 4696 non

2139 4729 2335 4786 debent
2359 4730 2410 4784 in
2435 4745 2546 4784 sua:
2577 4729 2858 4784 voluntatis
2883 4729 3072 4784 virtute
3097 4729 3401 4796 conﬁdere;
3429 4731 3523 4784 sed
3561 4747 3731 4786 orare

2140 4822 2315 4893 potius
2342 4822 2499 4877 talem
2527 4822 2625 4876 sibi
2656 4837 2687 4875 a
2715 4821 2936 4877 Domino
2965 4823 3250 4892 pra'parari
3280 4823 3628 4889 voluntatem,
3663 4836 3732 4880 ut

2141 4929 2246 4968 non
2273 4914 2468 4968 intrent
2490 4913 2541 4968 in
2571 4913 2932 4967 teutationem.
2963 4911 3293 4980 Pra'paratur
3315 4913 3452 4967 enim
3482 4914 3732 4970 voluntas

2141 5019 2173 5055 a
2203 5002 2417 5056 Domino
2441 5000 2618 5075 (Prov.
2637 5019 2746 5074 vm,
2769 5018 2868 5057 sec.
2893 5001 3060 5071 LXX)
3080 5020 3093 5064 ;
3117 5012 3190 5068 et,
3217 5003 3388 5067 Orate,
3421 5003 3594 5073 inquit
3617 5005 3737 5059 Do-

2142 5096 2316 5150 minus
2333 5097 2466 5167 ipse,
2487 5112 2547 5148 ne
2569 5097 2758 5149 intretis
2782 5096 2832 5149 in
2858 5096 3175 5160 tentationem
3197 5095 3406 5167 (Matth.
3432 5111 3578 5160 ιιι-ι,
3607 5098 3734 5168 41);

2142 5198 2228 5253 et,
2263 5187 2478 5242 Oramus
2504 5188 2572 5240 ad
2604 5186 2766 5240 Deum
2785 5229 2800 5252 ,
2831 5188 2904 5241 ait
2931 5187 3213 5259 Apostolus
3233 5227 3248 5252 ,
3284 5204 3345 5240 ne
3371 5189 3493 5257 quid
3520 5191 3739 5259 faciatis

2142 5280 2264 5332 mali
2295 5278 2358 5345 (ll
2389 5276 2506 5332 Cor.
2542 5293 2670 5344 xm,
2704 5279 2778 5348 7).

2213 5367 2389 5422 CVIII.
2426 5366 2544 5422 Jun.
2578 5368 2727 5421 Prior
2753 5382 2880 5438 ergo
2907 5369 3167 5422 sententia
3199 5378 3285 5423 tua
3317 5369 3447 5424 nihil
3474 5368 3740 5425 obscuri-

2144 5469 2252 5517 tate
2272 5463 2634 5533 promovebit:
2667 5465 2899 5520 secunda
2922 5479 3064 5531 vero,
3089 5481 3189 5536 qua
3217 5465 3442 5534 repetis,
3470 5466 3742 5534 quoniam

2147 5663 2423 5773 in’lngn,
2441 5675 2533 5714 non
2557 5662 2617 5713 ab
2635 5663 2841 5715 humano
2863 5664 3061 5716 arbitrio
3083 5677 3101 5714 :
3123 5666 3316 5727 omisso,
3342 5664 3512 5727 libero;
3535 5664 3628 5714 sed
3657 5675 3746 5717 est
