3962 6180
312 377 440 436 1Ξέὶῦ

303 495 513 550 liberum
551 495 764 566 quidem
806 499 1076 557 conﬁteris
1115 503 1412 572 arbitrium,
1455 521 1558 563 non
1601 519 1775 568 tamen
1817 525 1872 570 ιιι

300 586 512 655 quisque
550 586 712 642 homo
758 589 894 645 liber
937 591 1002 646 ad
1043 594 1305 664 agendum
1350 597 1546 654 bonum
1590 603 1868 672 "credatur,

300 679 490 732 viscera
521 685 607 732 tua
639 687 744 734 tota
775 679 1017 736 nudavit.

364 769 495 823 Anc.
535 769 693 839 Cogis
718 786 804 826 me
821 771 930 840 jam
958 773 1049 829 tibi
1079 775 1328 842 tribucre,
1355 780 1495 849 quod
1518 782 1689 838 codici
1717 787 1870 854 paulo

296 867 414 912 aute
461 859 778 917 tribuebam.
825 862 969 920 Ecce
1011 868 1151 921 enim
1198 871 1276 924 sic
1319 873 1513 942 repetis
1553 879 1867 933 sententiam

295 965 456 1002 meam
478 991 493 1013 ,
522 960 580 1005 ut
614 967 732 1007 eam
771 965 875 1008 non
908 955 1128 1026 impleas
1167 960 1341 1016 verbis
1381 963 1544 1029 meis,
1573 980 1691 1035 quze
1718 969 1870 1026 valde
1925 975 1929 980 '

289 1051 408 1095 suut
435 1046 731 1099 necessaria
756 1087 772 1114 ,
802 1047 1057 1118 vobisque
1086 1055 1369 1108 contraria.
1412 1055 1521 1126 Ego
1551 1058 1691 1113 enim
1716 1059 1823 1114 dixi
1850 1092 1865 1128 ,

297 1149 313 1182 ι
341 1131 450 1187 Non
490 1149 611 1190 esse
656 1137 878 1193 liberum
919 1156 1236 1212 quemquam
1271 1146 1333 1198 ad
1365 1148 1627 1217 agendum
1669 1149 1866 1206 bonum

291 1222 397 1278 sine
425 1224 692 1293 adjutorio
721 1229 834 1284 Dei.
873 1247 894 1282 ι
927 1221 1008 1285 Tu
1038 1243 1213 1287 autem
1243 1235 1374 1290 dicis
1393 1279 1406 1302 ,
1435 1236 1588 1293 fateri
1630 1255 1714 1295 me
1753 1243 1869 1312 qui-

288 1314 400 1368 dem
447 1316 668 1373 liberum
718 1321 997 1376 arbitrium
1044 1343 1064 1377 ι
1103 1343 1204 1380 non
1261 1339 1434 1384 tamen
1485 1339 1542 1386 ut
1587 1334 1864 1404 qniSquam

287 1404 439 1458 homo
465 1407 605 1463 liber
628 1409 692 1463 ad
718 1413 978 1481 agendum
1005 1415 1200 1470 bonum
1227 1419 1509 1475 credatur:
1540 1437 1559 1474 ι
1592 1440 1689 1479 nec
1716 1425 1865 1482 addis

283 1497 415 1562 quod
441 1512 542 1568 rga
569 1500 780 1568 addidi,
823 1520 843 1554 ι
885 1505 1000 1559 sine
1027 1506 1288 1576 adjutorio
1317 1511 1429 1564 Dei.
1457 1529 1478 1563 ι
1519 1511 1633 1567 Νοιι
1673 1529 1865 1572 accuso

284 1585 465 1651 (metu,
497 1588 672 1644 ablata
702 1592 932 1648 civiliter
967 1603 1152 1666 repeto
1181 1615 1196 1651 :
1230 1600 1389 1655 redde
1431 1603 1587 1657 verba
1620 1619 1735 1660 mea
1756 1647 1770 1672 ,
1811 1616 1864 1662 et

283 1676 404 1730 nihil
435 1680 686 1735 valebunt
719 1693 827 1739 tua.

345 1769 474 1824 CIX.
518 1773 634 1828 JcL.
682 1777 816 1832 Ecce
850 1779 991 1834 enim
1023 1795 1120 1834 nos
1141 1822 1156 1846 ,
1195 1783 1330 1836 sicut
1359 1785 1527 1853 primo
1557 1787 1691 1842 libro
1732 1787 1861 1845 feci-

279 1874 388 1912 mus
406 1903 420 1922 ,
453 1862 524 1916 ita
551 1880 692 1919 nunc
719 1883 902 1935 presse
939 1872 1174 1940 cogimus
1195 1915 1208 1938 ,
1240 1883 1296 1929 ut
1325 1877 1575 1932 ostendas
1603 1881 1859 1950 quemad-

277 1952 488 2007 modum
537 1957 760 2014 liberum
814 1962 1090 2018 arbitrium
1148 1981 1251 2020 non
1309 1969 1518 2039 negaris
1571 1970 1610 2023 ί.
1663 1972 1862 2029 lnsidat

274 2053 447 2098 autem
484 2049 583 2102 hoc
614 2050 797 2105 lectori
824 2040 1026 2117 uestro,
1059 2065 1110 2110 te
1135 2057 1380 2114 videlicet
1406 2061 1711 2117 confessum
1741 2080 1860 2120 esse

259 2131 496 2188 liberum
527 2138 800 2193 arbitrium
822 2183 836 2207 ,
865 2150 921 2197 et
949 2144 1118 2198 Deum
1157 2150 1487 2203 nasccntium
1529 2154 1858 2209 conditorem

269 2222 562 2281 Catholicis
597 2230 918 2297 praedicare;
951 2249 1074 2303 quae
1109 2234 1219 2289 duo
1251 2253 1518 2308 nunquam
1559 2243 1658 2297 nisi
1687 2244 1858 2300 Mani-

263 2312 452 2368 chacus
480 2318 689 2386 negavit
714 2336 728 2372 :
755 2320 850 2375 sed
873 2337 994 2376 eum
1019 2323 1132 2379 lucc
1152 2330 1505 2385 communiter
1522 2331 1680 2388 ambo
1699 2333 1858 2391 dede.

265 2403 454 2470 rimus,
482 2404 580 2462 nec
607 2410 698 2464 tibi
721 2420 915 2478 autem,
938 2430 1035 2470 nec
1059 2416 1288 2487 dogmati
1313 2429 1402 2474 tuo
1424 2422 1639 2479 libertas
1653 2435 1860 2482 constet

266 2495 468 2550 arbitrii
493 2513 510 2560 ;
546 2500 826 2556 conficitur
849 2506 1085 2573 omnino,
1122 2517 1170 2562 te
1197 2518 1250 2562 et
1274 2509 1464 2579 dogma
1488 2522 1634 2568 tuum
1662 2515 1730 2570 de
1755 2517 1856 2572 tide

267 2588 525 2644 catholica
565 2591 692 2645 nihil
744 2601 942 2650 tenere.
985 2596 1255 2668 Interrogo
1283 2617 1409 2670 ergo
1445 2619 1565 2672 qua:
1599 2605 1678 2660 vis
1703 2608 1724 2638 ²
1763 2607 1852 2674 sit,

269 2695 448 2747 quaeve
473 2682 713 2738 definitio
739 2686 889 2740 liberi
910 2689 1134 2744 arbitrii.
1165 2691 1319 2748 Certe
1351 2695 1402 2748 in
1429 2695 1544 2764 ejus
1568 2705 1850 2767 potestate,

270 2773 580 2827 naturalium
607 2777 751 2832 nulla
776 2781 1057 2836 conversio
1083 2792 1185 2838 est.
1215 2783 1380 2840 Nemo
1407 2788 1546 2842 enim
1570 2790 1621 2843 in
1649 2805 1706 2846 se
1727 2807 1852 2846 sen-

269 2874 416 2914 suum
447 2878 680 2932 unquam
711 2869 933 2923 mutavit
955 2870 1129 2926 officia
1150 2915 1166 2939 ,
1198 2875 1342 2929 verbi
1373 2877 1542 2947 gratia
1566 2920 1582 2945 ,
1611 2888 1668 2934 ut
1695 2895 1853 2940 voces

270 2952 516 3020 naribus,
545 2966 638 3008 aut
661 2957 879 3013 auribus
907 2962 1201 3033 susciperet
1234 2965 1428 3022 odores
1456 2986 1472 3023 :
1505 2984 1662 3024 nemo
1694 2987 1854 3028 sexus

267 3043 342 3094 sui
367 3048 633 3102 convertit
660 3051 1033 3120 proprietatem
1062 3072 1075 3109 :
1109 3072 1266 3111 nemo
1296 3058 1347 3114 in
1378 3059 1600 3117 formam
1629 3066 1854 3122 transire

263 3134 547 3191 animantis
575 3139 790 3195 alterius
814 3184 830 3207 ,
862 3159 1020 3200 nemo
1049 3161 1144 3216 per
1167 3147 1391 3204 liberum
1423 3152 1695 3207 arbitrium
1720 3157 1853 3225 pilos

261 3227 488 3293 corporis
541 3231 622 3284 sui
652 3231 846 3288 innatis
887 3237 1057 3304 potuit
1090 3247 1296 3295 mutare
1335 3243 1655 3300 velleribus:
1693 3263 1852 3304 nemo

260 3315 348 3368 sibi
379 3331 472 3384 pro
516 3319 724 3388 ingenio
749 3331 838 3376 aut
871 3325 1177 3394 qualitatem
1219 3338 1310 3385 aut
1337 3333 1682 3404 quantitatem
1721 3353 1848 3392 cor-

261 3407 393 3473 puris
413 3408 725 3466 vindicavit.
751 3413 845 3469 llis
863 3417 1122 3486 exemplis
1143 3419 1265 3476 licet
1281 3423 1458 3477 omnia
1483 3440 1601 3494 qua:
1620 3426 1686 3482 ad
1712 3427 1849 3484 hanc

259 3497 616 3555 conditionem
648 3503 940 3573 respiciunt
963 3510 1259 3580 pervagari.
1297 3511 1652 3571 Transeamus
1689 3518 1848 3590 igitur

258 3597 284 3634 a
310 3589 650 3644 naturalibus
676 3590 741 3646 ad
769 3603 1108 3651 externorum
1135 3599 1541 3658 discussionem.
1569 3605 1663 3661 Cui
1695 3589 1848 3680 agro-

259 3689 366 3730 rum
406 3679 735 3749 fecunditas,
788 3686 874 3740 cui
919 3690 1243 3758 prosperitas
1293 3693 1706 3767 navigationum,
1738 3679 1843 3757 cui

260 3765 488 3823 nobilitas
531 3779 584 3824 et
619 3787 788 3842 opes,
815 3775 901 3830 cui
939 3779 1238 3835 constantia
1276 3781 1440 3851 ipsius
1474 3765 1762 3846 nobilitatis
1793 3792 1844 3848 in

255 3853 364 3922 jure
385 3859 636 3916 constitit
663 3863 969 3933 voluntatis,
1003 3876 1059 3922 ut
1085 3870 1164 3924 vel
1193 3871 1258 3926 ad
1286 3871 1474 3929 borum
1497 3876 1577 3930 vel
1604 3877 1670 3933 ad
1699 3880 1844 3936 simi»

260 3946 376 4001 lium
419 3951 536 4006 silri
573 3955 1014 4024 conquisitionem
1051 3960 1319 4017 voluntate
1359 3977 1418 4019 se
1460 3965 1623 4022 libera
1666 3982 1698 4024 a
1734 3970 1844 4026 Deo

259 4038 491 4096 etinctum
549 4059 670 4100 esse
707 4045 998 4103 fateretur?
1039 4049 1304 4108 Naturalia
1345 4069 1474 4126 ergo
1515 4057 1844 4117 inco’ncussis

264 4131 555 4200 ordinibus;
580 4145 798 4192 externa
815 4153 939 4195 vero
954 4142 1162 4196 casibus
1178 4157 1390 4214 semper
1409 4146 1652 4204 feruntur
1669 4150 1845 4207 incer-

265 4221 344 4275 tis.
361 4223 414 4278 ιιι
429 4227 624 4296 quibus
641 4228 798 4297 igitur
811 4231 1053 4287 consistit
1067 4234 1292 4290 liberum
1309 4238 1606 4306 arbitrium,
1627 4251 1843 4313 propter

262 4315 392 4380 quod
415 4316 661 4374 homines
681 4319 863 4377 bestiis
889 4325 1231 4391 antecellunt,
1257 4339 1472 4399 propter
1489 4332 1629 4402 quod
1654 4333 1721 4388 ad
1744 4335 1840 4392 Dei

265 4402 534 4476 imaginem
558 4410 680 4466 facti
698 4423 842 4481 sunt,
859 4423 912 4470 et
934 4431 1040 4486 quo
1055 4417 1172 4473 solo
1187 4419 1348 4475 divini
1365 4424 1622 4479 examinis
1635 4425 1838 4495 justitia

262 4499 593 4556 continetur?
618 4503 669 4557 in
707 4519 814 4574 quo
839 4514 920 4561 est
946 4508 1078 4572 hoc,
1111 4509 1353 4580 inquam,
1387 4512 1661 4569 arbitrium
1701 4516 1837 4573 libe-

264 4601 406 4653 rum;
457 4592 601 4661 quod
647 4604 702 4647 ut
750 4595 1065 4652 Maniclneos
1113 4613 1305 4670 negare
1355 4611 1558 4657 certum
1609 4614 1712 4673 est,
1768 4608 1837 4662 ita

261 4675 554 4737 Catianlicos
578 4699 820 4740 asserere
845 4687 1002 4742 etiam
1031 4697 1084 4743 tu
1113 4688 1332 4746 fateris?
1355 4693 1479 4748 Sine
1499 4693 1678 4762 dubio,
1702 4697 1752 4751 iu
1773 4713 1840 4754 eo

263 4777 312 4821 ut
341 4773 591 4836 possibile
616 4776 686 4828 sit
711 4775 910 4832 homini
937 4779 1265 4836 voluntatem
1293 4797 1446 4837 suam
1465 4825 1480 4846 .
1516 4785 1633 4842 sine
1659 4787 1837 4858 aliquo

263 4859 544 4920 inevitabili
569 4869 883 4923 naturalium
898 4879 1104 4936 coactu,
1122 4872 1205 4927 vel
1228 4872 1514 4932 imittere
1538 4877 1589 4931 in
1603 4877 1833 4946 crimen,

261 4952 336 5005 vel
360 4968 389 5007 ιι
414 4955 642 5010 crimine
665 4958 935 5015 cohibere.

323 5044 458 5100 Anc.
496 5046 760 5104 Cohibere
792 5065 821 5103 a
862 5051 1085 5108 crimine
1129 5053 1474 5122 voluntatem,
1521 5057 1622 5113 hoc
1664 5059 1836 5130 ipsum

262 5140 337 5185 est
353 5173 366 5195 ,
400 5151 500 5190 nec
521 5137 658 5192 aliud
683 5140 967 5210 quidquam
987 5183 1001 5207 ,
1031 5157 1135 5196 non
1167 5143 1364 5201 intrare
1392 5146 1444 5200 in
1467 5149 1832 5204 tentationem.

259 5218 358 5275 Sed
379 5225 422 5277 si
453 5224 553 5280 hoc
574 5226 890 5283 haberemus
917 5231 967 5284 in
991 5240 1250 5300 potestate
1275 5236 1502 5304 propriae
1527 5238 1832 5305 voluntatis,

260 5326 358 5364 non
392 5331 732 5374 monet-emitr
759 5331 816 5374 ut
841 5321 890 5375 id
919 5324 1122 5378 orando
1152 5340 1182 5378 a
1225 5325 1447 5381 Omnino
1473 5343 1833 5398 posceremus.

258 5400 348 5457 Cui
389 5423 521 5478 ergo
545 5410 737 5466 dicitur
756 5454 770 5475 ,
801 5413 1010 5468 Declina
1042 5432 1074 5470 α
1107 5416 1243 5472 malo
1267 5417 1436 5489 (Paul.
1470 5437 1669 5486 xxxvi,
1697 5422 1788 5495 27)
1819 5442 1834 5478 :

261 5491 354 5552 hoc
379 5500 562 5572 utique
585 5503 796 5571 dicitur,
827 5512 885 5561 ut
910 5521 940 5561 a
961 5506 1182 5564 crimine
1200 5524 1350 5567 suam
1375 5511 1620 5570 cohibeat
1644 5491 1833 5570 volun-

318 5655 337 5729 ξ
368 5656 659 5729 gignier-ins,
681 5663 881 5729 negatis.
973 5673 1066 5729 Διι.

315 5717 510 5796 ξιτῶιὶ,
677 5717 781 5788 ιιι-ὅ,
806 5738 916 5796 quq
1051 5734 1105 5778 Et
1121 5730 1264 5796 paulo
1290 5740 1396 5794 post
1413 5769 1426 5788 ,
1459 5743 1697 5788 converso.
1723 5747 1828 5796 pro,

249 5786 335 5822 con
346 5781 511 5890 thesin.
546 5781 656 5836 ttae
679 5781 867 5838 'et'al'ia
891 5790 937 5837 in
964 5791 1055 5840 isto
1085 5781 1305 5852 capituli;
1332 5781 1490 5843 errata
1534 5781 1830 5858 castigantur:

252 5853 312 5886 οι
394 5859 462 5897 $8.

1675 389 1871 456 LIBER
1913 391 2230 468 namus.

3425 439 3562 493 12ἶῆ

1976 525 2161 574 tatem.
2185 519 2252 576 Et
2274 530 2448 580 tamen
2470 527 2754 600 Apostolus
2775 547 2892 588 cum
2917 549 3094 608 posset
3115 541 3272 598 etiam
3298 545 3398 604 hoc
3421 565 3565 608 recte

1978 611 2177 678 dicere,
2211 615 2552 688 l’rmcipimus
2579 623 2744 691 vobis,
2771 642 2837 682 ne
2861 630 2984 700 quid
3011 631 3211 690 faciatis
3233 637 3355 693 mali
3381 656 3393 693 :
3427 641 3565 696 Ora-

1978 722 2121 772 mus,
2163 707 2362 777 inquit,
2412 711 2480 764 ad
2517 711 2712 782 Deum,
2755 735 2817 772 ne
2843 723 2967 790 quid
3008 727 3207 795 faciatis
3249 732 3388 784 mali.
3425 733 3566 792 Ecce

1976 810 2141 864 quare
2167 795 2273 850 dixi
2306 798 2448 868 (non
2473 801 2606 857 sicut
2639 815 2691 860 tu
2721 806 2918 866 dixisse
2945 828 3030 870 me
3055 814 3186 871 dicis
3211 819 3250 888 ),
3284 821 3560 880 Neminem

1974 884 2200 941 liberum
2237 889 2302 943 ad
2337 893 2597 962 agendum
2632 895 2829 960 bonum
2863 902 2979 958 sine
3005 906 3267 978 adjutorio
3297 911 3412 973 Dei.
3451 915 3564 971 lloc

1975 979 2170 1052 quippe
2196 981 2514 1051 adjutorium
2543 985 2782 1045 fidelibus
2808 994 2993 1051 orabat
3015 998 3297 1067 Apostolus
3322 1021 3335 1057 :
3368 1022 3472 1060 non
3496 1025 3562 1064 ex

1976 1073 2161 1124 natura
2194 1068 2422 1129 hominis
2447 1075 2668 1132 liberum
2699 1079 2974 1141 auferebat
3007 1087 3275 1148 abitrium.
3310 1095 3564 1154 llontines

1974 1159 2099 1214 elati
2124 1170 2175 1216 et
2204 1161 2402 1230 inflati,
2432 1167 2592 1220 nolite
2619 1169 2668 1223 in
2699 1183 2871 1229 vestra
2902 1177 3090 1234 virtute
3115 1183 3418 1242 conlidere:
3451 1189 3562 1244 Deo

1973 1265 2066 1306 vos
2087 1253 2313 1319 subdite,
2339 1267 2498 1329 atque
2522 1269 2578 1314 ut
2607 1264 2928 1322 voluntatem
2951 1271 3242 1332 cohibentis
3263 1293 3290 1330 a
3313 1281 3559 1346 crimine,

1973 1350 2025 1394 et
2055 1341 2106 1395 in
2139 1346 2478 1402 tentationcm
2509 1365 2614 1405 non
2649 1353 2879 1425 intretis,
2913 1371 3079 1416 orate.
3103 1364 3210 1422 Nec
3244 1370 3562 1430 existimetis

1969 1445 2076 1488 non
2108 1451 2202 1491 vos
2229 1438 2426 1494 intrare
2453 1441 2503 1496 in
2533 1434 2877 1505 tentationem
2895 1493 2908 1515 ,
2941 1456 3153 1523 quando
3176 1458 3244 1514 ab
3270 1476 3432 1530 opere
3457 1466 3556 1519 ali-

1969 1538 2074 1593 quo
2118 1527 2255 1582 malo
2295 1534 2777 1601 cuneupisccntiam
2826 1545 3002 1598 carnis
3046 1544 3168 1602 forti
3219 1551 3236 1582 ⁸
3288 1527 3558 1611 voluntate

1968 1614 2247 1673 eoliibetis.
2285 1620 2541 1691 lgnoratis
2572 1629 2833 1686 versutias
2857 1638 3173 1694 tentatoris:
3205 1643 3256 1696 in
3298 1645 3556 1716 majorem

1969 1708 2314 1764 tentationem
2337 1752 2352 1776 ,
2382 1715 2594 1784 quando
2623 1717 2739 1774 lucc
2764 1723 3018 1779 voluntati
3047 1739 3238 1787 vestra:
3263 1708 3556 1807 sinc'adjn-

1967 1797 2105 1849 torio
2134 1797 2227 1853 Dei
2265 1801 2558 1872 deputatis,
2588 1807 2814 1867 intratis.
2871 1814 3068 1872 Vellem
3111 1835 3238 1877 sane
3285 1797 3556 1896 quomddo

1965 1885 2183 1958 dixeris,
2211 1907 2308 1949 nos
2327 1894 2567 1964 doceres,
2591 1902 2731 1971 quod
2751 1920 2812 1959 ea
2835 1923 2949 1976 quae
2973 1909 3023 1964 in
3048 1911 3199 1969 bonis
3220 1919 3304 1972 vel
3329 1918 3378 1972 iu
3402 1923 3554 1977 malis

1969 1976 2240 2036 hominum
2281 1987 2613 2056 appellantur
2656 2011 2675 2044 ‹
2710 2003 2964 2064 externa,
3003 2017 3020 2053 ι
3052 2003 3190 2060 sicut
3236 2007 3432 2064 divitiae
3472 2017 3552 2067 vel

1966 2079 2249 2138 paupertas
2292 2085 2345 2129 et
2385 2089 2612 2148 cetera,
2647 2101 2667 2134 ι
2713 2086 2924 2142 casibus
2975 2090 3213 2150 ferantur
3258 2097 3492 2156 incertis.
3525 2123 3547 2152 ι

1965 2159 2136 2214 Etiam
2169 2161 2282 2218 [nec
2307 2166 2448 2221 enim
2476 2170 2733 2228 catholica
2764 2175 2894 2232 lides
2919 2178 2987 2234 ita
3014 2181 3178 2240 demit
3201 2185 3468 2259 humanm,
3498 2203 3554 2246 ut

1964 2249 2156 2308 divina:
2182 2256 2378 2312 tribuat
2407 2265 2670 2329 potestati.
2706 2265 2817 2324 lloc
2845 2281 3023 2327 autem
3053 2274 3204 2344 dico,
3235 2280 3355 2349 quia
3389 2249 3552 2338 timeo

1964 2341 2133 2408 vobis,
2165 2360 2231 2399 nc
2257 2345 2396 2403 forte
2417 2350 2467 2403 id
2493 2367 2701 2424 quoque
2729 2371 2908 2414 vesuro
2935 2341 3462 2441 adtlidei-itis'crrori,
3494 2385 3552 2430 nt

1962 2433 2215 2504 quidquid
2248 2437 2493 2496 homines
2525 2443 2796 2513 patiuntur
2825 2451 2906 2506 vel
2934 2453 3320 2527 adipiscuntur,
3354 2433 3467 2519 sive
3494 2466 3548 2520 in

1959 2526 2272 2592 corporibus
2305 2531 2450 2598 suis,
2488 2535 2600 2590 sive
2627 2537 2677 2590 in
2709 2539 2872 2595 rebus
2909 2549 3178 2617 externis,
3209 2551 3274 2606 ad
3315 2553 3547 2612 divinam

1960 2615 2161 2684 negetis
2201 2620 2583 2686 providentiam
2626 2628 2927 2696 pertinere:
2974 2651 3036 2691 ac
3073 2655 3166 2709 per
3215 2643 3349 2712 hoc,
3395 2649 3552 2720 quid-

1959 2705 2086 2773 quid
2132 2710 2394 2767 malorum
2436 2719 2807 2787 perpetiuntur
2842 2733 2896 2778 et
2943 2705 3180 2799 parvuli,
3224 2733 3293 2788 ita
3331 2705 3548 2796 incertis

1957 2795 2168 2852 casibus
2196 2798 2461 2870 deputetis
2479 2845 2495 2873 ,
2530 2816 2584 2861 ut
2608 2823 2637 2861 a
2657 2808 2858 2880 judicio
2883 2795 3019 2885 ejus,
3043 2795 3337 2894 sine’cujns
3363 2828 3550 2882 volun-

1959 2891 2084 2951 tate,
2115 2896 2170 2941 ut
2194 2888 2308 2958 ipse
2337 2891 2590 2951 Dominus
2617 2897 2765 2964 dicit,
2787 2917 2884 2957 nec
2907 2920 3090 2974 passer
3109 2888 3325 2968 cadit—in
3349 2924 3545 2972 terram

1958 2971 2171 3042 (Matth.
2230 2994 2261 3032 ιι
2289 3021 2304 3047 ,
2330 2979 2459 3054 29),
2510 2983 2624 3040 [nec
2662 2971 2917 3048 alienare
2956 3000 3242 3056 conemini.
3286 3003 3546 3072 Quoniam

1957 3065 2146 3122 videtis
2184 3069 2428 3127 lunresim
2465 3086 2694 3132 vestram
2735 3080 2787 3134 in
2828 3079 2927 3138 bac
2957 3090 3293 3154 parvulorum
3333 3095 3544 3152 miseria

1957 3153 2290 3228 naufragare,
2323 3175 2440 3231 qua:
2481 3164 2580 3219 sub
2607 3167 2876 3237 Dcojusto
2922 3153 3063 3228 nulla
3090 3189 3249 3248 esset,
3284 3181 3385 3238 nisi
3425 3200 3545 3241 eam

1955 3253 2142 3300 natura
2184 3247 2414 3305 humana
2458 3253 2612 3323 primi
2657 3260 2858 3326 peccati
2890 3247 3248 3336 magnitudine
3287 3273 3465 3330 vitiata
3491 3287 3545 3334 et

1955 3332 2203 3393 damnata
2229 3342 2531 3399 meruisset.

2022 3425 2136 3482 CX.
2173 3428 2295 3486 Jun.
2337 3431 2404 3487 Et
2453 3442 2510 3490 ut
2558 3451 2644 3493 res
2689 3441 2929 3498 absoluta
2982 3448 3166 3518 paucis
3219 3451 3543 3514 illuminetur

1951 3518 2248 3590 exemplis;
2282 3530 2338 3576 ut
2367 3531 2472 3578 tam
2499 3525 2725 3584 liberum
2760 3533 2828 3587 sit
2856 3533 3054 3592 homini
3081 3541 3414 3614 sacrilegium
3461 3549 3542 3604 fa-

1950 3621 2073 3665 cere
2101 3612 2238 3668 velle
2261 3654 2276 3680 ,
2303 3626 2460 3684 quam
2490 3619 2666 3684 nolle;
2695 3630 2799 3675 tam
2831 3622 3055 3682 liberum
3094 3631 3164 3685 sit
3199 3612 3538 3702 parricidium

1949 3699 2085 3756 velle
2114 3711 2451 3774 perpetrare,
2480 3723 2636 3780 quam
2670 3713 2850 3780 nolle;
2881 3724 2987 3772 tam
3031 3699 3252 3779 liberum
3284 3729 3352 3782 sit
3385 3731 3540 3786 adul-

1951 3788 2140 3845 terium
2172 3796 2506 3853 committere
2541 3799 2701 3869 velle,
2731 3812 2887 3872 quam
2921 3809 3100 3878 nolle;
3136 3823 3240 3870 tam
3288 3821 3539 3886 possibile

1950 3879 2018 3933 sit
2060 3896 2242 3936 verum
2271 3885 2631 3943 testimonium
2661 3893 2966 3962 perhibere,
2998 3914 3154 3968 quam
3185 3879 3404 3973 falsum;
3431 3919 3535 3964 tam

1949 3967 2172 4024 liberum
2215 3972 2324 4028 Deo
2364 3975 2583 4033 obedire
2621 3979 2935 4050 imperanti,
2967 4001 3122 4055 quam
3167 3967 3532 4068 diabolo-per-

1948 4060 2208 4116 suadenti.

2018 4151 2154 4207 Auc.
2192 4153 2382 4208 Verum
2411 4156 2581 4212 dicis:
2611 4157 2712 4216 hoc
2737 4171 2820 4218 est
2842 4165 3069 4223 liberum
3095 4171 3394 4246 arbitrium,
3429 4181 3534 4237 talo

1947 4242 2163 4295 omnino
2203 4247 2408 4315 accepit
2436 4249 2600 4304 Adam
2627 4269 2640 4306 :
2672 4253 2767 4308 sed
2795 4257 2932 4326 quod
2960 4257 3141 4316 datum
3169 4273 3250 4320 est
3275 4281 3303 4321 a
3343 4242 3532 4326 condio
3623 4305 3631 4312 -

1945 4340 2092 4398 tore,
2123 4344 2175 4389 et
2201 4352 2228 4389 a
2259 4337 2540 4409 decepture
2580 4342 2850 4414 vitiatum;
2879 4349 3058 4420 utique
3091 4368 3120 4407 a
3154 4355 3417 4416 salvatore
3441 4379 3529 4416 sa-

1947 4425 2176 4480 nandum
2211 4437 2311 4482 est.
2343 4429 2453 4485 lloc
2481 4447 2576 4487 vos
2611 4449 2715 4489 non
2742 4437 2897 4492 vultis
2927 4454 3047 4494 cum
3088 4443 3323 4502 Ecclesia
3359 4453 3525 4506 eonfi-

1947 4517 2043 4570 teri
2074 4534 2087 4568 :
2122 4517 2242 4573 hinc
2283 4523 2408 4574 estfs
2440 4521 2698 4579 lueretici.
2733 4525 2902 4582 Homo
2941 4531 3031 4600 qui
3060 4549 3164 4588 non
3207 4539 3408 4609 cogitas
3437 4525 3529 4598 ubi

1944 4605 2038 4671 sis,
2070 4617 2122 4661 et
2152 4608 2201 4661 in
2229 4608 2416 4664 diebus
2442 4612 2593 4667 malis
2621 4621 2868 4686 tanquam
2902 4618 2952 4673 in
2981 4620 3135 4678 bonis
3160 4605 3333 4684 caseus
3358 4636 3496 4688 extet
3513 4665 3540 4675 -

1945 4698 2113 4755 leris:
2158 4701 2369 4770 quando
2409 4712 2525 4758 erat
2568 4705 2704 4773 tale,
2751 4710 2908 4779 quale
2953 4711 3243 4785 describis,
3299 4721 3530 4785 liberum

1943 4793 2238 4857 arbitrium,
2271 4795 2504 4851 nondum
2533 4797 2691 4855 homo
2717 4802 2934 4858 vanitati
2965 4806 3154 4863 similis
3183 4811 3349 4868 lactus
3379 4827 3522 4884 erat,

1945 4891 2002 4935 ιιι
2031 4883 2144 4937 dies
2168 4884 2282 4954 ejus
2310 4886 2447 4942 sicut
2470 4890 2653 4944 umbra
2679 4894 3010 4962 przeterirent
3037 4896 3207 4969 (Psal.
3240 4917 3419 4969 cxun,
3445 4909 3530 4980 4).

1943 4971 2058 5027 Non
2089 4973 2228 5028 enim
2256 4978 2459 5032 vanitas
2490 4979 2647 5047 Deus,
2669 4981 2734 5036 ad
2765 4983 2914 5053 cujus
2934 4986 3331 5049 similitudinem
3359 4996 3528 5054 factus

1944 5071 2080 5129 erat,
2107 5080 2228 5134 qua:
2257 5082 2350 5136 per
2374 5067 2487 5138 eius
2511 5071 2733 5140 gratiam
2765 5085 3050 5131 renovatur
3072 5079 3139 5135 de
3164 5081 3249 5138 die
3278 5086 3328 5141 in
3358 5089 3522 5144 diem.
3572 5089 3585 5106 '

1944 5152 2185 5208 Nondum
2213 5157 2506 5225 dicebatur,
2540 5159 2648 5231 Ego
2674 5161 2727 5214 in
2753 5162 3095 5235 iniquitatibus
3122 5185 3391 5244 conceptus
3413 5195 3524 5231 sum

1949 5242 2116 5315 (Psal.
2151 5261 2214 5308 ι..
2245 5247 2324 5310 7).
2354 5247 2598 5304 Nondum
2628 5251 2932 5323 dicebatur,
2964 5256 3090 5322 Quis
3114 5264 3246 5316 enim
3275 5242 3345 5317 cst
3371 5283 3521 5320 mim-

1944 5334 2041 5389 dus
2076 5353 2107 5388 a
2129 5338 2276 5391 sorde
2293 5338 2319 5390 ?
2348 5337 2456 5392 Nec
2484 5340 2653 5411 infans
2678 5344 2822 5413 cujus
2852 5355 2922 5401 est
2948 5348 3047 5402 diei
3073 5353 3218 5406 unius
3247 5353 3345 5406 vita
3372 5371 3522 5424 super

1945 5438 2128 5482 terram
2162 5429 2280 5499 (Job
2309 5447 2428 5497 xw,
2457 5432 2490 5487 4
2509 5473 2525 5498 ,
2553 5449 2654 5490 sec.
2685 5433 2873 5507 LXX).
2907 5437 3184 5496 Postremo
3233 5457 3336 5496 non
3380 5444 3521 5500 dicc-

1945 5521 2097 5577 batur
2118 5564 2133 5592 ,
2165 5521 2286 5579 Non
2309 5526 2443 5595 quod
2466 5525 2578 5581 sola
2599 5566 2616 5594 ,
2642 5527 2733 5583 sed
2753 5529 2888 5601 quod
2914 5531 3048 5596 odio,
3077 5531 3208 5585 illud
3230 5534 3364 5607 facio
3382 5548 3515 5611 iet:

2005 5677 3042 5760 ⁸ν¹¹¹ἕιδ’.ἶ91’²⁸’-ἐλὶἒ¹ἓ¹ηθὲ-¹¹ξὲο.εὲ³¹ἰιδ·
3078 5690 3164 5760 ἕξ.
3350 5691 3522 5748 iisdem

2195 5717 2206 5726 ι
2294 5717 2333 5730 vl
2351 5717 2413 5730 ’νυ
2454 5717 2508 5732 ιιι
2540 5717 2712 5734 ww
2750 5717 2854 5734 me
2931 5717 2975 5733 υΙ
2989 5717 3042 5740 ῳ.
3085 5717 3150 5735 UA
3195 5717 3204 5738 ὁ
3291 5726 3301 5738 ο

1941 5717 2387 5825 ι¹1ιιοίςᾝῗίὶτὲιίτει
2417 5751 2468 5791 et
2490 5751 2613 5793 Port.
2643 5753 2766 5806 post,
2779 5717 3024 5816 .19“,qu
3039 5717 3291 5806 (μ’οωεῇ

1945 5802 2043 5825 ιιι-ιι.
2064 5816 2146 5825 ...ι-
2170 5816 2205 5825 ,Α
2245 5806 2502 5825 ...ικιζι..-..-ι
2590 5811 2812 5825 ..ι-Δέκμ-
2843 5810 3072 5825 ..-ημ.Ι---
3124 5819 3133 5825 .
3197 5821 3207 5825 -
3244 5819 3254 5825 .

1945 5802 2044 5856 luet,-
2064 5805 2206 5877 verba
2245 5806 2540 5874 restituunt,
2585 5802 2812 5868 {querulis
2843 5806 3073 5858 verarum
3118 5802 3381 5876 (attuleris:
3401 5802 3518 5877 ei:

1946 5874 2100 5920 usque
2140 5866 2216 5914 ad.
2266 5863 2466 5913 intratis.
