3962 6180
390 327 435 380 ῗὶ
446 326 548 380 295

413 445 536 500 Scio
563 441 681 512 quia
707 455 806 494 non
836 437 1026 492 habitat
1051 435 1102 487 in
1125 449 1203 486 me
1223 474 1238 498 ,
1265 434 1359 486 hoc
1386 440 1457 487 est
1485 432 1537 486 in
1562 447 1714 485 carne
1740 445 1869 492 mea,
1901 427 1992 481 bo-

413 553 534 590 num
559 552 578 589 :
608 531 732 588 velle
759 530 889 585 enim
917 527 1116 599 adjacct
1144 525 1302 588 mihi;
1331 525 1570 596 perﬁcere
1594 533 1762 578 autem
1792 521 1998 584 bonum,

411 645 512 682 non
541 622 774 686 invenio;
807 626 894 684 et,
935 616 1089 671 Video
1117 615 1274 669 aliaat
1312 613 1471 686 legem
1505 614 1559 666 in
1597 611 1831 666 membris
1875 610 2003 664 meis

411 725 772 789 repugnantem
799 710 898 783 legi
924 709 1104 764 mentis
1130 722 1256 763 metr
1283 705 1454 777 (Rom.
1487 720 1597 772 vu,
1626 705 1694 760 15
1717 744 1732 770 ,
1764 703 1854 771 18,
1883 703 2000 773 23).

414 811 524 864 lloc
551 806 750 862 malum
780 803 834 860 in
858 803 1050 870 Adam,
1075 799 1289 872 quando
1317 808 1495 854 rectus
1517 805 1729 854 creatus
1758 804 1858 862 est,
1894 810 2001 850 non

410 908 564 966 erat;
595 897 718 969 quia
761 904 950 952 natura
983 892 1215 949 bumana
1258 890 1543 961 depravata
1581 888 1817 944 nondum
1861 894 1998 943 erat.

413 993 694 1046 Rectorem
721 986 969 1052 habebat,
995 998 1152 1056 quem
1176 982 1348 1038 libero
1372 979 1588 1052 reliquit
1608 978 1866 1033 arbitrio:
1893 987 2000 1032 non

412 1081 753 1136 liberatorem
778 1074 1084 1149 quaerebat,
1115 1087 1212 1144 per
1236 1085 1395 1143 quem
1427 1069 1578 1126 fieret
1602 1067 1740 1126 liber
1775 1082 1807 1122 a
1847 1065 1998 1121 vitio.

412 1173 546 1230 Nam
577 1181 632 1229 et
668 1172 714 1228 si
737 1170 900 1226 verba
930 1168 1018 1223 illa
1041 1206 1058 1233 ,
1092 1164 1214 1220 Non
1238 1162 1373 1236 quod
1397 1160 1542 1230 uolo,
1569 1177 1696 1234 ago,
1723 1167 1781 1216 et
1806 1166 2002 1214 cmtera

412 1267 536 1324 talia
555 1308 571 1334 ,
602 1261 834 1320 hominis
869 1268 1026 1326 sunt,
1064 1267 1125 1312 ιιι
1151 1256 1361 1320 dicitis,
1389 1253 1625 1309 nondum
1655 1251 1756 1307 sub
1805 1249 2004 1307 Christi

411 1358 580 1430 gratia
608 1351 914 1418 constituti;
944 1363 1072 1422 ergo
1100 1348 1261 1404 etiam
1285 1345 1410 1401 hinc
1433 1340 1832 1409 convincimini,
1860 1338 2003 1410 quod

401 1462 523 1505 tam
546 1446 774 1504 infirmae
801 1441 1092 1501 voluntatis
1130 1439 1198 1495 ad
1224 1437 1488 1510 agendum
1528 1436 1726 1491 bonum
1758 1432 2002 1488 homines

414 1540 660 1595 Christus
699 1534 898 1592 invenit
923 1576 939 1600 ,
971 1541 1027 1589 et
1055 1530 1196 1602 quod
1224 1526 1430 1584 arbitrii
1457 1525 1610 1581 liberi
1639 1523 2002 1579 infirmitatem

415 1631 484 1686 ad
504 1627 766 1700 agendum
789 1625 987 1682 bonum
1011 1620 1221 1677 nonnisi
1244 1634 1338 1690 per
1356 1616 1554 1674 Christi
1575 1615 1801 1687 gratiam
1829 1621 2006 1684 potest

416 1722 645 1778 humana
671 1732 919 1790 reparare
948 1724 1154 1771 natura.
1180 1713 1257 1768 Ac
1286 1725 1382 1782 per
1408 1710 1511 1765 hoc
1537 1723 1724 1764 verum
1751 1714 1835 1763 est
1861 1705 2003 1776 quod

415 1811 562 1877 dixi,
591 1809 867 1866 Neminem
898 1820 1018 1862 esse
1039 1804 1266 1860 liberum
1289 1801 1357 1856 ad
1376 1798 1639 1871 agendum
1664 1798 1863 1854 bonum
1885 1796 2003 1851 sine

416 1899 682 1971 adjutoria
706 1898 816 1954 Dei.
843 1895 909 1951 Et
931 1901 1209 1964 propterea
1231 1898 1287 1946 tu
1307 1887 1637 1955 subtraxisti,
1668 1905 1688 1941 ι
1715 1887 1830 1942 sine
1855 1883 2005 1956 adju-

418 1993 554 2048 torio
580 1991 693 2053 Dei,
724 2007 743 2042 ι
775 1998 829 2043 ιιι
857 1987 948 2042 tibi
970 2000 1188 2056 campus
1210 1983 1526 2055 aperiretur,
1549 1981 1638 2036 ubi
1662 1989 1712 2036 te
1733 1979 2004 2050 loquacius

416 2097 572 2152 quam
599 2078 935 2150 eloquentius
960 2092 1054 2146 per
1083 2074 1246 2128 multa
1271 2073 1523 2144 jactarcs,
1551 2071 1743 2141 quibus
1773 2084 1878 2124 non
1908 2069 2003 2124 de-

417 2174 638 2226 lectares
669 2168 954 2238 legentem,
983 2163 1077 2220 sed
1105 2163 1400 2233 intelligere
1425 2161 1714 2225 volentem,
1745 2169 2002 2230 quantum

419 2276 625 2332 posses,
657 2259 830 2330 potius
857 2255 1162 2326 impedires.
1193 2252 1491 2310 Subdimini
1525 2252 1652 2316 Deo,
1687 2259 1743 2305 ut
1769 2251 2005 2320 corriga-

417 2353 566 2410 ntiui.
607 2352 776 2407 Nemo
805 2360 886 2404 est
915 2348 1049 2403 liber
1087 2345 1152 2400 ad
1181 2344 1440 2415 agendum
1473 2343 1669 2398 bonum
1704 2342 1822 2397 sine
1847 2342 2002 2411 adjuo

419 2448 556 2504 torio
581 2447 695 2502 Dei.
724 2445 860 2514 Quid
885 2486 900 2511 ,
925 2453 983 2497 ut
1013 2440 1354 2512 praecipitetis
1372 2481 1387 2507 ,
1420 2437 1706 2492 humanam
1749 2435 2005 2491 cxtollitis

418 2538 781 2598 voluntatem?
806 2537 965 2591 Orate
995 2532 1190 2604 potius,
1221 2546 1286 2585 ne
1317 2531 1525 2585 intretis
1550 2529 1601 2583 in
1631 2527 2002 2582 tentationem.

485 2631 622 2688 CXI.
662 2629 782 2686 Jun.
824 2628 1112 2697 Propterea
1137 2633 1313 2677 autem
1343 2621 1394 2674 iu
1424 2619 1785 2690 superioribus
1811 2618 1995 2674 volun-

367 2727 376 2735 ’
418 2734 580 2781 tatem
612 2721 899 2794 perfectam
941 2718 1109 2788 magis
1133 2731 1292 2787 quam
1332 2731 1510 2770 rerum
1541 2714 1762 2770 eii‘ectus
1794 2713 1960 2768 locavi
1987 2753 2001 2779 ,

417 2816 665 2888 quoniam
707 2823 761 2870 et
799 2809 1161 2884 parricidium,
1213 2815 1268 2864 et
1303 2807 1660 2877 sacrilegium,
1705 2815 1758 2860 ct
1801 2805 2003 2860 adulte-

402 2909 556 2964 rium
582 2948 597 2974 ,
629 2905 713 2960 vel
760 2904 948 2958 horum
978 2899 1201 2965 similia,
1235 2897 1441 2953 facilius
1486 2905 1570 2952 est
1612 2912 1801 2952 cavere
1845 2912 2002 2968 quam

405 3000 617 3055 facere.
661 2996 842 3066 Neque
873 2993 1016 3050 enim
1056 3006 1269 3062 semper
1312 2989 1573 3056 voluntati
1618 2988 1770 3044 mala:
1819 3003 2006 3059 perpe-

407 3089 596 3146 ‘2trandi
618 3087 758 3160 quod
785 3087 893 3142 vult
914 3085 1065 3141 adest
1091 3083 1312 3140 facultas
1340 3085 1378 3138 ί.
1408 3084 1479 3138 At
1501 3099 1530 3137 c
1552 3081 1790 3152 regione,
1817 3082 2006 3138 borum

404 3180 736 3239 abstinentia
764 3181 817 3234 in
855 3193 1064 3233 summa
1091 3177 1268 3248 quiete
1297 3175 1559 3232 consistit.
1602 3175 1713 3230 Nisi
1743 3174 1878 3230 forte
1907 3173 2008 3229 hoc

419 3277 592 3347 ipsum
616 3290 645 3328 a
667 3273 816 3328 vobis
840 3270 992 3325 labor
1010 3268 1238 3333 dicatur,
1266 3267 1511 3322 laborare
1535 3265 1697 3322 nolle.
1724 3264 1924 3322 Omitto
1943 3279 2006 3321 ea

421 3382 540 3436 qua:
572 3374 689 3419 tam
731 3361 1022 3431 Scripturce
1067 3369 1304 3426 sanctae,
1349 3373 1481 3427 quas
1521 3357 1836 3426 Propheta},
1875 3371 2008 3427 quas

423 3453 799 3525 Evangelistze,
831 3465 964 3520 quas
989 3449 1226 3518 Apostoli
1257 3447 1614 3517 protulerunt,
1641 3461 1801 3515 quam
1828 3445 2012 3514 dispu-

427 3556 622 3602 tatores
647 3542 904 3599 catholica
927 3540 1155 3595 sanitate
1175 3537 1458 3608 fulgentes,
1482 3537 1734 3601 Joannes,
1761 3537 2006 3603 Basilius,

423 3637 756 3702 Theodorus,
780 3642 835 3689 et
855 3633 1044 3687 horum
1067 3630 1268 3686 similes
1288 3629 1816 3697 commendaverunt,
1845 3631 2010 3686 multo

425 3745 546 3786 esse
590 3726 844 3799 majorem
891 3723 1128 3780 laborem
1166 3722 1498 3778 committere
1540 3721 1798 3790 crimina,
1851 3738 2008 3794 quam

424 3836 634 3879 cavere.

497 3917 630 3970 Atto.
660 3909 873 3967 Utinam
905 3909 1092 3963 horum
1124 3905 1283 3962 Iidem
1314 3914 1528 3961 teneres
1556 3923 1569 3959 :
1601 3914 1874 3977 peccatum
1902 3905 2010 3959 ori.

428 4003 604 4076 ginale
629 4001 680 4057 in
708 3999 939 4071 parvulis
963 4013 1070 4053 non
1102 4010 1346 4067 negares.

497 4093 656 4151 CXII.
688 4092 807 4148 Jun.
839 4090 1055 4145 Interim
1082 4088 1222 4159 quod
1250 4088 1315 4143 ad
1344 4102 1580 4158 pratsens
1604 4089 1872 4158 negotium
1895 4103 2017 4158 spe-

426 4192 568 4252 ctat,
601 4182 809 4238 inculeo
838 4179 1062 4235 liberum
1093 4178 1370 4233 arbitrium
1416 4192 1516 4232 nec
1553 4177 1622 4233 ob
1657 4178 1802 4248 aliud
1831 4179 2012 4234 datum

431 4295 572 4341 esse,
604 4286 703 4328 nec
728 4269 948 4339 intelligi
979 4268 1030 4321 in
1061 4267 1166 4322 alio
1188 4256 1385 4335 posse,
1418 4281 1575 4337 quam
1607 4275 1665 4321 ut
1695 4282 1793 4322 nec
1819 4268 1885 4322 ad
1919 4267 2009 4338 ju-

436 4369 651 4430 stitiam,
682 4376 779 4418 nec
806 4359 873 4416 ad
904 4347 1258 4431 iniquitatem,
1287 4355 1494 4426 captiva
1520 4357 1712 4427 aliquis
1737 4358 2010 4414 voluntate

431 4457 685 4528 rapiatur.

505 4547 637 4599 Anc.
679 4543 778 4610 Qui
820 4557 915 4613 per
939 4541 1107 4612 legem
1130 4583 1144 4607 ,
1175 4553 1334 4610 quam
1365 4538 1510 4595 videt
1537 4539 1591 4594 in
1617 4540 1872 4597 membris
1899 4543 2013 4597 suis

430 4639 811 4702 repugnantem
849 4631 952 4700 legi
989 4630 1182 4684 mentis
1211 4645 1322 4684 suae
1350 4641 1405 4685 et
1442 4631 1799 4700 captivantem
1827 4646 1886 4688 se
1916 4633 2016 4688 sub

431 4724 548 4793 lege
574 4720 798 4793 peccati,
825 4719 1039 4784 clamat,
1065 4716 1188 4773 Non
1215 4718 1349 4790 quod
1369 4719 1502 4785 voto,
1527 4722 1659 4793 facio
1686 4721 1904 4788 bonum;
1927 4725 2016 4779 sed

432 4812 569 4885 quod
593 4811 710 4868 odio
733 4809 946 4875 ntalem,
979 4809 1075 4864 hoc
1102 4825 1232 4881 ago;
1256 4809 1422 4867 debes
1449 4812 1631 4883 utique
1658 4813 1858 4879 dicere,
1881 4831 2015 4886 quo-

435 4901 594 4958 modo
637 4916 746 4958 non
787 4900 1023 4971 rapiatur
1047 4899 1114 4955 ad
1152 4899 1351 4956 malum
1378 4903 1648 4960 voluntate
1688 4908 1912 4975 captiva.
1945 4907 2016 4964 Ut

401 4981 405 4986 ’
433 4994 575 5049 enim
603 4991 894 5047 secundum
921 5005 1015 5046 vos
1053 4991 1264 5046 interim
1299 4989 1504 5061 loquar,
1535 4993 1580 5046 si
1619 4994 1720 5049 sub
1744 4997 1880 5050 mala
1914 4997 2014 5054 iste

433 5083 815 5141 consuetudine
833 5083 1014 5154 gemit,
1038 5082 1298 5151 nondum,
1320 5083 1458 5139 sicut
1476 5084 1674 5153 dicitis,
1699 5088 1798 5142 sub
1817 5086 2017 5145 Christi

430 5177 606 5248 gratia
634 5174 952 5231 constitutus
970 5215 986 5242 ,
1016 5175 1177 5231 habet
1201 5176 1302 5231 iste
1320 5218 1336 5244 ,
1364 5191 1433 5232 an
1456 5192 1562 5232 non
1590 5177 1751 5234 habet
1791 5181 2012 5236 liberant

433 5266 720 5324 voluntatis
739 5265 1052 5321 arbitrium?
1073 5265 1129 5322 Si
1146 5266 1336 5335 habet;
1355 5282 1520 5340 quare
1537 5284 1642 5324 non
1663 5269 1785 5326 facit
1813 5272 2013 5329 bonum

497 5428 515 5458 ι
551 5432 680 5475 me
710 5420 1004 5486 sententiam
1022 5455 1036 5477 ,
1061 5427 1219 5486 Neque
1405 5435 1593 5486 semper
1623 5422 1851 5477 voluntati
1875 5431 2018 5484 malm

429 5484 744 5551 “inmundi
767 5479 894 5551 quod
912 5480 1010 5551 vult
1042 5479 1178 5551 adest
1215 5482 1418 5551 facultas
1437 5519 1451 5544 ,
1478 5479 1544 5535 e'x
1567 5492 1811 5537 Portarum
1850 5479 2014 5543 00mg;

431 5542 710 5615 adjecimus.
850 5550 1091 5615 praeterea
1111 5542 1292 5615 deesse
1326 5542 1532 5615 videtur.
1560 5555 1742 5615 Irarum
1771 5564 1885 5615 ergo
1908 5542 2015 5614 per;

385 5667 390 5672 ,
434 5603 640 5678 pe'tratiq
657 5603 894 5678 inlabere
924 5611 1014 5676 est,
1053 5603 1143 5678 vel
1168 5604 1284 5668 quid
1319 5607 1511 5678 simile;
1522 5610 1611 5678 cui
1637 5621 1704 5659 ex
1734 5612 1794 5660 ad
1803 5603 1944 5678 verso
1969 5618 2012 5666 id

431 5663 742 5782 ἷὲἰιέὦιὲεειι,
768 5673 822 5719 At
838 5681 864 5719 e
883 5663 1074 5732 regiam
1090 5663 1260 5719 horum
1282 5663 1562 5722 abstinentia
1584 5669 1633 5721 in
1653 5685 1838 5725 summa
1860 5663 2013 5739 quiete

1085 315 1325 371 GPERIS
1363 313 1772 368 IMPERFECTI
1812 309 2006 367 CGNTI

2123 306 2480 372 JULI.\NU.\I,
2524 308 2578 362 S.
2625 305 2992 363 AUGUSTINI

3557 307 3696 364 I296

2115 443 2258 511 quod
2288 443 2418 510 vult,
2448 443 2542 499 sed
2570 445 2766 499 malum
2796 443 2939 514 quod
2965 443 3077 496 odit
3105 443 3248 513 agit?
3279 441 3335 500 Si
3363 451 3542 500 autem
3569 458 3702 514 pro-

2109 546 2292 607 pterea
2320 551 2426 591 non
2454 537 2777 607 habet,~quia
2798 537 2898 592 sub
2916 536 3084 606 gratia
3105 535 3302 592 Christi
3325 536 3560 592 nondum
3577 546 3693 603 est;

2110 641 2239 683 ecce
2267 628 2406 697 quod
2430 627 2540 698 jam
2571 627 2700 692 dixi,
2727 628 2917 682 iterum
2945 627 3086 694 dico,
3114 637 3168 682 et
3195 627 3350 683 vobis
3373 627 3530 682 video
3554 642 3705 698 stepo

2105 715 2393 772 dicendum
2427 734 2443 772 :
2471 715 2638 772 Nemo
2667 715 2771 771 nisi
2801 731 2897 786 per
2924 725 3148 786 gratiam
3177 714 3378 772 Christi
3405 715 3472 772 ad
3499 716 3703 773 bonum

2107 806 2250 878 quod
2276 806 2387 862 vult
2405 806 2690 876 agendum,
2717 815 2771 860 et
2792 805 2860 860 ad
2887 806 3083 860 malum
3108 805 3251 876 quod
3273 807 3387 862 odit
3408 822 3516 863 non
3535 823 3706 879 agen-

2106 896 2266 963 dum,
2312 905 2488 968 potest
2533 896 2732 952 habere
2776 895 3003 952 liberum
3046 896 3339 952 voluntatis
3379 897 3698 956 arbitrium'

2109 1003 2217 1044 non
2245 997 2304 1045 ut
2329 989 2574 1045 voluntas
2601 989 2719 1058 ejus
2756 987 2824 1044 ad
2854 988 3052 1044 bonum
3091 989 3230 1046 sicut
3265 990 3334 1046 ad
3373 991 3573 1046 malum
3602 1007 3692 1047 ca-

2109 1082 2252 1154 ptiva
2278 1083 2544 1152 rapiatur;
2568 1082 2663 1137 sed
2688 1091 2799 1137 uta
2821 1082 3126 1152 captivitate
3152 1082 3373 1140 liberata
3401 1086 3447 1152 ⁸,
3473 1086 3542 1141 ad
3568 1086 3705 1141 Iibe-

2107 1181 2344 1229 ratorem
2385 1187 2540 1228 suum
2583 1172 2790 1228 liberali
2830 1173 3091 1230 suavitate
3115 1174 3353 1244 amoris,
3384 1191 3490 1232 non
3519 1179 3705 1234 servili

2112 1263 2470 1320 amaritudine
2500 1264 2708 1319 timoris
2736 1263 3055 1320 attrahatur.

2176 1357 2362 1414 CXIII.
2409 1356 2527 1413 Jun.
2569 1357 2706 1413 Sunt
2748 1356 2968 1428 quidem
3010 1357 3186 1414 dulcia
3229 1357 3576 1416 incitamenta
3615 1361 3704 1415 vi-

2108 1449 2304 1504 tiorum
2329 1488 2345 1515 ,
2379 1461 2561 1502 amara
2591 1447 2755 1504 etiam
2782 1447 3086 1519 frequenter
3113 1463 3234 1519 qua:
3270 1463 3302 1504 a
3343 1452 3705 1520 persecutori-

2108 1541 2210 1597 bus
2234 1539 2534 1595 excitantur
2575 1546 2837 1594 tormenta
2881 1553 3160 1608 poenarum
3185 1556 3201 1595 :
3223 1539 3318 1596 sed
3354 1547 3412 1596 et
3449 1539 3540 1596 illa
3573 1555 3706 1596 cen-

2109 1646 2234 1687 sura
2256 1628 2552 1686 honestatis
2571 1629 2872 1697 everberat,
2901 1637 2956 1686 et
2975 1629 3074 1685 ista
3098 1630 3367 1688 consumit
3391 1631 3704 1702 magnitudo

2095 1721 2400 1792 patientia.

2180 1814 2317 1870 Anc.
2347 1812 2493 1868 Inter
2517 1810 2637 1868 illos
2658 1810 2950 1876 declamas,
2978 1811 3069 1882 qui
3103 1811 3379 1868 confidunt
3410 1813 3466 1870 in
3499 1813 3700 1873 virtute

2107 1917 2204 1958 sua
2229 1900 2406 1973 (Psat.
2435 1917 2594 1958 vam
2613 1942 2629 1968 ,
2657 1901 2713 1972 7)
2739 1919 2753 1957 :
2775 1901 2992 1957 attende
3015 1902 3146 1968 tibi,
3178 1917 3248 1959 ne
3275 1902 3418 1960 inter
3440 1904 3562 1961 illos
3580 1905 3700 1962 cla-

2108 2008 2245 2058 mes,
2270 1993 2360 2063 qui
2384 1992 2774 2064 torquebantur
2793 1993 2859 2048 de
2879 1993 3126 2063 superbia
3150 2009 3267 2049 sua.

2179 2082 2364 2140 CXIV.
2382 2082 2502 2139 Jun.
2519 2082 2901 2138 Verumtamen
2916 2098 3014 2138 nec
3027 2083 3282 2140 virtutum
3297 2094 3380 2142 est
3397 2101 3708 2143 aerumnosa

2109 2175 2401 2247 possessio,
2419 2190 2540 2246 qua:
2559 2183 2708 2231 extra
2729 2190 2952 2246 regnum
2970 2176 3238 2246 quoddam
3258 2178 3413 2234 bonas
3429 2179 3712 2236 conscien-

2110 2266 2197 2320 tia:
2224 2265 2486 2336 promissa
2509 2275 2725 2322 aeterna:
2762 2266 3104 2322 beatitudinis
3128 2267 3454 2326 sublimitate
3481 2269 3705 2327 fruitur.

2110 2356 2318 2412 Adsunt
2345 2340 2523 2413 tamen
2552 2355 2817 2427 adjutoria
2842 2357 3027 2427 gratia:
3049 2358 3165 2424 Dei,
3192 2374 3312 2430 qua:
3339 2361 3392 2415 in
3420 2371 3572 2432 parte
3592 2363 3708 2418 vir-

2111 2449 2238 2504 tutis
2266 2463 2534 2518 nunquam
2561 2447 2857 2503 destituunt
2887 2449 3216 2505 voluntatem
3241 2468 3256 2505 :
3286 2452 3439 2523 cujus
3468 2454 3544 2526 (a)
3573 2455 3704 2510 licet

2111 2541 2404 2596 innumerae
2424 2540 2652 2609 species,
2678 2539 2769 2595 tali
2794 2548 2972 2595 tamen
2993 2556 3208 2612 semper
3229 2543 3596 2600 moderatione
3613 2547 3708 2601 ad-

2111 2632 2380 2698 hibentur,
2408 2642 2464 2687 ut
2493 2647 2766 2703 nunquam
2789 2633 3010 2690 liberum
3032 2634 3311 2690 arbitrium
3334 2635 3452 2691 loco
3479 2638 3702 2706 pellant,

2110 2723 2203 2780 sed
2227 2723 2502 2793 pratbeant
2525 2723 2866 2792 adminicula,
2890 2725 3140 2795 quamdiu
3168 2727 3246 2781 eis
3266 2728 3492 2782 voluerit
3513 2728 3702 2794 inniti;

2111 2830 2230 2870 cum
2254 2823 2431 2871 tamen
2456 2829 2563 2871 non
2585 2817 2891 2886 opprimant
2915 2816 3262 2872 reluctantem
3289 2818 3545 2874 animum.
3573 2819 3708 2876 Inde

2110 2906 2305 2978 quippe
2329 2915 2431 2973 est,
2454 2907 2599 2978 quod
2622 2918 2678 2962 ut
2697 2909 2788 2963 alii
2814 2907 2881 2963 ad
2909 2909 3134 2964 virtutes
3157 2925 3186 2963 a
3217 2909 3358 2964 vitiis
3381 2911 3704 2980 ascendunt,

2111 2998 2183 3053 ita
2207 2997 2364 3054 etiam
2395 2997 2483 3052 alii
2506 2997 2574 3052 ad
2598 2997 2722 3052 vitia
2749 3013 2778 3052 a
2804 2997 3091 3054 virtutibus
3120 2999 3457 3055 relabuntur.

2182 3090 2320 3145 Anc.
2345 3086 2501 3145 Unde
2532 3089 2647 3143 fieri
2679 3097 2882 3159 potest,
2913 3099 2971 3145 ut
2995 3089 3258 3160 adjutoria
3288 3093 3472 3162 gratia:
3502 3093 3598 3150 Dei
3637 3095 3706 3150 Ii-

2112 3180 2300 3236 herum
2324 3179 2600 3235 arbitrium
2629 3181 2750 3235 loco
2775 3181 3007 3251 pellant;
3039 3182 3178 3251 quod
3209 3183 3388 3254 potius
3413 3185 3556 3241 vitiis
3583 3187 3706 3255 pul-

2113 3285 2230 3326 sum
2253 3279 2306 3324 ct
2335 3270 2586 3340 nequitia:
2613 3270 2951 3341 subjugatnm
2973 3314 2988 3339 ,
3021 3283 3078 3327 ut
3109 3273 3161 3328 in
3191 3274 3368 3332 locum
3395 3290 3552 3332 suum
3578 3279 3674 3333 red
3685 3311 3705 3322 -

2113 3369 2220 3427 eat,
2241 3360 2502 3416 liberant?
2529 3359 2634 3416 Sed
2664 3376 2783 3416 cum
2805 3364 3063 3432 quaeritur
3082 3379 3112 3418 a
3140 3365 3314 3431 vobis,
3337 3381 3460 3436 qua:
3475 3369 3584 3422 sint
3606 3369 3705 3424 ista

2115 3449 2378 3521 adjutoria
2404 3451 2588 3521 gratia:
2611 3451 2722 3517 Dei,
2753 3453 2963 3510 cdicitis
2988 3470 3108 3524 qua:
3131 3470 3289 3524 supra
3312 3471 3706 3514 commemora-

2113 3544 2206 3609 sti,
2241 3562 2259 3594 ι
2290 3543 2456 3598 Deum
2481 3544 2737 3613 adjuvare
2766 3545 3141 3615 praecipiendo,
3167 3548 3554 3614 benedicendo,
3578 3565 3706 3607 san-

2115 3633 2436 3700 ctilicaudo,
2478 3633 2777 3690 coercendo
2798 3678 2812 3698 ,
2853 3637 3226 3704 provocando,
3260 3639 3649 3696 illuminanda:
3681 3662 3700 3695 ι

2115 3741 2235 3796 qua:
2261 3726 2438 3780 omnia
2469 3725 2629 3781 etiam
2662 3741 2758 3796 per
2781 3726 3029 3783 homines
3049 3727 3202 3796 fiunt,
3231 3731 3527 3786 secundum
3557 3733 3707 3788 Scri-

2120 3826 2320 3886 pturas.
2356 3817 2489 3873 Nam
2517 3826 2574 3874 et
2600 3819 2914 3888 prtucipiunt
2942 3819 3188 3877 homines
3211 3865 3224 3887 ,
3247 3831 3305 3878 et
3343 3824 3702 3891 benetlicunt,

2117 3919 2172 3965 ct
2203 3925 2297 3976 per
2324 3909 2500 3964 divina
2528 3907 2874 3965 Sacramenta
2901 3913 3255 3980 sanetillcant,
3287 3923 3340 3969 ct
3364 3917 3711 3986 corripiendo

2118 4011 2401 4066 coercent,
2431 4012 2485 4056 ct
2521 4002 2857 4056 exhortando
2881 4014 3206 4071 provocant,
3235 4015 3287 4060 et
3306 4005 3552 4062 docendo
3583 4008 3712 4062 illu-

2120 4091 2360 4144 minant:
2389 4088 2494 4146 non
2526 4100 2701 4146 tamen
2725 4093 2814 4162 qui
2843 4093 3045 4162 plantat
3064 4103 3147 4149 est
3166 4096 3388 4166 aliquid,
3417 4113 3595 4168 neque
3619 4101 3711 4170 qui

2122 4181 2285 4251 rigat,
2317 4181 2410 4235 sed
2448 4181 2536 4250 qui
2578 4182 2967 4238 incrementum
2995 4183 3087 4240 dat
3116 4185 3256 4242 Deus
3283 4186 3335 4260 (Ι
3363 4186 3482 4242 Cor.
3513 4206 3602 4254 Ill,
3629 4189 3683 4263 Ἰ)
3704 4236 3721 4257 ,

2121 4273 2232 4331 Hoc
2261 4280 2343 4327 est
2370 4282 2547 4327 autem
2583 4274 2990 4342 incrementum,
3019 4285 3074 4330 ut
3105 4279 3468 4349 unusquisque
3497 4280 3713 4336 obediat

2122 4368 2402 4438 prmceptis
2432 4369 2524 4424 Dei
2550 4386 2562 4422 :
2592 4369 2734 4439 quod
2780 4386 2885 4425 non
2929 4368 3020 4436 ﬁt,
3047 4371 3259 4441 quando
3297 4388 3426 4428 vere
3473 4375 3567 4440 Iit,
3611 4375 3692 4429 nis

2121 4459 2401 4514 charitate.
2433 4459 2586 4516 Unde
2617 4459 2855 4517 Ecclesia
2880 4462 3270 4518 incrementum
3297 4465 3540 4534 corporis
3561 4463 3711 4535 facit,

2124 4548 2174 4601 in
2220 4549 2624 4606 :cdilicationcm
2666 4552 2784 4619 sui,
2829 4552 2881 4608 in
2928 4554 3190 4610 charitate
3229 4553 3450 4625 (Epltes.
3485 4571 3562 4620 tv,
3596 4558 3716 4629 16).

2122 4641 2280 4696 Istam
2306 4641 2618 4698 charitatem
2643 4659 2748 4699 non
2772 4643 2866 4700 dat
2885 4646 2985 4701 nisi
3015 4647 3154 4704 Deus
3181 4666 3194 4703 :
3219 4648 3454 4703 charitas
3477 4651 3622 4706 enim
3647 4666 3716 4705 ex

2124 4731 2235 4786 Deo
2259 4742 2339 4787 est
2364 4732 2414 4803 (l
2438 4731 2596 4788 Joan.
2621 4750 2692 4800 tv,
2721 4736 2800 4806 7).
2834 4735 2983 4792 lianc
3010 4753 3106 4793 vos
3131 4739 3271 4794 inter
3295 4739 3561 4809 adjutoria
3590 4757 3712 4811 gra-

2125 4822 2209 4875 tia:
2233 4838 2351 4892 quae
2375 4826 2834 4891 commemoratis,
2865 4828 3144 4883 nominare
3174 4845 3278 4883 non
3302 4831 3483 4898 vultis,
3518 4846 3586 4885 ne
3615 4833 3716 4886 hoc

2127 4909 2298 4979 ipsum
2323 4912 2465 4982 quod
2490 4913 2770 4969 obcdimus
2797 4917 2926 4982 Deo,
2953 4919 3070 4988 ejus
3099 4933 3220 4974 esse
3244 4921 3428 4988 gratim
3449 4923 3694 4978 conceda

2124 5002 2213 5056 tis.
2258 5003 2461 5059 Putatis
2487 5005 2682 5076 quippe
2710 5008 2814 5062 isto
2840 5009 3001 5064 modo
3027 5011 3222 5065 auferri
3245 5013 3539 5068 voluntatis
3564 5015 3712 5069 arbi-

2125 5093 2284 5146 trium
2309 5110 2321 5144 :
2345 5108 2467 5148 cum
2513 5094 2616 5150 hoc
2651 5097 2930 5166 quisquam
2963 5099 3138 5155 facere
3169 5101 3270 5155 nisi
3299 5102 3575 5158 voluntate
3609 5119 3725 5158 [mn

2123 5183 2318 5253 possit;
2350 5185 2444 5240 sed
2476 5185 2615 5254 quod
2643 5202 2737 5242 vos
2761 5203 2870 5243 non
2902 5191 3080 5255 vultis,
3117 5190 3450 5263 Prtharalur
3477 5193 3730 5250 voluntas

2122 5289 2154 5326 a
2174 5272 2396 5328 Domino
2417 5273 2830 5345 (Prov.vm,scc.
2850 5279 3046 5348 LXX);
3072 5296 3176 5337 non
3199 5285 3494 5340 lorinsecus
3516 5301 3730 5341 sonan-

2125 5365 2264 5419 tibus
2305 5366 2516 5430 verbis,
2565 5368 2658 5421 scd
2708 5369 2847 5424 sicut
2891 5383 3078 5427 orante
3131 5375 3483 5446 exauditaque
3531 5379 3730 5447 regina

2123 5457 2386 5510 COII\‘CI‘lIl
2434 5457 2578 5512 Deus
2621 5467 2674 5514 et
2714 5462 2986 5517 transtulit
3021 5464 3439 5535 indignationem
3480 5471 3622 5540 regis
3668 5472 3730 5526 in

2124 5545 2393 5601 leuitatem
2443 5545 2652 5617 (Esther
2674 5565 2760 5618 xv,
2797 5551 2903 5620 Il).
2938 5552 3085 5609 Sicut
3122 5556 3261 5610 enim
3306 5558 3407 5613 hoc
3435 5559 3618 5617 divino
3668 5570 3730 5618 ct

2187 5685 2206 5751 ξ
2225 5679 2373 5751 Διττᾶίιί)
2404 5680 2552 5751 libera
2569 5689 2803 5751 ;_tametsx
2841 5698 3013 5738 omnes
3043 5696 3170 5751 uss,
3197 5687 3414 5744 liberata.

2193 5739 2265 5800 ((1)
2289 5743 2519 5806 animum,
2539 5739 2625 5798 rei.
