3962 6180
291 365 424 422 liti]

281 478 483 528 occulto
513 467 671 524 modo
699 466 807 539 egit
834 466 884 520 in
915 462 1144 519 hominis
1173 459 1367 525 corde;
1394 461 1473 515 sic
1508 465 1760 528 operatur
1799 456 1850 508 in

283 563 432 620 nobis
453 571 502 618 et
528 561 666 615 velle
686 569 741 615 et
761 556 988 628 operari,
1016 565 1116 625 pro
1132 554 1269 609 bona
1296 551 1567 608 voluntate
1591 546 1848 621 (Philipp.

285 673 345 727 tt,
369 654 479 722 l5).

342 747 501 802 CXV.
548 745 665 802 JUL.
706 743 958 814 Tu‘ergo
993 738 1263 811 quomodo
1301 738 1529 792 liberum
1569 733 1849 791 arbitrium

281 838 566 898 confiteris,
591 836 672 890 cui
701 851 860 889 unmn
893 829 1260 887 tantummodo
1279 827 1416 883 dicis
1435 841 1552 882 esse
1574 823 1850 896 possibile,

276 929 324 984 id
344 937 447 993 est,
477 927 650 982 facere
671 905 866 979 malum
890 965 904 990 ,
934 937 1038 978 non
1066 931 1245 976 autem
1272 931 1393 975 csse
1422 915 1673 988 possibile
1692 912 1857 968 deﬂe-

205 1005 210 1008 ’
276 1031 412 1077 ctcrc
441 1037 470 1076 a
506 1020 644 1075 malo
667 1029 718 1074 et
745 1018 920 1073 facere
944 1019 1144 1072 bonum
1177 1014 1349 1087 (Psal.
1379 1027 1580 1076 χχχιιι,
1607 1008 1718 1082 15).

339 1112 474 1168 Auc.
515 1111 644 1165 Dico
682 1124 800 1164 esse
843 1106 1096 1178 possibile
1125 1104 1384 1160 voluntati
1429 1101 1662 1156 hominis
1692 1100 1856 1155 defle-

272 1210 411 1258 ctere
437 1216 468 1255 a
497 1201 637 1255 malo
662 1208 715 1254 et
745 1200 918 1253 facere
949 1197 1178 1273 bonum;
1207 1195 1302 1250 sed
1329 1195 1378 1249 ei
1401 1191 1667 1248 voluntati
1697 1205 1854 1262 quam

272 1296 410 1351 Deus
453 1294 669 1363 adjuvat
709 1292 904 1363 gratis,
951 1307 1056 1344 non
1097 1303 1255 1360 quam
1298 1286 1542 1343 Julianus
1578 1285 1725 1340 inﬂat
1765 1283 1856 1336 in-

267 1400 468 1460 gratus.

335 1476 526 1534 CXVI.
549 1475 666 1531 Jun.
688 1474 865 1530 Taceo
888 1472 1100 1528 interim
1122 1487 1224 1542 qua
1249 1469 1396 1525 rabie
1418 1469 1469 1523 in
1493 1476 1656 1523 totam
1683 1467 1855 1537 legem

271 1567 464 1623 frcmas
489 1609 504 1632 ,
537 1581 694 1638 quam
722 1564 898 1620 credis
923 1579 983 1620 ea
1014 1564 1306 1634 imperasse
1332 1559 1648 1616 mortalibus
1668 1599 1684 1625 ,
1719 1573 1860 1628 quo-

269 1677 382 1715 rum
407 1659 552 1731 apud
584 1674 676 1714 eos
704 1659 902 1712 nullam
931 1657 1230 1712 facultatem
1260 1655 1486 1710 videret.

337 1754 478 1809 Ave.
504 1752 621 1807 Non
645 1763 726 1807 est
751 1767 932 1806 verum
957 1751 1096 1822 quod
1121 1750 1273 1806 dicis.
1298 1750 1426 1805 Haec
1447 1750 1670 1820 imperat
1691 1747 1853 1813 Deus,

269 1861 386 1912 qnze
430 1843 544 1898 fieri
589 1851 810 1913 possunt
835 1860 847 1896 :
872 1842 966 1897 sed
994 1843 1110 1914 ipse
1137 1841 1285 1897 dedit
1320 1850 1376 1895 ut
1403 1840 1626 1906 faciant,
1659 1841 1738 1896 eis
1767 1841 1855 1911 qui

269 1933 444 1989 facere
469 1945 690 2003 possunt
712 1943 764 1988 et
790 1933 1021 2000 faciunt;
1045 1941 1097 1988 et
1123 1949 1216 1988 eos
1236 1933 1324 2003 qui
1353 1947 1457 1987 non
1489 1941 1728 2003 possunt,
1756 1933 1858 1986 im-

266 2026 508 2094 perando
546 2026 799 2081 admouet
838 2041 867 2080 a
905 2041 963 2081 se
1005 2041 1228 2096 poscere
1272 2034 1329 2080 ut
1367 2025 1594 2095 possint.
1623 2025 1691 2079 Et
1715 2023 1855 2094 quod

265 2135 370 2172 non
399 2119 582 2174 omnia
609 2119 675 2173 ab
699 2133 1019 2188 unoquoque
1040 2127 1345 2173 sanctorum
1369 2116 1519 2182 fiunt,
1539 2117 1687 2171 novit
1716 2116 1856 2170 Deus

261 2208 722 2279 quemadmodum
760 2209 840 2263 eis
873 2208 940 2261 ad
971 2207 1322 2262 humilitatem
1352 2207 1628 2273 consulat,
1666 2206 1859 2276 quibus

260 2299 509 2369 quotidie
529 2298 850 2363 dicentibus,
879 2297 1085 2352 Dimitte
1107 2297 1249 2351 nobis
1270 2297 1436 2351 debita
1459 2296 1855 2367 nostra(Mntth.

264 2405 337 2455 vt,
372 2388 444 2443 12
465 2391 504 2457 ),
535 2390 613 2444 sic
639 2388 930 2458 opitulatur
952 2388 1018 2442 ad
1045 2387 1342 2443 habendam
1372 2387 1765 2452 obedientiam,
1799 2394 1859 2440 ut

263 2481 329 2534 sit
359 2479 505 2534 unde
526 2480 687 2534 etiam
715 2481 923 2534 veniam
951 2479 1222 2550 largiatur.

333 2569 547 2626 CXVII.
580 2569 700 2626 JUL.
725 2570 828 2627 Sed
859 2585 1045 2640 quaero
1067 2584 1187 2624 eum
1214 2569 1404 2639 quibus
1430 2567 1599 2637 poetis
1621 2568 1671 2621 in
1694 2565 1853 2622 talem

269 2663 561 2719 incurreris
596 2663 986 2734 Hippocrenem
1005 2702 1019 2726 ,
1043 2670 1102 2716 ut
1123 2659 1474 2717 bimembrem
1504 2659 1729 2715 bestiam
1757 2657 1853 2712 fin-

269 2768 438 2823 geres,
464 2768 572 2807 non
599 2753 813 2823 quidem
841 2750 1187 2808 carminando
1217 2750 1259 2818 ¹,
1290 2749 1384 2805 sed
1413 2747 1849 2819 blasphemando,

271 2846 418 2915 cujus
441 2861 641 2916 corpus
663 2846 729 2901 de
752 2845 886 2900 mala
915 2845 1234 2900 necessitate
1259 2844 1280 2874 ³
1308 2841 1588 2910 formarcs,
1606 2849 1660 2896 et
1685 2841 1852 2896 solam

271 2936 452 2992 faciem
484 2937 704 2992 nomine
730 2935 991 2991 libertatis
1015 2935 1328 2991 obducercs.

337 3028 471 3084 Aac.
514 3027 693 3098 Pingis
722 3027 812 3082 tibi
840 3027 953 3098 ipse
981 3025 1124 3096 quod
1165 3026 1372 3096 placet,
1405 3023 1492 3079 cui
1521 3031 1673 3077 vacat
1711 3021 1854 3076 inani

271 3120 426 3176 corde
456 3121 641 3176 inania
667 3119 907 3175 volutare
939 3118 1324 3188 phantasmata.
1362 3115 1471 3171 Cur
1503 3115 1646 3171 enim
1671 3123 1725 3168 tu
1756 3111 1852 3168 ad-

273 3212 525 3266 minicula
549 3213 734 3282 gratiae
764 3211 1021 3281 supponis
1043 3210 1198 3265 bona:
1220 3208 1499 3276 voluntati,
1525 3222 1645 3263 cum
1669 3206 1854 3260 volun-

273 3307 348 3355 tas
377 3302 524 3356 mala
562 3301 709 3356 nullo
738 3302 994 3356 innitatur
1022 3299 1348 3355 adminiculo
1375 3308 1435 3354 ut
1464 3297 1598 3352 mala
1634 3297 1734 3364 sit,
1765 3295 1852 3352 vel

272 3393 399 3448 mala
421 3408 553 3449 esse
584 3393 865 3463 persistat?
896 3394 974 3447 An
1009 3391 1098 3446 hic
1134 3391 1267 3446 libra
1295 3400 1380 3444 tua
1401 3432 1416 3457 ,
1445 3405 1604 3461 quam
1641 3388 1852 3444 conaris

273 3497 329 3538 ex
365 3493 595 3553 utraque
635 3493 788 3553 parte
826 3497 921 3553 per
943 3481 1164 3553 aequalia
1196 3488 1464 3536 momenta
1498 3479 1847 3551 suspendere,

274 3585 325 3629 ιιι
349 3577 597 3631 voluntas
622 3585 875 3646 quantum
907 3583 988 3630 est
1017 3573 1083 3628 ad
1109 3573 1337 3637 malum,
1368 3581 1570 3627 tantum
1595 3571 1752 3626 etiam
1783 3570 1854 3626 sit

273 3667 331 3723 ad
356 3668 562 3723 bonum
593 3667 778 3735 libera,
808 3667 1079 3738 vergendo
1103 3666 1123 3698 ³
1146 3666 1200 3721 in
1225 3679 1385 3721 unam
1413 3670 1615 3734 partem
1647 3671 1698 3718 te
1717 3660 1853 3715 indi-

273 3769 349 3814 cat
371 3758 726 3814 delirantem?

338 3849 575 3906 CXVIII.
597 3849 716 3906 Jun.
742 3849 830 3906 Sic
849 3849 990 3904 enim
1015 3858 1068 3905 et
1093 3849 1145 3904 in
1169 3848 1262 3903 illo
1284 3859 1448 3917 opere
1467 3843 1606 3917 quod
1631 3843 1851 3897 Romam

275 3941 476 4007 misisti,
511 3940 751 4011 disputas
775 3959 790 3995 :
821 3959 839 3993 ι
869 3939 1129 3996 Voluntas
1155 3954 1274 4010 qua:
1299 3937 1469 3994 libera
1494 3935 1547 3991 in
1573 3933 1727 3990 malis
1749 3941 1850 4001 est,

277 4031 429 4088 libera
457 4035 517 4089 in
542 4033 694 4089 bonis
720 4049 825 4088 non
856 4042 959 4089 est.
991 4053 1011 4087 ι

340 4125 469 4181 Anc.
499 4125 607 4180 Cur
633 4141 738 4180 non
763 4124 913 4180 addis
939 4124 1080 4195 quod
1123 4123 1192 4179 ibi
1235 4122 1447 4194 legisti,
1482 4141 1501 4174 ι
1543 4121 1587 4176 si
1629 4121 1851 4175 liberata

278 4227 375 4269 non
406 4224 489 4271 cst
521 4233 540 4267 ι
571 4214 784 4286 (Contra
804 4214 945 4270 Duas
973 4215 1226 4286 Epistolas
1251 4211 1662 4285 Pelagianorum,
1689 4211 1777 4265 lib.
1798 4211 1848 4274 l,

280 4321 328 4358 ιι.
353 4307 442 4378 5)?
482 4308 595 4363 Aut
633 4307 761 4378 quid
804 4306 1050 4377 estquod
1078 4306 1152 4360 ait
1179 4305 1456 4368 Dominus,
1483 4318 1602 4357 cum
1643 4301 1711 4356 de
1743 4298 1853 4355 fru-

279 4397 441 4452 ctibus
469 4397 770 4469 palmitum,
795 4396 898 4452 hoe
923 4395 1092 4451 estde
1113 4395 1268 4450 bonis
1293 4393 1500 4461 actibus
1520 4393 1849 4463 loqueretur,

282 4485 399 4542 Sine
422 4505 503 4543 me
529 4489 659 4543 nihil
687 4489 890 4559 potestis
915 4492 1081 4559 facere
1120 4485 1297 4557 (Joan.
1327 4501 1421 4553 xv,
1452 4485 1553 4555 5);
1596 4485 1695 4540 nisi
1729 4485 1854 4555 quia

281 4594 428 4635 nemo
464 4580 534 4636 ad
568 4581 706 4638 bene
741 4579 1037 4652 agendum,
1065 4594 1222 4649 quem
1255 4592 1358 4633 non
1400 4577 1514 4648 ipse
1551 4576 1769 4642 liberat,
1792 4574 1856 4629 li-

282 4669 370 4726 ber
404 4680 481 4726 est
501 4670 529 4724 7

345 4761 534 4818 CXIX.
565 4762 682 4819 Jun.
710 4762 778 4818 Et
803 4761 892 4818 hic
915 4761 1294 4818 Ctelesﬁanum
1325 4757 1479 4823 dicis,
1508 4757 1596 4827 qui
1625 4763 1768 4826 putat
1795 4754 1858 4809 li-

286 4851 457 4908 berum
482 4868 604 4910 esse
630 4840 947 4926 quemquam
976 4851 1040 4906 ad
1070 4849 1331 4921 agendum
1369 4849 1596 4913 bonum;
1627 4847 1855 4902 liberum

286 4959 402 5015 ergo
430 4927 598 5012 dicis,
625 4947 765 5018 quod
797 4947 894 5001 nisi
926 4945 1121 5000 malum
1165 4943 1340 4999 facere
1381 4958 1486 4997 non
1529 4955 1686 5012 posse
1723 4955 1854 4996 eon-

287 5038 469 5093 tendis.
507 5037 710 5102 Inveni,
734 5038 776 5092 si
805 5047 976 5106 potes,
1003 5037 1225 5091 alteram
1253 5034 1618 5090 defiuitionem
1644 5032 1724 5088 rei
1748 5047 1854 5087 non

287 5128 478 5196 Ithene,
510 5139 564 5186 ct
591 5129 690 5185 hoc
719 5131 941 5185 liberum
966 5129 1251 5184 vindicato.
1285 5128 1340 5184 Si
1367 5128 1504 5183 adeo
1528 5142 1688 5183 sensu
1714 5125 1860 5182 excl-

285 5217 430 5275 dcras
451 5262 466 5287 ,
501 5230 557 5276 ut
597 5222 963 5279 definitionem
1003 5222 1154 5278 liberi
1184 5223 1234 5276 in
1267 5237 1363 5277 suo
1389 5235 1613 5292 corpore
1641 5236 1749 5274 non
1777 5220 1858 5274 vi-

290 5306 467 5377 deres;
496 5313 575 5368 vel
603 5313 670 5369 de
697 5314 965 5368 contrario
995 5313 1111 5384 ejus
1136 5328 1240 5367 non
1271 5311 1502 5366 debuisti
1529 5310 1854 5380 intelligere,

288 5415 398 5469 qua:
435 5415 575 5459 esset
613 5404 872 5459 libertatis
913 5403 1184 5459 essentia?
1225 5402 1330 5458 Fac
1360 5403 1500 5458 enim
1537 5410 1588 5456 te
1618 5402 1860 5456 similiter

289 5491 547 5563 ambigere
589 5495 862 5566 potuisse,
901 5493 1027 5564 quid
1057 5503 1200 5549 esset
1228 5493 1367 5565 quod
1407 5495 1550 5548 visus
1589 5493 1858 5547 diceretur

350 5653 370 5707 ξ
405 5642 538 5707 aliti,
565 5643 884 5707 criminando.
909 5645 1073 5707 Aptius
1095 5653 1198 5694 Mss.
1217 5679 1232 5702 ,
1255 5642 1586 5707 carminando.

354 5703 372 5766 ξ
401 5703 531 5766 Editi,
552 5705 918 5766 necessitudine;
935 5703 1108 5756 Omnes
1130 5713 1255 5762 Μμςς..
1283 5705 1577 5756 necessitate.

349 5762 371 5794 ³
399 5762 682 5829 *Ἲπιιίει-ιιιδ,
711 5762 946 5834 rcrgendo
967 5772 1028 5818 te.
1058 5769 1218 5827 Abest,
1245 5773 1304 5826 te,
1332 5780 1360 5816 a
1379 5773 1482 5818 Mss.

1612 337 1814 395 LIBER
1853 336 2166 398 TERTIUS.

3407 353 3570 414 129$

1968 455 2264 524 oculorum,
2296 457 2453 529 idque
2484 466 2537 514 tu
2553 459 2815 516 definires
2841 460 2944 515 hoc
2967 461 3143 529 modo,
3171 462 3330 519 Visus
3357 475 3442 520 est
3460 467 3546 522 vel

1963 547 2186 605 cﬂ'ossos
2231 549 2427 606 habere
2468 553 2653 606 oculos
2673 594 2689 619 ,
2717 553 2800 608 vel
2831 551 3222 623 impedimentis
3250 557 3550 629 quibusque

1962 640 2176 695 videndi
2204 650 2444 710 tempore
2485 642 2614 697 nihil
2659 658 2819 714 posse
2845 646 3188 716 conspicere;
3219 657 3379 718 atque
3409 649 3547 704 hanc

1962 732 2324 787 definitionem
2350 743 2560 802 putares
2580 735 2714 789 visui
2735 737 3026 793 convenire
3047 754 3061 790 :
3088 735 3254 794 ferres
3276 749 3326 793 te
3346 749 3542 804 autem,

1963 833 2020 878 ut
2048 825 2299 880 contrarii
2327 825 2465 896 ejus,
2498 827 2549 882 id
2575 837 2675 894 est,
2705 828 2980 895 excitatis,
3011 845 3128 898 qure
3152 831 3436 900 explicatio
3463 847 3548 886 es-

1963 927 2042 973 set
2069 934 2368 986 assercres;
2397 935 2627 991 cumque
2653 921 2850 976 nullam
2883 922 3040 976 aliam
3073 923 3360 991 invenires,
3384 939 3542 994 quam

1965 1009 2006 1060 si
2035 1009 2087 1063 in
2110 1025 2175 1065 eo
2195 1011 2429 1076 animali,
2449 1012 2600 1082 cujus
2621 1020 2823 1067 naturae
2842 1013 3057 1069 adesset
3077 1015 3222 1071 visus
3241 1017 3513 1071 oculorum
3528 1057 3541 1078 ,

1965 1099 2046 1155 vel
2076 1101 2292 1156 effossio
2316 1103 2594 1168 luminum,
2623 1103 2703 1159 vel
2731 1103 2896 1160 crassi
2923 1105 3158 1162 humoris
3189 1108 3426 1178 ohseptio
3455 1111 3537 1162 vi-

1965 1190 2122 1245 dendi
2149 1192 2384 1262 eriperet
2410 1192 2735 1262 facultatem,
2765 1195 3109 1266 resipisceres
3135 1199 3319 1268 procul
3348 1200 3538 1265 dubio,

1965 1289 2018 1334 et
2059 1280 2269 1336 videres
2306 1282 2467 1337 rebus
2511 1283 2793 1340 contrariis
2835 1284 3213 1343 definitionem
3237 1304 3410 1343 unam-
3435 1307 3560 1345 non-

1966 1384 2123 1441 posse
2158 1381 2482 1441 competere.
2534 1374 2728 1445 Sicque
2767 1377 2956 1443 fiebat,
2984 1387 3043 1433 ut
3081 1378 3125 1434 si
3166 1381 3378 1435 emcitas
3413 1382 3542 1437 nihil

1964 1465 2066 1521 diei
2105 1468 2244 1523 aliud
2286 1478 2526 1540 poterat,
2556 1487 2712 1542 quam
2747 1473 2798 1527 in
2827 1474 3070 1530 animalis
3096 1476 3286 1541 oculo,
3310 1491 3376 1533 eo
3405 1486 3538 1533 tem-

1964 1574 2095 1627 pore
2136 1577 2242 1631 quo
2286 1563 2470 1618 videre
2517 1565 2774 1634 deberet,
2816 1568 3040 1636 privatio
3085 1570 3368 1636 cernendi;
3399 1572 3543 1625 visus

1963 1669 2172 1724 quoque
2197 1655 2432 1712 definitio
2464 1673 2558 1727 per
2583 1661 2916 1729 negationem
2949 1662 3182 1725 illorum,
3215 1663 3406 1733 quibus
3435 1680 3540 1719 ca:-

1961 1743 2175 1800 cltatem
2219 1762 2575 1817 exposueras,
2621 1750 2961 1818 redderetur;
3013 1762 3069 1808 ut
3111 1753 3364 1810 videlicet
3412 1756 3562 1810 nihil-

1961 1846 2104 1892 esset
2143 1839 2288 1895 aliud
2329 1841 2472 1896 visus
2499 1883 2514 1908 ,
2556 1857 2712 1912 quam
2741 1859 2840 1899 nec
2868 1844 3075 1901 effossis
3097 1888 3111 1912 ,
3146 1862 3243 1902 nec
3281 1847 3545 1904 obseratis

1961 1929 2130 1983 oculis
2169 1941 2468 2000 opportuno
2507 1940 2747 2003 tempore
2793 1933 3015 1990 facultas
3064 1951 3295 2008 congrua
3325 1939 3542 2007 conspi-

1961 2018 2136 2073 candi.
2167 2019 2371 2087 Quibus
2415 2030 2472 2075 tu
2510 2023 2775 2091 ostensis,
2819 2023 2865 2079 si
2911 2025 3120 2095 obstipe
3165 2028 3540 2094 reluctarcris,

1963 2108 2096 2163 nihil
2126 2109 2394 2165 obtineres
2422 2111 2567 2166 aliud
2587 2153 2600 2176 ,
2635 2128 2793 2182 quam
2822 2123 2878 2168 ιιι
2905 2123 2995 2169 aut
3022 2125 3205 2170 contra
3236 2127 3377 2170 tuam
3410 2135 3542 2172 con-

1962 2203 2238 2258 scientiam
2284 2204 2578 2274 pervicacia
2618 2205 2864 2276 pudenda
2905 2207 2998 2262 niti
3043 2216 3094 2263 te
3131 2209 3412 2264 crederent
3447 2226 3542 2264 att-

1962 2292 2202 2360 dientes,
2231 2303 2322 2348 aut
2345 2295 2390 2348 si
2417 2297 2496 2350 eis
2527 2295 2682 2350 fidem
2715 2295 2952 2364 faceres,
2985 2297 3078 2352 tibi
3111 2299 3180 2353 ita
3212 2314 3432 2368 prorsus
3465 2301 3543 2354 vi-

1961 2385 2114 2452 deri,
2143 2401 2248 2440 non
2295 2395 2346 2442 te
2389 2387 2563 2443 minus
2607 2387 2834 2444 effossos
2886 2390 3082 2447 habere
3126 2393 3320 2446 mentis
3359 2393 3544 2447 oculos

1955 2477 2254 2547 judicarcnt
2275 2520 2292 2547 ,
2318 2494 2478 2550 quam
2506 2481 2650 2536 illum
2689 2481 2778 2554 qui
2804 2497 2832 2538 a
2865 2493 2916 2539 te
2942 2484 3112 2538 visum
3142 2483 3344 2540 habens
3370 2483 3550 2541 fuerat

1958 2567 2226 2626 definitus.

2029 2660 2164 2718 Ana.
2195 2659 2351 2732 Nolo,
2380 2672 2438 2719 ut
2461 2664 2714 2732 definias;
2742 2665 2835 2721 sed
2869 2677 2923 2721 ut
2954 2665 3105 2724 finias
3132 2666 3456 2734 caecitatem;
3488 2679 3542 2726 et

1957 2749 2140 2806 videas
2165 2761 2314 2809 recte
2341 2753 2445 2810 diei
2475 2770 2504 2809 a
2531 2755 2744 2813 Christo
2765 2774 2870 2812 non
2895 2758 3148 2829 potuisse,
3178 2759 3300 2814 Sine
3320 2777 3398 2814 me
3417 2757 3556 2814 nihil

1957 2846 2164 2915 potestis
2182 2848 2366 2918 facere,
2395 2848 2440 2903 si
2468 2847 2536 2903 ad
2565 2849 2702 2906 bene
2729 2849 2990 2922 agendum
3017 2852 3132 2908 sine
3155 2853 3324 2922 gratia
3343 2852 3541 2908 Christi

1958 2935 2110 2994 liberi
2139 2953 2256 2994 esse
2279 2939 2600 3010 potuissent.

2052 3026 2216 3082 CXX.
2268 3028 2394 3088 JUL.
2442 3029 2516 3086 Ita
2568 3046 2734 3103 ergo,
2779 3039 2837 3088 ut
2881 3033 2952 3088 ad
2989 3047 3202 3089 causam
3248 3033 3546 3091 referamus

1959 3120 2294 3188 exemplum,
2323 3120 2620 3191 intelligere
2664 3123 2910 3194 potuiSti,
2953 3124 3037 3178 vel
3079 3123 3391 3182 definitione
3432 3142 3549 3181 non

1959 3209 2137 3278 liberi,
2169 3211 2304 3281 quid
2321 3211 2546 3267 deberes
2575 3212 2802 3268 liberum
2833 3229 3166 3284 nuncupare.
3192 3213 3326 3270 Nam
3355 3215 3454 3270 etsi
3486 3210 3542 3270 in'

1957 3300 2112 3357 liberi
2141 3301 2345 3358 arbitrii
2372 3302 2682 3360 definitione
2708 3304 3055 3375 intelligentia
3082 3305 3383 3376 caligassct,
3409 3314 3464 3360 ut
3488 3307 3540 3360 id

1955 3391 2062 3449 diei
2088 3393 2317 3450 liberum
2343 3407 2500 3464 posse
2529 3394 2868 3452 arbitrarcris
2885 3438 2898 3460 ,
2932 3395 3075 3467 quod
3104 3395 3243 3452 inter
3270 3395 3376 3450 duo
3403 3411 3536 3450 eon-

1958 3485 2119 3542 traria
2161 3487 2252 3541 uni
2291 3484 2575 3542 doceretur
2615 3485 2930 3542 adltmrere:
2961 3487 3229 3558 respicere
3274 3486 3536 3554 debuisti,

1955 3576 2149 3647 exponi
2189 3576 2344 3632 aliter
2383 3591 2490 3631 non
2532 3591 2691 3648 posse
2729 3578 2992 3647 captivum
3015 3618 3028 3645 ,
3062 3577 3116 3632 id
3153 3586 3364 3634 estnon
3407 3578 3539 3633 lihe-

1957 3683 2074 3721 rum
2093 3709 2107 3732 ,
2139 3682 2298 3736 quam
2326 3675 2385 3720 ut
2414 3666 2551 3721 inter
2573 3667 2681 3721 duo
2705 3667 2973 3722 contraria
3002 3667 3096 3721 uni
3126 3667 3488 3723 vindicaretur
3519 3668 3536 3699 '

1956 3757 2220 3812 addictum
2247 3775 2262 3811 :
2288 3766 2342 3812 et
2365 3756 2485 3812 ideo
2512 3773 2706 3813 nomen
2737 3757 3013 3814 libertati’
3032 3759 3351 3830 captivitatis
3380 3774 3542 3828 nega-

1959 3848 2102 3902 tione
2141 3847 2475 3902 tribuendum
2496 3888 2512 3908 ,
2541 3855 2599 3902 ut
2621 3848 2871 3918 quoniam
2900 3847 2954 3902 id
2984 3847 3125 3918 quod
3163 3848 3387 3904 liberum
3431 3863 3536 3902 non

1957 3947 2104 4001 crat,
2137 3937 2289 3992 alteri
2331 3936 2398 3992 de
2436 3937 2722 3992 contrariis
2749 3947 3033 4008 cogeretur
3057 3937 3363 4004 adhaerere;
3409 3937 3538 3993 illud

1958 4029 2240 4086 adversum
2267 4029 2339 4096 ei,
2364 4026 2416 4084 id
2445 4036 2529 4084 est
2555 4029 2804 4095 liberum,
2833 4035 3024 4084 neutro
3052 4030 3318 4084 sineretur
3342 4027 3535 4084 addici.

2029 4123 2160 4178 Λυσι.
2211 4119 2348 4189 Quid
2388 4127 2570 4192 aperta
2610 4120 2850 4191 implieas
2889 4120 3208 4192 loquacitate
3249 4120 3540 4192 perplexa?

1960 4211 2038 4267 Ad
2086 4210 2284 4266 malum
2323 4211 2459 4267 liber
2484 4219 2601 4280 est,
2630 4210 2719 4282 qui
2764 4211 3037 4267 voluntate
3083 4212 3197 4284 agit
3237 4211 3407 4280 mala,
3449 4220 3540 4267 aut

1955 4295 2120 4374 Opere
2142 4346 2156 4370 ,
2184 4312 2276 4359 aut
2302 4319 2550 4360 sermone
2569 4345 2584 4368 ,
2617 4311 2712 4359 aut
2735 4313 2881 4360 certe
2907 4304 3017 4360 sola
3044 4301 3363 4376 cogitatione
3391 4321 3405 4358 :
3437 4303 3540 4358 hoe

1957 4405 2131 4451 autem
2160 4395 2458 4466 grandioris
2487 4395 2660 4450 artatis
2698 4395 2817 4465 quis
2855 4395 3130 4450 hominum
3172 4410 3283 4449 non
3326 4395 3542 4465 potest?

1959 4487 2038 4542 Ad
2079 4487 2277 4544 bonum
2318 4498 2496 4543 autem
2541 4488 2678 4542 liber
2703 4496 2788 4542 est
2808 4528 2822 4554 ,
2851 4487 2940 4558 qui
2967 4487 3238 4548 voluntate
3265 4486 3405 4548 bona
3435 4487 3544 4557 agit

1959 4580 2095 4635 bona
2116 4621 2130 4645 ,
2163 4573 2322 4635 etiam
2352 4580 2468 4651 ipse
2496 4588 2586 4633 aut
2613 4593 2775 4650 opere
2793 4620 2808 4646 ,
2845 4587 2937 4637 aut
2962 4593 3243 4645 sermone,
3272 4587 3364 4634 aut
3397 4586 3546 4634 certe

1959 4670 2070 4724 sola
2111 4669 2467 4741 cogitatione:
2500 4668 2594 4724 sed
2621 4669 2725 4725 hoc
2753 4669 2871 4725 sine
2911 4669 3001 4725 Dei
3032 4669 3200 4740 gratia
3239 4668 3418 4725 nullus
3445 4669 3542 4724 ho-
3570 4689 3587 4756 (-

1961 4761 2162 4816 ηιίιιιιιιι
2187 4769 2384 4832 potest.
2434 4760 2585 4829 Quod
2610 4763 2654 4817 si
2680 4761 2816 4821 dieis
2839 4761 3081 4840 aliquem,
3102 4775 3259 4832 posse
3278 4801 3296 4828 ,
3323 4770 3536 4817 centra-

1960 4851 2096 4907 dicis
2123 4852 2172 4907 ei
2196 4853 2284 4921 qui
2313 4851 2479 4920 dixit,
2509 4852 2634 4911 Sine
2667 4870 2747 4908 me
2771 4853 2902 4912 nihil
2941 4853 3146 4924 potestis
3175 4855 3378 4923 facere;
3415 4867 3546 4907 con-

1964 4942 2180 4998 tradicis
2224 4927 2385 4998 etiam
2437 4943 2514 4998 illi
2553 4945 2642 5015 qui
2678 4943 2850 5010 dixit,
2879 4942 3000 4998 Non
3031 4943 3147 5014 quia
3175 4942 3346 4997 idonei
3371 4960 3545 4998 sumus

1964 5035 2184 5107 cogitare
2210 5034 2407 5108 aliquid
2431 5036 2577 5106 quasi
2604 5051 2667 5090 ea:
2694 5034 3060 5104 nobismetipsis
3080 5075 3094 5098 ,
3123 5033 3214 5089 sed
3251 5034 3546 5106 suﬁicientia

1964 5137 2139 5182 nostra
2182 5143 2244 5182 ea:
2279 5126 2391 5184 Deo
2433 5137 2506 5181 est
2547 5124 2767 5194 (ΙΙ-εον.
2795 5141 2872 5192 ιιι,
2902 5123 2978 5200 5).
3021 5126 3156 5182 Puto
3176 5127 3318 5198 quod
3347 5123 3546 5193 aliquid

1965 5216 2110 5283 boni,
2137 5230 2242 5270 non
2265 5216 2412 5282 mali,
2433 5231 2536 5271 non
2559 5230 2617 5271 se
2638 5214 2771 5270 dixit
2788 5230 2852 5271 ex
2875 5217 3164 5289 semetipso
3181 5217 3414 5289 cogitare
3433 5214 3547 5268 ido-

1967 5325 2162 5378 neum,
2191 5309 2288 5365 sed
2331 5325 2396 5364 ex
2440 5310 2571 5364 Deo.
2619 5309 2695 5364 De
2733 5303 3052 5380 co'gitatione
3091 5318 3268 5365 autem
3312 5307 3449 5362 bona
3493 5313 3556 5360 ct-

1967 5419 2145 5459 sermo
2174 5403 2347 5458 bonus
2370 5411 2470 5470 cst,
2489 5411 2545 5486 et
2568 5416 2703 5474 opus
2730 5402 2948 5464 bonum.
2973 5403 3049 5458 Ae
3077 5417 3172 5480 per
3197 5399 3319 5465 hoc,
3341 5396 3429 5468 qui
3456 5410 3547 5451 eo-

2031 5585 2045 5614 ¹
2074 5581 2209 5638 Editi,
2235 5578 2508 5640 rideretur;
2545 5581 2738 5640 omisso,
2765 5579 2877 5630 nni.
2906 5585 3014 5628 Mss.
3032 5585 3141 5628 ttae.
3178 5581 3243 5640 et»
3269 5572 3545 5634 ωιτη-νεη-

1966 5636 2394 5710 dicaretur._t"orte
2415 5636 2518 5702 pro.
2542 5641 2626 5701 uni
2658 5636 2916 5694 diceretur.
2963 5649 3070 5688 nam
3105 5636 3259 5687 codex
3308 5643 3559 5689 rerumne

1969 5706 2132 5759 habet,
2156 5701 2240 5752 mti
2260 5701 2605 5752 vindicaretur.

2029 5768 2046 5795 θ
2081 5765 2236 5812 Culex
2265 5773 2408 5823 t‘ort.,
2434 5761 2638 5817 liberati.
