3962 6180
361 285 500 345 1299.

357 405 527 472 gitare
570 399 769 472 aliquid
818 401 942 457 boui
989 402 1222 456 idoneus
1260 417 1364 456 non
1407 412 1491 456 est
1527 418 1590 457 ex
1621 413 1934 472 semetipso,

359 495 599 564 profecto
625 511 721 548 nec
743 495 884 564 loqui
907 503 987 548 est
1013 494 1256 560 idoneus,
1285 506 1380 550 nec
1401 510 1562 565 agere
1586 497 1782 565 aliquid
1811 496 1935 552 boni

355 602 422 639 ex
467 587 752 654 semetipso
779 603 792 638 :
817 584 908 639 sed
935 585 979 638 si
1008 594 1092 638 est
1120 584 1222 638 sub
1249 585 1438 653 gratia,
1468 583 1789 640 sufficientia
1818 586 1937 656 ejus

356 694 420 735 cx
454 678 688 732 Deoest.
719 675 867 734 Unde
897 677 1094 732 dictum
1125 685 1206 730 est
1225 717 1240 740 ,
1275 675 1395 730 Non
1424 679 1556 730 cnim
1588 693 1673 731 ros
1701 677 1818 731 estis
1845 678 1933 746 qui

353 768 636 835 loquimini,
664 767 751 826 sed
779 765 1006 836 Spiritus
1035 765 1205 820 Patris
1231 768 1378 820 vestri
1403 768 1489 836 qni
1517 768 1739 833 loquitur
1765 769 1817 821 in
1845 784 1934 820 υοδ

353 859 427 912 bis
457 857 671 926 (Matth.
707 871 764 921 x,
785 856 909 925 20);
939 865 1026 920 et,
1059 856 1310 927 Quotquot
1341 856 1541 926 Spiritu
1575 857 1666 911 Dei
1691 868 1932 928 aguntur,

354 948 407 999 ni
433 946 532 1014 lilii.
558 956 673 1001 sunt
703 945 794 1000 Dei
815 945 1118 1017 (Romxm,
1146 946 1258 1016 14).
1282 946 1406 1000 llaec
1426 961 1525 1016 ego
1548 949 1755 1002 intuens
1776 949 1815 1012 ¹,
1843 963 1935 1003 ne-

353 1039 550 1091 minem
575 1053 696 1092 esse
725 1037 951 1092 liberum
976 1038 1044 1092 ad
1069 1037 1332 1106 agendum
1361 1038 1555 1093 bonum
1585 1039 1702 1093 sine
1724 1038 1931 1108 adjutov

354 1130 434 1182 rio
466 1129 592 1196 Dei,
615 1129 746 1184 dixi.
783 1129 910 1183 Ilaec
940 1139 994 1183 ιιι
1025 1138 1269 1184 metuens
1289 1169 1306 1195 ,
1348 1129 1614 1184 neminem
1643 1145 1767 1186 esse
1797 1130 1934 1185 Iibe-

357 1235 473 1273 rum
506 1219 572 1272 ad
599 1219 862 1288 agendum
893 1218 1112 1284 bonum,
1141 1233 1225 1272 me
1253 1217 1454 1273 dixisse
1477 1219 1678 1285 dixisti,
1701 1229 1754 1274 et
1777 1238 1796 1272 ι
1819 1221 1937 1277 sine

349 1309 615 1378 adjutorio
665 1309 758 1364 Dei
787 1328 808 1360 ι
840 1308 1020 1378 (quod
1046 1307 1268 1378 addidi)
1312 1307 1591 1362 sustulisti.
1636 1307 1786 1364 Unde
1827 1325 1933 1364 non

349 1401 537 1456 dubito
559 1399 700 1470 quod
721 1400 916 1455 vietum
941 1408 990 1454 te
1016 1414 1136 1455 esse
1157 1399 1266 1469 jam
1295 1399 1465 1463 scias;
1496 1399 1588 1455 sed
1614 1400 1820 1470 prolixo
1846 1417 1936 1454 va«

349 1491 585 1561 nilequio
613 1490 668 1546 id
695 1505 822 1562 agas
849 1532 864 1557 ,
897 1508 964 1547 ne
992 1492 1162 1546 victus
1195 1504 1454 1560 appareas
1473 1532 1487 1556 ,
1516 1491 1607 1560 qui
1634 1492 1713 1547 sic
1739 1492 1933 1549 detinis

350 1579 571 1635 liberam
604 1580 954 1648 voluntatem,
987 1589 1045 1634 ut
1065 1579 1166 1634 nisi
1188 1589 1494 1650 utrumque,
1517 1580 1570 1634 id
1596 1590 1697 1648 est,
1723 1592 1778 1638 et
1798 1583 1934 1638 bene

347 1683 402 1724 et
428 1673 566 1728 male
591 1688 750 1743 agere
779 1673 979 1744 possit,
1011 1673 1178 1730 libera
1203 1688 1324 1729 esse
1356 1689 1461 1730 non
1507 1676 1695 1746 possit.
1729 1680 1808 1732 Ac
1840 1695 1934 1748 per

349 1763 471 1830 hoc,
505 1781 728 1826 necesse
759 1767 849 1827 tibi
880 1775 962 1821 est
985 1766 1200 1822 auferre
1230 1767 1526 1822 libertatem
1559 1769 1687 1836 Deo,
1713 1771 1800 1840 qui
1824 1779 1935 1825 tan-

348 1855 622 1910 tuuuuodo
654 1855 846 1910 bonam
879 1865 1082 1927 potest,
1113 1858 1309 1913 malam
1337 1873 1464 1914 vero
1491 1875 1596 1914 non
1629 1868 1802 1930 potest
1833 1863 1929 1916 ha-

346 1945 473 2000 bere
499 1948 848 2002 voluntatem.

417 2036 604 2091 CXXI.
647 2036 768 2098 .lnL.
809 2038 962 2106 Quod
988 2054 1108 2094 cum
1139 2039 1209 2094 ita
1235 2042 1338 2108 sit,
1365 2049 1525 2111 atque
1560 2041 1682 2098 huic
1722 2051 1776 2098 tu
1813 2043 1932 2100 loco

345 2127 646 2185 miserrime
673 2127 932 2183 obnitaris
954 2170 969 2195 ,
1002 2129 1260 2184 incertum
1289 2139 1372 2186 est
1399 2131 1528 2200 quid
1559 2133 1728 2202 magis
1770 2133 1838 2188 de
1877 2143 1930 2190 te

343 2217 596 2274 ars-tilitari
627 2220 934 2286 conveniat,
963 2229 1138 2276 utrum
1167 2230 1352 2283 contra
1379 2225 1762 2289 conscientiam
1788 2234 1930 2282 tuam

344 2308 474 2361 falsa
501 2307 760 2364 defendas
777 2350 793 2377 ,
819 2325 888 2365 an
913 2311 1054 2380 quod
1082 2311 1274 2368 falsum
1300 2321 1400 2379 est,
1434 2329 1618 2370 verum
1648 2326 1830 2385 putes;
1863 2333 1926 2371 ac

344 2416 439 2468 per
470 2401 570 2455 hoc
598 2401 668 2454 sit
694 2401 976 2474 incertum,
1004 2411 1180 2458 utrum
1205 2404 1390 2460 oculos
1417 2407 1637 2463 rationis
1663 2409 1930 2476 amiseris,

341 2492 466 2544 dum
494 2499 701 2546 certum
727 2492 796 2546 sit
823 2493 1007 2548 oculos
1031 2501 1082 2548 te
1112 2493 1234 2549 ﬁdei
1261 2496 1575 2564 perdidisse.

413 2582 547 2638 Ave.
579 2579 846 2655 Numquid
872 2581 993 2638 ideo
1018 2591 1071 2638 te
1089 2583 1287 2639 victum
1315 2587 1633 2656 consolaris,
1656 2589 1779 2659 quia
1799 2604 1930 2646 con-

343 2671 580 2726 viciaris?

413 2759 626 2824 CXXII.
669 2761 787 2819 JUL.
828 2763 898 2820 Ut
920 2771 1097 2820 autem
1122 2780 1242 2837 qua:
1265 2776 1390 2824 sunt
1412 2777 1553 2835 acta,
1581 2770 1814 2827 breviter
1839 2787 1930 2828 re-

345 2864 608 2921 petamus,
644 2853 918 2908 arbitrium
949 2855 1194 2922 liberum,
1226 2857 1366 2928 quod
1392 2858 1446 2913 in
1477 2861 1602 2916 mali
1629 2870 1813 2932 parte,
1847 2863 1931 2918 vi-

346 2945 540 3004 tiorum
573 2945 970 3015 voluptatibus,
1002 2946 1088 3002 vel
1128 2947 1323 3004 diaboli
1369 2951 1834 3021 persuasionibus;
1875 2953 1930 3010 in

345 3034 474 3094 boni
501 3041 680 3089 autem
712 3043 882 3104 parte,
913 3036 1166 3090 virtutum
1193 3037 1548 3109 dogmatibus,
1581 3049 1637 3096 et
1667 3043 1826 3097 variis
1850 3043 1932 3098 di-

345 3125 481 3178 vinae
505 3124 691 3192 gratia:
717 3123 996 3194 speciebus
1014 3126 1256 3195 juvatur;
1283 3144 1389 3183 non
1423 3138 1601 3199 potest
1628 3131 1783 3188 aliter
1801 3148 1931 3189 con-

343 3223 488 3268 stare
507 3256 521 3281 ,
552 3213 654 3269 nisi
684 3222 743 3271 ut
769 3223 825 3271 et
845 3213 1068 3291 iustitia:
1091 3217 1159 3274 ab
1186 3233 1285 3286 eo,
1314 3226 1370 3278 et
1405 3221 1608 3291 peceati
1635 3225 1930 3284 necessitas

239 3285 250 3300 ’
343 3304 635 3360 auferatur.
957 3330 962 3335 “

416 3397 554 3452 Aoe.
585 3394 733 3454 Inter
756 3396 949 3454 divina:
975 3399 1160 3470 gratia:
1185 3401 1392 3472 species
1416 3402 1461 3457 si
1491 3404 1766 3473 poneretis
1790 3405 1930 3462 dile-

349 3483 605 3552 ctionem,
633 3500 791 3555 quam
821 3501 928 3542 non
956 3503 1022 3542 ex
1050 3489 1224 3554 nobis,
1250 3488 1344 3545 sed
1372 3505 1436 3544 ex
1466 3491 1575 3545 Deo
1603 3507 1746 3560 esse,
1779 3510 1930 3548 eam-

347 3591 452 3646 que
478 3575 648 3631 Deum
679 3576 806 3635 dare
831 3577 953 3634 filiis
977 3579 1086 3634 suis
1105 3580 1440 3649 apertissime
1459 3581 1664 3653 legitis;
1694 3585 1810 3639 sine
1829 3602 1930 3655 qua

349 3680 508 3721 nemo
535 3665 622 3736 pie
651 3666 800 3734 vivit,
831 3677 886 3723 et
912 3683 1033 3724 cum
1060 3684 1162 3739 qua
1199 3683 1358 3726 neruo
1383 3671 1485 3725 nisi
1516 3672 1601 3742 pie
1628 3674 1786 3740 vivit;
1816 3676 1932 3735 sine

347 3770 452 3825 qua
481 3755 678 3813 nullius
707 3766 790 3813 est
813 3757 951 3814 bona
976 3759 1242 3827 voluntas,
1271 3768 1327 3816 et
1353 3775 1474 3816 cum
1500 3777 1601 3832 qua
1629 3764 1824 3819 nullius
1849 3774 1932 3820 est

349 3847 448 3904 uisi
480 3847 618 3904 bona
650 3849 924 3918 voluntas;
954 3866 1080 3908 vere
1120 3852 1347 3912 liberum
1387 3853 1781 3922 defenderctis,
1823 3874 1930 3914 non

351 3939 608 3997 inﬂat-etis
627 3941 928 3999 arbitrium.
953 3942 1338 4004 Necessitatem
1363 3961 1525 4017 porro
1552 3949 1596 4004 si
1623 3964 1743 4005 eam
1771 3950 1927 4021 dicis,

348 4047 454 4102 qua
481 4032 709 4104 quisque
737 4033 934 4092 invitus
958 4037 1306 4106 opprimitur;
1348 4039 1572 4109 justitim
1622 4042 1765 4099 nulla
1809 4054 1930 4108 est,

348 4123 473 4193 quia
499 4139 656 4180 nemo
681 4133 760 4180 est
779 4125 959 4197 justus
995 4127 1227 4182 invitus:
1260 4128 1356 4185 sed
1395 4132 1558 4198 gratia
1602 4132 1696 4187 Dei
1735 4149 1800 4188 ex
1830 4151 1928 4189 no-

348 4210 494 4268 lente
531 4212 796 4276 volentem
826 4213 968 4270 facit.
1014 4214 1069 4270 Si
1098 4225 1275 4273 autem
1305 4217 1484 4274 nullus
1516 4231 1764 4289 peccaret
1793 4225 1930 4280 invi-

351 4311 457 4368 tus,
490 4318 596 4362 non
625 4312 770 4359 esset
796 4305 1074 4376 scriptum,
1103 4305 1333 4378 Signasti
1367 4321 1572 4379 peccata
1598 4328 1710 4365 mea
1734 4314 1786 4367 in
1813 4332 1931 4369 iac.

350 4395 488 4458 culo,
520 4404 566 4449 et
591 4395 847 4450 adnotasti
869 4397 914 4453 si
936 4397 1058 4474 quid
1085 4397 1271 4452 invitus
1294 4399 1478 4454 admisi
1504 4399 1622 4471 (Job
1654 4418 1764 4469 xtv,
1789 4406 1902 4476 I7).

421 4484 654 4546 CXXIII.
677 4485 796 4542 Jun.
821 4486 989 4558 Hujus
1011 4496 1188 4543 autem
1214 4491 1490 4545 veritatem
1518 4490 1776 4548 Catholici
1801 4510 1930 4551 con-

352 4573 570 4630 Iitentur
595 4592 610 4628 :
642 4574 960 4638 Traduciani
990 4585 1167 4639 autem
1197 4593 1318 4641 cum
1349 4579 1650 4638 Manichznis
1674 4584 1783 4640 suis
1814 4602 1929 4640 ma-

347 4667 530 4738 gistris
544 4667 565 4699 ³
588 4677 801 4739 negant.

421 4758 561 4814 Anc.
587 4757 840 4814 Convicia
885 4769 1010 4816 sunt
1054 4759 1186 4830 ista,
1225 4776 1333 4820 non
1373 4763 1571 4834 judicia
1596 4784 1610 4821 :
1635 4767 1828 4823 vellem
1871 4777 1932 4824 ut

346 4847 588 4919 judicare
611 4864 834 4924 posses;
859 4851 1147 4909 conviciari
1172 4861 1350 4909 autem
1375 4854 1498 4926 quis
1520 4856 1797 4929 improbus
1823 4875 1930 4915 non

351 4939 565 5010 potest?

421 5028 657 5086 CXXIV.
697 5031 817 5089 Jun.
855 5031 964 5091 Nos
991 5034 1151 5106 igitur
1171 5049 1355 5091 verum
1384 5035 1615 5094 diximus
1635 5081 1651 5107 ,
1680 5040 1931 5110 quoniam

356 5123 443 5193 qui
472 5137 505 5179 a
527 5122 680 5218 vpbis
705 5124 1038 5208 decipiuntur
1055 5168 1072 5195 ,
1112 5143 1181 5184 ne
1207 5137 1463 5187 vocentur
1499 5130 1734 5189 heretici
1755 5175 1771 5200 ,
1799 5133 1932 5192 ﬁunt

358 5205 665 5285 Itanicluiai,
691 5225 747 5273 et
769 5216 896 5274 dum
921 5205 1110 5276 falsam
1134 5232 1386 5278 verentur
1411 5223 1681 5279 infamiam
1701 5267 1716 5293 ,
1747 5241 1930 5282 verum

351 5309 559 5366 crimen
589 5311 894 5378 incurrunt;
927 5311 1093 5372 instar
1118 5313 1370 5383 ferarum,
1399 5333 1515 5386 quze
1536 5318 1933 5375 circumdantur

356 5401 555 5471 pinnis,
578 5410 637 5457 ut
663 5409 922 5474 cogantur
947 5403 1000 5461 in
1027 5404 1178 5472 retia,
1201 5415 1255 5461 et
1279 5407 1333 5462 in
1353 5423 1536 5463 verum
1555 5409 1773 5464 exitium
1797 5427 1930 5466 vana

418 5539 436 5606 ε
472 5539 746 5606 Vignierjtts
782 5547 898 5606 nec
949 5551 1087 5606 ergo
1112 5538 1316 5592 intuens.
1352 5550 1436 5594 Ms.
1477 5551 1634 5602 rem,
1674 5553 1802 5594 πως
1846 5558 1934 5606 ego

348 5598 560 5656 intuens.
593 5598 776 5661 uoltus,
804 5603 918 5665 quia
949 5598 1171 5665 seﬁuitur
1211 5616 1241 5652 e
1277 5607 1541 5666 contrario,
1581 5598 1696 5658 Hice
1739 5613 1789 5656 tu
1831 5598 1932 5656 υἱὲ-

354 5667 545 5780 ωξωδῖο
566 5727 669 5775 llas.
691 5722 806 5774 aliti
831 5737 981 5790 vero,
1013 5722 1260 5779 mim'stris.

1029 286 1272 343 OPERIS
1311 285 1722 342 Iill’ERFECTI
1750 283 2024 344 CONTRA
2060 287 2418 354 JULIANUM,
2459 291 2518 347 S.
2559 291 2930 350 AUGUSTlIiI

3488 297 3627 360 15ῡο

2050 403 2329 461 formidine
2353 407 2752 464 contrudantur.
2786 411 2949 464 Deum
2979 426 3102 465 vero
3129 417 3461 468 nascentium
3487 431 3623 469 cou—

2045 495 2273 550 ditorem
2323 498 2393 551 ita
2436 497 2697 564 dicimus,
2741 511 2794 554 ut
2823 501 3070 570 quoniam
3099 512 3304 556 certum
3337 513 3420 558 est
3451 504 3617 560 Deum

2045 585 2456 652 Catholicorum,
2487 590 2574 658 qui
2603 605 2762 644 verus
2787 601 2901 657 est,
2932 592 3061 646 nihil
3093 592 3272 649 facere
3298 610 3454 664 posse
3479 598 3618 666 quod

2046 677 2244 731 malum
2282 687 2364 732 est
2382 720 2397 743 ,
2425 678 2590 749 ipsius
2614 680 2818 749 opificis
2847 681 3135 753 dignitate,
3171 686 3414 741 homines
3440 689 3526 756 qui
3555 691 3624 743 ab

2043 785 2109 820 eo
2129 766 2281 835 ﬁunt,
2305 777 2428 824 ante
2449 771 2734 826 voluntatis
2756 788 2930 840 usum,
2952 774 3020 829 de
3043 777 3287 831 manibus
3311 777 3429 847 ejus
3455 779 3525 833 ini
3549 781 3620 848 [ui

2043 868 2097 911 et
2126 859 2202 914 rei
2233 859 2382 915 nullo
2412 861 2570 916 modo
2595 862 2742 918 exire
2767 864 3070 919 credantur.
3112 867 3352 936 Quorum
3378 887 3472 926 vos
3495 887 3617 926 cum

2042 948 2264 1002 alterum
2286 950 2514 1019 negatis,
2542 960 2824 1022 utrumque
2851 953 3124 1008 subruitis.
3153 957 3243 1010 Ais
3263 959 3476 1029 quippe,
3501 978 3622 1016 ere-

2040 1037 2170 1094 dere
2201 1050 2250 1094 te
2278 1040 2492 1110 quidem
2519 1043 2850 1097 conditorem
2883 1044 3070 1110 Deum,
3101 1047 3194 1102 sed
3225 1049 3486 1104 malorum
3519 1053 3616 1105 ho-

2041 1129 2243 1184 minum
2269 1145 2370 1186 :ac
2397 1146 2492 1202 per
2521 1131 2622 1186 hoc
2643 1132 2897 1188 inliciaris
2916 1133 3150 1205 dogmati
3181 1148 3290 1203 tuo,
3315 1155 3435 1195 cum
3459 1158 3622 1214 negas

2041 1226 2096 1274 te
2122 1233 2364 1274 asserere
2387 1220 2656 1277 diabolum
2685 1222 2959 1279 hominum
2989 1227 3346 1284 conditorem.

2110 1311 2245 1367 Aea.
2287 1311 2554 1381 Quidquid
2605 1312 2658 1367 in
2709 1314 3047 1382 hominibus,
3079 1318 3167 1386 qui
3211 1333 3330 1373 cum
3363 1321 3486 1375 vitio
3521 1340 3619 1377 na-

2041 1411 2289 1471 scuntur,
2315 1402 2381 1459 ad
2415 1403 2579 1459 Deum
2607 1413 2904 1462 creatorem
2925 1449 2941 1473 ,
2973 1409 3240 1480 pertinet,
3270 1411 3466 1468 bonum
3495 1427 3618 1482 est;

2038 1494 2162 1562 quia
2186 1503 2240 1551 et
2264 1495 2404 1566 quod
2424 1496 2627 1566 justum
2652 1507 2769 1564 est,
2798 1499 2998 1555 bonum
3026 1510 3108 1556 est
3139 1521 3151 1556 :
3187 1514 3493 1560 naturarum
3522 1525 3620 1562 au—

2041 1593 2180 1651 tem,
2212 1600 2318 1640 non
2363 1586 2612 1642 vitiorum
2657 1597 2846 1643 auctor
2888 1598 2972 1644 est
3017 1591 3178 1648 Deus.
3224 1593 3304 1648 Ad
3337 1595 3482 1650 illum
3507 1597 3619 1668 jam

2037 1678 2180 1746 veni,
2202 1679 2482 1736 videamus
2507 1681 2631 1751 quid
2671 1682 2796 1739 inde
2820 1683 3061 1740 dicturus
3086 1702 3146 1744 es
3167 1728 3182 1754 ,
3215 1691 3484 1757 quomodo
3513 1709 3618 1749 non

2037 1781 2292 1827 eruantur
2321 1774 2521 1843 parvuli
2545 1774 2613 1830 de
2639 1784 2903 1845 potestate
2928 1777 3293 1847 tenebrarum,
3325 1785 3538 1852 quando
3565 1787 3618 1841 in

2035 1863 2232 1922 Christi
2259 1880 2479 1936 regnum
2512 1882 2605 1937 per
2627 1881 2959 1924 sacramenta
2995 1872 3250 1927 Ecclesia:
3287 1879 3617 1933 transferun-

2039 1963 2142 2009 tur.
2184 1956 2536 2023 Qaantislibct
2561 1959 2703 2013 enim
2736 1961 3055 2029 tegminibus
3091 1963 3158 2018 de
3197 1965 3503 2036 multiplicis
3535 1971 3618 2023 lo;

2036 2045 2315 2116 quacitatis
2339 2047 2596 2116 involvas,
2627 2049 2713 2105 ubi
2749 2049 2815 2106 ad
2844 2051 2943 2107 hoc
2973 2055 3206 2121 veneris,
3237 2055 3410 2111 nudus
3440 2058 3617 2116 luere-

2039 2137 2172 2192 ticus
2197 2140 2497 2208 apparebis.

2107 2228 2317 2288 CXXV.
2355 2230 2474 2287 Jun.
2507 2232 2638 2288 Nam
2663 2248 2783 2288 cum
2813 2235 2943 2291 tales
2985 2235 3246 2293 adscribis
3291 2243 3439 2310 operi
3483 2242 3578 2298 Ι)ιοί
3601 2287 3618 2308 ,

2036 2321 2220 2390 quales
2250 2319 2427 2380 facere
2453 2339 2557 2378 non
2591 2333 2793 2396 potest;
2824 2328 3063 2383 ostendis
3090 2330 3224 2385 nihil
3248 2331 3314 2385 ad
3346 2334 3532 2400 Deum,
3567 2337 3618 2389 id

2035 2413 2176 2482 quod
2201 2413 2268 2468 ab
2291 2430 2357 2470 eo
2383 2415 2596 2470 dixeras
2627 2419 2760 2482 fieri,
2795 2425 3086 2487 pertinere.

2107 2503 2244 2560 Auc.
2288 2504 2543 2561 Homines
2585 2507 2685 2561 nisi
2730 2508 2871 2562 Deus
2917 2508 3092 2565 facere
3136 2527 3240 2566 non
3288 2523 3501 2583 potest:
3532 2517 3619 2573 dic

2037 2593 2211 2663 potius
2239 2595 2503 2666 quomodo
2550 2613 2656 2652 non
2694 2610 2950 2654 eruantur
2991 2603 3193 2671 parvuli
3236 2604 3302 2660 de
3349 2616 3614 2675 potestate

2041 2684 2377 2740 tenebrarum
2397 2727 2414 2754 ,
2443 2687 2653 2758 quando
2677 2704 2774 2758 per
2799 2689 2974 2745 divina
3003 2691 3346 2750 Sacramenta
3387 2714 3612 2770 regene-

2035 2785 2237 2832 rantur.

2105 2868 2337 2926 CXXVI.
2376 2870 2495 2928 Jun.
2540 2871 2692 2941 Quod
2737 2873 2861 2930 licet
2903 2875 2956 2930 in
3002 2877 3175 2947 primo
3221 2877 3358 2934 libro
3402 2881 3619 2938 uberius

2034 2969 2211 3016 actum
2239 2963 2344 3031 sit,
2374 2971 2552 3019 tamen
2578 2975 2632 3019 et
2659 2965 2745 3020 hic
2773 2968 2860 3022 vel
2891 2968 3123 3025 breviter
3143 2971 3266 3041 quid
3296 2975 3495 3028 sentias
3522 2992 3618 3032 ex-

2037 3053 2346 3123 primamus.
2370 3054 2551 3112 Times
2570 3058 2720 3128 operi
2744 3058 2938 3114 diaboli
2961 3062 3192 3132 aliquam
3218 3063 3472 3134 deputare
3492 3071 3622 3122 sub-

2035 3147 2527 3203 stantiamzverum
2574 3165 2680 3204 non
2727 3152 2881 3207 times
2927 3154 3060 3221 Deo,
3090 3171 3194 3210 non
3237 3158 3473 3228 aliquod.
3519 3163 3617 3217 sed

2036 3252 2281 3308 magnum
2310 3238 2513 3295 crimen
2545 3240 2860 3313 impingere.
2905 3243 3162 3314 Majorem
3193 3249 3331 3318 apud
3366 3260 3416 3304 te
3458 3252 3617 3308 habet

2034 3330 2387 3386 reverentiam
2405 3340 2590 3386 natura
2607 3336 2783 3388 carnis
2805 3334 3069 3400 humanm,
3089 3354 3246 3408 quam
3263 3340 3466 3411 justitia
3493 3345 3616 3400 Dei:

2034 3420 2185 3489 quasi
2212 3421 2355 3475 enim
2383 3436 2630 3493 magnum
2656 3424 2874 3494 aliquid,
2902 3427 2972 3481 ita
2999 3427 3350 3485 substantiam
3381 3433 3614 3490 hominis

2034 3509 2246 3564 diabolo
2275 3510 2530 3581 deputare
2567 3513 2802 3570 metuisti
2827 3557 2842 3580 ,
2876 3526 2931 3572 et
2952 3520 3102 3588 quasi
3133 3524 3206 3575 re'
3239 3538 3342 3575 non
3375 3540 3614 3595 magum,

2036 3598 2088 3656 id
2116 3607 2198 3655 est
2219 3599 2441 3669 justitia:
2463 3611 2519 3657 et
2543 3601 2636 3658 Dei
2665 3605 2956 3672 sanctitati,
2988 3607 3420 3667 informationem
3449 3616 3618 3668 scele-

2035 3691 2109 3745 ris
2133 3693 2381 3762 appulisti
2407 3712 2420 3748 :
2447 3695 2596 3764 quasi
2625 3712 2730 3750 non
2760 3697 3085 3754 tolerabilius
3113 3702 3269 3757 iuuerit
3310 3707 3446 3759 inter
3483 3708 3617 3761 duas

2036 3784 2337 3854 opiniones,
2367 3786 2461 3842 sed
2488 3795 2740 3858 utrasque
2767 3789 2958 3857 falsas,
2989 3792 3186 3848 diaboli
3231 3798 3483 3865 eperihus
3518 3799 3616 3854 de-

2036 3883 2223 3946 putare
2245 3892 2483 3944 carnem,
2511 3895 2666 3949 quam
2695 3880 2784 3934 Dei
2812 3884 3062 3950 operibus
3087 3885 3432 3955 iniquitatem.

2105 3969 2242 4025 Ave.
2266 3969 2374 4024 Vos
2417 3972 2592 4040 potius
2640 3971 2731 4026 Dei
2770 3972 3030 4042 justitiam
3073 3976 3473 4046 blasphemalis,
3515 3982 3616 4035 sub

2035 4052 2187 4122 cujus
2210 4052 2592 4124 omnipotentia
2615 4054 2731 4110 sine
2756 4057 2878 4110 ullis
2899 4059 3051 4111 malis
3083 4062 3285 4116 meritis
3311 4073 3450 4116 tanta
3478 4065 3613 4119 mala

2036 4145 2240 4216 perpeti
2271 4145 2520 4216 parvulos
2545 4146 2740 4202 dicitis.
2793 4148 2898 4203 Sed
2921 4149 3031 4220 jam
3054 4151 3140 4206 dic
3167 4157 3613 4224 quemadmodum

2035 4252 2128 4294 eos
2160 4239 2416 4307 separatis
2444 4237 2512 4292 ab
2537 4239 2615 4294 eis
2640 4255 2774 4309 quos
2809 4241 2952 4301 Deus_
2974 4242 3040 4297 de
3077 4255 3342 4312 potestate
3371 4250 3509 4302 eruit
3539 4257 3618 4302 te-

2035 4329 2353 4392 nehrarnm,
2386 4337 2444 4383 ut
2485 4331 2770 4384 transierat
2813 4332 2865 4385 in
2912 4347 3131 4402 regnum
3175 4333 3297 4389 Filii
3340 4335 3486 4390 chori
3514 4340 3615 4393 atis

2035 4435 2144 4474 sua:
2173 4418 2390 4488 (Coloss.
2420 4436 2456 4486 ι,
2484 4420 2591 4489 15).

2105 4509 2362 4565 CXXVII.
2412 4511 2532 4566 JuL.
2585 4509 2655 4567 Ut
2699 4513 2842 4567 enim
2894 4513 2980 4569 hic
3020 4514 3070 4568 in
3119 4524 3380 4584 potestate
3421 4517 3613 4574 diaboli

2035 4602 2281 4672 parvulos
2305 4601 2473 4656 a.Deo
2498 4616 2616 4656 reos
2642 4600 2858 4657 formari
2885 4602 3102 4671 dixisti,
3137 4605 3206 4659 ita
3249 4606 3300 4660 in
3344 4607 3614 4662 inferiori-

2035 4691 2136 4748 bus
2163 4691 2282 4746 libri
2305 4692 2376 4745 tui
2401 4691 2640 4761 partibus
2669 4690 2859 4749 tetrius
2883 4695 3080 4766 aliquid
3107 4711 3265 4766 quam
3297 4710 3420 4753 sunt
3454 4699 3618 4753 Mani-

2034 4781 2306 4836 chzeornm
2336 4791 2667 4836 sat-ramenta
2697 4785 2968 4852 vomuisti,
2999 4783 3186 4842 dicens
3214 4787 3280 4842 de
3307 4789 3436 4855 Deo,
3475 4809 3493 4842 ι
3529 4790 3620 4846 Sic

2034 4882 2182 4930 creat
2208 4873 2399 4940 malos,
2422 4873 2689 4944 quomodo
2717 4875 2886 4944 pascit
2913 4887 2966 4932 et
2997 4879 3164 4933 mittit
3191 4880 3381 4934 malos.
3412 4900 3432 4935 ι

2105 4969 2238 5024 Ave.
2269 4966 2400 5022 Cum
2430 4967 2638 5023 veneris
2663 4969 2728 5023 ad
2757 4969 2971 5025 easdem
3008 4980 3188 5042 partes
3224 4973 3343 5028 libri
3377 4974 3510 5039 mei,
3551 4975 3622 5030 ibi

2033 5056 2484 5130 quemadmodum
2507 5057 2707 5114 dictum
2739 5058 2918 5128 fuerit,
2941 5062 3084 5132 quod
3112 5063 3198 5118 hic
3222 5065 3430 5134 objicis,
3454 5081 3520 5132 ap
3533 5082 3624 5136 pa-

2036 5153 2192 5209 rebit.
2224 5151 2372 5207 Nunc
2392 5151 2501 5222 jam
2531 5150 2615 5207 dic
2634 5194 2649 5220 ,
2678 5168 2861 5221 quaiso
2884 5195 2899 5220 ,
2927 5155 3197 5224 quomodo
3233 5172 3354 5211 cum
3392 5171 3625 5227 regene-

2037 5252 2224 5300 rantur
2244 5243 2444 5313 parvuli
2470 5253 2526 5299 et
2548 5243 2942 5299 transferuntur
2960 5245 3027 5299 ad
3055 5261 3275 5316 regnum
3306 5247 3524 5316 Christi,
3559 5249 3626 5303 de

2040 5334 2377 5392 tenebrarum
2406 5343 2669 5406 potestate
2696 5350 2800 5392 non
2827 5347 3104 5391 eruantur.

2109 5447 2388 5505 CXXVIII.
2417 5447 2538 5504 ιω..
2561 5447 2717 5505 Creat
2743 5449 2902 5521 igitur
2929 5451 3128 5506 malum
3157 5451 3317 5506 Deus.

2110 5540 2244 5594 Ave.
2273 5539 2389 5593 Non
2417 5539 2663 5609 intelligis
2686 5540 3134 5612 quemadmodum
3162 5540 3305 5595 dicat
3327 5545 3467 5612 apud
3499 5559 3624 5613 pro-

2040 5629 2274 5698 phetam,
2307 5623 2419 5699 Ego
2446 5645 2558 5682 creo
2585 5631 2720 5684 mala
2740 5629 2892 5702 (hui.
2920 5645 3043 5698 xu,
3070 5631 3147 5700 7).

2117 5718 2354 5779 CXXIX.
2405 5719 2518 5776 ἔω..
2571 5721 2636 5778 Et
2676 5723 2968 5796 puniuntur
3011 5724 3358 5794 innocentes,
3410 5737 3625 5798 propter
