4004 6190
315 346 448 400 13.ἱί

305 463 460 536 quod
488 462 612 517 facit
641 462 798 516 Deus.

389 557 523 611 Anc.
552 554 660 610 Nec
687 555 997 607 innocentes
1023 550 1245 621 origine,
1278 564 1376 606 nec
1406 557 1622 621 prepter
1647 548 1789 620 quod
1815 547 1908 603 fa-'

305 649 390 704 cit
422 649 578 702 Deus.

393 737 605 797 CXXX.
647 737 760 794 Jun.
797 737 867 792 Et
902 750 934 790 a
973 735 1183 791 diabolo
1228 733 1594 805 possidentur,
1638 733 1760 805 quia
1794 730 1900 787 hoc

313 831 449 887 facit
475 832 634 886 Deus.

397 923 529 978 Acs.
561 921 625 976 Et
647 919 931 989 Apostolus
955 918 1168 972 tradidit
1196 918 1470 972 hominem
1493 925 1691 972 satana:
1714 917 1756 988 (I
1778 913 1900 972 Cor.

315 1031 378 1079 ν,
402 1013 490 1086 5);
518 1014 610 1070 sed
631 1012 858 1083 justitia,
882 1026 985 1066 non
1007 1012 1209 1066 malitia
1231 1029 1242 1064 :
1263 1021 1317 1066 et
1341 1012 1480 1066 Deus
1506 1009 1722 1064 tradidit
1743 1023 1931 1078 quos-~

316 1109 446 1162 (lam
475 1109 524 1161 in
545 1106 826 1175 reprobum
852 1119 1068 1160 sensum
1091 1105 1265 1177 (Itoni.
1291 1120 1328 1172 ι,
1355 1104 1482 1176 9.8);
1510 1113 1671 1174 atque
1699 1103 1908 1159 utinam

319 1214 432 1254 non
457 1199 524 1252 ibi
549 1197 740 1251 essetis
761 1205 815 1251 et
841 1211 957 1249 vos.

398 1289 630 1346 CXXXI.
649 1289 765 1344 ιω..
784 1289 849 1344 Et
868 1288 1090 1357 imputat
1108 1285 1415 1342 hominibus
1433 1286 1636 1341 crimen
1652 1298 1905 1340 manuum

321 1398 542 1436 suarum
573 1381 732 1436 Deus.

402 1474 534 1528 Aac.
568 1471 680 1526 Non
707 1479 790 1526 est
813 1469 1012 1526 crimen
1033 1484 1284 1524 manuum
1312 1467 1428 1534 Dei,
1459 1465 1603 1539 quod
1632 1465 1701 1521 de
1725 1464 1908 1520 vitiata

323 1564 533 1632 Origine
557 1577 650 1616 sua
681 1561 895 1616 trahunt
918 1562 1143 1631 parvuli.

401 1655 658 1710 CXXXII.
697 1655 816 1710 Jun.
851 1656 916 1710 Et
937 1653 1076 1725 quod
1099 1654 1363 1724 persuasit
1388 1652 1632 1708 diabolus
1657 1651 1907 1716 tenuiter,

327 1748 556 1802 solet-ter
577 1757 628 1800 et
647 1755 1051 1816 perseveranter
1071 1745 1238 1816 lingit,
1263 1753 1317 1800 et
1341 1744 1629 1815 protegit‘,
1655 1751 1711 1798 et
1735 1750 1907 1798 custo-

328 1838 430 1904 dit,
453 1846 503 1892 et
525 1837 714 1892 format
741 1838 901 1892 Deus.

406 1933 535 1986 Anc.
568 1929 684 1984 Non
728 1927 870 1999 quod
910 1929 1172 1999 persuasit
1209 1927 1479 1995 diabolus,
1511 1927 1702 1982 format
1730 1928 1907 1993 Deus;

328 2021 429 2074 sed
473 2036 535 2074 ex
581 2030 770 2074 natura
811 2035 970 2091 quam
1014 2020 1220 2075 vitiavit
1255 2019 1694 2085 diabolus,bene
1721 2018 1914 2073 format

326 2111 471 2182 quod
505 2111 697 2165 format
726 2112 884 2166 Deus.

400 2202 686 2258 CXXXIII.
717 2203 838 2258 Jun.
869 2203 936 2257 Et
959 2203 1184 2258 fructum
1207 2203 1275 2258 ab
1301 2203 1520 2260 homine
1545 2203 1796 2260 bonitatis
1826 2217 1916 2258 re.

332 2296 530 2365 poscit,
554 2295 636 2349 cui
666 2294 863 2368 malum
890 2295 1128 2364 ingenuit
1153 2295 1312 2350 Deus.

404 2387 541 2442 Ave.
583 2386 699 2441 Non
739 2385 936 2440 malum
967 2386 1205 2456 ingenuit
1233 2386 1404 2452 Deus;
1433 2384 1529 2440 sed
1552 2384 1748 2439 malum
1777 2383 1918 2454 quod

333 2480 609 2550 generatio
628 2479 807 2532 vitiata
833 2479 1088 2548 ingenuit,
1108 2477 1516 2548 regeneratione
1538 2486 1731 2547 purgat
1754 2477 1915 2531 Deus.

407 2569 691 2626 CXXXIV.
727 2569 847 2625 Jac.
877 2570 945 2624 Et
979 2577 1164 2640 postea
1199 2576 1308 2625 tota
1345 2569 1461 2638 lege
1485 2568 1762 2635 mentitur,
1795 2566 1917 2638 quia

333 2663 508 2733 justus
535 2662 604 2716 sit
632 2661 886 2715 Dominus
906 2661 949 2714 '.
1421 2662 1435 2672 ”

416 2755 546 2810 Auc.
577 2754 813 2808 Mentiris
840 2771 853 2806 :
879 2753 972 2808 sed
997 2763 1075 2817 tu,
1100 2753 1190 2823 qui
1227 2765 1388 2822 negas
1410 2758 1689 2823 peccatum
1719 2749 1920 2805 habere

338 2845 483 2916 gravi
511 2845 635 2914 jugo
656 2843 871 2914 dignum
896 2844 1032 2899 Iilios
1055 2843 1223 2898 Adam
1245 2841 1430 2914 (Eccli.
1458 2858 1549 2911 XL,
1575 2841 1649 2914 I),
1675 2839 1802 2911 quid
1829 2853 1924 2894 co-

340 2936 482 2990 naris
505 2935 808 3001 ostendere,
832 2935 933 2989 nisi
956 2935 1095 3005 quod
1119 2934 1346 3004 injustus
1369 2933 1475 2989 sit?

411 3027 668 3082 CXXXV.
693 3027 812 3083 Jun.
840 3026 905 3081 Et
927 3027 1016 3098 qui
1041 3035 1120 3082 tot
1145 3027 1367 3082 crimina
1389 3026 1550 3097 capit,
1573 3024 1748 3080 adhuc
1772 3037 1924 3079 voca-

337 3130 427 3176 tur
458 3121 629 3176 Dcus?
1815 3161 1822 3167 .

414 3215 550 3270 Auc.
589 3214 848 3283 Quoniam
874 3213 1018 3269 nulla
1040 3213 1264 3268 crimina
1283 3212 1440 3282 capit
1469 3211 1642 3276 Deus,
1675 3209 1795 3264 ideo
1823 3225 1925 3266 nec

345 3304 444 3360 hoc
464 3304 606 3374 quod
633 3305 684 3360 ei
707 3319 801 3359 vos
825 3304 1115 3376 impingitls
1136 3319 1194 3358 ea
1203 3303 1299 3373 pit,
1323 3310 1381 3357 ut
1401 3302 1518 3360 sine
1539 3301 1698 3355 ullius
1719 3299 1739 3332 ³
1762 3299 1924 3370 origi-

342 3397 480 3451 nalis
506 3396 706 3465 peccati
733 3395 940 3454 merito.
969 3395 1103 3448 mala
1129 3393 1332 3462 parvuli
1357 3401 1434 3448 tot
1455 3401 1512 3448 et
1535 3402 1679 3447 tanta
1703 3390 1818 3460 ipso
1840 3390 1924 3445 vel

343 3487 572 3542 faciente
593 3487 672 3540 vel
699 3485 1039 3556 permittente
1061 3485 1347 3554 patiantur.

409 3578 555 3635 CXX
565 3578 603 3631 X
616 3578 698 3632 VI.
721 3577 750 3632 J
758 3593 844 3632 UL.
870 3575 1103 3630 Interibit
1118 3575 1530 3631 Manichaeorum
1554 3576 1795 3628 memoria
1809 3587 1924 3627 cum

342 3671 598 3742 strepitu:
637 3669 757 3738 quia
807 3669 1056 3722 Dominus
1098 3669 1154 3722 in
1195 3678 1441 3722 internum
1485 3674 1788 3739 permanet;
1833 3666 1926 3735 qui

343 3762 542 3833 paravit
580 3763 633 3814 in
668 3759 867 3832 judicio
891 3759 1058 3813 sedem
1085 3775 1230 3813 suam
1247 3799 1262 3825 ,
1289 3767 1336 3812 et
1361 3759 1467 3828 ipse
1481 3755 1735 3828 judicabit
1759 3755 1926 3810 orbem

343 3862 592 3906 terrarum
630 3853 681 3906 in
723 3851 956 3922 wquitate
996 3848 1168 3923 (Psal.
1203 3865 1280 3915 1x,
1314 3849 1457 3919 7-9).
1493 3847 1706 3902 Nullum
1751 3856 1834 3903 est
1869 3847 1925 3902 In

346 3943 457 3998 Deo
477 3943 703 3996 crimen.
733 3941 850 3996 Non
873 3941 1032 4012 igitur
1050 3949 1190 3994 creat
1216 3940 1422 3994 malos:
1447 3937 1696 4009 quoniam
1728 3938 1773 3991 si
1801 3938 1927 3992 mali

343 4042 527 4090 essent
553 4043 762 4097 natura,
789 4034 928 4088 Deus
963 4047 1058 4088 eos
1098 4046 1282 4087 creare
1320 4046 1428 4085 non
1471 4039 1671 4100 posset.
1715 4030 1793 4085 Ae
1831 4044 1926 4099 per

347 4127 466 4188 hoc,
491 4135 548 4180 ut
570 4125 960 4179 Catholieorum
995 4131 1077 4178 est
1110 4121 1351 4177 conﬁteri
1391 4122 1556 4177 Detim
1591 4121 1925 4176 conditorem

346 4219 642 4283 bonorum,
687 4219 756 4272 ita
798 4217 1208 4272 Manicharorum
1247 4214 1462 4285 proprie
1501 4214 1667 4270 Deum
1706 4211 1928 4269 credere

347 4311 678 4366 conditorem
704 4309 987 4363 malorum.

418 4406 554 4461 Aea.
577 4402 635 4459 Si
656 4403 937 4457 adversum
960 4401 1136 4457 divina
1157 4399 1388 4471 eloquia,
1412 4399 1501 4456 ubi
1527 4398 1740 4463 dicitur,
1763 4397 1794 4451 .l
1806 4397 1924 4451 udi-

349 4498 478 4550 cabit
522 4495 692 4550 orbem
734 4505 980 4548 terrarum
1020 4495 1074 4546 in
1108 4496 1359 4562 aequitate,
1393 4506 1498 4546 non
1527 4491 1675 4546 surdi
1703 4491 1926 4556 essetis,

349 4589 653 4659 :rquitatem
691 4587 785 4640 Dei
823 4586 982 4640 etiam
1023 4585 1076 4638 in
1114 4583 1285 4654 poenis
1322 4581 1602 4636 infantium
1624 4581 1929 4637 disceretis.

351 4679 545 4734 Natura
567 4679 710 4731 enim
736 4676 862 4731 boni
883 4685 1026 4739 sunt,
1053 4674 1192 4746 quod
1217 4675 1336 4729 illos
1359 4683 1507 4729 creat
1529 4673 1669 4728 Deus
1693 4691 1707 4726 :
1731 4671 1824 4726 sed
1847 4673 1924 4726 vi-

351 4776 423 4825 tio
453 4771 578 4824 muli
604 4778 758 4833 sunt,
791 4776 1011 4839 propter
1029 4766 1170 4837 quod
1199 4765 1321 4820 illos
1351 4775 1504 4820 sanat
1539 4765 1698 4820 Deus.
1734 4763 1796 4819 'Iu
1827 4777 1932 4836 qua

353 4861 609 4916 catholica
633 4859 894 4916 sententia
919 4874 1023 4912 non
1047 4857 1218 4912 solum
1238 4855 1932 4912 Manichmorum'mcmoria

325 4961 328 4964 '
355 4954 506 5022 perit,
527 4968 714 5007 verum
733 4951 894 5007 etiam
913 4950 1340 5021 Pelagianorum,
1358 4963 1479 5003 cum
1499 4949 1725 5019 strepitu
1748 4949 1935 5019 loqua-

353 5046 526 5100 citatis
556 5044 790 5097 illorum.

420 5134 732 5192 CXXXVII.
763 5135 882 5190 Jun.
909 5132 1017 5190 Sed
1042 5132 1317 5187 videamus
1337 5141 1390 5187 ct
1411 5132 1633 5203 reliqua.

424 5229 560 5282 Auc.
598 5227 732 5281 Ecce
770 5225 837 5280 ad
871 5225 974 5279 alia
1003 5224 1122 5278 libri
1155 5225 1258 5279 mei
1290 5225 1448 5279 verba
1482 5224 1590 5293 iam
1630 5225 1854 5293 transis,
1882 5235 1938 5281 et

356 5318 610 5373 adrersus
643 5317 768 5371 illud
798 5316 942 5388 quod
975 5316 1067 5371 tibi
1098 5316 1248 5386 quasi
1273 5313 1620 5370 refellendum
1642 5330 1707 5371 ex
1733 5331 1938 5386 praece-

355 5410 604 5467 dentibus
641 5423 1026 5481 preposucras,
1061 5409 1192 5464 nihil
1224 5409 1378 5465 dicis.
1421 5410 1528 5479 Ego
1562 5410 1716 5466 enim'
1749 5418 1808 5464 ut
1843 5423 1939 5464 vos

421 5629 437 5660 ¹
474 5625 636 5676 Codex
657 5632 804 5685 Port.,
820 5635 867 5677 et
885 5631 1136 5690 propagat.

419 5691 440 5720 ³
463 5690 535 5737 sic
555 5695 658 5738 Mss.
685 5696 738 5738 At
754 5685 899 5746 editi;
921 5685 1106 5750 nititur,
1129 5699 1270 5750 quant
1286 5687 1446 5748 justus
1466 5685 1526 5737 sit
1551 5694 1689 5736 Dens.

421 5752 441 5786 ³
472 5749 545 5799 sic
563 5756 667 5800 itas.
694 5757 748 5800 At
769 5751 928 5812 νίκη,
949 5746 1096 5798 illius.

1694 338 1894 398 LIBER
1931 336 2244 398 TERTIUS.

3453 343 3474 396 t
3487 341 3626 400 502‘.

2010 454 2325 511 auctoritate
2357 455 2647 526 apostolica
2679 470 2956 526 urgerent,
2999 457 3108 514 dixi
3149 473 3242 518 vos
3277 457 3464 518 dicere
3479 477 3587 532 non
3611 504 3626 518 ..

2005 546 2122 602 erui
2165 546 2411 616 parvulos
2449 562 2478 600 a
2521 555 2782 617 potestate
2812 550 3148 606 tenebrarum
3171 593 3186 620 ,
3216 560 3274 609 et
3298 554 3378 610 sic
3405 564 3583 616 trans-
3605 587 3626 600 »ι

2005 633 2137 691 ferri
2152 637 2212 691 in
2234 649 2458 706 regnum
2498 637 2589 692 Dei
2615 637 2834 710 (Coloss.
2857 655 2892 704 ι,
2924 638 3012 713 I3)
3036 659 3048 694 :
3071 651 3256 698 contra
3287 644 3427 714 quod
3457 645 3587 700 nihil

2005 726 2190 782 dicens
2207 767 2225 795 ,
2249 728 2540 799 apparuisti
2567 729 2781 799 quidem
2800 771 2816 796 ,
2845 731 2982 787 sicut
3010 748 3168 803 supra
3197 735 3422 804 prmdixi
3441 777 3460 801 ,
3485 751 3592 800 nu:

1926 867 1929 870 .
2007 818 2111 875 dus
2150 819 2460 886 haereticus;
2502 820 2597 878 sed
2629 820 2689 875 «in
2722 831 2773 876 te
2800 823 3147 892 exspoliaudo
3177 841 3283 888 non
3309 827 3589 895 laboravi,

2009 911 2142 981 quia
2167 920 2368 967 contra.
2389 912 2735 983 apostolicam
2779 911 2938 968 ﬁdem
2983 916 3366 986 antiquissima:
3406 921 3606 974 matris.

2010 1001 2286 1070 Ecclesiae,
2315 1002 2464 1059 nullo
2492 1003 2777 1058 verborum
2806 1013 3017 1062 tuorum
3047 1009 3328 1080 vaniloquo
3358 1010 3590 1081 tegmine

2013 1101 2066 1148 te
2093 1107 2254 1148 ausus
2281 1108 2340 1149 es
2369 1094 2600 1162 operire.
3404 1143 3410 1148 .
3533 1163 3536 1168 η

2083 1182 2414 1240 CXXXVIII.
2435 1184 2554 1242 ιω..
2574 1186 2709 1240 Audi
2727 1203 2846 1258 ergo
2871 1187 3080 1244 breviter
3102 1190 3226 1262 quid
3247 1191 3342 1246 ista
3360 1195 3600 1264 (Intestina

2014 1291 2077 1328 ne
2101 1283 2341 1329 versetur.
2371 1274 2618 1330 Catholici
2645 1277 2820 1332 dicunt
2849 1277 3126 1334 humanam
3167 1298 3200 1334 α
3237 1292 3461 1338 creatore
3491 1283 3622 1338 Deo...

2013 1365 2143 1420 bono
2191 1366 2449 1421 conditam
2498 1369 2680 1422 bonam
2702 1408 2716 1432 ,
2747 1369 2836 1423 sed
2865 1379 3068 1438 peccato
3095 1371 3356 1442 vitiatam,
3405 1376 3622 1440 medico-

2015 1454 2214 1512 Christo
2237 1457 2463 1530 indigere
2487 1465 2741 1514 naturam.
2773 1458 3048 1516 Manio/tati
3071 1462 3246 1517 dicunt
3263 1505 3277 1530 ,
3319 1464 3618 1521 [minamm-

1986 1616 1987 1619 η
2015 1557 2250 1602 naturam
2274 1564 2376 1602 non
2401 1564 2434 1602 α
2462 1547 2572 1602 Deo
2597 1549 2856 1606 conditam
2891 1551 3093 1619 bonam,
3127 1564 3427 1624 peccatoqne
3449 1557 3600 1610 vitin-

2018 1647 2122 1694 tant
2138 1654 2159 1703 ,'
2178 1639 2266 1696 sed
2288 1638 2350 1694 ab
2375 1648 2682 1695 aeternorum
2718 1641 2947 1713 principe
2977 1643 3293 1700 tenebrarum
3314 1687 3330 1714 ,
3361 1645 3427 1708 de
3461 1663 3605 1708 com-

2017 1731 2258 1788 mixtione
2285 1731 2502 1788 duarum
2527 1741 2822 1790 naturarum
2837 1775 2856 1802 ,
2886 1751 3001 1805 quia
3020 1752 3218 1808 semper
3243 1742 3481 1808 fuerunt,
3499 1755 3631 1802 una.

2017 1818 2148 1876 bona
2172 1832 2219 1877 et
2248 1839 2352 1876 una
2380 1823 2537 1890 mala,
2569 1823 2820 1878 hominem
2842 1835 3086 1880 creatum.
3115 1826 3473 1898 Gmlestianiet
3507 1827 3618 1883 Pas

2018 1911 2210 1984 legioni
2234 1912 2428 1980 dicunt,
2455 1924 2692 1970 naturam
2711 1914 3037 1975 humanama
3061 1915 3171 1982 Deo
3192 1917 3323 1974 bono
3341 1919 3604 1984 conditam

2021 2004 2237 2071 bonam,-
2259 2005 2354 2060 sed
2371 2006 2450 2061 ita
2474 2022 2581 2063 esse
2613 2007 2669 2061 in
2702 2007 3020 2064 mentibus
3055 2010 3278 2079 parvulis
3305 2027 3483 2068 sanam
3501 2052 3519 2077 ,
3550 2021 3608 2068 ut

2021 2094 2210 2152 Christi
2235 2112 2338 2151 non
2363 2096 2578 2152 habeant
2615 2097 2946 2160 necessariam
2987 2099 3042 2154 in
3076 2100 3170 2155 illa
3205 2110 3356 2156 atate
3395 2101 3607 2158 medici-

2023 2203 2162 2242 nam.
2192 2187 2422 2259 Agnosco
2447 2187 2604 2259 igitur.
2627 2188 2681 2243 in
2713 2197 2801 2244 tuo
2847 2188 3084 2261 dogmate
3131 2207 3314 2256 nomen
3353 2200 3496 2246 tuum
3513 2232 3530 2259 ,
3561 2202 3611 2262 et

2023 2280 2288 2337 catholicis
2307 2297 2341 2335 a
2364 2281 2544 2352 quibus
2563 2282 2872 2351 confutaris,
2905 2282 3079 2341 desine
3105 2283 3320 2354 objicere
3347 2294 3396 2340 et
3423 2283 3610 2356 dogma

2016 2379 2277 2446 etnomen
2303 2371 2543 2427 alienum.
2575 2370 2716 2426 Nam
2753 2371 2949 2430 Veritas
2977 2383 3215 2441 utrosque
3237 2374 3516 2446 redarguit,
3561 2385 3635 2428 et.

2025 2461 2339 2518 Manicheum
2382 2471 2430 2517 et
2473 2479 2581 2518 uos.
2630 2463 2934 2523 ﬂanidwis
2961 2465 3098 2522 enim
3128 2466 3249 2522 dicit
3279 2483 3299 2522 :
3329 2485 3356 2522 ι
3389 2465 3512 2522 Non
3537 2470 3614 2524 Io-

2023 2552 2166 2624 gistis
2205 2553 2339 2624 «ιφιὶα
2385 2552 2456 2608 ab
2471 2554 2616 2609 initio
2671 2555 2790 2627 fecit
2839 2555 3094 2612 [nminem
3115 2595 3130 2622 ,
3175 2557 3456 2614 mascnlwn
3481 2598 3500 2626 ,
3562 2566 3612 2612 et

2025 2643 2264 2713 feminam
2291 2644 2411 2717 frcit
2432 2660 2519 2700 eos
2533 2647 2560 2701 i
2591 2644 2812 2717 Propter
2836 2647 2932 2703 hoc
2969 2646 3216 2721 relinquet
3247 2649 3396 2705 homo
3413 2659 3612 2722 patrem

2026 2743 2071 2788 et
2096 2744 2328 2802 matrem,
2344 2743 2390 2790 et
2408 2736 2684 2793 adhterebit
2699 2739 2848 2795 uxori
2871 2755 2998 2806 suae;
3007 2750 3058 2795 et
3083 2750 3232 2798 erunt
3257 2741 3360 2798 duo
3385 2743 3438 2798 in
3456 2759 3610 2798 carne

2029 2840 2134 2880 una
2163 2840 2182 2880 :
2210 2826 2379 2898 itaque
2419 2827 2536 2899 jam
2580 2845 2680 2884 non
2717 2839 2836 2886 sunt
2879 2831 3000 2898 duo,
3046 2831 3135 2887 sed
3157 2849 3262 2900 una
3289 2850 3432 2890 caro.
3463 2834 3615 2901 Quod

2027 2932 2147 2989 ergo
2186 2917 2329 2975 Deus
2369 2921 2656 2991 conjunxit,
2710 2922 2861 2980 homo
2905 2940 3009 2980 non
3045 2933 3245 2996 separet
3305 2945 3328 2980 ι
3390 2924 3612 2999 (Matth.

2027 3021 2138 3076 nx,
2167 3008 2316 3082 4-6).
2345 3010 2432 3065 lia
2459 3013 2645 3084 quippe
2668 3013 2886 3072 ostendit
2909 3025 2956 3070 et
2981 3015 3244 3076 hominum
3279 3018 3614 3086 conditorem,

2025 3107 2076 3152 et
2102 3101 2372 3172 conjugum
2407 3105 2754 3172 copulatorum
2787 3104 2974 3171 Deum,
3000 3106 3245 3164 adversus
3268 3108 3614 3178 Manichwos.

2027 3188 2114 3257 qui
2143 3198 2407 3263 utrumque
2433 3191 2614 3246 horum
2642 3201 2849 3264 negant.
2888 3191 3040 3250 Vobis
3066 3204 3237 3254 uittam
3255 3198 3378 3252 dicit
3407 3214 3426 3253 :
3457 3216 3479 3251 ι
3519 3195 3618 3256 Vc-

2029 3283 2104 3336 nit
2131 3281 2279 3352 ﬁlius
2313 3283 2530 3339 hominis
2569 3301 2792 3355 συρτει-α
2835 3295 2884 3342 et
2930 3288 3129 3344 salvere
3167 3291 3305 3358 quod
3339 3292 3645 3362 perierant.-.

2023 3370 2183 3444 .(Luc.
2211 3389 2323 3441 nx,
2356 3372 2467 3446 l0).
2515 3373 2622 3430 Sed
2663 3391 2768 3443 vos,
2797 3378 2985 3449 egregii
3009 3378 3294 3449 christiani,
3324 3384 3654 3454 respondete..-

2030 3461 2230 3518 Christo
2255 3479 2276 3518 :
2295 3464 2363 3520 Si
2389 3464 2526 3531 quod
2551 3466 2792 3536 perierat,
2843 3483 3068 3539 quwrcre
3114 3479 3163 3526 et
3205 3471 3402 3528 salvum
3449 3474 3642 3545 facere

2029 3554 2236 3622 uenisti,
2264 3555 2333 3609 ad
2357 3557 2596 3624 parvulos
2623 3573 2723 3613 non
2749 3560 2961 3625 venisti;
2987 3560 3072 3617 isti
3106 3578 3209 3618 nec.
3241 3565 3546 3634 perierant...
3567 3577 3620 3623 et

2028 3646 2159 3701 salvi
2200 3648 2309 3702 nati
2353 3658 2471 3703 sunt
2498 3649 2670 3706 :oade
2706 3649 3069 3724 admajores,
3111 3654 3176 3709 de
3217 3655 3380 3712 verbis
3408 3659 3508 3714 tuis
3527 3660 3620 3717 tibi

2032 3738 2402 3807 praescribimus
2430 3755 2451 3794 :
2483 3757 2505 3792 ‹
2538 3738 2669 3797 Non
2695 3750 2768 3798 at
2791 3758 2919 3814 opus
2940 3743 3464 3814 sonis.medicus,csed
3485 3751 3618 3808 male

2031 3828 2324 3884 habentibus
2355 3849 2376 3884 ι
2407 3831 2618 3901 (Matth.
2669 3849 2746 3898 Ix,
2798 3833 2908 3906 1%).
2950 3834 3039 3890 Ita
3081 3838 3139 3905 lit
3167 3847 3224 3897 ut
3253 3837 3610 3904 Manicheam,

2029 3919 2118 3989 qui
2141 3920 2333 3974 homini
2359 3921 2696 3978 committant.
2715 3923 2838 3976 dicit
2858 3937 2978 3983 esse
2991 3935 3240 3984 naturam
3255 3929 3471 3996 malum,
3501 3931 3619 3996 uelit

2029 4009 2152 4066 inde
2196 4011 2373 4066 saltem
2408 4012 2597 4067 salvari
2621 4029 2657 4068 ιι
2681 4012 2882 4072 Christo
2921 4016 3146 4075 aninmo!
3175 4017 3354 4078 bonum
3380 4035 3400 4086 ξ
3425 4030 3480 4078 tu
3501 4037 3619 4078 vero

2033 4101 2086 4156 in
2112 4103 2356 4173 parvulis,
2386 4120 2502 4158 cum
2527 4105 2658 4160 salui
2680 4115 2799 4161 sunt
2825 4122 3056 4177 corpore,
3081 4109 3210 4164 nihil
3233 4127 3264 4164 α
3289 4109 3489 4168 Clu-isto
3515 4116 3622 4172 sale

2034 4193 2254 4248 randum
2277 4209 2385 4250 esse
2400 4194 2694 4256 contendis.
2730 4196 2806 4251 Ac
2831 4213 2924 4268 per
2949 4198 3044 4254 hoc
3069 4197 3390 4260 Manicheam
3417 4203 3621 4273 quidem

2036 4294 2269 4342 naturam
2293 4285 2570 4342 lanuuinum
2612 4286 2970 4349 detestabiliter
2993 4289 3256 4360 vituperat,
3293 4291 3382 4356 sed
3411 4301 3465 4348 tu
3504 4308 3619 4361 cru—

2036 4377 2216 4432 deliter
2239 4375 2442 4434 laudas.
2489 4376 2802 4449 Quicumque
2827 4381 2960 4436 enim
2988 4379 3076 4437 tibi
3107 4381 3406 4448 crediderint
3432 4381 3618 4450 lauda-

2038 4467 2155 4532 tori,
2186 4467 2408 4536 infantes
2431 4483 2551 4526 suos
2579 4484 2681 4524 non
2707 4468 2929 4537 .‘oﬂ'ercnt
2968 4468 3225 4524 Saluatori
3263 4469 3373 4544 (De
3411 4470 3619 4544 Nuptiis

2037 4569 2086 4615 ct
2115 4559 2556 4631 Concupiscuntia,
2593 4559 2775 4627 libs},
2799 4558 2962 4632 m9).
2991 4551 3618 4634 Commendaviquidetu

2039 4651 2201 4709 etiam
2229 4653 2282 4709 in
2310 4652 2484 4722 primo
2506 4665 2673 4723 opere
2691 4685 2707 4718 -,
2732 4651 2868 4710 nihil
2893 4660 2946 4710 te
2974 4655 3348 4726 magisagere,
3377 4672 3536 4729 quam
3563 4667 3620 4716 ut

2039 4757 2227 4813 parum
2253 4741 2585 4815 intelligetis.

2111 4836 2246 4890 Aac.
2276 4832 2506 4890 Prorsus
2533 4832 2819 4906 intelligar,
2848 4835 2977 4898 velis
3003 4836 3143 4892 nolis
3176 4854 3188 4890 :
3217 4839 3316 4894 sed
3355 4846 3413 4894 tu
3435 4849 3624 4896 contra

2044 4923 2144 4983 ista
2167 4922 2302 4980 nihil
2329 4923 2589 4989 dicturus,
2617 4926 2832 4982 visnon
2860 4927 3077 4998 intelligi
3105 4928 3246 4998 quod
3277 4944 3376 5000 ego
3400 4931 3622 5000 verissi-

2043 5029 2187 5070 mum
2214 5021 2370 5084 atque
2402 5013 2763 5074 firmissimum
2793 5016 2902 5074 dixi
2937 5033 2951 5070 :
2977 5015 3206 5087 denique
3238 5034 3324 5075 res
3351 5019 3465 5090 ipSa
3488 5021 3625 5084 indi~

2039 5105 2203 5168 cavit,
2231 5105 2348 5160 luce
2372 5120 2403 5160 a
2429 5114 2614 5166 teneo
2644 5107 2884 5176 potuisse
2899 5107 3171 5178 redargui.
3367 5093 3369 5096 i
3481 5163 3502 5172 ,_

2113 5196 2402 5257 CXXXIX.
2431 5197 2552 5255 ιω..
2581 5198 2910 5268 Ostendique
2944 5199 3207 5270 maiorem
3258 5189 3649 5276 penepartem

2033 5295 2469 5344 .eommeutorum
2516 5295 2726 5344 tuorum
2754 5328 2770 5354 ,
2823 5289 3109 5361 grandiore
3165 5291 3386 5364 intelligi
3436 5292 3644 5359 labora_

2044 5396 2202 5452 quam
2227 5379 2386 5435 vinci.
3335 5410 3338 5414 -
3567 5441 3570 5444 _

2116 5473 2249 5526 Ave.
2284 5469 2350 5525 Et
2377 5469 2617 5536 laboras;
2647 5469 2790 5541 quod
2817 5472 2907 5529 tibi
2938 5481 3021 5530 est
3049 5475 3228 5544 pejus,
3269 5484 3319 5528 et
3373 5472 3622 5528 sinceris.

2046 5561 2160 5616 Non
2207 5571 2384 5616 tamen
2425 5560 2635 5617 laboras
2673 5570 2734 5622 ttt
2769 5579 2854 5618 me
2885 5564 3175 5634 intelligas,
3204 5563 3342 5632 quod
3374 5563 3624 5621 facillime

2048 5662 2233 5725 potes;
2257 5651 2351 5706 sed
2378 5651 2590 5708 laboras
2621 5661 2677 5707 ut
2703 5669 2787 5709 me
2819 5654 3050 5718 refellas,
3079 5652 3220 5729 quod
3248 5667 3353 5708 non
3379 5663 3550 5725 potes.

2120 5741 2275 5798 CXL.
2306 5736 2422 5797 ,Ιυιέζ
2457 5741 2563 5798 Sed
2601 5743 2644 5798 si
2683 5743 2733 5798 id
2777 5759 2869 5812 per
2911 5742 3112 5812 singula
3158 5741 3336 5800 facere
3367 5745 3642 5816 velim,__et.
