3962 6180
358 313 498 374 I303

354 426 544 483 eadem
573 422 861 496 repetendo
885 423 1212 492 superﬂuus,
1260 428 1314 475 et
1344 427 1532 475 cuncta
1574 417 1942 490 persequendo

356 520 543 591 longus
570 517 810 572 videbor.

430 612 564 667 Auo.
596 608 734 664 Ecce
763 603 1029 676 quomodo
1054 604 1189 675 agis,
1222 612 1282 658 ut
1323 602 1479 673 longe
1517 601 1735 657 recedat
1774 600 1945 656 lector

359 701 428 755 ab
458 700 541 756 his
558 714 678 769 qum
702 698 833 762 dixi,
859 706 912 751 et
946 706 999 750 te
1038 694 1348 766 repandisse
1376 695 1681 760 arbitretur,
1705 693 1829 747 dum
1855 708 1940 759 ea,

357 808 476 864 qua:
501 791 596 847 tibi
621 791 771 861 quasi
813 787 1101 843 refellenda
1133 802 1489 858 proposueras
1509 828 1525 853 ,
1557 786 1904 841 obliviscitur.

426 882 605 940 CXLI.
636 882 754 937 lue.
781 881 934 937 Unde
959 880 1201 951 quamvis
1243 880 1418 933 omnia
1462 894 1581 950 qua:
1620 886 1806 934 contra
1844 892 1944 932 nos

354 975 569 1030 edidisti
607 976 829 1045 scripta,
858 973 923 1028 ad
970 987 1135 1028 unum
1167 971 1325 1026 linem
1362 979 1666 1041 properent,
1697 970 1944 1024 videlicet

358 1077 415 1121 ut
444 1066 702 1120 naturalia
742 1064 877 1120 mala
919 1079 1041 1120 esse
1085 1062 1427 1133 persuadeas,
1469 1070 1523 1115 et
1551 1070 1641 1114 aut
1669 1059 1939 1113 diabolum

355 1157 631 1212 hominum
656 1199 671 1222 ,
710 1166 801 1211 aut
838 1156 1003 1211 Deum
1043 1155 1323 1210 criminum
1354 1153 1685 1208 conditorem
1718 1170 1731 1207 :
1765 1160 1940 1207 tamen

356 1255 485 1316 puto
523 1246 721 1317 aliquid
774 1246 1065 1317 procedere
1099 1244 1165 1299 ad
1202 1244 1436 1299 studium
1482 1242 1772 1307 brevitatis,
1805 1242 1941 1296 sica

356 1337 692 1407 potissimum
709 1335 1249 1409 argumenta,quibus
1278 1344 1441 1390 totam
1473 1345 1613 1389 tuam
1637 1335 1940 1404 opinionem

357 1429 496 1485 tueri
529 1439 600 1496 te,
626 1444 748 1484 cum
775 1428 1132 1494 obumbraris,
1175 1436 1329 1498 putas
1354 1426 1420 1481 de
1446 1425 1673 1481 diversis
1699 1428 1750 1480 in
1777 1441 1940 1480 unum

356 1521 597 1592 partibus
636 1534 1053 1592 congregavero,
1097 1534 1265 1589 eaque
1307 1518 1456 1588 prius
1491 1517 1703 1571 admota
1728 1517 1943 1587 exposi-

359 1614 503 1668 tione
546 1613 756 1682 juvero,
804 1620 862 1667 ut
898 1611 1025 1683 quid
1067 1618 1330 1667 conentur
1354 1618 1641 1679 appareat;
1672 1618 1792 1679 post
1816 1622 1944 1663 vero

357 1720 463 1760 non
490 1719 697 1778 sparsa,
726 1705 820 1761 sed
847 1704 1104 1769 collecta;
1137 1717 1243 1758 non
1276 1701 1534 1766 involuta.
1564 1698 1659 1756 sed
1683 1699 1942 1770 explicata

356 1811 639 1869 proruero.

428 1888 562 1944 Avo.
596 1885 820 1942 Mirabili
850 1885 1026 1942 studio
1055 1884 1329 1941 brevitatis
1361 1892 1485 1939 octo
1513 1882 1679 1939 libros
1707 1881 1797 1937 uni
1823 1896 1944 1938 meo

356 1978 557 2045 reddis,
603 1993 761 2049 quem
810 1991 910 2032 nec
954 1985 1097 2031 tanta
1127 1975 1446 2045 multiloquii
1479 1974 1785 2045 prolixitate
1809 1987 1943 2027 eon-

356 2069 529 2124 vellis.
566 2069 660 2124 Die
686 2083 847 2132 nunc,
875 2068 922 2123 si
952 2075 1124 2138 potes,
1146 2066 1419 2137 quomodo
1446 2079 1552 2121 non
1576 2063 1755 2120 dicere
1781 2078 1944 2134 coga-

356 2161 485 2215 mini
499 2158 732 2226 Christo,
751 2167 807 2214 et
825 2158 869 2213 si
888 2173 994 2214 non
1011 2156 1210 2224 verbis,
1227 2164 1376 2212 certe
1393 2156 1524 2228 ipsis
1540 2154 1806 2226 perversis
1821 2168 1947 2209 sen-

358 2251 506 2305 sibus
522 2250 714 2305 vestris
736 2266 749 2303 :
775 2249 835 2305 Si
854 2249 989 2321 quod
1006 2250 1220 2319 perierat
1234 2264 1459 2320 quarrere
1472 2255 1518 2301 et
1537 2247 1733 2302 salvere
1746 2245 1941 2310 venisti,

357 2340 425 2393 ad
467 2340 705 2410 parvulos
732 2356 834 2395 non
859 2340 1052 2394 uenisti.
1079 2338 1178 2393 Isti
1204 2354 1296 2393 nec
1318 2338 1589 2409 perierant,
1621 2346 1669 2391 et
1692 2335 1818 2390 salvi
1838 2336 1947 2390 nati

355 2440 472 2485 sunt
493 2448 512 2485 :
532 2430 657 2484 uade
674 2432 742 2485 ad
762 2432 1009 2501 majores;
1035 2428 1282 2484 deluerbis
1311 2428 1411 2483 tuis
1430 2428 1519 2481 tibi
1538 2425 1908 2498 praescribimus
1924 2440 1945 2481 .'

362 2542 382 2575 ς
411 2522 461 2577 Ν
465 2540 530 2577 οη
552 2531 625 2577 est
651 2539 779 2594 apus
797 2523 935 2577 sanis
954 2521 1194 2585 medicus,
1218 2522 1310 2576 sed
1328 2521 1460 2574 male
1480 2517 1774 2573 habentibus
1797 2535 1817 2571 ι
1843 2515 1947 2586 (De

366 2614 575 2685 Nuptiis
594 2623 642 2669 et
662 2612 1097 2685 Concupiscentia,
1124 2613 1211 2668 lib.
1234 2613 1287 2678 2,
1309 2629 1361 2666 n.
1381 2611 1457 2683 9).
1484 2611 1564 2667 Ad
1596 2611 1695 2666 ista
1721 2625 1948 2681 respon-

357 2704 426 2761 de
455 2723 469 2760 :
495 2705 621 2777 quid
642 2705 791 2760 vanis
812 2719 936 2760 vera
968 2704 1239 2761 involvere
1264 2713 1317 2759 et
1337 2703 1609 2759 occultare
1629 2702 1875 2758 conaris?

430 2793 634 2852 CXLII.
656 2795 779 2851 Jun.
801 2795 858 2850 In
886 2795 1224 2851 inferioribus
1248 2794 1427 2865 itaque
1451 2794 1571 2849 libri
1602 2794 1676 2849 tui
1704 2793 1946 2865 partibus

356 2896 636 2960 postquam
659 2888 862 2954 dixisti,
886 2886 977 2944 Sic
1001 2896 1135 2941 creat
1153 2886 1314 2940 motos
1334 2885 1754 2956 Deus,quomodo
1782 2886 1944 2957 pascit

354 2988 405 3033 et
430 2979 584 3033 nutrit
608 2978 805 3043 malos;
833 2977 987 3033 addis
1011 2995 1025 3032 :
1049 2975 1183 3042 Quia
1214 2976 1351 3048 quod
1379 2976 1449 3030 eis
1474 2976 1693 3030 creando
1722 2975 1894 3029 tribuit
1925 3016 1943 3043 ,

354 3075 426 3129 ad
453 3083 650 3129 natura:
677 3072 889 3143 pertth
915 3071 1215 3135 bonitatem;
1242 3078 1290 3125 et
1313 3067 1450 3140 quod
1486 3068 1560 3122 eis
1602 3067 1855 3139 pascendo
1898 3076 1946 3121 et

356 3164 624 3219 nutriendo
654 3163 742 3215 dat
766 3163 1149 3225 incrementum,
1181 3175 1282 3214 non
1307 3159 1477 3229 utique
1501 3158 1711 3213 malitia:
1724 3173 1901 3212 eorum
1924 3198 1942 3225 ,

356 3254 446 3309 sed
487 3253 645 3308 eidem
686 3253 832 3307 bona
866 3260 1065 3306 natura:
1083 3291 1099 3317 ,
1137 3264 1290 3321 quam
1324 3249 1508 3303 creauit
1536 3247 1718 3315 bonus,
1759 3247 1945 3301 bonum

356 3343 530 3399 tribuit
556 3344 923 3416 adjumentum.
969 3340 1039 3397 In
1080 3349 1321 3411 quantum
1349 3340 1485 3394 enim
1522 3338 1747 3392 homines
1778 3345 1896 3392 sunt
1925 3377 1943 3402 ,

359 3436 544 3492 δοηαιη
586 3443 656 3488 est
699 3442 918 3499 naturae,
949 3432 1096 3502 cujus
1121 3439 1296 3484 auctor
1320 3437 1394 3485 est
1424 3428 1561 3483 Deus
1582 3443 1603 3482 :
1621 3428 1676 3481 in
1701 3435 1946 3499 quantum

356 3534 529 3580 utam
552 3540 667 3577 cunt
690 3532 893 3593 peccato
916 3529 1213 3587 nascuntur,
1248 3518 1458 3590 perituri
1478 3518 1525 3571 si
1547 3533 1649 3571 non
1672 3532 1947 3571 renascun-

359 3626 444 3669 tur
469 3616 510 3681 ⁸,
531 3614 600 3668 ad
624 3630 791 3669 semen
816 3612 1032 3683 pertinet
1070 3610 1399 3665 nsaledictum
1417 3610 1481 3664 ab
1497 3609 1640 3663 initio
1662 3608 1818 3680 (Sep.
1845 3623 1943 3675 sit,

360 3706 478 3777 ll),
507 3705 649 3760 illius
670 3705 893 3776 antiqua!
912 3702 1259 3758 inobedieutiat
1286 3702 1425 3758 uitio.
1457 3701 1569 3768 Quo
1590 3702 1612 3734 '
1632 3710 1799 3756 tamen
1823 3699 1945 3755 bene

358 3800 521 3857 utitur
546 3796 884 3878 faetor‘etiam
908 3810 1144 3851 vasorum
1164 3795 1276 3863 ira,
1305 3803 1362 3849 ut
1384 3802 1534 3849 notas
1563 3793 1720 3866 faciat
1744 3791 1945 3847 diuitias

358 3892 538 3966 gloria:
558 3905 666 3946 sua
691 3889 743 3943 in
767 3888 900 3944 vasis
937 3886 1331 3953 niisericordite;
1375 3895 1431 3940 ut
1466 3903 1569 3941 non
1612 3884 1804 3940 meritis
1836 3884 1945 3940 suis

359 3984 569 4051 tribuat,
597 3983 643 4037 si
664 3983 735 4036 ad
754 3980 981 4037 eaindem
1015 3995 1234 4036 massam
1256 3979 1466 4050 quisque
1493 3979 1747 4050 pertinens
1777 3978 1945 4050 gratia

360 4075 613 4140 liberetur,
638 4074 728 4130 sed
745 4075 831 4149 qui
857 4074 1126 4146 gloriatur,
1149 4074 1204 4127 in
1230 4072 1447 4127 Domino
1464 4073 1707 4143 glorietur
1729 4072 1794 4145 (II
1819 4071 1941 4127 Cor.

358 4184 417 4238 ι,
446 4169 556 4241 I7).
585 4169 660 4223 Ab
685 4170 781 4224 hac
818 4167 922 4238 ﬁde
952 4168 1048 4222 iste
1080 4166 1361 4234 discedens,
1401 4181 1503 4221 non
1540 4166 1644 4221 uult
1687 4175 1944 4222 nascentes

358 4278 467 4319 esse
487 4262 581 4317 sub
606 4261 828 4325 diabolo,
860 4275 927 4313 ne
950 4258 1148 4329 paruuli
1184 4266 1444 4329 portentur
1478 4257 1546 4310 ad
1580 4256 1859 4325 Christum,
1889 4265 1944 4311 ut

358 4362 606 4411 eruantur
632 4370 665 4406 a
693 4361 939 4425 potestate
961 4348 1296 4413 tenebrarum,
1322 4356 1369 4402 et
1391 4352 1761 4420 transferantur
1782 4350 1837 4403 in
1863 4365 1943 4404 re-

359 4463 515 4521 gnum
551 4446 713 4518 ipsius
750 4443 967 4515 (Coloss.
999 4458 1057 4512 t,
1089 4438 1200 4513 13).
1230 4439 1299 4494 Et
1325 4440 1398 4495 sic
1430 4438 1707 4494 Ecclesium
1740 4450 1944 4495 accusat

358 4547 467 4596 toto
489 4537 607 4593 orbe
630 4536 871 4605 dilusam
890 4577 906 4604 ,
933 4536 987 4590 in
1012 4550 1113 4607 qua
1136 4534 1316 4606 ubique
1336 4548 1506 4587 omnes
1536 4532 1829 4603 baptizandi
1860 4534 1941 4588 in-

362 4628 551 4698 !antuti
587 4642 688 4681 non
730 4626 791 4681 ob
834 4625 978 4680 aliud
1001 4624 1348 4696 παραλίαν,
1374 4621 1475 4680 nisi
1502 4630 1556 4677 ut
1581 4621 1647 4677 ab
1672 4622 1744 4677 eis
1767 4622 1946 4677 mundi

361 4720 597 4791 princeps
626 4718 849 4775 mittatur
874 4717 1014 4786 [oras
1047 4716 1148 4788 (De
1174 4715 1384 4786 Nuptiis
1413 4726 1460 4771 et
1488 4714 1903 4785 Coucupiscentia
1927 4756 1941 4781 ,

360 4812 451 4868 tib.
479 4810 535 4877 2,
578 4826 669 4865 nn.
720 4809 813 4874 52.
859 4809 971 4878 33).
1027 4808 1155 4865 Item
1201 4808 1452 4864 deorsum
1490 4806 1559 4864 de
1605 4807 1827 4865 libidine
1864 4808 1945 4863 lo-

357 4917 550 4974 quens,
568 4902 684 4959 sine
703 4915 806 4972 qua
833 4902 1116 4972 conjugum
1138 4913 1243 4954 non
1268 4908 1441 4968 potest
1463 4913 1584 4955 esse
1608 4899 1942 4967 commixtio,

358 5010 519 5068 quam
546 5010 645 5053 nos
670 4993 985 5057 naturalem,
1011 5001 1065 5049 et
1088 4991 1155 5047 sd
1185 4991 1282 5047 Dei
1310 5005 1528 5062 operum
1554 4993 1908 5063 pertinentem
1925 5034 1943 5059 ,

360 5101 469 5144 non
505 5095 563 5141 ut
603 5100 851 5158 magnum
888 5083 1101 5156 aliquod
1141 5083 1362 5149 bonum,
1390 5082 1484 5138 sed
1506 5090 1564 5137 ut
1583 5097 1802 5139 sensum
1825 5098 1947 5139 etr-

358 5193 573 5251 porum,
614 5191 733 5247 quas
774 5185 898 5231 sunt
924 5191 956 5231 a
984 5176 1093 5231 Deo
1122 5173 1280 5238 facta,
1306 5171 1663 5240 defendimus,
1691 5189 1852 5245 quam
1886 5181 1947 5231 tu

362 5274 583 5329 inditam
611 5270 903 5327 visceribus
930 5269 1180 5328 humanis
1207 5284 1239 5324 s
1271 5269 1504 5336 diabolo,
1536 5269 1591 5325 in
1630 5269 1749 5340 ejus
1787 5284 1943 5328 vere-

362 5366 549 5424 rundia
574 5359 812 5436 "dogma
843 5370 990 5417 tuum
1028 5360 1298 5419 eolloeans
1320 5400 1337 5428 ,
1379 5368 1486 5416 tam
1522 5360 1705 5417 multis
1732 5362 1945 5430 scriptis

426 5484 445 5517 ί
478 5480 644 5548 μασι,
684 5475 1117 5548 glemegt._a'i_tie.,
1151 5475 1403 5548 pagum,
1447 5476 1518 5548 sic
1540 5481 1675 5548 putat
1720 5486 1833 5548 esse
1870 5473 1945 5525 le-

362 5544 578 5612 gendum
599 5538 665 5595 ex
687 5541 812 5612 libro
849 5539 882 5592 2
915 5539 981 5589 de
1002 5538 1167 5601 Nupt.’
1188 5538 1244 5587 e't
1267 5538 1679 5600 concupiscentia.
1747 5544 1801 5584 ts.

364 5603 390 5612 '
426 5608 447 5638 ι
468 5612 594 5664 κει,
613 5603 758 5665 quod.
1085 5659 1097 5671 ο
1424 5657 1434 5668 _

359 5665 452 5783 tu:
481 5666 783 5730 γεραίρων
805 5669 943 5730 atque
965 5659 1017 5715 in
1048 5672 1153 5725 αμα
1177 5660 1479 5713 verecundia.
1522 5658 1684 5722 Abest,
1726 5663 1885 5723 atque,
1916 5672 1941 5707 a

1796 5826 1894 5834 .-—-_

1058 307 1300 367 OPERIS
1338 305 1745 365 IMPERFECTI
1782 306 2057 365 CONTRA
2094 307 2454 380 JULI‘ANUM,
2495 312 2551 366 S.
2594 310 2952 369 AUCUSTINI

3488 319 3626 380 I304

2044 420 2254 476 conaris
2274 435 2517 476 asserere
2546 439 2557 475 :
2590 421 2657 477 de
2683 424 2792 491 ipsa
2812 439 2941 494 ergo
2962 423 3196 489 libidine,
3222 425 3358 481 sicut
3378 426 3629 499 frequen-

2047 519 2166 579 ter,
2228 511 2300 566 ita
2344 514 2505 567 etiam
2571 514 2821 571 inferiore
2860 524 3007 585 parte
3057 516 3174 571 libri
3227 517 3301 571 tui
3348 519 3625 590 loqueris:

2050 600 2324 667 Quocirca,
2354 603 2548 669 innuis,
2577 606 2977 659 commuttionem
3004 622 3198 677 quoque
3222 607 3481 669 honestam
3510 628 3630 666 con-

2035 690 2222 761 jugunt
2248 709 2348 747 non
2375 694 2783 762 reprehendimus
2803 705 3009 767 propter
3037 698 3325 765 pudendam
3363 717 3632 771 corporum

2049 782 2323 838 libidinem.
2357 784 2463 840 Illa
2492 788 2623 841 enim
2653 799 2818 858 posset
2843 807 2947 844 esse
2983 792 3124 843 nulla
3170 794 3481 861 pra'cedente
3519 813 3631 863 pcr-

2048 876 2322 944 petratione
2349 887 2557 947 peccati,
2591 877 2655 934 de
2677 896 2778 952 qua
2806 897 2905 935 non
2959 883 3299 937 erubescerent
3331 886 3589 957 conjngati
3612 904 3632 941 .'

2048 964 2156 1019 lucc
2187 974 2352 1020 autem
2384 978 2557 1022 exorta
2584 979 2656 1023 est
2685 980 2795 1037 post
2820 982 3081 1041 peccatum
3099 1012 3115 1037 ,
3142 989 3292 1042 quam
3332 978 3491 1027 coacti
3516 987 3633 1030 sunt

2048 1054 2213 1109 velare
2250 1059 2452 1129 confusi
2483 1058 2631 1131 (Cen.
2661 1076 2738 1125 tu,
2768 1062 2843 1129 7).
2877 1060 3025 1116 Unde
3058 1065 3296 1116 remansit
3341 1068 3630 1133 posteriori-

2047 1146 2138 1201 bus
2169 1151 2481 1220 conjugatis,
2526 1154 2748 1220 quamvis
2791 1155 2884 1208 hoc
2928 1156 3063 1209 malo
3092 1156 3215 1210 bene
3238 1168 3283 1210 et
3313 1159 3448 1211 licite
3477 1171 3627 1213 uten-

2048 1236 2208 1302 tibus,
2239 1239 2292 1293 in
2317 1241 2564 1311 ejusmodi
2597 1260 2749 1313 apere
2782 1244 3060 1299 humanum
3090 1248 3247 1302 vitare
3268 1261 3586 1318 conspectum
3613 1293 3629 1316 ,

2047 1336 2197 1393 atque
2238 1330 2307 1382 ita
2345 1333 2573 1399 confiteri
2607 1333 2742 1403 quod
2782 1335 3075 1405 pudendum
3116 1348 3209 1401 est,
3242 1356 3354 1392 cunt
3386 1343 3633 1396 neminem

2048 1418 2224 1473 debeat
2248 1421 2455 1489 pudere,
2482 1424 2615 1490 quod
2644 1424 2826 1478 bonum
2854 1435 2947 1481 est.
2994 1424 3217 1482 Proinde
3240 1430 3477 1499 pudenda
3515 1432 3633 1485 tibi-

2049 1509 2185 1574 dine,
2208 1513 2291 1579 qui
2313 1513 2447 1567 licite
2471 1518 2751 1570 concuntbit
2772 1558 2787 1581 ,
2816 1518 2949 1571 malo
2974 1518 3096 1572 bene
3129 1520 3286 1573 utitur
3312 1536 3331 1575 :
3351 1523 3436 1590 qui
3459 1533 3633 1576 autem

2048 1600 2243 1669 illicite,
2266 1603 2400 1657 malo
2428 1604 2560 1660 male
2580 1606 2735 1661 utitur
2754 1606 2857 1679 (De
2887 1606 3095 1677 Nuptiis
3121 1619 3168 1662 ct
3188 1608 3629 1681 Concupiscentia,

2049 1691 2137 1746 lib.
2165 1693 2222 1761 2,
2245 1711 2297 1748 n.
2321 1694 2433 1766 56).

2120 1783 2255 1840 Avo.
2283 1784 2458 1853 Quare
2484 1794 2566 1841 est
2590 1786 2886 1859 interrupta
2918 1791 3200 1857 sententia,
3231 1801 3286 1847 et
3310 1793 3631 1863 quibusdam

2049 1875 2457 1944 praetermissis,
2504 1886 2752 1949 tanquam
2803 1880 2905 1937 hoc
2948 1892 3283 1952 sequeretur,
3323 1885 3633 1955 adjunctum

2048 1974 2151 2033 est,
2180 1965 2403 2022 Proinde
2431 1970 2668 2037 pudenda
2698 1973 2926 2041 libidine,
2959 1984 3089 2039 etc.,
3122 1979 3479 2045 prmtermissa
3510 1988 3637 2032 sunt

2047 2067 2226 2113 autem
2265 2061 2425 2115 verba
2470 2076 2625 2129 mea,
2676 2063 2763 2118 ubi
2806 2065 3005 2119 dictum
3048 2078 3151 2132 est,
3196 2068 3285 2122 Sic
3312 2070 3638 2124 insinuantur

2050 2148 2156 2202 hac
2181 2149 2302 2214 duo,
2328 2159 2375 2203 et
2401 2150 2587 2205 bonum
2626 2152 2902 2208 laudamla:
2941 2157 3335 2227 conjunctionis,
3369 2160 3504 2212 unde
3538 2162 3637 2229 [itii

2048 2250 2373 2309 generantur,
2416 2250 2463 2295 et
2492 2243 2680 2297 malum
2709 2245 2960 2315 pudenda:
2988 2246 3244 2312 libidinis,
3274 2250 3407 2303 unde
3434 2251 3520 2313 qui
3544 2266 3636 2321 ge-

2050 2340 2308 2398 nerantur,
2330 2334 2662 2405 regenerandi
2679 2346 2795 2389 sunt
2813 2353 2875 2390 ne
2893 2337 3194 2391 damnentur
3213 2337 3265 2410 (I
3270 2340 3401 2410 bid.)
3417 2341 3441 2392 τ
3460 2340 3639 2409 Quare

2050 2421 2151 2477 ista
2174 2422 2335 2478 verba
2375 2439 2492 2479 mea
2528 2427 2596 2481 de
2635 2425 2813 2482 media
2850 2428 3112 2483 sententia
3161 2444 3280 2485 mea
3322 2430 3592 2486 subtrahis
3618 2474 3636 2496 ,

2049 2512 2233 2585 eisque
2260 2515 2549 2571 subtractis
2570 2517 2672 2572 alia
2698 2534 2837 2585 mea,
2865 2520 3014 2590 quasi
3045 2522 3156 2591 ipsa
3195 2534 3515 2594 sequantur,
3540 2524 3638 2580 ad-

2044 2602 2257 2674 iungis?
2303 2605 2439 2674 Quid
2486 2617 2568 2663 est
2605 2610 2747 2679 quod
2789 2610 2955 2667 facis?
2983 2627 3079 2667 cur
3110 2612 3211 2668 hoc
3241 2613 3407 2669 facis?
3437 2615 3636 2672 Parum

2049 2706 2132 2753 est
2155 2698 2297 2767 quod
2323 2714 2406 2765 ea,
2437 2715 2557 2771 qua:
2583 2701 2675 2758 tibi
2704 2717 2770 2757 ex
2797 2703 2987 2759 eodem
3015 2704 3150 2760 libro
3190 2722 3312 2761 meo
3338 2722 3403 2762 ex
3444 2708 3637 2764 ordine

2050 2804 2406 2859 proposueras
2436 2792 2748 2858 refellenda,
2778 2794 3022 2861 dimittis,
3053 2804 3109 2851 et
3135 2798 3186 2851 in
3212 2797 3316 2851 alia
3345 2800 3541 2869 pergis,
3574 2809 3639 2855 ut

2049 2878 2181 2935 ordo
2209 2880 2482 2950 turbetur,
2526 2892 2579 2943 ct
2624 2884 2765 2955 quod
2806 2900 2839 2940 a
2885 2894 2936 2943 te
2973 2888 3298 2957 propositum
3339 2888 3539 2955 fuerat,
3566 2890 3638 2945 de

2050 2969 2266 3027 lectoris
2305 2976 2560 3031 memoria
2589 2975 2854 3031 dilabatur
2882 2995 2896 3031 :
2926 2978 3143 3048 insuper
3170 2988 3223 3034 et
3248 2996 3309 3035 ea
3340 2996 3457 3050 qua:
3494 2998 3634 3050 pra:-

2051 3070 2134 3118 ter
2156 3063 2420 3132 ordinem,
2452 3074 2509 3120 ut
2532 3066 2625 3121 tibi
2655 3066 2859 3123 libitum
2887 3078 2969 3123 est
2992 3111 3007 3134 ,
3040 3071 3356 3140 interponis,
3390 3090 3495 3129 non
3525 3085 3637 3128 tota

2050 3162 2105 3211 et
2129 3157 2330 3228 integra
2361 3156 2590 3216 ﬁdeliter
2617 3160 2769 3229 ponis
2789 3200 2807 3227 ,
2846 3160 2941 3216 sed
2980 3162 3216 3218 concidis
3248 3164 3335 3217 ubi
3364 3165 3461 3226 vis,
3491 3166 3638 3220 tollis

2049 3246 2192 3317 quod
2219 3248 2319 3317 vis,
2337 3249 2520 3320 iungis
2542 3251 2814 3319 quomodo
2836 3250 2917 3306 vis
2942 3270 2956 3306 :
2984 3252 3077 3307 sed
3109 3252 3191 3308 t‘ae
3217 3254 3469 3326 quidquid
3518 3256 3636 3321 vis;

2048 3341 2323 3395 convictus
2350 3350 2406 3396 et
2431 3342 2603 3398 victus
2629 3344 2932 3414 apparebis,
2964 3353 3021 3400 ut
3044 3361 3151 3404 non
3179 3349 3279 3401 vis.

2119 3430 2345 3487 CXLIII.
2397 3432 2515 3488 σιω..
2563 3434 2781 3490 Rectius
2817 3437 2961 3491 enim
3015 3438 3209 3510 accipit
3264 3456 3457 3493 nomen
3507 3442 3637 3497 mali

2048 3536 2209 3593 quam
2234 3523 2358 3580 boni
2389 3524 2529 3580 unde
2552 3526 2872 3582 erubescunt
2918 3528 3041 3582 mali
3067 3538 3123 3583 et
3152 3531 3308 3594 boni;
3340 3531 3638 3603 meliusque

2048 3615 2319 3673 credimus
2337 3617 2613 3687 Apostolo,
2627 3619 2718 3689 qui
2736 3619 2885 3684 dicit,
2911 3620 3045 3686 Quia
3072 3639 3173 3675 non
3197 3623 3388 3679 habitat
3407 3625 3459 3679 in
3482 3642 3637 3680 carne

2048 3723 2162 3762 mea
2195 3707 2383 3762 bonum
2418 3707 2595 3780 (Rom.
2626 3725 2719 3777 vn,
2749 3710 2863 3783 l8),
2902 3726 3060 3783 quam
3088 3712 3232 3781 huic,
3260 3715 3348 3784 qui
3380 3714 3481 3771 hoc
3504 3715 3638 3773 dicit

2049 3796 2271 3857 bonum.

2120 3890 2255 3947 Atta.
2285 3890 2399 3946 Non
2424 3900 2542 3948 erat
2565 3907 2837 3962 magnum,
2863 3902 2919 3950 et
2946 3894 3103 3955 istam
3128 3896 3198 3952 de
3228 3896 3363 3951 libro
3385 3914 3503 3955 meo
3528 3899 3635 3954 im-

2050 3982 2199 4054 plere
2220 3985 2558 4043 sententiam.
2588 3987 2701 4058 Ego
2725 3989 2867 4045 enim
2895 3988 3001 4045 dixi
3028 4008 3041 4044 :
3070 3992 3235 4058 Quam
3265 3994 3402 4059 huic,
3428 3996 3511 4064 qui
3537 3996 3640 4049 hoc

2048 4073 2181 4133 dixit
2203 4074 2410 4142 bonum,
2440 4076 2578 4131 unde
2603 4079 2649 4133 si
2674 4080 3020 4150 confunditur,
3047 4084 3315 4153 conﬁtetur
3340 4087 3529 4140 naulum
3548 4103 3567 4151 ;
3587 4089 3639 4140 si

2048 4172 2217 4219 autem
2239 4181 2341 4219 non
2365 4166 2726 4236 confunditur,
2749 4169 2893 4224 addit
2918 4171 3249 4242 impudentia:
3274 4177 3419 4247 pejus
3443 4176 3638 4231 ntaluns

2053 4256 2155 4329 (De
2180 4256 2391 4327 Nuptiis
2411 4267 2459 4314 et
2482 4257 2919 4331 Concupiscentia,
2944 4263 3100 4331 [ξω.
3120 4283 3174 4320 n.
3191 4266 3305 4336 36).
3323 4267 3427 4323 Sed
3452 4270 3639 4325 nescio

2049 4363 2147 4406 cur
2171 4348 2286 4404 haec
2312 4365 2418 4405 non
2448 4351 2714 4422 posueris,
2741 4367 2863 4410 cum
2907 4353 3151 4410 similiter
3189 4357 3268 4411 eis
3310 4372 3498 4426 posses
3524 4376 3635 4414 non

2050 4440 2376 4510 respondere
2400 4441 2440 4509 ⁸,
2462 4441 2603 4497 sicut
2623 4442 2765 4511 aliis,
2792 4459 2910 4515 qua:
2936 4453 3187 4517 tanquam
3217 4448 3502 4506 refellenda
3532 4466 3640 4521 po-

2048 4532 2224 4599 snisti,
2255 4548 2355 4589 nec
2378 4533 2638 4605 attingere
2662 4535 2895 4592 voluisti.

2119 4623 2347 4681 CXLIV.
2390 4626 2512 4682 lus.
2558 4626 2624 4681 Et
2663 4636 2788 4698 post
2827 4628 3097 4686 modicum
3145 4630 3301 4688 addis
3332 4649 3345 4686 :
3381 4634 3638 4700 Quoniam

2049 4724 2235 4771 natura
2272 4718 2497 4773 humana
2532 4734 2647 4788 quas
2686 4720 2909 4774 nascitur
2937 4722 3015 4776 vel
3042 4721 3105 4776 de
3130 4724 3368 4795 conjugio
3387 4767 3403 4791 ,
3454 4728 3529 4780 uel
3570 4728 3639 4781 de

2047 4808 2298 4865 adulterio
2316 4849 2331 4875 ,
2369 4807 2468 4864 Dei
2488 4826 2617 4881 opus
2643 4820 2737 4865 est.
2772 4810 2901 4878 Quae
2926 4813 2971 4866 si
2996 4812 3188 4867 malum
3213 4823 3360 4882 esset,
3385 4833 3484 4869 non
3506 4828 3639 4872 esset

2047 4900 2366 4971 generando;
2405 4900 2452 4955 si
2479 4900 2668 4955 malum
2715 4918 2816 4955 non
2861 4902 3085 4969 haberet,
3131 4921 3233 4958 non
3269 4921 3395 4960 esset
3425 4924 3635 4978 regene-

2048 4991 2213 5046 randa
2234 5006 2255 5045 :
2273 5000 2422 5061 atque
2444 5000 2498 5044 ut
2523 4991 2592 5045 ad
2612 5008 2767 5045 unum
2790 4992 2991 5046 verbum
3019 5005 3287 5066 utrumque
3308 4998 3634 5065 concludam,

2050 5091 2233 5137 natura
2272 5083 2495 5138 humana
2534 5084 2580 5138 si
2614 5084 2806 5139 malum
2829 5096 2977 5148 esset,
3005 5088 3251 5141 saloanda
3278 5105 3379 5143 non
3406 5099 3568 5153 esset;
3589 5091 3641 5144 si

2050 5175 2097 5230 ei
2124 5174 2248 5229 mali
2274 5173 2405 5230 nihil
2430 5175 2639 5242 inesset,
2668 5175 2916 5231 salvanda
2942 5194 3043 5231 non
3071 5188 3219 5233 esset.
3252 5179 3355 5245 Qui
3377 5197 3494 5250 ergo
3513 5182 3642 5236 dicit

2050 5283 2163 5321 eam
2185 5267 2370 5321 bonum
2396 5284 2497 5322 non
2523 5284 2649 5333 esse,
2676 5268 2863 5323 bonum
2901 5280 3049 5341 negat
3073 5271 3293 5326 condita:
3315 5285 3589 5328 creatorem
3618 5292 3642 5329 :

2050 5358 2137 5427 qui
2165 5374 2279 5412 uero
2316 5368 2463 5429 negat
2504 5359 2551 5411 ei
2596 5360 2787 5414 malum
2826 5361 3009 5423 inesse,
3048 5363 3420 5421 misericordem
3452 5368 3643 5421 uitiati:

2050 5452 2236 5505 invidet
2262 5452 2581 5505 salvatorem.
2617 5451 2937 5522 Quapmpter
2974 5455 3025 5508 in
3060 5454 3344 5512 hominibus
3382 5460 3643 5512 nascenti-

2052 5544 2162 5606 bus,
2193 5558 2280 5595 ncc
2306 5542 2595 5595 excusanda
2609 5553 2723 5595 sunt
2743 5542 2993 5597 adulteria
3021 5562 3109 5614 per
3127 5545 3331 5613 bonum,
3360 5550 3495 5620 quod
3517 5550 3645 5603 inde

2118 5719 2132 5750 ι
2158 5720 2229 5769 Sic
2250 5722 2353 5767 uss.
2384 5724 2437 5766 Αι
2461 5719 2617 5776 \‘ign..
2640 5715 2707 5767 eis
2740 5727 2833 5768 non
2852 5728 3015 5785 posses
3039 5718 3342 5780 respomlere.
