3962 6180
319 319 462 377 1305

315 446 353 485 α
379 431 639 486 conditore
682 431 810 485 bono
855 439 1078 484 creatum
1120 439 1212 495 est,
1244 445 1330 483 nec
1355 427 1640 482 accusanda
1663 429 1899 498 conjugt'a

321 537 410 591 per
435 519 646 589 malum,
676 521 813 592 quod
835 520 906 575 ibi
938 537 971 574 a
997 520 1317 574 miserit-crde
1341 522 1589 574 salvatore
1614 529 1687 574 est
1712 536 1903 573 sanan-

319 611 443 665 dum
489 610 592 682 (De
639 609 849 681 Nuptiis
887 620 932 664 et
973 609 1423 680 Concupiscentia,
1466 611 1554 664 lib.
1594 610 1663 674 2,
1700 627 1752 663 η.
1787 609 1899 680 56).

315 699 444 756 Ιιιιιο
493 709 601 754 tam
650 702 813 755 multa
863 718 982 771 quae
1024 701 1091 756 de
1140 702 1243 755 tuis
1286 701 1494 770 scriptis
1535 701 1722 769 posui,
1771 716 1906 770 quo-

313 791 460 846 niam
488 794 504 824 ¹
551 793 806 864 grandem
857 794 908 847 in
959 792 1042 848 his
1085 807 1376 847 arrumnam
1407 793 1741 862 cogitationis
1784 807 1904 862 per-

313 883 546 947 tuleras,
576 893 632 938 ut
660 892 814 937 acute
843 883 1039 953 aliquid
1065 883 1242 938 dicere
1270 883 1559 947 videreris,
1585 893 1636 938 et
1665 899 1729 936 ex
1755 897 1903 937 more

308 981 530 1037 nostro,
571 988 679 1043 quo
724 984 936 1030 versute
980 973 1110 1027 nihil
1155 974 1400 1044 agimus,
1447 982 1501 1028 et
1547 989 1616 1028 ex
1663 973 1902 1028 veritatis

310 1063 642 1132 securitate,
695 1065 944 1135 quoniam
997 1075 1098 1120 tuts
1151 1066 1487 1121 sermonibus
1535 1067 1621 1120 vix
1682 1065 1900 1134 intelligi

309 1163 549 1222 queunt,
603 1167 784 1211 nostra
835 1165 1047 1226 oportet
1112 1157 1427 1228 repetitione
1485 1156 1755 1227 distingui.
1808 1156 1898 1210 Di-

310 1244 434 1298 xisti
473 1261 634 1316 ergo,
682 1247 1000 1304 Manichtcos
1041 1251 1216 1304 carnis
1261 1250 1562 1319 vituperare
1611 1259 1851 1304 naturam
1881 1290 1896 1316 ,

307 1342 470 1403 atque
498 1349 740 1393 asserere
769 1336 1039 1394 hominem
1067 1341 1256 1394 factum
1283 1355 1348 1393 ex
1377 1341 1751 1394 commixtione
1771 1339 1902 1393 dua-

309 1439 430 1478 rum
462 1433 792 1491 naturarum,
825 1428 980 1482 unius
1007 1430 1177 1486 bona).
1207 1429 1424 1485 alterius
1452 1431 1604 1484 malae
1637 1449 1650 1484 :
1680 1445 1778 1484 nos
1799 1447 1897 1482 au-

310 1521 440 1579 tem,
468 1529 600 1585 quos
629 1515 910 1572 hrcreticos
938 1532 1116 1584 vocas,
1144 1518 1324 1574 dicere
1353 1535 1383 1573 a
1411 1521 1552 1574 bono
1575 1520 1684 1574 Deo
1708 1519 1897 1574 condi-

309 1612 416 1657 tam
438 1605 721 1662 humanam
752 1616 990 1662 naturam
1014 1610 1316 1664 testimonio
1332 1611 1566 1665 auctoris
1580 1610 1660 1664 sui
1681 1610 1894 1676 bonam,

310 1694 364 1747 in
408 1695 691 1752 infantibus
717 1699 788 1753 ita
815 1714 932 1755 esse
959 1714 1173 1767 sanam,
1215 1711 1272 1755 ut
1306 1701 1503 1756 Christi
1537 1717 1639 1756 non
1670 1701 1898 1756 habeant

310 1787 663 1841 necessariam
693 1789 1006 1843 medicinam
1033 1807 1046 1843 :
1074 1799 1125 1846 te
1149 1799 1326 1846 autem
1357 1791 1536 1847 dicere
1559 1791 1750 1846 bonam
1779 1791 1897 1862 qui:

305 1874 432 1929 dem
461 1891 490 1930 a
519 1877 627 1933 Deo
653 1879 794 1934 bono
820 1881 1086 1936 conditam
1108 1881 1391 1952 aliquando
1409 1883 1538 1937 Ada:
1560 1883 1721 1938 fuisse
1743 1893 1895 1936 natu-

306 1980 458 2031 ram;
485 1967 579 2023 sed
606 1978 780 2024 tamen
804 1980 1022 2040 peccato
1049 1987 1169 2027 esse
1195 1972 1455 2038 vitiatam,
1483 1981 1536 2027 et
1558 1973 1676 2027 ideo
1694 1972 1893 2027 Christi

305 2056 545 2128 indigere
573 2061 833 2115 medicina
861 2061 1070 2132 (Ibid.).
1098 2061 1152 2116 In
1169 2063 1340 2131 primo
1360 2063 1574 2133 quidem
1600 2063 1734 2116 libro
1759 2077 1892 2130 prm-

302 2149 474 2204 seutis
497 2151 698 2220 operis,
730 2166 888 2221 quam
911 2152 1054 2207 nullo
1074 2153 1295 2209 distaret
1321 2152 1454 2208 ﬁdes
1477 2164 1652 2208 vestra
1675 2168 1706 2206 a
1725 2152 1894 2206 Mani-

300 2238 578 2295 chzeorum
603 2241 942 2312 profanitate,
972 2245 1166 2314 quippe
1192 2261 1258 2301 ex
1282 2261 1384 2317 qua
1415 2257 1532 2301 eam
1569 2253 1745 2299 natam
1775 2259 1894 2301 esse

301 2329 647 2385 manifestum
676 2342 779 2399 est,
802 2333 998 2404 junctis
1023 2336 1301 2392 amborum
1327 2336 1664 2406 opinionibus
1689 2336 1892 2390 indica-

299 2419 350 2472 vi
391 2435 405 2471 :
445 2420 532 2474 ubi
562 2424 806 2491 apparuit
832 2424 1112 2480 Joviniano
1140 2434 1190 2482 te
1215 2442 1312 2496 per
1341 2427 1584 2482 timorem
1611 2426 1845 2496 copulari
1873 2443 1886 2490 ;

299 2509 593 2565 Manichaee
619 2519 797 2568 autem
818 2515 1034 2568 omnino
1055 2531 1152 2585 per
1170 2531 1432 2572 amorem.
1454 2515 1563 2571 lioc
1581 2531 1706 2586 ergo
1730 2516 1888 2571 etiam

300 2599 352 2653 in
387 2601 636 2669 praesenti
679 2603 830 2657 nobis
858 2619 1054 2674 genere
1089 2605 1456 2661 disserendum
1488 2614 1569 2661 est
1592 2625 1605 2660 :
1628 2605 1721 2661 sed
1743 2605 1889 2675 prius

303 2703 509 2760 nostra,
539 2705 660 2764 post
686 2705 862 2751 vestra
890 2697 1178 2769 distinguo.
1202 2698 1400 2755 Verum
1425 2714 1553 2770 ergo
1573 2699 1770 2763 dixisti,
1789 2715 1888 2755 nos

301 2784 483 2840 dicere
523 2801 553 2839 a
595 2787 735 2842 bono
764 2787 872 2844 Deo
896 2797 1135 2844 naturam
1167 2791 1452 2846 humanam
1483 2791 1676 2846 bonam
1703 2791 1886 2846 condi-

301 2884 408 2930 tam
442 2893 458 2930 :
489 2876 583 2931 sed
627 2876 731 2932 huc
756 2893 919 2949 usque
945 2890 1185 2934 nostrum
1209 2890 1292 2936 est
1322 2900 1336 2937 :
1369 2897 1529 2936 unam
1573 2881 1715 2936 cnim
1758 2898 1883 2952 par-

296 2974 430 3032 tem,
461 2983 563 3038 qua
592 2971 869 3039 suppletur
899 2980 1080 3026 nostra
1110 2973 1395 3038 sententia,
1426 2982 1519 3028 aut
1548 2990 1652 3028 non
1685 2973 1880 3038 vidisti,

297 3065 390 3111 aut
413 3060 791 3138 suppressisti;
832 3061 991 3116 aliam
1032 3071 1210 3117 autem
1238 3063 1305 3118 de
1332 3073 1442 3130 tuo,
1465 3078 1586 3118 cum
1628 3079 1732 3117 non
1766 3065 1787 3095 ⁸
1817 3064 1887 3118 sit

298 3155 504 3214 nostra,
539 3149 759 3218 posuisti
790 3168 804 3204 :
838 3165 935 3205 nos
967 3161 1144 3207 autem
1183 3167 1288 3207 non
1327 3153 1500 3208 solum
1540 3153 1764 3207 dicimus
1792 3167 1886 3207 ua-

296 3247 470 3293 turam
505 3239 736 3296 [nominis
761 3241 953 3296 bonam
979 3258 1010 3296 a
1039 3243 1148 3298 Deo
1167 3257 1288 3298 esse
1313 3243 1581 3298 conditam
1609 3245 1660 3298 in
1687 3241 1880 3308 Adam;

295 3329 393 3384 sed
424 3329 476 3385 in
503 3331 751 3388 omnibus
779 3333 1015 3402 parvulis
1039 3333 1232 3388 bonam
1261 3333 1330 3388 ab
1355 3348 1420 3389 eo
1448 3333 1557 3389 Deo
1583 3332 1762 3398 condi,
1793 3333 1884 3404 qui

297 3422 453 3492 primi
485 3421 628 3478 illius
653 3433 841 3479 auctor
874 3423 1002 3490 fuit;
1032 3433 1249 3496 propter
1271 3425 1414 3498 quod
1452 3427 1599 3482 illum
1643 3417 1882 3482 omnium

295 3512 570 3569 hominum
595 3516 886 3571 asserimus
909 3516 1261 3572 conditorem.

365 3605 502 3660 Anc.
541 3603 678 3671 Quid
721 3605 864 3661 enim
900 3606 1043 3662 aliud
1085 3615 1140 3662 et
1168 3623 1266 3662 nos
1301 3608 1528 3664 dicimus
1565 3608 1634 3664 de
1659 3608 1882 3664 Domino

296 3693 407 3748 Deo
443 3696 678 3750 omnium
721 3696 996 3752 hominum
1035 3697 1356 3753 conditore?
1380 3698 1486 3754 Sed
1512 3741 1527 3765 ,
1558 3699 1700 3769 quod
1745 3699 1886 3754 absit

293 3800 323 3840 a
350 3785 536 3854 nobis,
563 3787 879 3843 salvatorem
921 3789 1088 3844 Deum
1115 3789 1346 3859 parvulis
1384 3791 1748 3845 necessarium
1787 3805 1884 3846 vos

294 3877 502 3948 negatis
524 3918 540 3942 ,
568 3879 646 3932 sic
671 3892 860 3934 eorum
892 3887 1134 3934 naturam
1177 3880 1370 3935 bonam
1399 3895 1518 3936 esse
1555 3880 1881 3947 asserendo,

295 3977 356 4022 ut
378 3968 426 4022 ei
462 3968 585 4022 mali
614 3968 743 4024 nihil
774 3970 948 4025 inesse
977 3969 1196 4037 dicatis,
1239 3981 1456 4042 propter
1481 3969 1626 4040 quod
1655 3969 1886 4040 indigeat

295 4060 502 4115 medico
528 4057 760 4115 Christo.
792 4061 872 4114 Ad
909 4061 1011 4116 hoc
1055 4060 1320 4133 responde
1351 4078 1368 4129 ;
1405 4060 1548 4132 quod
1579 4061 1673 4116 tibi
1703 4060 1884 4115 redar-

293 4151 562 4223 guendum
585 4167 961 4223 proposueras,
984 4154 1154 4223 primo
1170 4153 1430 4225 redargue
1453 4172 1467 4209 :
1484 4169 1580 4210 cur
1595 4152 1886 4209 exsufflen-

296 4251 386 4296 tur
423 4242 724 4312 baptizandi
771 4243 970 4314 parvuli
1014 4242 1282 4306 ostende;
1327 4253 1420 4298 aut
1455 4243 1716 4299 universa:
1748 4243 1884 4298 anti-

294 4336 566 4406 quissimze
616 4336 871 4390 Ecclesia:
915 4334 1111 4390 bellum
1157 4336 1551 4405 apertissimum
1594 4334 1836 4391 indicens
1865 4377 1881 4402 ,

297 4426 566 4482 exsufflari
605 4442 702 4482 eos
742 4443 848 4482 non
896 4426 1094 4483 debere
1121 4428 1386 4484 contende
1429 4444 1445 4482 :
1494 4428 1595 4484 hoc
1630 4443 1767 4500 age,
1801 4429 1886 4485 hic

297 4520 487 4574 insiste
505 4562 521 4586 ,
543 4519 671 4576 huic
688 4519 1023 4575 ﬁrmamento
1051 4560 1067 4585 ,
1096 4521 1139 4574 si
1167 4530 1348 4590 potes,
1378 4521 1576 4592 aliquid
1601 4522 1743 4577 unde
1766 4538 1886 4576 con-

295 4612 562 4680 cutiatur,
610 4613 864 4684 impinge.
895 4612 1031 4679 Quid
1059 4611 1194 4683 fugis
1227 4614 1328 4667 sub
1363 4613 1526 4682 pelles
1553 4613 1886 4684 loquacitatis

301 4708 451 4761 tum?
477 4707 614 4774 Quid
643 4707 815 4762 fumos
845 4705 1164 4763 vanissimas
1193 4705 1411 4776 subjieis
1430 4748 1445 4774 ,
1489 4706 1680 4776 quibus
1709 4705 1731 4736 ³
1770 4705 1886 4760 btec

298 4799 509 4856 obtecta
546 4810 602 4856 et
635 4799 862 4856 obseura
906 4800 978 4855 ita
1004 4799 1169 4854 lector
1195 4798 1536 4853 obliviscatur
1557 4841 1574 4864 ,
1622 4807 1681 4854 ut
1710 4807 1762 4855 te
1801 4815 1886 4854 rc-

298 4891 564 4963 spondere
591 4892 721 4947 nihil
746 4893 1008 4948 valentem
1035 4891 1218 4948 dicere
1244 4890 1441 4962 aliquid
1469 4890 1755 4946 arbitretur
1781 4892 1806 4946 ?

371 4983 572 5040 CXLV.
612 4983 731 5040 Jun.
760 4984 908 5040 lianc
936 4998 1063 5055 ergo
1100 4991 1302 5054 partem
1343 4982 1619 5038 sententia:
1645 4999 1749 5036 non
1778 4997 1883 5036 so-

299 5075 410 5129 lum
432 5089 462 5129 a
488 5083 669 5130 nostra
692 5074 1002 5130 definitione
1024 5073 1292 5128 removisti
1324 5089 1338 5136 ;
1371 5072 1462 5126 sed
1488 5086 1583 5141 pro
1604 5072 1703 5127 hac
1723 5072 1883 5127 etiam

298 5165 522 5221 intulisti
554 5175 697 5220 tuam
727 5183 742 5219 :
781 5181 899 5235 qua!
929 5165 1098 5236 prima
1130 5163 1306 5219 fronte
1331 5163 1528 5233 aliquid
1557 5163 1778 5219 haberet
1806 5165 1887 5218 in-

297 5257 490 5324 vidiae,
521 5257 614 5312 sed
651 5266 826 5312 tamen
865 5257 1102 5312 discussa
1129 5263 1458 5310 vanesceret.
1487 5251 1714 5310 Posuisti
1742 5255 1884 5310 enim

298 5364 401 5404 nos
425 5348 603 5404 dicere
625 5389 642 5415 ,
684 5349 876 5403 bonam
920 5362 952 5402 a
978 5346 1090 5402 Deo
1115 5347 1259 5403 bono
1294 5345 1562 5399 conditam
1593 5352 1834 5400 naturam
1859 5386 1873 5408 .

297 5439 397 5496 sed
427 5441 495 5494 ita
521 5455 640 5495 esse
667 5454 850 5495 sanam
870 5479 885 5503 ,
914 5447 973 5493 ut
1002 5437 1355 5493 necessariam
1388 5451 1492 5490 non
1515 5434 1708 5490 habeat
1733 5435 1886 5490 Chri-

367 5574 384 5607 ¹
411 5573 485 5623 sic
504 5579 612 5635 Mss.
645 5577 694 5620 In
715 5572 871 5635 \‘ign.,
891 5583 1052 5635 quam.

365 5637 387 5667 ⁸
419 5631 856 5697 tjarticula‘negans
877 5631 952 5684 hic
974 5631 1159 5697 additur
1185 5636 1358 5697 ex_t_ts._
1379 5636 1526 5697 νοτε..Δ
1779 5690 1786 5697 _
1853 5690 1859 5697 _

367 5698 389 5729 ³
419 5693 556 5753 Illud,
578 5691 700 5755 quid
720 5689 875 5757 {ianos
895 5690 1166 5745 vanissimas
1186 5690 1400 5756 subjicis,
1426 5690 1596 5756 quibus
1615 5727 1628 5753 ,
1671 5690 1886 5741 restitui-

209 5793 217 5800 -
299 5764 383 5810 ωε
407 5767 471 5806 ex
497 5761 604 5809 ηδε.

1690 315 1890 371 [ABER
1930 312 2225 369 TERTIUS

3457 322 3598 379 {505

2017 426 2084 480 sti
2111 425 2448 480 medicinam.
2493 426 2702 484 Intuere
2740 443 2867 500 ergo
2895 438 3095 500 quanta
3117 432 3336 502 penuria
3359 435 3597 492 veritatis

2011 517 2223 571 labores
2247 558 2261 581 ,
2294 518 2381 587 qui
2409 527 2463 572 ct
2496 519 2548 572 in
2578 519 2705 587 ipsis
2732 521 2908 574 verbis
2937 537 3054 590 quae
3076 522 3326 578 dicuntur
3352 528 3591 590 ἀντίθετα,

2011 606 2204 662 furtum
2240 617 2346 663 tam
2378 611 2709 679 perspicuum
2733 613 2907 668 facere
2928 629 3032 667 non
3062 616 3302 699 vererisk
3311 617 3440 671 Nam
3471 633 3592 671 cum

2009 713 2168 768 supra
2201 701 2570 770 proposuisses
2590 742 2603 763 .
2633 701 2832 756 Bonam
2860 713 3100 758 naturam
3125 745 3141 771 ,
3168 706 3444 760 subdidisti
3471 749 3484 768 ,
3518 707 3590 761 Ιιτι

2009 802 2128 844 esse
2151 803 2354 845 sanam.
2377 789 2640 860 Numquid
2659 793 2897 846 ἀντίθετον
2925 793 3048 847 boni
3077 809 3263 849 sanum
3289 806 3369 849 est
3389 797 3411 850 ?
3435 796 3594 851 Certe

2007 893 2127 933 cum
2158 879 2385 936 dicimus
2415 881 2608 935 bonum
2631 923 2645 944 ,
2683 883 2814 937 nihil
2855 893 3038 937 contra
3073 885 3174 939 hoc
3202 887 3412 956 proprie
3439 887 3589 955 poni-

2007 983 2128 1022 mus
2157 969 2257 1024 nisi
2294 971 2530 1024 malum:
2563 971 2606 1025 si
2630 981 2804 1026 autem
2833 988 2991 1027 causa
3022 976 3191 1043 poscit
3217 985 3273 1029 ut
3299 991 3484 1029 sanum
3511 976 3591 1030 di-

2007 1072 2222 1126 camus,
2255 1075 2322 1114 cx
2351 1061 2578 1116 adverso
2603 1062 2774 1118 debile
2798 1063 2877 1117 vel
2911 1079 3108 1132 aegrum
3149 1066 3385 1119 locamus
3417 1083 3431 1132 ;
3464 1075 3521 1120 ut
3544 1067 3592 1121 si

2005 1165 2192 1205 sanum
2223 1160 2306 1205 est
2327 1193 2343 1217 ,
2370 1167 2474 1206 non
2517 1154 2696 1222 utique
2724 1154 2901 1209 debile
2931 1171 2946 1220 ;
2973 1156 3015 1208 si
3043 1154 3237 1219 debile,
3270 1172 3456 1210 sanum
3484 1173 3589 1210 non

2007 1255 2129 1295 esse
2153 1240 2361 1296 dicatur
2388 1259 2401 1295 :
2439 1258 2560 1297 cum
2589 1255 2765 1298 autem
2801 1245 3027 1300 dicimus
3050 1288 3063 1311 ,
3097 1247 3298 1301 Bonum
3329 1258 3411 1302 cst
3443 1248 3542 1302 hoc
3572 1266 3586 1310 ;

2003 1347 2032 1385 a
2063 1334 2330 1388 contrario
2359 1335 2474 1404 eius
2500 1376 2516 1400 ,
2544 1350 2650 1390 non
2679 1337 2792 1390 sani
2826 1352 3016 1391 nomen
3034 1379 3049 1402 ,
3085 1338 3177 1392 sed
3195 1339 3332 1392 mali
3359 1339 3587 1393 voeabuo

2005 1425 2114 1478 lum
2145 1427 2404 1481 sistimus.
2437 1427 2553 1482 Tibi
2593 1443 2722 1498 ergo
2750 1430 3030 1484 dicendum
3070 1429 3201 1496 fuit,
3233 1432 3353 1500 quia
3393 1431 3584 1485 delini-

2001 1531 2183 1570 rcmus
2221 1531 2318 1572 nos
2356 1517 2550 1572 bonam
2585 1534 2615 1573 a
2650 1519 2758 1575 Deo
2794 1521 3060 1575 conditam
3109 1533 3350 1575 naturam
3396 1521 3585 1575 homi-

2003 1620 2128 1659 num
2149 1647 2164 1670 ,
2187 1606 2280 1662 sed
2309 1608 2376 1661 ita
2403 1623 2522 1664 esse
2548 1608 2602 1663 in
2630 1611 2863 1679 parvulis
2887 1611 3079 1666 bonam
3106 1653 3120 1678 ,
3154 1621 3214 1666 ut
3237 1612 3583 1666 institutionis

2002 1712 2112 1751 sua:
2146 1697 2348 1753 nullum
2387 1709 2649 1770 qumreret
2680 1703 3079 1758 emendatorem
3110 1722 3124 1757 :
3152 1713 3242 1758 aut
3280 1705 3324 1757 si
3365 1718 3424 1758 ea
3466 1719 3585 1772 qua:

2000 1786 2140 1842 bona
2180 1798 2369 1853 erant,
2406 1791 2581 1845 alieno
2612 1792 2898 1857 vocabulo,
2934 1793 2984 1847 id
3014 1802 3134 1856 est,
3165 1793 3407 1846 sanitatis
3444 1793 3584 1846 iudi-

1998 1892 2121 1933 care
2159 1879 2396 1934 malebas
2425 1897 2440 1945 ;
2473 1882 2787 1936 consouauti
2833 1893 3000 1937 totum
3041 1883 3342 1938 elocutione
3377 1883 3582 1952 signas-

1998 1984 2106 2024 ses.
2152 1969 2302 2025 Nunc
2343 1981 2519 2026 autem
2549 1973 2700 2041 quasi
2743 1974 3016 2027 murenula
3049 1975 3187 2028 inter
3214 1973 3580 2027 deﬁnitionum

1998 2072 2124 2113 saxa
2152 2059 2464 2128 prolabcris.
2487 2059 2620 2116 Cum
2647 2064 2786 2118 enim
2816 2073 2867 2119 te
2902 2065 3096 2118 veritas
3121 2064 3496 2133 compulisset,
3525 2072 3583 2116 ut

1999 2164 2098 2204 nos
2122 2150 2456 2206 eonﬁtereris
2497 2153 2688 2208 bonam
2736 2153 3010 2208 hominum
3047 2154 3226 2208 dicere
3268 2163 3506 2207 naturam
3549 2169 3579 2208 a

1999 2241 2110 2296 Deo
2144 2242 2285 2297 bono
2318 2243 2586 2298 conditam
2617 2285 2632 2309 ,
2663 2253 2822 2313 atque
2866 2245 2917 2298 in
2949 2260 3010 2300 ea
3041 2256 3190 2314 parte
3217 2245 3494 2299 sententiae
3524 2251 3582 2299 ut

1997 2333 2217 2386 multam
2263 2335 2557 2401 rationem,
2597 2335 2668 2390 ita
2707 2335 2958 2390 invidiam
3001 2337 3198 2391 nullam
3231 2337 3437 2391 videres
3467 2353 3481 2397 ;
3515 2336 3579 2388 ad

1994 2423 2098 2478 alia
2123 2423 2376 2478 continuo
2403 2425 2565 2480 verba
2591 2426 2859 2496 migrasti,
2890 2426 3176 2496 subjicieus
3197 2467 3210 2491 ,
3242 2427 3334 2480 sed
3374 2427 3442 2480 ita
3483 2441 3580 2480 nos

1992 2527 2112 2568 eam
2145 2527 2327 2568 sanam
2367 2513 2654 2569 defendere
2680 2555 2697 2582 ,
2729 2525 2787 2568 ut
2814 2515 3128 2570 medicinam
3156 2513 3350 2569 Christi
3389 2515 3437 2569 ei
3479 2530 3577 2570 nc-

1991 2603 2278 2658 cessariam
2308 2617 2413 2658 non
2441 2619 2562 2659 esse
2594 2604 2894 2660 credamus.
2925 2604 3076 2671 Quod
3107 2606 3150 2659 si
3195 2614 3361 2659 totum
3403 2613 3456 2659 tu
3485 2621 3580 2675 per

1991 2691 2308 2761 imperitiam
2337 2694 2587 2760 incurris,
2616 2696 2966 2752 bardissimus
2989 2697 3004 2728 ¹
3027 2713 3043 2762 ;
3070 2696 3150 2751 sin
3179 2707 3356 2753 autem
3383 2697 3432 2750 id
3459 2707 3577 2752 astu

1989 2780 2152 2848 facis,
2181 2784 2500 2840 vaferrimus
2527 2786 2801 2843 inveniris.

2061 2875 2198 2931 Acs.
2236 2876 2461 2944 Quando
2491 2879 2588 2932 ista
2617 2879 2822 2935 diceres
2843 2922 2858 2946 ,
2903 2881 3001 2935 nisi
3035 2895 3137 2934 non
3170 2881 3412 2935 habendo
3435 2882 3574 2952 quod

1987 2963 2195 3021 diceres
2218 2967 2243 3020 τ
2271 2966 2387 3021 Non
2415 2969 2556 3022 enim
2589 2969 2868 3023 debuimus
2889 3011 2902 3034 ,
2935 2980 2992 3024 ut
3025 2979 3175 3038 putas
3199 3013 3213 3035 ,
3256 2972 3325 3024 ita
3354 2985 3534 3023 sanam
3557 3010 3572 3034 ,

1987 3069 2143 3124 quam
2164 3055 2392 3112 diximus
2416 3057 2607 3112 bonam
2627 3099 2642 3125 ,
2673 3075 2740 3113 ne
2772 3059 2873 3112 sibi
2902 3075 3006 3113 non
3035 3075 3156 3112 vera
3185 3068 3576 3130 opponerentur

1986 3143 2244 3199 antitheta
2275 3164 2289 3200 :
2315 3146 2456 3216 quod
2479 3147 2742 3216 imperitia
2769 3157 2966 3217 quanta
3004 3148 3182 3214 dicas,
3211 3150 3255 3203 si
3296 3149 3576 3203 ostendere

1986 3234 2146 3289 velim
2168 3274 2184 3298 ,
2206 3235 2368 3290 rebus
2395 3252 2499 3291 non
2521 3239 2835 3292 necessariis
2859 3279 2874 3301 ,
2915 3239 2988 3292 tui
3015 3239 3205 3293 similis
3231 3238 3573 3292 immorabor.

1987 3324 2063 3379 De
2091 3325 2268 3380 medio
2309 3326 2438 3381 tolle
2471 3327 2736 3396 superﬂua
2761 3368 2777 3393 ,
2817 3337 2872 3382 et
2910 3328 3159 3393 omnino,
3202 3328 3407 3382 etiamsi
3452 3343 3573 3382 vera

1986 3424 2186 3484 essent,
2219 3415 2309 3472 tibi
2339 3416 2559 3472 minime
2593 3417 2865 3486 profutura
2895 3434 2910 3481 ;
2943 3425 2998 3472 et
3026 3417 3133 3482 die,
3163 3417 3207 3472 si
3249 3425 3416 3486 potes,
3445 3433 3577 3486 quo-

1988 3505 2148 3562 modo
2176 3506 2440 3562 medicum
2469 3507 2738 3562 Christum
2783 3507 3020 3577 parvulis
3046 3523 3150 3561 non
3179 3501 3382 3578 negetis
3412 3525 3424 3561 :
3452 3522 3576 3562 cum

1985 3597 2131 3653 enim
2155 3599 2384 3669 carperis
2403 3599 2582 3656 dicere
2605 3641 2621 3666 ,
2651 3599 2719 3654 ibi
2749 3601 3028 3670 apparebit
3054 3616 3218 3671 quare
3245 3600 3342 3655 ista
3375 3615 3506 3654 vana
3528 3603 3572 3667 ',

1985 3697 2042 3744 et
2064 3687 2132 3743 ad
2170 3705 2283 3744 rem
2313 3705 2432 3759 quae
2459 3692 2633 3760 agitur
2652 3732 2665 3757 ,
2691 3706 2795 3744 non
2833 3691 3150 3758 pertinentia
3172 3731 3184 3752 ,
3214 3699 3387 3744 tamen
3411 3691 3575 3744 inter-

1989 3780 2233 3850 ponenda
2261 3782 2552 3848 putaveris.

2055 3868 2285 3925 CXLVI.
2323 3870 2440 3926 ιω..
2472 3871 2611 3927 Ecce
2635 3872 2777 3926 enim
2802 3871 3035 3927 breviter
3061 3871 3361 3939 respondeo
3391 3888 3403 3922 :
3433 3869 3572 3925 adeo

1990 3977 2088 4019 nos
2109 3960 2304 4018 Christi
2333 3962 2651 4016 medicinam
2679 3963 2910 4032 parvulis
2928 4002 2944 4026 ,
2978 3975 3113 4030 quos
3140 3961 3451 4015 innocentes
3477 3974 3574 4012 no-

1989 4053 2195 4120 vimus,
2241 4067 2350 4108 nou
2391 4066 2618 4122 negare,
2667 4061 2725 4106 ut
2747 4050 2867 4105 illos
2905 4051 3240 4123 potissimum
3281 4049 3492 4118 οοριυδίι
3516 4053 3576 4104 re

1989 4159 2054 4200 ea
2093 4143 2332 4214 indigere
2355 4140 2641 4198 fateamur.
2678 4140 2979 4197 Nascuntur
3011 4141 3151 4194 enim
3181 4139 3353 4210 exigui
3387 4180 3401 4204 ,
3430 4137 3579 4194 debi-

1992 4236 2069 4292 les
2098 4252 2115 4302 ;
2155 4235 2244 4306 qui
2275 4249 2380 4290 non
2419 4234 2590 4289 solum
2627 4232 2700 4288 ali
2743 4232 2960 4303 proprio
2997 4231 3177 4286 labore
3204 4246 3308 4286 non
3338 4229 3575 4299 possint,

1989 4340 2176 4381 verum
2225 4339 2326 4380 nec
2370 4323 2657 4394 implorare
2691 4330 2887 4394 queant
2931 4337 3088 4392 opem
3128 4329 3446 4390 parentum;
3486 4319 3575 4387 qui

1991 4425 2098 4472 tam
2149 4415 2327 4471 multis
2367 4414 2580 4471 casibus
2621 4413 2834 4468 obnoxii
2881 4420 3043 4478 sum,
3085 4421 3142 4464 ut
3181 4410 3262 4465 eis
3297 4410 3458 4465 etiam
3497 4409 3580 4464 lac

1989 4507 2206 4563 densius
2229 4546 2245 4572 ,
2277 4513 2332 4561 et
2371 4503 2677 4560 laetantium
2714 4502 3028 4572 plerumque
3052 4515 3270 4554 somnus
3298 4499 3460 4554 exitio
3487 4498 3576 4552 sit.

2060 4598 2198 4654 Anc.
2260 4595 2402 4651 Ecce
2427 4608 2593 4665 quare
2619 4592 2892 4648 memoria:
2921 4591 3132 4646 lectoris
3152 4630 3167 4653 ,
3195 4589 3581 4658 interponendo

1991 4701 2081 4743 res
2125 4683 2461 4756 superﬂuas,
2509 4682 2808 4752 obstrepas.
2856 4680 3118 4738 Medicum
3160 4679 3428 4736 Christum
3474 4696 3580 4734 non

1991 4777 2200 4849 negatis
2226 4773 2461 4848 parvulis
2487 4775 2846 4831 necessarium
2881 4782 3099 4844 propter
3128 4772 3264 4827 mala
3307 4771 3544 4841 corporis
3563 4811 3580 4836 ,

1990 4868 2143 4938 cujus
2170 4866 2536 4922 imbecillitate
2564 4865 2817 4921 vitiantur
2849 4864 3064 4918 invalidi
3093 4863 3115 4895 ³
3133 4903 3150 4929 ,
3171 4863 3255 4917 vel
3285 4871 3580 4926 necantur;

1989 4967 2046 5016 et
2084 4959 2292 5030 negatis
2327 4957 2406 5013 eis
2433 4955 2792 5012 necessarium
2824 4953 3084 5008 medicum
3114 4951 3384 5005 Christum
3412 4991 3428 5017 ,
3459 4965 3584 5021 pro-

1992 5060 2111 5122 pter
2153 5049 2292 5120 quod
2321 5050 2420 5105 sub
2459 5048 2652 5104 diaboli
2683 5054 2946 5117 potestate
2981 5051 3101 5100 sunt
3123 5084 3139 5109 ,
3176 5043 3317 5100 unde
3355 5052 3415 5099 ut
3449 5044 3582 5099 libe-

1990 5151 2178 5200 rentur
2217 5140 2516 5213 baptizandi
2545 5138 2900 5194 cxsuﬂlantur
2930 5154 2944 5190 :
2987 5144 3046 5191 ut
3067 5136 3169 5192 hoc
3196 5135 3289 5192 tibi
3317 5135 3582 5206 obiectum

1992 5252 2099 5294 non
2124 5237 2430 5308 intelligaris
2447 5237 2518 5291 ob
2530 5234 2671 5290 aliud
2693 5235 3031 5304 preposuisse
3049 5235 3196 5306 quasi
3217 5232 3582 5296 refellendum,

1992 5329 2095 5386 nisi
2117 5345 2183 5385 ue
2206 5328 2310 5383 hoc
2335 5329 2574 5382 timuisse
2593 5325 3063 5395 deprehendereris
3085 5344 3100 5382 :
3135 5325 3254 5380 ideo
3275 5329 3452 5378 autem
3477 5336 3584 5377 non

1995 5431 2230 5478 tentasse
2267 5420 2546 5484 refellere,
2595 5418 2845 5488 quoniam
2888 5418 2956 5474 de
2999 5417 3342 5479 ﬁrmissimo,
3372 5421 3424 5466 et
3464 5420 3583 5468 tan-

1995 5527 2154 5584 quam
2175 5511 2512 5565 adamantino
2543 5508 2886 5565 fundamento
2908 5551 2922 5577 ,
2953 5511 3004 5564 in
3033 5519 3087 5562 te
3116 5506 3291 5575 potius
3316 5503 3585 5574 perimen-

2059 5627 2074 5658 ¹
2101 5624 2238 5679 Editi,
2263 5618 2630 5672 burbarissinms
2666 5629 2719 5670 At
2739 5629 2865 5682 3155.,
2888 5616 3216 5670 bat-dissonus.

2058 5689 2079 5718 '
2103 5688 2175 5733 Sic
2198 5692 2301 5733 Mss.
2329 5690 2376 5732 tu
2402 5687 2557 5745 ἤδη,
2581 5681 2716 5745 bona.

2061 5747 2084 5779 ³
2113 5753 2185 5796 Stc
2201 5753 2305 5794 Mss.
2334 5752 2380 5794 In
2409 5743 2561 5802 tignu,
2592 5743 2755 5796 ualidi.
