  <div class='ocr_page' id='page_1' title='image "/cluster/home/n/w/nwhite01/storage/ocr_20150623/45/hvd.32044096580667/168.png"; bbox 0 0 3962 6180; ppageno 0'>
   <div class='ocr_carea' id='block_1_1' title="bbox 261 331 401 388">
    <p class='ocr_par' dir='ltr' id='par_1_1' title="bbox 261 331 401 388">
     <span class='ocr_line' id='line_1_1' title="bbox 261 331 401 388; baseline 0.007 -1"><span class='ocrx_word' id='word_1_1' title='bbox 261 331 401 388; x_wconf 71' lang='grc'><strong>1309</strong></span> 
     </span>
    </p>
   </div>
   <div class='ocr_carea' id='block_1_2' title="bbox 250 435 1838 502">
    <p class='ocr_par' dir='ltr' id='par_1_2' title="bbox 250 435 1838 502">
     <span class='ocr_line' id='line_1_2' title="bbox 250 435 1838 502; baseline -0.008 -1"><span class='ocrx_word' id='word_1_2' title='bbox 250 459 349 501; x_wconf 85' lang='lat' dir='ltr'><strong>eos</strong></span> <span class='ocrx_word' id='word_1_3' title='bbox 370 441 594 499; x_wconf 77' lang='lat' dir='ltr'><strong>simulas</strong></span> <span class='ocrx_word' id='word_1_4' title='bbox 617 438 878 498; x_wconf 74' lang='lat' dir='ltr'><strong>innovari.</strong></span> <span class='ocrx_word' id='word_1_5' title='bbox 909 437 1188 493; x_wconf 81' lang='lat' dir='ltr'><strong>Postremo</strong></span> <span class='ocrx_word' id='word_1_6' title='bbox 1209 436 1352 492; x_wconf 85' lang='lat' dir='ltr'><strong>aliud</strong></span> <span class='ocrx_word' id='word_1_7' title='bbox 1372 444 1453 492; x_wconf 86' lang='lat' dir='ltr'><strong>est</strong></span> <span class='ocrx_word' id='word_1_8' title='bbox 1478 436 1677 502; x_wconf 80' lang='lat' dir='ltr'><strong>sanari,</strong></span> <span class='ocrx_word' id='word_1_9' title='bbox 1695 435 1838 490; x_wconf 91' lang='lat' dir='ltr'><strong>aliud</strong></span> 
     </span>
    </p>
   </div>
   <div class='ocr_carea' id='block_1_3' title="bbox 247 528 1842 605">
    <p class='ocr_par' dir='ltr' id='par_1_3' title="bbox 247 528 1842 605">
     <span class='ocr_line' id='line_1_3' title="bbox 247 528 1842 605; baseline -0.006 -14"><span class='ocrx_word' id='word_1_10' title='bbox 247 535 499 591; x_wconf 86' lang='lat' dir='ltr'><strong>innovari</strong></span> <span class='ocrx_word' id='word_1_11' title='bbox 526 553 541 589; x_wconf 91' lang='lat'><strong>:</strong></span> <span class='ocrx_word' id='word_1_12' title='bbox 568 542 785 605; x_wconf 86' lang='lat' dir='ltr'><strong>propter</strong></span> <span class='ocrx_word' id='word_1_13' title='bbox 804 530 1071 587; x_wconf 85' lang='lat' dir='ltr'><strong>sanandos</strong></span> <span class='ocrx_word' id='word_1_14' title='bbox 1094 530 1319 593; x_wconf 87' lang='lat' dir='ltr'><strong>curatio,</strong></span> <span class='ocrx_word' id='word_1_15' title='bbox 1344 537 1563 599; x_wconf 86' lang='lat' dir='ltr'><strong>propter</strong></span> <span class='ocrx_word' id='word_1_16' title='bbox 1584 528 1842 582; x_wconf 86' lang='lat' dir='ltr'><strong>innovan-</strong></span> 
     </span>
    </p>
   </div>
   <div class='ocr_carea' id='block_1_4' title="bbox 249 618 1837 687">
    <p class='ocr_par' dir='ltr' id='par_1_4' title="bbox 249 618 1837 687">
     <span class='ocr_line' id='line_1_4' title="bbox 249 618 1837 687; baseline -0.005 -8"><span class='ocrx_word' id='word_1_17' title='bbox 249 626 355 680; x_wconf 76' lang='lat' dir='ltr'><strong>dos</strong></span> <span class='ocrx_word' id='word_1_18' title='bbox 385 623 698 679; x_wconf 83' lang='lat' dir='ltr'><strong>instauratio</strong></span> <span class='ocrx_word' id='word_1_19' title='bbox 724 622 1025 677; x_wconf 82' lang='lat' dir='ltr'><strong>necessaria</strong></span> <span class='ocrx_word' id='word_1_20' title='bbox 1049 630 1151 675; x_wconf 81' lang='lat' dir='ltr'><strong>est.</strong></span> <span class='ocrx_word' id='word_1_21' title='bbox 1194 618 1532 675; x_wconf 70' lang='lat' dir='ltr'><strong>Manifestum</strong></span> <span class='ocrx_word' id='word_1_22' title='bbox 1556 626 1638 673; x_wconf 88' lang='lat' dir='ltr'><strong>est</strong></span> <span class='ocrx_word' id='word_1_23' title='bbox 1663 618 1837 687; x_wconf 82' lang='lat' dir='ltr'><strong>igitur,</strong></span> 
     </span>
    </p>
   </div>
   <div class='ocr_carea' id='block_1_5' title="bbox 252 709 1844 781">
    <p class='ocr_par' dir='ltr' id='par_1_5' title="bbox 252 709 1844 781">
     <span class='ocr_line' id='line_1_5' title="bbox 252 709 1844 781; baseline -0.003 -12"><span class='ocrx_word' id='word_1_24' title='bbox 252 714 506 769; x_wconf 69' lang='lat' dir='ltr'><strong>haeresim</strong></span> <span class='ocrx_word' id='word_1_25' title='bbox 535 721 763 768; x_wconf 88' lang='lat' dir='ltr'><strong>vestram</strong></span> <span class='ocrx_word' id='word_1_26' title='bbox 789 711 1021 781; x_wconf 81' lang='lat' dir='ltr'><strong>parvulis</strong></span> <span class='ocrx_word' id='word_1_27' title='bbox 1043 724 1262 781; x_wconf 78' lang='lat' dir='ltr'><strong>prorsus</strong></span> <span class='ocrx_word' id='word_1_28' title='bbox 1282 709 1626 765; x_wconf 82' lang='lat' dir='ltr'><strong>christianam</strong></span> <span class='ocrx_word' id='word_1_29' title='bbox 1649 723 1844 779; x_wconf 84' lang='lat' dir='ltr'><strong>negare</strong></span> 
     </span>
    </p>
   </div>
   <div class='ocr_carea' id='block_1_6' title="bbox 250 807 598 861">
    <p class='ocr_par' dir='ltr' id='par_1_6' title="bbox 250 807 598 861">
     <span class='ocr_line' id='line_1_6' title="bbox 250 807 598 861; baseline -0.006 0"><span class='ocrx_word' id='word_1_30' title='bbox 250 807 598 861; x_wconf 73' lang='lat' dir='ltr'><strong>medicinam.</strong></span> 
     </span>
    </p>
   </div>
   <div class='ocr_carea' id='block_1_7' title="bbox 322 890 1845 965">
    <p class='ocr_par' dir='ltr' id='par_1_7' title="bbox 322 890 1845 965">
     <span class='ocr_line' id='line_1_7' title="bbox 322 890 1845 965; baseline -0.005 -12"><span class='ocrx_word' id='word_1_31' title='bbox 322 898 482 953; x_wconf 87' lang='lat' dir='ltr'><strong>CLll.</strong></span> <span class='ocrx_word' id='word_1_32' title='bbox 512 898 631 953; x_wconf 71' lang='lat' dir='ltr'><strong>lue.</strong></span> <span class='ocrx_word' id='word_1_33' title='bbox 675 896 812 951; x_wconf 86' lang='lat' dir='ltr'><strong>Ecce</strong></span> <span class='ocrx_word' id='word_1_34' title='bbox 839 909 969 965; x_wconf 88' lang='lat' dir='ltr'><strong>ergo</strong></span> <span class='ocrx_word' id='word_1_35' title='bbox 993 894 1206 964; x_wconf 91' lang='lat' dir='ltr'><strong>planum</strong></span> <span class='ocrx_word' id='word_1_36' title='bbox 1232 901 1336 959; x_wconf 88' lang='lat' dir='ltr'><strong>est,</strong></span> <span class='ocrx_word' id='word_1_37' title='bbox 1367 906 1467 948; x_wconf 90' lang='lat' dir='ltr'><strong>nos</strong></span> <span class='ocrx_word' id='word_1_38' title='bbox 1498 890 1697 947; x_wconf 85' lang='lat' dir='ltr'><strong>Christi</strong></span> <span class='ocrx_word' id='word_1_39' title='bbox 1721 905 1845 961; x_wconf 86' lang='lat' dir='ltr'><strong>gra-</strong></span> 
     </span>
    </p>
   </div>
   <div class='ocr_carea' id='block_1_8' title="bbox 255 982 1843 1056">
    <p class='ocr_par' dir='ltr' id='par_1_8' title="bbox 255 982 1843 1056">
     <span class='ocr_line' id='line_1_8' title="bbox 255 982 1843 1056; baseline -0.004 -15"><span class='ocrx_word' id='word_1_40' title='bbox 255 989 387 1042; x_wconf 89' lang='lat' dir='ltr'><strong>tiam</strong></span> <span class='ocrx_word' id='word_1_41' title='bbox 415 987 597 1041; x_wconf 80' lang='lat' dir='ltr'><strong>utilem</strong></span> <span class='ocrx_word' id='word_1_42' title='bbox 620 985 852 1056; x_wconf 75' lang='lat' dir='ltr'><strong>parvulis</strong></span> <span class='ocrx_word' id='word_1_43' title='bbox 879 1000 982 1037; x_wconf 87' lang='lat' dir='ltr'><strong>non</strong></span> <span class='ocrx_word' id='word_1_44' title='bbox 1013 998 1208 1052; x_wconf 78' lang='lat' dir='ltr'><strong>negare</strong></span> <span class='ocrx_word' id='word_1_45' title='bbox 1234 1000 1248 1036; x_wconf 92' lang='lat'><strong>:</strong></span> <span class='ocrx_word' id='word_1_46' title='bbox 1282 983 1407 1052; x_wconf 88' lang='lat' dir='ltr'><strong>quid</strong></span> <span class='ocrx_word' id='word_1_47' title='bbox 1438 982 1596 1051; x_wconf 83' lang='lat' dir='ltr'><strong>igitur</strong></span> <span class='ocrx_word' id='word_1_48' title='bbox 1623 990 1843 1035; x_wconf 87' lang='lat' dir='ltr'><strong>contro-</strong></span> 
     </span>
    </p>
   </div>
   <div class='ocr_carea' id='block_1_9' title="bbox 254 1071 1846 1144">
    <p class='ocr_par' dir='ltr' id='par_1_9' title="bbox 254 1071 1846 1144">
     <span class='ocr_line' id='line_1_9' title="bbox 254 1071 1846 1144; baseline -0.003 -17"><span class='ocrx_word' id='word_1_49' title='bbox 254 1079 450 1132; x_wconf 79' lang='lat' dir='ltr'><strong>versia:</strong></span> <span class='ocrx_word' id='word_1_50' title='bbox 469 1076 746 1138; x_wconf 82' lang='lat' dir='ltr'><strong>remansit,</strong></span> <span class='ocrx_word' id='word_1_51' title='bbox 772 1082 993 1144; x_wconf 86' lang='lat' dir='ltr'><strong>propter</strong></span> <span class='ocrx_word' id='word_1_52' title='bbox 1015 1072 1155 1143; x_wconf 89' lang='lat' dir='ltr'><strong>quod</strong></span> <span class='ocrx_word' id='word_1_53' title='bbox 1186 1086 1284 1127; x_wconf 86' lang='lat' dir='ltr'><strong>nos</strong></span> <span class='ocrx_word' id='word_1_54' title='bbox 1310 1071 1675 1127; x_wconf 88' lang='lat' dir='ltr'><strong>Traducianns</strong></span> <span class='ocrx_word' id='word_1_55' title='bbox 1702 1084 1846 1123; x_wconf 85' lang='lat' dir='ltr'><strong>erro-</strong></span> 
     </span>
    </p>
   </div>
   <div class='ocr_carea' id='block_1_10' title="bbox 256 1159 1844 1232">
    <p class='ocr_par' dir='ltr' id='par_1_10' title="bbox 256 1159 1844 1232">
     <span class='ocr_line' id='line_1_10' title="bbox 256 1159 1844 1232; baseline -0.005 -11"><span class='ocrx_word' id='word_1_56' title='bbox 256 1169 334 1222; x_wconf 89' lang='lat' dir='ltr'><strong>ris</strong></span> <span class='ocrx_word' id='word_1_57' title='bbox 366 1167 656 1232; x_wconf 82' lang='lat' dir='ltr'><strong>insimulat,</strong></span> <span class='ocrx_word' id='word_1_58' title='bbox 684 1164 929 1220; x_wconf 77' lang='lat' dir='ltr'><strong>videlicet</strong></span> <span class='ocrx_word' id='word_1_59' title='bbox 949 1163 1071 1232; x_wconf 87' lang='lat' dir='ltr'><strong>quia</strong></span> <span class='ocrx_word' id='word_1_60' title='bbox 1103 1177 1208 1217; x_wconf 90' lang='lat' dir='ltr'><strong>non</strong></span> <span class='ocrx_word' id='word_1_61' title='bbox 1246 1161 1532 1216; x_wconf 81' lang='lat' dir='ltr'><strong>annuimus</strong></span> <span class='ocrx_word' id='word_1_62' title='bbox 1561 1159 1690 1214; x_wconf 78' lang='lat' dir='ltr'><strong>Athe</strong></span> <span class='ocrx_word' id='word_1_63' title='bbox 1720 1159 1844 1227; x_wconf 80' lang='lat' dir='ltr'><strong>qui-</strong></span> 
     </span>
    </p>
   </div>
   <div class='ocr_carea' id='block_1_11' title="bbox 257 1251 1843 1321">
    <p class='ocr_par' dir='ltr' id='par_1_11' title="bbox 257 1251 1843 1321">
     <span class='ocr_line' id='line_1_11' title="bbox 257 1251 1843 1321; baseline -0.006 -7"><span class='ocrx_word' id='word_1_64' title='bbox 257 1260 383 1314; x_wconf 77' lang='lat' dir='ltr'><strong>ilem</strong></span> <span class='ocrx_word' id='word_1_65' title='bbox 420 1261 636 1321; x_wconf 83' lang='lat' dir='ltr'><strong>bonam,</strong></span> <span class='ocrx_word' id='word_1_66' title='bbox 681 1256 775 1312; x_wconf 92' lang='lat' dir='ltr'><strong>sed</strong></span> <span class='ocrx_word' id='word_1_67' title='bbox 816 1256 1054 1311; x_wconf 91' lang='lat' dir='ltr'><strong>omnium</strong></span> <span class='ocrx_word' id='word_1_68' title='bbox 1096 1255 1371 1309; x_wconf 76' lang='lat' dir='ltr'><strong>hominum</strong></span> <span class='ocrx_word' id='word_1_69' title='bbox 1411 1253 1603 1307; x_wconf 87' lang='lat' dir='ltr'><strong>malam</strong></span> <span class='ocrx_word' id='word_1_70' title='bbox 1651 1251 1843 1307; x_wconf 86' lang='lat' dir='ltr'><strong>factam</strong></span> 
     </span>
    </p>
   </div>
   <div class='ocr_carea' id='block_1_12' title="bbox 259 1345 1841 1408">
    <p class='ocr_par' dir='ltr' id='par_1_12' title="bbox 259 1345 1841 1408">
     <span class='ocr_line' id='line_1_12' title="bbox 259 1345 1841 1408; baseline -0.006 -3"><span class='ocrx_word' id='word_1_71' title='bbox 259 1365 383 1405; x_wconf 68' lang='lat' dir='ltr'><strong>esse</strong></span> <span class='ocrx_word' id='word_1_72' title='bbox 412 1347 689 1404; x_wconf 82' lang='lat' dir='ltr'><strong>naturam?</strong></span> <span class='ocrx_word' id='word_1_73' title='bbox 710 1346 829 1402; x_wconf 74' lang='lat' dir='ltr'><strong>ilco</strong></span> <span class='ocrx_word' id='word_1_74' title='bbox 852 1360 982 1402; x_wconf 86' lang='lat' dir='ltr'><strong>sane</strong></span> <span class='ocrx_word' id='word_1_75' title='bbox 1006 1359 1110 1408; x_wconf 79' lang='lat' dir='ltr'><strong>non</strong></span> <span class='ocrx_word' id='word_1_76' title='bbox 1139 1345 1314 1399; x_wconf 90' lang='lat' dir='ltr'><strong>solum</strong></span> <span class='ocrx_word' id='word_1_77' title='bbox 1342 1358 1441 1398; x_wconf 91' lang='lat' dir='ltr'><strong>nos</strong></span> <span class='ocrx_word' id='word_1_78' title='bbox 1466 1358 1570 1398; x_wconf 90' lang='lat' dir='ltr'><strong>non</strong></span> <span class='ocrx_word' id='word_1_79' title='bbox 1589 1357 1841 1408; x_wconf 91' lang='lat' dir='ltr'><strong>annuere,</strong></span> 
     </span>
    </p>
   </div>
   <div class='ocr_carea' id='block_1_13' title="bbox 261 1434 1844 1506">
    <p class='ocr_par' dir='ltr' id='par_1_13' title="bbox 261 1434 1844 1506">
     <span class='ocr_line' id='line_1_13' title="bbox 261 1434 1844 1506; baseline -0.006 -10"><span class='ocrx_word' id='word_1_80' title='bbox 261 1458 449 1497; x_wconf 84' lang='lat' dir='ltr'><strong>verum</strong></span> <span class='ocrx_word' id='word_1_81' title='bbox 488 1441 647 1497; x_wconf 86' lang='lat' dir='ltr'><strong>etiam</strong></span> <span class='ocrx_word' id='word_1_82' title='bbox 677 1449 731 1495; x_wconf 91' lang='lat' dir='ltr'><strong>et</strong></span> <span class='ocrx_word' id='word_1_83' title='bbox 756 1440 977 1493; x_wconf 85' lang='lat' dir='ltr'><strong>summis</strong></span> <span class='ocrx_word' id='word_1_84' title='bbox 1002 1436 1204 1492; x_wconf 83' lang='lat' dir='ltr'><strong>viribus</strong></span> <span class='ocrx_word' id='word_1_85' title='bbox 1233 1437 1542 1506; x_wconf 72' lang='lat' dir='ltr'><strong>impugnare</strong></span> <span class='ocrx_word' id='word_1_86' title='bbox 1571 1434 1844 1505; x_wconf 86' lang='lat' dir='ltr'><strong>profiteor.</strong></span> 
     </span>
    </p>
   </div>
   <div class='ocr_carea' id='block_1_14' title="bbox 264 1524 1848 1602">
    <p class='ocr_par' dir='ltr' id='par_1_14' title="bbox 264 1524 1848 1602">
     <span class='ocr_line' id='line_1_14' title="bbox 264 1524 1848 1602; baseline -0.006 -15"><span class='ocrx_word' id='word_1_87' title='bbox 264 1533 506 1587; x_wconf 77' lang='lat' dir='ltr'><strong>Remotis</strong></span> <span class='ocrx_word' id='word_1_88' title='bbox 560 1532 719 1602; x_wconf 79' lang='lat' dir='ltr'><strong>igitur</strong></span> <span class='ocrx_word' id='word_1_89' title='bbox 766 1530 871 1584; x_wconf 89' lang='lat' dir='ltr'><strong>illis</strong></span> <span class='ocrx_word' id='word_1_90' title='bbox 914 1528 1291 1598; x_wconf 85' lang='lat' dir='ltr'><strong>flgmcntorum</strong></span> <span class='ocrx_word' id='word_1_91' title='bbox 1345 1536 1557 1581; x_wconf 90' lang='lat' dir='ltr'><strong>tuorum</strong></span> <span class='ocrx_word' id='word_1_92' title='bbox 1610 1524 1848 1579; x_wconf 74' lang='lat' dir='ltr'><strong>distortis</strong></span> 
     </span>
    </p>
   </div>
   <div class='ocr_carea' id='block_1_15' title="bbox 261 1601 1846 1693">
    <p class='ocr_par' dir='ltr' id='par_1_15' title="bbox 261 1601 1846 1693">
     <span class='ocr_line' id='line_1_15' title="bbox 261 1601 1846 1693; baseline -0.004 -17"><span class='ocrx_word' id='word_1_93' title='bbox 261 1625 538 1693; x_wconf 81' lang='lat' dir='ltr'><strong>pueriliter</strong></span> <span class='ocrx_word' id='word_1_94' title='bbox 574 1601 810 1686; x_wconf 81' lang='lat' dir='ltr'><strong>retibus,</strong></span> <span class='ocrx_word' id='word_1_95' title='bbox 843 1629 897 1675; x_wconf 92' lang='lat' dir='ltr'><strong>et</strong></span> <span class='ocrx_word' id='word_1_96' title='bbox 923 1601 1480 1689; x_wconf 62' lang='lat' dir='ltr'><strong>vulgaribusmauiis,</strong></span> <span class='ocrx_word' id='word_1_97' title='bbox 1522 1615 1715 1687; x_wconf 84' lang='lat' dir='ltr'><strong>quibus</strong></span> <span class='ocrx_word' id='word_1_98' title='bbox 1753 1630 1846 1670; x_wconf 87' lang='lat' dir='ltr'><strong>su-</strong></span> 
     </span>
    </p>
   </div>
   <div class='ocr_carea' id='block_1_16' title="bbox 259 1706 1847 1781">
    <p class='ocr_par' dir='ltr' id='par_1_16' title="bbox 259 1706 1847 1781">
     <span class='ocr_line' id='line_1_16' title="bbox 259 1706 1847 1781; baseline -0.004 -14"><span class='ocrx_word' id='word_1_99' title='bbox 259 1714 515 1768; x_wconf 84' lang='lat' dir='ltr'><strong>surrabas</strong></span> <span class='ocrx_word' id='word_1_100' title='bbox 554 1725 652 1767; x_wconf 89' lang='lat' dir='ltr'><strong>nos</strong></span> <span class='ocrx_word' id='word_1_101' title='bbox 702 1710 900 1767; x_wconf 83' lang='lat' dir='ltr'><strong>Christi</strong></span> <span class='ocrx_word' id='word_1_102' title='bbox 941 1710 1167 1781; x_wconf 85' lang='lat' dir='ltr'><strong>gratiam</strong></span> <span class='ocrx_word' id='word_1_103' title='bbox 1202 1723 1399 1779; x_wconf 80' lang='lat' dir='ltr'><strong>negare</strong></span> <span class='ocrx_word' id='word_1_104' title='bbox 1426 1706 1722 1771; x_wconf 85' lang='lat' dir='ltr'><strong>cunabulis,</strong></span> <span class='ocrx_word' id='word_1_105' title='bbox 1754 1721 1847 1760; x_wconf 87' lang='lat' dir='ltr'><strong>su-</strong></span> 
     </span>
    </p>
   </div>
   <div class='ocr_carea' id='block_1_17' title="bbox 264 1795 1846 1874">
    <p class='ocr_par' dir='ltr' id='par_1_17' title="bbox 264 1795 1846 1874">
     <span class='ocr_line' id='line_1_17' title="bbox 264 1795 1846 1874; baseline -0.006 -16"><span class='ocrx_word' id='word_1_106' title='bbox 264 1820 363 1874; x_wconf 88' lang='lat' dir='ltr'><strong>per</strong></span> <span class='ocrx_word' id='word_1_107' title='bbox 385 1804 485 1859; x_wconf 91' lang='lat' dir='ltr'><strong>hoc</strong></span> <span class='ocrx_word' id='word_1_108' title='bbox 503 1802 910 1874; x_wconf 73' lang='lat' dir='ltr'><strong>congrediamur</strong></span> <span class='ocrx_word' id='word_1_109' title='bbox 928 1842 942 1865; x_wconf 91' lang='lat'><strong>,</strong></span> <span class='ocrx_word' id='word_1_110' title='bbox 981 1801 1031 1854; x_wconf 91' lang='lat' dir='ltr'><strong>in</strong></span> <span class='ocrx_word' id='word_1_111' title='bbox 1053 1815 1159 1870; x_wconf 87' lang='lat' dir='ltr'><strong>quo</strong></span> <span class='ocrx_word' id='word_1_112' title='bbox 1179 1807 1263 1854; x_wconf 90' lang='lat' dir='ltr'><strong>est</strong></span> <span class='ocrx_word' id='word_1_113' title='bbox 1287 1812 1497 1853; x_wconf 89' lang='lat' dir='ltr'><strong>summa</strong></span> <span class='ocrx_word' id='word_1_114' title='bbox 1518 1795 1846 1853; x_wconf 82' lang='lat' dir='ltr'><strong>certaminis.</strong></span> 
     </span>
    </p>
   </div>
   <div class='ocr_carea' id='block_1_18' title="bbox 262 1885 1849 1965">
    <p class='ocr_par' dir='ltr' id='par_1_18' title="bbox 262 1885 1849 1965">
     <span class='ocr_line' id='line_1_18' title="bbox 262 1885 1849 1965; baseline -0.006 -16"><span class='ocrx_word' id='word_1_115' title='bbox 262 1895 347 1949; x_wconf 78' lang='lat' dir='ltr'><strong>Eo</strong></span> <span class='ocrx_word' id='word_1_116' title='bbox 378 1896 534 1965; x_wconf 81' lang='lat' dir='ltr'><strong>igitur</strong></span> <span class='ocrx_word' id='word_1_117' title='bbox 555 1894 747 1947; x_wconf 84' lang='lat' dir='ltr'><strong>ordine</strong></span> <span class='ocrx_word' id='word_1_118' title='bbox 784 1906 943 1962; x_wconf 84' lang='lat' dir='ltr'><strong>quem</strong></span> <span class='ocrx_word' id='word_1_119' title='bbox 986 1890 1202 1961; x_wconf 85' lang='lat' dir='ltr'><strong>promisi</strong></span> <span class='ocrx_word' id='word_1_120' title='bbox 1234 1889 1382 1961; x_wconf 87' lang='lat' dir='ltr'><strong>(quia</strong></span> <span class='ocrx_word' id='word_1_121' title='bbox 1404 1887 1516 1959; x_wconf 84' lang='lat' dir='ltr'><strong>jam</strong></span> <span class='ocrx_word' id='word_1_122' title='bbox 1544 1895 1723 1942; x_wconf 87' lang='lat' dir='ltr'><strong>nostra</strong></span> <span class='ocrx_word' id='word_1_123' title='bbox 1751 1885 1849 1941; x_wconf 87' lang='lat' dir='ltr'><strong>de-</strong></span> 
     </span>
    </p>
   </div>
   <div class='ocr_carea' id='block_1_19' title="bbox 262 1979 1849 2056">
    <p class='ocr_par' dir='ltr' id='par_1_19' title="bbox 262 1979 1849 2056">
     <span class='ocr_line' id='line_1_19' title="bbox 262 1979 1849 2056; baseline -0.006 -15"><span class='ocrx_word' id='word_1_124' title='bbox 262 1986 457 2056; x_wconf 83' lang='lat' dir='ltr'><strong>fendi),</strong></span> <span class='ocrx_word' id='word_1_125' title='bbox 482 1983 772 2050; x_wconf 74' lang='lat' dir='ltr'><strong>Manicha-i,</strong></span> <span class='ocrx_word' id='word_1_126' title='bbox 797 1985 882 2038; x_wconf 89' lang='lat' dir='ltr'><strong>cui</strong></span> <span class='ocrx_word' id='word_1_127' title='bbox 904 1992 954 2038; x_wconf 89' lang='lat' dir='ltr'><strong>te</strong></span> <span class='ocrx_word' id='word_1_128' title='bbox 973 1981 1244 2038; x_wconf 86' lang='lat' dir='ltr'><strong>adversari</strong></span> <span class='ocrx_word' id='word_1_129' title='bbox 1264 1979 1575 2044; x_wconf 86' lang='lat' dir='ltr'><strong>siniulahas,</strong></span> <span class='ocrx_word' id='word_1_130' title='bbox 1597 1988 1653 2034; x_wconf 91' lang='lat' dir='ltr'><strong>et</strong></span> <span class='ocrx_word' id='word_1_131' title='bbox 1674 1986 1849 2033; x_wconf 86' lang='lat' dir='ltr'><strong>vestra</strong></span> 
     </span>
    </p>
   </div>
   <div class='ocr_carea' id='block_1_20' title="bbox 257 2094 760 2151">
    <p class='ocr_par' dir='ltr' id='par_1_20' title="bbox 257 2094 760 2151">
     <span class='ocr_line' id='line_1_20' title="bbox 257 2094 760 2151; baseline -0.01 -17"><span class='ocrx_word' id='word_1_132' title='bbox 257 2094 422 2134; x_wconf 81' lang='lat' dir='ltr'><strong>sensa</strong></span> <span class='ocrx_word' id='word_1_133' title='bbox 455 2094 760 2151; x_wconf 82' lang='lat' dir='ltr'><strong>pensemus.</strong></span> 
     </span>
    </p>
   </div>
   <div class='ocr_carea' id='block_1_21' title="bbox 333 2161 1853 2233">
    <p class='ocr_par' dir='ltr' id='par_1_21' title="bbox 333 2161 1853 2233">
     <span class='ocr_line' id='line_1_21' title="bbox 333 2161 1853 2233; baseline -0.006 -8"><span class='ocrx_word' id='word_1_134' title='bbox 333 2174 474 2228; x_wconf 82' lang='lat' dir='ltr'><strong>Acc.</strong></span> <span class='ocrx_word' id='word_1_135' title='bbox 505 2170 692 2225; x_wconf 78' lang='lat' dir='ltr'><strong>Vestra</strong></span> <span class='ocrx_word' id='word_1_136' title='bbox 718 2184 821 2223; x_wconf 90' lang='lat' dir='ltr'><strong>non</strong></span> <span class='ocrx_word' id='word_1_137' title='bbox 852 2165 1165 2233; x_wconf 82' lang='lat' dir='ltr'><strong>defendisti,</strong></span> <span class='ocrx_word' id='word_1_138' title='bbox 1192 2163 1288 2220; x_wconf 88' lang='lat' dir='ltr'><strong>sed</strong></span> <span class='ocrx_word' id='word_1_139' title='bbox 1312 2161 1528 2219; x_wconf 91' lang='lat' dir='ltr'><strong>defendi</strong></span> <span class='ocrx_word' id='word_1_140' title='bbox 1558 2177 1665 2216; x_wconf 88' lang='lat' dir='ltr'><strong>non</strong></span> <span class='ocrx_word' id='word_1_141' title='bbox 1693 2174 1853 2231; x_wconf 82' lang='lat' dir='ltr'><strong>posse</strong></span> 
     </span>
    </p>
   </div>
   <div class='ocr_carea' id='block_1_22' title="bbox 261 2262 600 2317">
    <p class='ocr_par' dir='ltr' id='par_1_22' title="bbox 261 2262 600 2317">
     <span class='ocr_line' id='line_1_22' title="bbox 261 2262 600 2317; baseline -0.006 -1"><span class='ocrx_word' id='word_1_142' title='bbox 261 2262 600 2317; x_wconf 84' lang='lat' dir='ltr'><strong>monstrasti.</strong></span> 
     </span>
    </p>
   </div>
   <div class='ocr_carea' id='block_1_23' title="bbox 333 2344 1853 2419">
    <p class='ocr_par' dir='ltr' id='par_1_23' title="bbox 333 2344 1853 2419">
     <span class='ocr_line' id='line_1_23' title="bbox 333 2344 1853 2419; baseline -0.006 -12"><span class='ocrx_word' id='word_1_143' title='bbox 333 2351 521 2407; x_wconf 85' lang='lat' dir='ltr'><strong>CLIII.</strong></span> <span class='ocrx_word' id='word_1_144' title='bbox 550 2350 668 2406; x_wconf 79' lang='grc' dir='ltr'>ιω..</span> <span class='ocrx_word' id='word_1_145' title='bbox 699 2349 789 2404; x_wconf 91' lang='lat' dir='ltr'><strong>Ille</strong></span> <span class='ocrx_word' id='word_1_146' title='bbox 807 2363 936 2419; x_wconf 88' lang='lat' dir='ltr'><strong>ergo</strong></span> <span class='ocrx_word' id='word_1_147' title='bbox 951 2348 1099 2414; x_wconf 90' lang='lat' dir='ltr'><strong>dicit,</strong></span> <span class='ocrx_word' id='word_1_148' title='bbox 1117 2362 1145 2401; x_wconf 92' lang='lat' dir='ltr'><strong>a</strong></span> <span class='ocrx_word' id='word_1_149' title='bbox 1169 2346 1405 2417; x_wconf 86' lang='lat' dir='ltr'><strong>principe</strong></span> <span class='ocrx_word' id='word_1_150' title='bbox 1425 2345 1785 2408; x_wconf 88' lang='lat' dir='ltr'><strong>tenebrarum,</strong></span> <span class='ocrx_word' id='word_1_151' title='bbox 1804 2344 1853 2398; x_wconf 89' lang='lat' dir='ltr'><strong>id</strong></span> 
     </span>
    </p>
   </div>
   <div class='ocr_carea' id='block_1_24' title="bbox 260 2438 1854 2510">
    <p class='ocr_par' dir='ltr' id='par_1_24' title="bbox 260 2438 1854 2510">
     <span class='ocr_line' id='line_1_24' title="bbox 260 2438 1854 2510; baseline -0.005 -12"><span class='ocrx_word' id='word_1_152' title='bbox 260 2452 370 2510; x_wconf 87' lang='lat' dir='ltr'><strong>cst,</strong></span> <span class='ocrx_word' id='word_1_153' title='bbox 402 2450 618 2497; x_wconf 87' lang='lat' dir='ltr'><strong>auctore</strong></span> <span class='ocrx_word' id='word_1_154' title='bbox 644 2442 784 2506; x_wconf 85' lang='lat' dir='ltr'><strong>mali,</strong></span> <span class='ocrx_word' id='word_1_155' title='bbox 815 2441 881 2496; x_wconf 91' lang='lat' dir='ltr'><strong>de</strong></span> <span class='ocrx_word' id='word_1_156' title='bbox 909 2440 1129 2493; x_wconf 85' lang='lat' dir='ltr'><strong>duarum</strong></span> <span class='ocrx_word' id='word_1_157' title='bbox 1150 2438 1529 2494; x_wconf 77' lang='lat' dir='ltr'><strong>commixtione</strong></span> <span class='ocrx_word' id='word_1_158' title='bbox 1551 2447 1854 2492; x_wconf 82' lang='lat' dir='ltr'><strong>naturarum</strong></span> 
     </span>
    </p>
   </div>
   <div class='ocr_carea' id='block_1_25' title="bbox 262 2528 1855 2599">
    <p class='ocr_par' dir='ltr' id='par_1_25' title="bbox 262 2528 1855 2599">
     <span class='ocr_line' id='line_1_25' title="bbox 262 2528 1855 2599; baseline -0.008 -6"><span class='ocrx_word' id='word_1_159' title='bbox 262 2537 424 2593; x_wconf 72' lang='lat' dir='ltr'><strong>boum</strong></span> <span class='ocrx_word' id='word_1_160' title='bbox 450 2546 503 2591; x_wconf 87' lang='lat' dir='ltr'><strong>et</strong></span> <span class='ocrx_word' id='word_1_161' title='bbox 531 2534 709 2599; x_wconf 81' lang='lat' dir='ltr'><strong>malae,</strong></span> <span class='ocrx_word' id='word_1_162' title='bbox 740 2532 1009 2587; x_wconf 86' lang='lat' dir='ltr'><strong>hominem</strong></span> <span class='ocrx_word' id='word_1_163' title='bbox 1034 2539 1272 2586; x_wconf 87' lang='lat' dir='ltr'><strong>creatum</strong></span> <span class='ocrx_word' id='word_1_164' title='bbox 1301 2529 1481 2585; x_wconf 84' lang='lat' dir='ltr'><strong>fuisse.</strong></span> <span class='ocrx_word' id='word_1_165' title='bbox 1511 2529 1590 2583; x_wconf 82' lang='lat' dir='ltr'><strong>&#39;f‘u</strong></span> <span class='ocrx_word' id='word_1_166' title='bbox 1618 2529 1743 2599; x_wconf 90' lang='lat' dir='ltr'><strong>quid</strong></span> <span class='ocrx_word' id='word_1_167' title='bbox 1770 2528 1855 2581; x_wconf 89' lang='lat' dir='ltr'><strong>di-</strong></span> 
     </span>
    </p>
   </div>
   <div class='ocr_carea' id='block_1_26' title="bbox 262 2619 1857 2697">
    <p class='ocr_par' dir='ltr' id='par_1_26' title="bbox 262 2619 1857 2697">
     <span class='ocr_line' id='line_1_26' title="bbox 262 2619 1857 2697; baseline -0.008 -12"><span class='ocrx_word' id='word_1_168' title='bbox 262 2629 383 2685; x_wconf 80' lang='lat' dir='ltr'><strong>cis?</strong></span> <span class='ocrx_word' id='word_1_169' title='bbox 435 2629 474 2681; x_wconf 82' lang='lat' dir='ltr'><strong>A</strong></span> <span class='ocrx_word' id='word_1_170' title='bbox 510 2627 618 2682; x_wconf 81' lang='lat' dir='ltr'><strong>Deo</strong></span> <span class='ocrx_word' id='word_1_171' title='bbox 642 2624 855 2697; x_wconf 83' lang='lat' dir='ltr'><strong>quidem</strong></span> <span class='ocrx_word' id='word_1_172' title='bbox 887 2624 1046 2689; x_wconf 88' lang='lat' dir='ltr'><strong>bono,</strong></span> <span class='ocrx_word' id='word_1_173' title='bbox 1081 2622 1179 2677; x_wconf 86' lang='lat' dir='ltr'><strong>sed</strong></span> <span class='ocrx_word' id='word_1_174' title='bbox 1204 2635 1391 2677; x_wconf 89' lang='lat' dir='ltr'><strong>omnes</strong></span> <span class='ocrx_word' id='word_1_175' title='bbox 1415 2620 1661 2676; x_wconf 85' lang='lat' dir='ltr'><strong>homines</strong></span> <span class='ocrx_word' id='word_1_176' title='bbox 1686 2619 1857 2674; x_wconf 80' lang='lat' dir='ltr'><strong>malos</strong></span> 
     </span>
    </p>
   </div>
   <div class='ocr_carea' id='block_1_27' title="bbox 265 2720 461 2776">
    <p class='ocr_par' dir='ltr' id='par_1_27' title="bbox 265 2720 461 2776">
     <span class='ocr_line' id='line_1_27' title="bbox 265 2720 461 2776; baseline -0.01 0"><span class='ocrx_word' id='word_1_177' title='bbox 265 2720 461 2776; x_wconf 81' lang='lat' dir='ltr'><strong>creari.</strong></span> 
     </span>
    </p>
   </div>
   <div class='ocr_carea' id='block_1_28' title="bbox 344 2807 1858 2873">
    <p class='ocr_par' dir='ltr' id='par_1_28' title="bbox 344 2807 1858 2873">
     <span class='ocr_line' id='line_1_28' title="bbox 344 2807 1858 2873; baseline -0.005 -9"><span class='ocrx_word' id='word_1_178' title='bbox 344 2814 478 2867; x_wconf 73' lang='lat' dir='ltr'><strong>Asc.</strong></span> <span class='ocrx_word' id='word_1_179' title='bbox 519 2808 573 2863; x_wconf 90' lang='lat' dir='ltr'><strong>In</strong></span> <span class='ocrx_word' id='word_1_180' title='bbox 600 2807 816 2863; x_wconf 90' lang='lat' dir='ltr'><strong>homine</strong></span> <span class='ocrx_word' id='word_1_181' title='bbox 848 2816 974 2862; x_wconf 90' lang='lat' dir='ltr'><strong>nato</strong></span> <span class='ocrx_word' id='word_1_182' title='bbox 1007 2814 1062 2862; x_wconf 89' lang='lat' dir='ltr'><strong>et</strong></span> <span class='ocrx_word' id='word_1_183' title='bbox 1098 2813 1283 2860; x_wconf 86' lang='lat' dir='ltr'><strong>natura</strong></span> <span class='ocrx_word' id='word_1_184' title='bbox 1305 2812 1410 2872; x_wconf 91' lang='lat' dir='ltr'><strong>est,</strong></span> <span class='ocrx_word' id='word_1_185' title='bbox 1441 2817 1597 2873; x_wconf 86' lang='lat' dir='ltr'><strong>quam</strong></span> <span class='ocrx_word' id='word_1_186' title='bbox 1628 2817 1734 2858; x_wconf 90' lang='lat' dir='ltr'><strong>non</strong></span> <span class='ocrx_word' id='word_1_187' title='bbox 1762 2816 1858 2857; x_wconf 87' lang='lat' dir='ltr'><strong>ne-</strong></span> 
     </span>
    </p>
   </div>
   <div class='ocr_carea' id='block_1_29' title="bbox 264 2895 1859 2973">
    <p class='ocr_par' dir='ltr' id='par_1_29' title="bbox 264 2895 1859 2973">
     <span class='ocr_line' id='line_1_29' title="bbox 264 2895 1859 2973; baseline -0.003 -20"><span class='ocrx_word' id='word_1_188' title='bbox 264 2916 366 2973; x_wconf 83' lang='lat' dir='ltr'><strong>gas</strong></span> <span class='ocrx_word' id='word_1_189' title='bbox 408 2901 624 2965; x_wconf 90' lang='lat' dir='ltr'><strong>bonum,</strong></span> <span class='ocrx_word' id='word_1_190' title='bbox 650 2898 719 2954; x_wconf 87' lang='lat' dir='ltr'><strong>de</strong></span> <span class='ocrx_word' id='word_1_191' title='bbox 759 2913 866 2968; x_wconf 90' lang='lat' dir='ltr'><strong>quo</strong></span> <span class='ocrx_word' id='word_1_192' title='bbox 908 2896 1185 2952; x_wconf 84' lang='lat' dir='ltr'><strong>laudamus</strong></span> <span class='ocrx_word' id='word_1_193' title='bbox 1228 2903 1528 2951; x_wconf 83' lang='lat' dir='ltr'><strong>creatorem</strong></span> <span class='ocrx_word' id='word_1_194' title='bbox 1570 2895 1769 2958; x_wconf 90' lang='lat' dir='ltr'><strong>Deum;</strong></span> <span class='ocrx_word' id='word_1_195' title='bbox 1801 2899 1859 2948; x_wconf 86' lang='lat' dir='ltr'><strong>et</strong></span> 
     </span>
    </p>
   </div>
   <div class='ocr_carea' id='block_1_30' title="bbox 262 2983 1858 3059">
    <p class='ocr_par' dir='ltr' id='par_1_30' title="bbox 262 2983 1858 3059">
     <span class='ocr_line' id='line_1_30' title="bbox 262 2983 1858 3059; baseline -0.008 -14"><span class='ocrx_word' id='word_1_196' title='bbox 262 2992 479 3051; x_wconf 76' lang='lat' dir='ltr'><strong>vitium,</strong></span> <span class='ocrx_word' id='word_1_197' title='bbox 511 2989 650 3059; x_wconf 88' lang='lat' dir='ltr'><strong>quod</strong></span> <span class='ocrx_word' id='word_1_198' title='bbox 682 3004 787 3043; x_wconf 89' lang='lat' dir='ltr'><strong>non</strong></span> <span class='ocrx_word' id='word_1_199' title='bbox 819 3002 981 3056; x_wconf 79' lang='lat' dir='ltr'><strong>negas</strong></span> <span class='ocrx_word' id='word_1_200' title='bbox 1009 2986 1204 3040; x_wconf 88' lang='lat' dir='ltr'><strong>malum</strong></span> <span class='ocrx_word' id='word_1_201' title='bbox 1223 3027 1236 3049; x_wconf 93' lang='lat'><strong>,</strong></span> <span class='ocrx_word' id='word_1_202' title='bbox 1267 2984 1313 3039; x_wconf 89' lang='lat' dir='ltr'><strong>si</strong></span> <span class='ocrx_word' id='word_1_203' title='bbox 1341 2984 1424 3039; x_wconf 87' lang='lat' dir='ltr'><strong>vel</strong></span> <span class='ocrx_word' id='word_1_204' title='bbox 1454 2997 1669 3053; x_wconf 88' lang='lat' dir='ltr'><strong>pressus</strong></span> <span class='ocrx_word' id='word_1_205' title='bbox 1687 2983 1858 3037; x_wconf 85' lang='lat' dir='ltr'><strong>confl-</strong></span> 
     </span>
    </p>
   </div>
   <div class='ocr_carea' id='block_1_31' title="bbox 271 3074 1856 3149">
    <p class='ocr_par' dir='ltr' id='par_1_31' title="bbox 271 3074 1856 3149">
     <span class='ocr_line' id='line_1_31' title="bbox 271 3074 1856 3149; baseline -0.009 -10"><span class='ocrx_word' id='word_1_206' title='bbox 271 3083 405 3139; x_wconf 90' lang='lat' dir='ltr'><strong>tcris</strong></span> <span class='ocrx_word' id='word_1_207' title='bbox 438 3081 793 3136; x_wconf 87' lang='lat' dir='ltr'><strong>necessarium</strong></span> <span class='ocrx_word' id='word_1_208' title='bbox 836 3077 1067 3149; x_wconf 79' lang='lat' dir='ltr'><strong>parvulis</strong></span> <span class='ocrx_word' id='word_1_209' title='bbox 1101 3074 1365 3130; x_wconf 88' lang='lat' dir='ltr'><strong>medicum</strong></span> <span class='ocrx_word' id='word_1_210' title='bbox 1397 3074 1695 3137; x_wconf 78' lang='lat' dir='ltr'><strong>Christum;</strong></span> <span class='ocrx_word' id='word_1_211' title='bbox 1722 3086 1856 3142; x_wconf 83' lang='lat' dir='ltr'><strong>quo-</strong></span> 
     </span>
    </p>
   </div>
   <div class='ocr_carea' id='block_1_32' title="bbox 270 3158 1861 3238">
    <p class='ocr_par' dir='ltr' id='par_1_32' title="bbox 270 3158 1861 3238">
     <span class='ocr_line' id='line_1_32' title="bbox 270 3158 1861 3238; baseline -0.009 -10"><span class='ocrx_word' id='word_1_212' title='bbox 270 3175 440 3238; x_wconf 86' lang='lat' dir='ltr'><strong>niam,</strong></span> <span class='ocrx_word' id='word_1_213' title='bbox 472 3170 590 3226; x_wconf 85' lang='lat' dir='ltr'><strong>Non</strong></span> <span class='ocrx_word' id='word_1_214' title='bbox 628 3183 698 3226; x_wconf 79' lang='lat' dir='ltr'><strong>est</strong></span> <span class='ocrx_word' id='word_1_215' title='bbox 735 3168 1043 3223; x_wconf 70' lang='lat' dir='ltr'><strong>necessarius</strong></span> <span class='ocrx_word' id='word_1_216' title='bbox 1081 3166 1218 3220; x_wconf 80' lang='lat' dir='ltr'><strong>sanis</strong></span> <span class='ocrx_word' id='word_1_217' title='bbox 1253 3163 1492 3225; x_wconf 81' lang='lat' dir='ltr'><strong>medicus,</strong></span> <span class='ocrx_word' id='word_1_218' title='bbox 1522 3161 1768 3217; x_wconf 84' lang='lat' dir='ltr'><strong>eumdem</strong></span> <span class='ocrx_word' id='word_1_219' title='bbox 1793 3158 1861 3215; x_wconf 76' lang='lat' dir='ltr'><strong>die</strong></span> 
     </span>
    </p>
   </div>
   <div class='ocr_carea' id='block_1_33' title="bbox 270 3254 1557 3336">
    <p class='ocr_par' dir='ltr' id='par_1_33' title="bbox 270 3254 1557 3336">
     <span class='ocr_line' id='line_1_33' title="bbox 270 3254 1557 3336; baseline -0.012 -13"><span class='ocrx_word' id='word_1_220' title='bbox 270 3282 331 3323; x_wconf 88' lang='lat' dir='ltr'><strong>se</strong></span> <span class='ocrx_word' id='word_1_221' title='bbox 360 3268 475 3336; x_wconf 79' lang='lat' dir='ltr'><strong>ipso</strong></span> <span class='ocrx_word' id='word_1_222' title='bbox 501 3264 700 3319; x_wconf 67' lang='lat' dir='ltr'><strong>dixisse</strong></span> <span class='ocrx_word' id='word_1_223' title='bbox 730 3276 924 3332; x_wconf 84' lang='lat' dir='ltr'><strong>negare</strong></span> <span class='ocrx_word' id='word_1_224' title='bbox 947 3275 1053 3314; x_wconf 90' lang='lat' dir='ltr'><strong>non</strong></span> <span class='ocrx_word' id='word_1_225' title='bbox 1084 3266 1236 3327; x_wconf 87' lang='lat' dir='ltr'><strong>potes</strong></span> <span class='ocrx_word' id='word_1_226' title='bbox 1263 3254 1557 3311; x_wconf 87' lang='lat' dir='ltr'><strong>Christum.</strong></span> 
     </span>
    </p>
   </div>
   <div class='ocr_carea' id='block_1_34' title="bbox 316 3342 1863 3417">
    <p class='ocr_par' dir='ltr' id='par_1_34' title="bbox 316 3342 1863 3417">
     <span class='ocr_line' id='line_1_34' title="bbox 316 3342 1863 3417; baseline -0.007 -6"><span class='ocrx_word' id='word_1_227' title='bbox 316 3408 321 3411; x_wconf 77' lang='lat'><strong>.</strong></span> <span class='ocrx_word' id='word_1_228' title='bbox 345 3356 523 3414; x_wconf 83' lang='lat' dir='ltr'><strong>CLIV.</strong></span> <span class='ocrx_word' id='word_1_229' title='bbox 555 3354 672 3410; x_wconf 82' lang='grc' dir='ltr'>ιω..</span> <span class='ocrx_word' id='word_1_230' title='bbox 723 3354 864 3408; x_wconf 86' lang='lat' dir='ltr'><strong>Inter</strong></span> <span class='ocrx_word' id='word_1_231' title='bbox 889 3361 939 3406; x_wconf 91' lang='lat' dir='ltr'><strong>te</strong></span> <span class='ocrx_word' id='word_1_232' title='bbox 965 3359 1019 3405; x_wconf 89' lang='lat' dir='ltr'><strong>et</strong></span> <span class='ocrx_word' id='word_1_233' title='bbox 1040 3347 1388 3404; x_wconf 74' lang='lat' dir='ltr'><strong>Manichzcum</strong></span> <span class='ocrx_word' id='word_1_234' title='bbox 1419 3346 1595 3417; x_wconf 85' lang='lat' dir='ltr'><strong>itaque</strong></span> <span class='ocrx_word' id='word_1_235' title='bbox 1624 3344 1765 3400; x_wconf 89' lang='lat' dir='ltr'><strong>nulla</strong></span> <span class='ocrx_word' id='word_1_236' title='bbox 1793 3342 1863 3400; x_wconf 85' lang='lat' dir='ltr'><strong>de</strong></span> 
     </span>
    </p>
   </div>
   <div class='ocr_carea' id='block_1_35' title="bbox 271 3434 1860 3521">
    <p class='ocr_par' dir='ltr' id='par_1_35' title="bbox 271 3434 1860 3521">
     <span class='ocr_line' id='line_1_35' title="bbox 271 3434 1860 3521; baseline -0.009 -19"><span class='ocrx_word' id='word_1_237' title='bbox 271 3448 530 3521; x_wconf 88' lang='lat' dir='ltr'><strong>qualitate</strong></span> <span class='ocrx_word' id='word_1_238' title='bbox 560 3454 781 3508; x_wconf 68' lang='lat' dir='ltr'><strong>natium,</strong></span> <span class='ocrx_word' id='word_1_239' title='bbox 823 3440 917 3497; x_wconf 89' lang='lat' dir='ltr'><strong>sed</strong></span> <span class='ocrx_word' id='word_1_240' title='bbox 957 3440 1024 3496; x_wconf 91' lang='lat' dir='ltr'><strong>de</strong></span> <span class='ocrx_word' id='word_1_241' title='bbox 1063 3439 1178 3496; x_wconf 93' lang='lat' dir='ltr'><strong>solo</strong></span> <span class='ocrx_word' id='word_1_242' title='bbox 1213 3444 1299 3493; x_wconf 90' lang='lat' dir='ltr'><strong>est</strong></span> <span class='ocrx_word' id='word_1_243' title='bbox 1328 3445 1545 3493; x_wconf 89' lang='lat' dir='ltr'><strong>auctore</strong></span> <span class='ocrx_word' id='word_1_244' title='bbox 1576 3434 1860 3490; x_wconf 87' lang='lat' dir='ltr'><strong>dissensio.</strong></span> 
     </span>
    </p>
   </div>
   <div class='ocr_carea' id='block_1_36' title="bbox 272 3526 1859 3598">
    <p class='ocr_par' dir='ltr' id='par_1_36' title="bbox 272 3526 1859 3598">
     <span class='ocr_line' id='line_1_36' title="bbox 272 3526 1859 3598; baseline -0.011 -3"><span class='ocrx_word' id='word_1_245' title='bbox 272 3541 390 3596; x_wconf 85' lang='lat' dir='ltr'><strong>lloc</strong></span> <span class='ocrx_word' id='word_1_246' title='bbox 416 3539 557 3593; x_wconf 87' lang='lat' dir='ltr'><strong>enim</strong></span> <span class='ocrx_word' id='word_1_247' title='bbox 587 3536 783 3590; x_wconf 88' lang='lat' dir='ltr'><strong>malum</strong></span> <span class='ocrx_word' id='word_1_248' title='bbox 824 3540 879 3585; x_wconf 89' lang='lat' dir='ltr'><strong>tu</strong></span> <span class='ocrx_word' id='word_1_249' title='bbox 925 3531 1033 3585; x_wconf 88' lang='lat' dir='ltr'><strong>Deo</strong></span> <span class='ocrx_word' id='word_1_250' title='bbox 1069 3536 1305 3598; x_wconf 86' lang='lat' dir='ltr'><strong>reputas,</strong></span> <span class='ocrx_word' id='word_1_251' title='bbox 1331 3542 1489 3597; x_wconf 89' lang='lat' dir='ltr'><strong>quem</strong></span> <span class='ocrx_word' id='word_1_252' title='bbox 1522 3526 1859 3595; x_wconf 83' lang='lat' dir='ltr'><strong>parvulorum</strong></span> 
     </span>
    </p>
   </div>
   <div class='ocr_carea' id='block_1_37' title="bbox 274 3615 1862 3693">
    <p class='ocr_par' dir='ltr' id='par_1_37' title="bbox 274 3615 1862 3693">
     <span class='ocr_line' id='line_1_37' title="bbox 274 3615 1862 3693; baseline -0.01 -7"><span class='ocrx_word' id='word_1_253' title='bbox 274 3641 574 3687; x_wconf 84' lang='lat' dir='ltr'><strong>creatorem</strong></span> <span class='ocrx_word' id='word_1_254' title='bbox 609 3624 811 3688; x_wconf 73' lang='lat' dir='ltr'><strong>fateris,</strong></span> <span class='ocrx_word' id='word_1_255' title='bbox 836 3621 977 3693; x_wconf 85' lang='lat' dir='ltr'><strong>quod</strong></span> <span class='ocrx_word' id='word_1_256' title='bbox 1013 3620 1336 3676; x_wconf 71' lang='lat' dir='ltr'><strong>Manichacus</strong></span> <span class='ocrx_word' id='word_1_257' title='bbox 1362 3617 1581 3687; x_wconf 82' lang='lat' dir='ltr'><strong>principi</strong></span> <span class='ocrx_word' id='word_1_258' title='bbox 1612 3615 1862 3671; x_wconf 86' lang='lat' dir='ltr'><strong>tenebra-</strong></span> 
     </span>
    </p>
   </div>
   <div class='ocr_carea' id='block_1_38' title="bbox 272 3704 1863 3790">
    <p class='ocr_par' dir='ltr' id='par_1_38' title="bbox 272 3704 1863 3790">
     <span class='ocr_line' id='line_1_38' title="bbox 272 3704 1863 3790; baseline -0.011 -12"><span class='ocrx_word' id='word_1_259' title='bbox 272 3738 418 3786; x_wconf 89' lang='lat' dir='ltr'><strong>rum,</strong></span> <span class='ocrx_word' id='word_1_260' title='bbox 449 3735 605 3790; x_wconf 86' lang='lat' dir='ltr'><strong>quem</strong></span> <span class='ocrx_word' id='word_1_261' title='bbox 644 3725 846 3772; x_wconf 76' lang='lat' dir='ltr'><strong>natura:</strong></span> <span class='ocrx_word' id='word_1_262' title='bbox 892 3714 1136 3767; x_wconf 65' lang='lat' dir='ltr'><strong>humanae</strong></span> <span class='ocrx_word' id='word_1_263' title='bbox 1168 3708 1497 3765; x_wconf 77' lang='lat' dir='ltr'><strong>conditorem</strong></span> <span class='ocrx_word' id='word_1_264' title='bbox 1535 3706 1753 3775; x_wconf 82' lang='lat' dir='ltr'><strong>putavit.</strong></span> <span class='ocrx_word' id='word_1_265' title='bbox 1778 3704 1863 3761; x_wconf 69' lang='lat' dir='ltr'><strong>Ad</strong></span> 
     </span>
    </p>
   </div>
   <div class='ocr_carea' id='block_1_39' title="bbox 275 3797 1863 3878">
    <p class='ocr_par' dir='ltr' id='par_1_39' title="bbox 275 3797 1863 3878">
     <span class='ocr_line' id='line_1_39' title="bbox 275 3797 1863 3878; baseline -0.011 -11"><span class='ocrx_word' id='word_1_266' title='bbox 275 3809 681 3867; x_wconf 83' lang='lat' dir='ltr'><strong>instaurandum</strong></span> <span class='ocrx_word' id='word_1_267' title='bbox 708 3806 867 3878; x_wconf 81' lang='lat' dir='ltr'><strong>igitur</strong></span> <span class='ocrx_word' id='word_1_268' title='bbox 892 3802 1090 3867; x_wconf 72' lang='lat' dir='ltr'><strong>fwdns,</strong></span> <span class='ocrx_word' id='word_1_269' title='bbox 1113 3816 1220 3855; x_wconf 89' lang='lat' dir='ltr'><strong>non</strong></span> <span class='ocrx_word' id='word_1_270' title='bbox 1244 3797 1445 3869; x_wconf 87' lang='lat' dir='ltr'><strong>grande</strong></span> <span class='ocrx_word' id='word_1_271' title='bbox 1473 3797 1625 3851; x_wconf 89' lang='lat' dir='ltr'><strong>vobis</strong></span> <span class='ocrx_word' id='word_1_272' title='bbox 1647 3810 1863 3852; x_wconf 86' lang='lat' dir='ltr'><strong>reman-</strong></span> 
     </span>
    </p>
   </div>
   <div class='ocr_carea' id='block_1_40' title="bbox 274 3886 1866 3959">
    <p class='ocr_par' dir='ltr' id='par_1_40' title="bbox 274 3886 1866 3959">
     <span class='ocr_line' id='line_1_40' title="bbox 274 3886 1866 3959; baseline -0.011 0"><span class='ocrx_word' id='word_1_273' title='bbox 274 3905 347 3959; x_wconf 87' lang='lat' dir='ltr'><strong>sit</strong></span> <span class='ocrx_word' id='word_1_274' title='bbox 374 3900 729 3957; x_wconf 75' lang='lat' dir='ltr'><strong>thtaeulum.</strong></span> <span class='ocrx_word' id='word_1_275' title='bbox 763 3896 884 3950; x_wconf 78' lang='lat' dir='ltr'><strong>Mox</strong></span> <span class='ocrx_word' id='word_1_276' title='bbox 921 3904 1098 3948; x_wconf 86' lang='lat' dir='ltr'><strong>tamen</strong></span> <span class='ocrx_word' id='word_1_277' title='bbox 1135 3890 1366 3955; x_wconf 87' lang='lat' dir='ltr'><strong>docebo,</strong></span> <span class='ocrx_word' id='word_1_278' title='bbox 1403 3886 1541 3957; x_wconf 87' lang='lat' dir='ltr'><strong>apud</strong></span> <span class='ocrx_word' id='word_1_279' title='bbox 1583 3896 1866 3957; x_wconf 86' lang='lat' dir='ltr'><strong>utrumque</strong></span> 
     </span>
    </p>
   </div>
   <div class='ocr_carea' id='block_1_41' title="bbox 277 3978 1867 4053">
    <p class='ocr_par' dir='ltr' id='par_1_41' title="bbox 277 3978 1867 4053">
     <span class='ocr_line' id='line_1_41' title="bbox 277 3978 1867 4053; baseline -0.01 -4"><span class='ocrx_word' id='word_1_280' title='bbox 277 4004 513 4049; x_wconf 85' lang='lat' dir='ltr'><strong>vestrum</strong></span> <span class='ocrx_word' id='word_1_281' title='bbox 557 3990 656 4046; x_wconf 88' lang='lat' dir='ltr'><strong>etsi</strong></span> <span class='ocrx_word' id='word_1_282' title='bbox 686 3987 924 4043; x_wconf 83' lang='lat' dir='ltr'><strong>veritatis</strong></span> <span class='ocrx_word' id='word_1_283' title='bbox 947 3982 1167 4053; x_wconf 87' lang='lat' dir='ltr'><strong>vestigia</strong></span> <span class='ocrx_word' id='word_1_284' title='bbox 1207 3980 1351 4036; x_wconf 89' lang='lat' dir='ltr'><strong>nulla</strong></span> <span class='ocrx_word' id='word_1_285' title='bbox 1376 3979 1681 4044; x_wconf 86' lang='lat' dir='ltr'><strong>videantur,</strong></span> <span class='ocrx_word' id='word_1_286' title='bbox 1725 3978 1867 4033; x_wconf 83' lang='lat' dir='ltr'><strong>illius</strong></span> 
     </span>
    </p>
   </div>
   <div class='ocr_carea' id='block_1_42' title="bbox 278 4068 1865 4152">
    <p class='ocr_par' dir='ltr' id='par_1_42' title="bbox 278 4068 1865 4152">
     <span class='ocr_line' id='line_1_42' title="bbox 278 4068 1865 4152; baseline -0.011 -12"><span class='ocrx_word' id='word_1_287' title='bbox 278 4094 459 4140; x_wconf 88' lang='lat' dir='ltr'><strong>tamen</strong></span> <span class='ocrx_word' id='word_1_288' title='bbox 487 4082 652 4152; x_wconf 85' lang='lat' dir='ltr'><strong>magis</strong></span> <span class='ocrx_word' id='word_1_289' title='bbox 676 4095 832 4151; x_wconf 81' lang='lat' dir='ltr'><strong>quam</strong></span> <span class='ocrx_word' id='word_1_290' title='bbox 865 4088 972 4140; x_wconf 88' lang='lat' dir='ltr'><strong>tua,</strong></span> <span class='ocrx_word' id='word_1_291' title='bbox 1002 4076 1215 4130; x_wconf 85' lang='lat' dir='ltr'><strong>sibimet</strong></span> <span class='ocrx_word' id='word_1_292' title='bbox 1237 4073 1377 4128; x_wconf 89' lang='lat' dir='ltr'><strong>dicta</strong></span> <span class='ocrx_word' id='word_1_293' title='bbox 1407 4071 1712 4127; x_wconf 71' lang='lat' dir='ltr'><strong>concinere.</strong></span> <span class='ocrx_word' id='word_1_294' title='bbox 1756 4068 1865 4124; x_wconf 80' lang='lat' dir='ltr'><strong>Nos</strong></span> 
     </span>
    </p>
   </div>
   <div class='ocr_carea' id='block_1_43' title="bbox 279 4164 1865 4250">
    <p class='ocr_par' dir='ltr' id='par_1_43' title="bbox 279 4164 1865 4250">
     <span class='ocr_line' id='line_1_43' title="bbox 279 4164 1865 4250; baseline -0.013 -16"><span class='ocrx_word' id='word_1_295' title='bbox 279 4194 442 4250; x_wconf 86' lang='lat' dir='ltr'><strong>porro</strong></span> <span class='ocrx_word' id='word_1_296' title='bbox 464 4176 589 4248; x_wconf 87' lang='lat' dir='ltr'><strong>quid</strong></span> <span class='ocrx_word' id='word_1_297' title='bbox 614 4172 874 4229; x_wconf 85' lang='lat' dir='ltr'><strong>dicimus?</strong></span> <span class='ocrx_word' id='word_1_298' title='bbox 900 4170 1029 4227; x_wconf 85' lang='lat' dir='ltr'><strong>Sine</strong></span> <span class='ocrx_word' id='word_1_299' title='bbox 1055 4168 1215 4223; x_wconf 88' lang='lat' dir='ltr'><strong>dubio</strong></span> <span class='ocrx_word' id='word_1_300' title='bbox 1239 4165 1381 4237; x_wconf 90' lang='lat' dir='ltr'><strong>quod</strong></span> <span class='ocrx_word' id='word_1_301' title='bbox 1403 4164 1611 4234; x_wconf 89' lang='lat' dir='ltr'><strong>utrique</strong></span> <span class='ocrx_word' id='word_1_302' title='bbox 1630 4171 1865 4218; x_wconf 88' lang='lat' dir='ltr'><strong>vestrum</strong></span> 
     </span>
    </p>
   </div>
   <div class='ocr_carea' id='block_1_44' title="bbox 279 4251 1868 4338">
    <p class='ocr_par' dir='ltr' id='par_1_44' title="bbox 279 4251 1868 4338">
     <span class='ocr_line' id='line_1_44' title="bbox 279 4251 1868 4338; baseline -0.011 -15"><span class='ocrx_word' id='word_1_303' title='bbox 279 4277 557 4338; x_wconf 77' lang='lat' dir='ltr'><strong>repugnet,</strong></span> <span class='ocrx_word' id='word_1_304' title='bbox 586 4265 636 4319; x_wconf 88' lang='lat' dir='ltr'><strong>id</strong></span> <span class='ocrx_word' id='word_1_305' title='bbox 666 4273 769 4330; x_wconf 91' lang='lat' dir='ltr'><strong>est,</strong></span> <span class='ocrx_word' id='word_1_306' title='bbox 797 4276 896 4317; x_wconf 87' lang='lat' dir='ltr'><strong>nec</strong></span> <span class='ocrx_word' id='word_1_307' title='bbox 922 4277 953 4314; x_wconf 88' lang='lat' dir='ltr'><strong>a</strong></span> <span class='ocrx_word' id='word_1_308' title='bbox 984 4260 1125 4314; x_wconf 90' lang='lat' dir='ltr'><strong>bono</strong></span> <span class='ocrx_word' id='word_1_309' title='bbox 1155 4257 1265 4312; x_wconf 87' lang='lat' dir='ltr'><strong>Deo</strong></span> <span class='ocrx_word' id='word_1_310' title='bbox 1291 4255 1504 4320; x_wconf 85' lang='lat' dir='ltr'><strong>malam,</strong></span> <span class='ocrx_word' id='word_1_311' title='bbox 1534 4268 1633 4308; x_wconf 91' lang='lat' dir='ltr'><strong>nec</strong></span> <span class='ocrx_word' id='word_1_312' title='bbox 1662 4267 1691 4305; x_wconf 87' lang='lat' dir='ltr'><strong>a</strong></span> <span class='ocrx_word' id='word_1_313' title='bbox 1722 4251 1868 4321; x_wconf 81' lang='lat' dir='ltr'><strong>prin—</strong></span> 
     </span>
    </p>
   </div>
   <div class='ocr_carea' id='block_1_45' title="bbox 279 4344 1864 4432">
    <p class='ocr_par' dir='ltr' id='par_1_45' title="bbox 279 4344 1864 4432">
     <span class='ocr_line' id='line_1_45' title="bbox 279 4344 1864 4432; baseline -0.013 -15"><span class='ocrx_word' id='word_1_314' title='bbox 279 4365 401 4432; x_wconf 87' lang='lat' dir='ltr'><strong>cipe</strong></span> <span class='ocrx_word' id='word_1_315' title='bbox 445 4359 782 4415; x_wconf 89' lang='lat' dir='ltr'><strong>tenebrarum</strong></span> <span class='ocrx_word' id='word_1_316' title='bbox 823 4356 979 4408; x_wconf 87' lang='lat' dir='ltr'><strong>aliam</strong></span> <span class='ocrx_word' id='word_1_317' title='bbox 1010 4352 1088 4407; x_wconf 86' lang='lat' dir='ltr'><strong>vel</strong></span> <span class='ocrx_word' id='word_1_318' title='bbox 1124 4350 1336 4416; x_wconf 80' lang='lat' dir='ltr'><strong>factam,</strong></span> <span class='ocrx_word' id='word_1_319' title='bbox 1364 4347 1448 4403; x_wconf 85' lang='lat' dir='ltr'><strong>vel</strong></span> <span class='ocrx_word' id='word_1_320' title='bbox 1475 4344 1818 4401; x_wconf 79' lang='lat' dir='ltr'><strong>commixtam</strong></span> <span class='ocrx_word' id='word_1_321' title='bbox 1847 4344 1864 4376; x_wconf 78' lang='grc'>⁸</span> 
     </span>
    </p>
   </div>
   <div class='ocr_carea' id='block_1_46' title="bbox 281 4440 1866 4513">
    <p class='ocr_par' dir='ltr' id='par_1_46' title="bbox 281 4440 1866 4513">
     <span class='ocr_line' id='line_1_46' title="bbox 281 4440 1866 4513; baseline -0.014 -3"><span class='ocrx_word' id='word_1_322' title='bbox 281 4468 404 4510; x_wconf 85' lang='lat' dir='ltr'><strong>esse</strong></span> <span class='ocrx_word' id='word_1_323' title='bbox 452 4460 735 4513; x_wconf 84' lang='lat' dir='ltr'><strong>naturam;</strong></span> <span class='ocrx_word' id='word_1_324' title='bbox 789 4444 885 4500; x_wconf 91' lang='lat' dir='ltr'><strong>sed</strong></span> <span class='ocrx_word' id='word_1_325' title='bbox 930 4459 1095 4499; x_wconf 87' lang='lat' dir='ltr'><strong>unum</strong></span> <span class='ocrx_word' id='word_1_326' title='bbox 1153 4440 1322 4495; x_wconf 87' lang='lat' dir='ltr'><strong>Deum</strong></span> <span class='ocrx_word' id='word_1_327' title='bbox 1373 4448 1644 4492; x_wconf 85' lang='lat' dir='ltr'><strong>auctorem</strong></span> <span class='ocrx_word' id='word_1_328' title='bbox 1689 4450 1866 4491; x_wconf 89' lang='lat' dir='ltr'><strong>rerum</strong></span> 
     </span>
    </p>
   </div>
   <div class='ocr_carea' id='block_1_47' title="bbox 280 4526 1865 4608">
    <p class='ocr_par' dir='ltr' id='par_1_47' title="bbox 280 4526 1865 4608">
     <span class='ocr_line' id='line_1_47' title="bbox 280 4526 1865 4608; baseline -0.013 -9"><span class='ocrx_word' id='word_1_329' title='bbox 280 4543 545 4608; x_wconf 77' lang='lat' dir='ltr'><strong>ninnium,</strong></span> <span class='ocrx_word' id='word_1_330' title='bbox 572 4541 761 4594; x_wconf 87' lang='lat' dir='ltr'><strong>bonam</strong></span> <span class='ocrx_word' id='word_1_331' title='bbox 780 4536 1057 4591; x_wconf 84' lang='lat' dir='ltr'><strong>hominum</strong></span> <span class='ocrx_word' id='word_1_332' title='bbox 1081 4545 1186 4585; x_wconf 89' lang='lat' dir='ltr'><strong>non</strong></span> <span class='ocrx_word' id='word_1_333' title='bbox 1210 4530 1383 4585; x_wconf 90' lang='lat' dir='ltr'><strong>solum</strong></span> <span class='ocrx_word' id='word_1_334' title='bbox 1405 4527 1596 4583; x_wconf 82' lang='lat' dir='ltr'><strong>fecisse</strong></span> <span class='ocrx_word' id='word_1_335' title='bbox 1617 4526 1865 4596; x_wconf 88' lang='lat' dir='ltr'><strong>primum,</strong></span> 
     </span>
    </p>
   </div>
   <div class='ocr_carea' id='block_1_48' title="bbox 282 4618 1870 4695">
    <p class='ocr_par' dir='ltr' id='par_1_48' title="bbox 282 4618 1870 4695">
     <span class='ocr_line' id='line_1_48' title="bbox 282 4618 1870 4695; baseline -0.012 -4"><span class='ocrx_word' id='word_1_336' title='bbox 282 4635 380 4690; x_wconf 84' lang='lat' dir='ltr'><strong>sed</strong></span> <span class='ocrx_word' id='word_1_337' title='bbox 409 4635 566 4690; x_wconf 83' lang='lat' dir='ltr'><strong>etiam</strong></span> <span class='ocrx_word' id='word_1_338' title='bbox 592 4630 766 4685; x_wconf 87' lang='lat' dir='ltr'><strong>facere</strong></span> <span class='ocrx_word' id='word_1_339' title='bbox 794 4629 845 4681; x_wconf 91' lang='lat' dir='ltr'><strong>in</strong></span> <span class='ocrx_word' id='word_1_340' title='bbox 868 4637 1192 4695; x_wconf 82' lang='lat' dir='ltr'><strong>unoquoque</strong></span> <span class='ocrx_word' id='word_1_341' title='bbox 1216 4628 1467 4676; x_wconf 83' lang='lat' dir='ltr'><strong>nascente</strong></span> <span class='ocrx_word' id='word_1_342' title='bbox 1491 4625 1735 4674; x_wconf 89' lang='lat' dir='ltr'><strong>naturam</strong></span> <span class='ocrx_word' id='word_1_343' title='bbox 1755 4618 1870 4673; x_wconf 89' lang='lat' dir='ltr'><strong>:eui</strong></span> 
     </span>
    </p>
   </div>
   <div class='ocr_carea' id='block_1_49' title="bbox 280 4706 1872 4785">
    <p class='ocr_par' dir='ltr' id='par_1_49' title="bbox 280 4706 1872 4785">
     <span class='ocr_line' id='line_1_49' title="bbox 280 4706 1872 4785; baseline -0.01 -5"><span class='ocrx_word' id='word_1_344' title='bbox 280 4738 466 4781; x_wconf 81' lang='lat' dir='ltr'><strong>tanien</strong></span> <span class='ocrx_word' id='word_1_345' title='bbox 504 4720 764 4777; x_wconf 86' lang='lat' dir='ltr'><strong>creatoris</strong></span> <span class='ocrx_word' id='word_1_346' title='bbox 797 4718 881 4773; x_wconf 87' lang='lat' dir='ltr'><strong>sui</strong></span> <span class='ocrx_word' id='word_1_347' title='bbox 919 4713 1343 4785; x_wconf 85' lang='lat' dir='ltr'><strong>opitulationem,</strong></span> <span class='ocrx_word' id='word_1_348' title='bbox 1385 4718 1444 4764; x_wconf 91' lang='lat' dir='ltr'><strong>ut</strong></span> <span class='ocrx_word' id='word_1_349' title='bbox 1479 4708 1662 4764; x_wconf 86' lang='lat' dir='ltr'><strong>multis</strong></span> <span class='ocrx_word' id='word_1_350' title='bbox 1699 4706 1872 4764; x_wconf 87' lang='lat' dir='ltr'><strong>modis</strong></span> 
     </span>
    </p>
   </div>
   <div class='ocr_carea' id='block_1_50' title="bbox 284 4799 1871 4880">
    <p class='ocr_par' dir='ltr' id='par_1_50' title="bbox 284 4799 1871 4880">
     <span class='ocr_line' id='line_1_50' title="bbox 284 4799 1871 4880; baseline -0.012 -8"><span class='ocrx_word' id='word_1_351' title='bbox 284 4818 492 4880; x_wconf 88' lang='lat' dir='ltr'><strong>utilem,</strong></span> <span class='ocrx_word' id='word_1_352' title='bbox 521 4816 591 4870; x_wconf 88' lang='lat' dir='ltr'><strong>ita</strong></span> <span class='ocrx_word' id='word_1_353' title='bbox 617 4814 776 4868; x_wconf 91' lang='lat' dir='ltr'><strong>etiam</strong></span> <span class='ocrx_word' id='word_1_354' title='bbox 806 4805 1162 4864; x_wconf 76' lang='lat' dir='ltr'><strong>necessariam</strong></span> <span class='ocrx_word' id='word_1_355' title='bbox 1193 4801 1522 4873; x_wconf 88' lang='lat' dir='ltr'><strong>profitemur.</strong></span> <span class='ocrx_word' id='word_1_356' title='bbox 1558 4799 1871 4869; x_wconf 79' lang='lat' dir='ltr'><strong>Quanquam</strong></span> 
     </span>
    </p>
   </div>
   <div class='ocr_carea' id='block_1_51' title="bbox 283 4890 1878 4975">
    <p class='ocr_par' dir='ltr' id='par_1_51' title="bbox 283 4890 1878 4975">
     <span class='ocr_line' id='line_1_51' title="bbox 283 4890 1878 4975; baseline -0.014 -9"><span class='ocrx_word' id='word_1_357' title='bbox 283 4912 390 4966; x_wconf 84' lang='lat' dir='ltr'><strong>alia</strong></span> <span class='ocrx_word' id='word_1_358' title='bbox 419 4915 503 4964; x_wconf 87' lang='lat' dir='ltr'><strong>est</strong></span> <span class='ocrx_word' id='word_1_359' title='bbox 521 4904 882 4962; x_wconf 83' lang='lat' dir='ltr'><strong>conditionum</strong></span> <span class='ocrx_word' id='word_1_360' title='bbox 907 4900 1065 4975; x_wconf 70' lang='lat' dir='ltr'><strong>ratio,</strong></span> <span class='ocrx_word' id='word_1_361' title='bbox 1096 4896 1199 4952; x_wconf 88' lang='lat' dir='ltr'><strong>alia</strong></span> <span class='ocrx_word' id='word_1_362' title='bbox 1222 4894 1515 4957; x_wconf 85' lang='lat' dir='ltr'><strong>donorum;</strong></span> <span class='ocrx_word' id='word_1_363' title='bbox 1540 4906 1637 4946; x_wconf 88' lang='lat' dir='ltr'><strong>nec</strong></span> <span class='ocrx_word' id='word_1_364' title='bbox 1656 4890 1743 4946; x_wconf 90' lang='lat' dir='ltr'><strong>hic</strong></span> <span class='ocrx_word' id='word_1_365' title='bbox 1762 4904 1878 4945; x_wconf 85' lang='lat' dir='ltr'><strong>ma—</strong></span> 
     </span>
    </p>
   </div>
   <div class='ocr_carea' id='block_1_52' title="bbox 282 4981 1876 5077">
    <p class='ocr_par' dir='ltr' id='par_1_52' title="bbox 282 4981 1876 5077">
     <span class='ocr_line' id='line_1_52' title="bbox 282 4981 1876 5077; baseline -0.011 -22"><span class='ocrx_word' id='word_1_366' title='bbox 282 5005 374 5077; x_wconf 78' lang='lat' dir='ltr'><strong>jor</strong></span> <span class='ocrx_word' id='word_1_367' title='bbox 414 5001 612 5072; x_wconf 89' lang='lat' dir='ltr'><strong>operis,</strong></span> <span class='ocrx_word' id='word_1_368' title='bbox 656 5011 814 5069; x_wconf 88' lang='lat' dir='ltr'><strong>quam</strong></span> <span class='ocrx_word' id='word_1_369' title='bbox 860 4991 1067 5064; x_wconf 74' lang='lat' dir='ltr'><strong>opificis</strong></span> <span class='ocrx_word' id='word_1_370' title='bbox 1103 4986 1384 5045; x_wconf 66' lang='lat' dir='ltr'><strong>aStimatio</strong></span> <span class='ocrx_word' id='word_1_371' title='bbox 1410 4986 1652 5041; x_wconf 85' lang='lat' dir='ltr'><strong>vertitur.</strong></span> <span class='ocrx_word' id='word_1_372' title='bbox 1701 4981 1876 5077; x_wconf 79' lang='lat' dir='ltr'><strong>Ambo</strong></span> 
     </span>
    </p>
   </div>
   <div class='ocr_carea' id='block_1_53' title="bbox 288 5075 1874 5168">
    <p class='ocr_par' dir='ltr' id='par_1_53' title="bbox 288 5075 1874 5168">
     <span class='ocr_line' id='line_1_53' title="bbox 288 5075 1874 5168; baseline -0.013 -16"><span class='ocrx_word' id='word_1_373' title='bbox 288 5075 452 5168; x_wconf 81' lang='lat' dir='ltr'><strong>igitur</strong></span> <span class='ocrx_word' id='word_1_374' title='bbox 497 5104 553 5148; x_wconf 91' lang='grc' dir='ltr'><strong>ιιι</strong></span> <span class='ocrx_word' id='word_1_375' title='bbox 595 5100 649 5146; x_wconf 88' lang='grc' dir='ltr'><strong>ει</strong></span> <span class='ocrx_word' id='word_1_376' title='bbox 688 5088 1029 5148; x_wconf 69' lang='grc' dir='ltr'>Μειιῑειιςειιε,</span> <span class='ocrx_word' id='word_1_377' title='bbox 1058 5083 1258 5155; x_wconf 85' lang='lat' dir='ltr'><strong>pariter</strong></span> <span class='ocrx_word' id='word_1_378' title='bbox 1284 5079 1484 5134; x_wconf 86' lang='lat' dir='ltr'><strong>malum</strong></span> <span class='ocrx_word' id='word_1_379' title='bbox 1513 5077 1753 5133; x_wconf 84' lang='lat' dir='ltr'><strong>naturale</strong></span> <span class='ocrx_word' id='word_1_380' title='bbox 1776 5075 1874 5132; x_wconf 86' lang='lat' dir='ltr'><strong>fir-</strong></span> 
     </span>
    </p>
   </div>
   <div class='ocr_carea' id='block_1_54' title="bbox 290 5168 1879 5251">
    <p class='ocr_par' dir='ltr' id='par_1_54' title="bbox 290 5168 1879 5251">
     <span class='ocr_line' id='line_1_54' title="bbox 290 5168 1879 5251; baseline -0.012 -7"><span class='ocrx_word' id='word_1_381' title='bbox 290 5188 471 5249; x_wconf 87' lang='lat' dir='ltr'><strong>matis,</strong></span> <span class='ocrx_word' id='word_1_382' title='bbox 500 5184 550 5239; x_wconf 90' lang='lat' dir='ltr'><strong>id</strong></span> <span class='ocrx_word' id='word_1_383' title='bbox 581 5191 682 5247; x_wconf 86' lang='lat' dir='ltr'><strong>est,</strong></span> <span class='ocrx_word' id='word_1_384' title='bbox 708 5180 866 5235; x_wconf 83' lang='lat' dir='ltr'><strong>ambo</strong></span> <span class='ocrx_word' id='word_1_385' title='bbox 896 5187 1137 5231; x_wconf 89' lang='lat' dir='ltr'><strong>naturam</strong></span> <span class='ocrx_word' id='word_1_386' title='bbox 1182 5172 1373 5227; x_wconf 88' lang='lat' dir='ltr'><strong>malam</strong></span> <span class='ocrx_word' id='word_1_387' title='bbox 1416 5168 1690 5251; x_wconf 72' lang='lat' dir='ltr'><strong>hominum</strong></span> <span class='ocrx_word' id='word_1_388' title='bbox 1725 5183 1879 5238; x_wconf 50' lang='lat' dir='ltr'><strong>atque</strong></span> 
     </span>
    </p>
   </div>
   <div class='ocr_carea' id='block_1_55' title="bbox 289 5258 1877 5339">
    <p class='ocr_par' dir='ltr' id='par_1_55' title="bbox 289 5258 1877 5339">
     <span class='ocr_line' id='line_1_55' title="bbox 289 5258 1877 5339; baseline -0.013 -6"><span class='ocrx_word' id='word_1_389' title='bbox 289 5276 469 5333; x_wconf 89' lang='lat' dir='ltr'><strong>dicitis</strong></span> <span class='ocrx_word' id='word_1_390' title='bbox 496 5292 513 5330; x_wconf 91' lang='lat'><strong>:</strong></span> <span class='ocrx_word' id='word_1_391' title='bbox 538 5272 631 5339; x_wconf 67' lang='lat' dir='ltr'><strong>sed</strong></span> <span class='ocrx_word' id='word_1_392' title='bbox 659 5271 750 5327; x_wconf 88' lang='lat' dir='ltr'><strong>ille</strong></span> <span class='ocrx_word' id='word_1_393' title='bbox 782 5268 1010 5332; x_wconf 80' lang='lat' dir='ltr'><strong>fidelius,</strong></span> <span class='ocrx_word' id='word_1_394' title='bbox 1030 5273 1098 5319; x_wconf 67' lang='lat' dir='ltr'><strong>&#39;tu</strong></span> <span class='ocrx_word' id='word_1_395' title='bbox 1128 5260 1531 5318; x_wconf 75' lang='lat' dir='ltr'><strong>fraudulentius.</strong></span> <span class='ocrx_word' id='word_1_396' title='bbox 1577 5260 1710 5315; x_wconf 83' lang='lat' dir='ltr'><strong>Huic</strong></span> <span class='ocrx_word' id='word_1_397' title='bbox 1730 5258 1877 5315; x_wconf 88' lang='lat' dir='ltr'><strong>enim</strong></span> 
     </span>
    </p>
   </div>
   <div class='ocr_carea' id='block_1_56' title="bbox 293 5349 1881 5437">
    <p class='ocr_par' dir='ltr' id='par_1_56' title="bbox 293 5349 1881 5437">
     <span class='ocr_line' id='line_1_56' title="bbox 293 5349 1881 5437; baseline -0.013 -10"><span class='ocrx_word' id='word_1_398' title='bbox 293 5371 433 5427; x_wconf 83' lang='lat' dir='ltr'><strong>male</strong></span> <span class='ocrx_word' id='word_1_399' title='bbox 455 5409 471 5435; x_wconf 90' lang='lat'><strong>,</strong></span> <span class='ocrx_word' id='word_1_400' title='bbox 498 5366 638 5437; x_wconf 85' lang='lat' dir='ltr'><strong>quod</strong></span> <span class='ocrx_word' id='word_1_401' title='bbox 668 5363 978 5434; x_wconf 84' lang='lat' dir='ltr'><strong>inspiratum</strong></span> <span class='ocrx_word' id='word_1_402' title='bbox 1014 5373 1043 5412; x_wconf 90' lang='lat' dir='ltr'><strong>a</strong></span> <span class='ocrx_word' id='word_1_403' title='bbox 1079 5353 1289 5410; x_wconf 86' lang='lat' dir='ltr'><strong>diabolo</strong></span> <span class='ocrx_word' id='word_1_404' title='bbox 1316 5352 1611 5409; x_wconf 82' lang='lat' dir='ltr'><strong>visceribus</strong></span> <span class='ocrx_word' id='word_1_405' title='bbox 1635 5349 1881 5407; x_wconf 88' lang='lat' dir='ltr'><strong>humanis</strong></span> 
     </span>
    </p>
   </div>
   <div class='ocr_carea' id='block_1_57' title="bbox 294 5441 1882 5533">
    <p class='ocr_par' dir='ltr' id='par_1_57' title="bbox 294 5441 1882 5533">
     <span class='ocr_line' id='line_1_57' title="bbox 294 5441 1882 5533; baseline -0.012 -18"><span class='ocrx_word' id='word_1_406' title='bbox 294 5459 498 5533; x_wconf 76' lang='lat' dir='ltr'><strong>pariter</strong></span> <span class='ocrx_word' id='word_1_407' title='bbox 536 5453 888 5518; x_wconf 81' lang='lat' dir='ltr'><strong>arbitramini,</strong></span> <span class='ocrx_word' id='word_1_408' title='bbox 934 5450 1128 5504; x_wconf 84' lang='lat' dir='ltr'><strong>nullius</strong></span> <span class='ocrx_word' id='word_1_409' title='bbox 1162 5456 1338 5501; x_wconf 86' lang='lat' dir='ltr'><strong>ortum</strong></span> <span class='ocrx_word' id='word_1_410' title='bbox 1381 5445 1471 5500; x_wconf 89' lang='lat' dir='ltr'><strong>ille</strong></span> <span class='ocrx_word' id='word_1_411' title='bbox 1512 5441 1757 5498; x_wconf 83' lang='lat' dir='ltr'><strong>subducit</strong></span> <span class='ocrx_word' id='word_1_412' title='bbox 1785 5459 1799 5496; x_wconf 92' lang='lat'><strong>:</strong></span> <span class='ocrx_word' id='word_1_413' title='bbox 1826 5450 1882 5497; x_wconf 90' lang='lat' dir='ltr'><strong>tu</strong></span> 
     </span>
    </p>
   </div>
   <div class='ocr_carea' id='block_1_58' title="bbox 294 5537 1880 5615">
    <p class='ocr_par' dir='ltr' id='par_1_58' title="bbox 294 5537 1880 5615">
     <span class='ocr_line' id='line_1_58' title="bbox 294 5537 1880 5615; baseline -0.013 -6"><span class='ocrx_word' id='word_1_414' title='bbox 294 5560 503 5615; x_wconf 79' lang='lat' dir='ltr'><strong>autem,</strong></span> <span class='ocrx_word' id='word_1_415' title='bbox 525 5558 583 5604; x_wconf 92' lang='lat' dir='ltr'><strong>ut</strong></span> <span class='ocrx_word' id='word_1_416' title='bbox 606 5546 834 5605; x_wconf 84' lang='lat' dir='ltr'><strong>videaris</strong></span> <span class='ocrx_word' id='word_1_417' title='bbox 872 5545 1051 5612; x_wconf 87' lang='lat' dir='ltr'><strong>aliquo</strong></span> <span class='ocrx_word' id='word_1_418' title='bbox 1093 5540 1314 5605; x_wconf 86' lang='lat' dir='ltr'><strong>distare,</strong></span> <span class='ocrx_word' id='word_1_419' title='bbox 1341 5537 1483 5610; x_wconf 89' lang='lat' dir='ltr'><strong>quod</strong></span> <span class='ocrx_word' id='word_1_420' title='bbox 1529 5537 1732 5593; x_wconf 87' lang='lat' dir='ltr'><strong>nullum</strong></span> <span class='ocrx_word' id='word_1_421' title='bbox 1777 5543 1880 5601; x_wconf 90' lang='lat' dir='ltr'><strong>est,</strong></span> 
     </span>
    </p>
   </div>
   <div class='ocr_carea' id='block_1_59' title="bbox 295 5629 1882 5702">
    <p class='ocr_par' dir='ltr' id='par_1_59' title="bbox 295 5629 1882 5702">
     <span class='ocr_line' id='line_1_59' title="bbox 295 5629 1882 5702; baseline -0.014 0"><span class='ocrx_word' id='word_1_422' title='bbox 295 5644 445 5702; x_wconf 85' lang='lat' dir='ltr'><strong>solos</strong></span> <span class='ocrx_word' id='word_1_423' title='bbox 472 5642 540 5696; x_wconf 87' lang='lat' dir='ltr'><strong>ab</strong></span> <span class='ocrx_word' id='word_1_424' title='bbox 572 5655 639 5696; x_wconf 89' lang='lat' dir='ltr'><strong>eo</strong></span> <span class='ocrx_word' id='word_1_425' title='bbox 670 5637 804 5694; x_wconf 86' lang='lat' dir='ltr'><strong>duos</strong></span> <span class='ocrx_word' id='word_1_426' title='bbox 843 5633 1086 5692; x_wconf 83' lang='lat' dir='ltr'><strong>homines</strong></span> <span class='ocrx_word' id='word_1_427' title='bbox 1117 5630 1328 5687; x_wconf 89' lang='lat' dir='ltr'><strong>conaris</strong></span> <span class='ocrx_word' id='word_1_428' title='bbox 1354 5629 1616 5695; x_wconf 74' lang='lat' dir='ltr'><strong>eximere;</strong></span> <span class='ocrx_word' id='word_1_429' title='bbox 1658 5640 1882 5699; x_wconf 87' lang='lat' dir='ltr'><strong>quorum</strong></span> 
     </span>
    </p>
   </div>
   <div class='ocr_carea' id='block_1_60' title="bbox 418 5764 1222 5831">
    <p class='ocr_par' dir='ltr' id='par_1_60' title="bbox 418 5764 1222 5831">
     <span class='ocr_line' id='line_1_60' title="bbox 418 5764 1222 5831; baseline -0.02 -3"><span class='ocrx_word' id='word_1_430' title='bbox 418 5780 490 5827; x_wconf 81' lang='lat' dir='ltr'><strong>sic</strong></span> <span class='ocrx_word' id='word_1_431' title='bbox 514 5785 617 5827; x_wconf 66' lang='lat' dir='ltr'><strong>itas.</strong></span> <span class='ocrx_word' id='word_1_432' title='bbox 644 5785 697 5826; x_wconf 77' lang='lat' dir='ltr'><strong>At</strong></span> <span class='ocrx_word' id='word_1_433' title='bbox 721 5773 874 5831; x_wconf 57' lang='grc' dir='ltr'><strong>ι’ἱιιςιι.³</strong></span> <span class='ocrx_word' id='word_1_434' title='bbox 901 5764 1222 5829; x_wconf 70' lang='lat' dir='ltr'><strong>compositam.</strong></span> 
     </span>
    </p>
   </div>
   <div class='ocr_carea' id='block_1_61' title="bbox 1578 310 2131 377">
    <p class='ocr_par' dir='ltr' id='par_1_61' title="bbox 1578 310 2131 377">
     <span class='ocr_line' id='line_1_61' title="bbox 1578 310 2131 377; baseline -0.007 0"><span class='ocrx_word' id='word_1_435' title='bbox 1578 310 1780 377; x_wconf 77' lang='lat' dir='ltr'><strong>LiBER</strong></span> <span class='ocrx_word' id='word_1_436' title='bbox 1816 319 2131 377; x_wconf 75' lang='lat' dir='ltr'><strong>TERTIUS.</strong></span> 
     </span>
    </p>
   </div>
   <div class='ocr_carea' id='block_1_62' title="bbox 3390 332 3533 388">
    <p class='ocr_par' dir='ltr' id='par_1_62' title="bbox 3390 332 3533 388">
     <span class='ocr_line' id='line_1_62' title="bbox 3390 332 3533 388; baseline 0.014 -2"><span class='ocrx_word' id='word_1_437' title='bbox 3390 332 3533 388; x_wconf 69' lang='lat'><strong>1310</strong></span> 
     </span>
    </p>
   </div>
   <div class='ocr_carea' id='block_1_63' title="bbox 1948 442 3527 514">
    <p class='ocr_par' dir='ltr' id='par_1_63' title="bbox 1948 442 3527 514">
     <span class='ocr_line' id='line_1_63' title="bbox 1948 442 3527 514; baseline 0.007 -25"><span class='ocrx_word' id='word_1_438' title='bbox 1948 449 2053 489; x_wconf 91' lang='lat' dir='ltr'><strong>non</strong></span> <span class='ocrx_word' id='word_1_439' title='bbox 2083 443 2258 490; x_wconf 85' lang='lat' dir='ltr'><strong>tamen</strong></span> <span class='ocrx_word' id='word_1_440' title='bbox 2287 450 2546 506; x_wconf 78' lang='lat' dir='ltr'><strong>personas</strong></span> <span class='ocrx_word' id='word_1_441' title='bbox 2570 453 2600 492; x_wconf 91' lang='lat' dir='ltr'><strong>a</strong></span> <span class='ocrx_word' id='word_1_442' title='bbox 2631 450 2848 509; x_wconf 88' lang='lat' dir='ltr'><strong>peccato</strong></span> <span class='ocrx_word' id='word_1_443' title='bbox 2873 442 3089 510; x_wconf 73' lang='lat' dir='ltr'><strong>liberas,</strong></span> <span class='ocrx_word' id='word_1_444' title='bbox 3119 443 3216 499; x_wconf 85' lang='lat' dir='ltr'><strong>sed</strong></span> <span class='ocrx_word' id='word_1_445' title='bbox 3248 444 3527 514; x_wconf 88' lang='lat' dir='ltr'><strong>(provectu</strong></span> 
     </span>
    </p>
   </div>
   <div class='ocr_carea' id='block_1_64' title="bbox 1948 524 3525 599">
    <p class='ocr_par' dir='ltr' id='par_1_64' title="bbox 1948 524 3525 599">
     <span class='ocr_line' id='line_1_64' title="bbox 1948 524 3525 599; baseline 0.006 -19"><span class='ocrx_word' id='word_1_446' title='bbox 1948 524 2250 582; x_wconf 86' lang='lat' dir='ltr'><strong>eruditioris</strong></span> <span class='ocrx_word' id='word_1_447' title='bbox 2286 528 2520 598; x_wconf 89' lang='lat' dir='ltr'><strong>ingenii)</strong></span> <span class='ocrx_word' id='word_1_448' title='bbox 2565 530 2697 586; x_wconf 89' lang='lat' dir='ltr'><strong>dicis</strong></span> <span class='ocrx_word' id='word_1_449' title='bbox 2726 531 2779 586; x_wconf 90' lang='lat' dir='ltr'><strong>in</strong></span> <span class='ocrx_word' id='word_1_450' title='bbox 2807 533 2911 588; x_wconf 88' lang='lat' dir='ltr'><strong>illis</strong></span> <span class='ocrx_word' id='word_1_451' title='bbox 2940 549 3045 589; x_wconf 90' lang='lat' dir='ltr'><strong>non</strong></span> <span class='ocrx_word' id='word_1_452' title='bbox 3072 535 3235 591; x_wconf 88' lang='lat' dir='ltr'><strong>fuisse</strong></span> <span class='ocrx_word' id='word_1_453' title='bbox 3265 537 3525 599; x_wconf 85' lang='lat' dir='ltr'><strong>naturale,</strong></span> 
     </span>
    </p>
   </div>
   <div class='ocr_carea' id='block_1_65' title="bbox 1946 617 3528 698">
    <p class='ocr_par' dir='ltr' id='par_1_65' title="bbox 1946 617 3528 698">
     <span class='ocr_line' id='line_1_65' title="bbox 1946 617 3528 698; baseline 0.009 -30"><span class='ocrx_word' id='word_1_454' title='bbox 1946 617 2089 684; x_wconf 87' lang='lat' dir='ltr'><strong>quod</strong></span> <span class='ocrx_word' id='word_1_455' title='bbox 2117 632 2212 687; x_wconf 82' lang='lat' dir='ltr'><strong>per</strong></span> <span class='ocrx_word' id='word_1_456' title='bbox 2236 619 2358 674; x_wconf 87' lang='lat' dir='ltr'><strong>illos</strong></span> <span class='ocrx_word' id='word_1_457' title='bbox 2387 631 2560 678; x_wconf 82' lang='lat' dir='ltr'><strong>tamen</strong></span> <span class='ocrx_word' id='word_1_458' title='bbox 2585 626 2825 681; x_wconf 87' lang='lat' dir='ltr'><strong>naturale</strong></span> <span class='ocrx_word' id='word_1_459' title='bbox 2850 625 3045 681; x_wconf 85' lang='lat' dir='ltr'><strong>factum</strong></span> <span class='ocrx_word' id='word_1_460' title='bbox 3072 643 3191 683; x_wconf 87' lang='lat' dir='ltr'><strong>esse</strong></span> <span class='ocrx_word' id='word_1_461' title='bbox 3218 629 3528 698; x_wconf 88' lang='lat' dir='ltr'><strong>persuades.</strong></span> 
     </span>
    </p>
   </div>
   <div class='ocr_carea' id='block_1_66' title="bbox 1948 706 3527 786">
    <p class='ocr_par' dir='ltr' id='par_1_66' title="bbox 1948 706 3527 786">
     <span class='ocr_line' id='line_1_66' title="bbox 1948 706 3527 786; baseline 0.01 -25"><span class='ocrx_word' id='word_1_462' title='bbox 1948 706 2044 770; x_wconf 87' lang='lat' dir='ltr'><strong>ita,</strong></span> <span class='ocrx_word' id='word_1_463' title='bbox 2072 723 2141 763; x_wconf 90' lang='lat' dir='ltr'><strong>ne</strong></span> <span class='ocrx_word' id='word_1_464' title='bbox 2165 710 2248 765; x_wconf 87' lang='lat' dir='ltr'><strong>vel</strong></span> <span class='ocrx_word' id='word_1_465' title='bbox 2284 711 2438 767; x_wconf 84' lang='lat' dir='ltr'><strong>isthic</strong></span> <span class='ocrx_word' id='word_1_466' title='bbox 2476 712 2622 767; x_wconf 84' lang='lat' dir='ltr'><strong>fraus</strong></span> <span class='ocrx_word' id='word_1_467' title='bbox 2664 717 2921 784; x_wconf 86' lang='lat' dir='ltr'><strong>impunita</strong></span> <span class='ocrx_word' id='word_1_468' title='bbox 2965 728 3287 786; x_wconf 84' lang='lat' dir='ltr'><strong>remaneret,</strong></span> <span class='ocrx_word' id='word_1_469' title='bbox 3331 719 3527 777; x_wconf 82' lang='lat' dir='ltr'><strong>furtum</strong></span> 
     </span>
    </p>
   </div>
   <div class='ocr_carea' id='block_1_67' title="bbox 1948 798 3531 879">
    <p class='ocr_par' dir='ltr' id='par_1_67' title="bbox 1948 798 3531 879">
     <span class='ocr_line' id='line_1_67' title="bbox 1948 798 3531 879; baseline 0.008 -27"><span class='ocrx_word' id='word_1_470' title='bbox 1948 798 2089 866; x_wconf 85' lang='lat' dir='ltr'><strong>quod</strong></span> <span class='ocrx_word' id='word_1_471' title='bbox 2119 800 2373 871; x_wconf 82' lang='lat' dir='ltr'><strong>magistro</strong></span> <span class='ocrx_word' id='word_1_472' title='bbox 2417 811 2508 857; x_wconf 92' lang='lat' dir='ltr'><strong>tuo</strong></span> <span class='ocrx_word' id='word_1_473' title='bbox 2550 804 2772 869; x_wconf 83' lang='lat' dir='ltr'><strong>feceras,</strong></span> <span class='ocrx_word' id='word_1_474' title='bbox 2796 807 3031 862; x_wconf 73' lang='lat' dir='ltr'><strong>stultitim</strong></span> <span class='ocrx_word' id='word_1_475' title='bbox 3068 809 3345 879; x_wconf 77' lang='lat' dir='ltr'><strong>castigavit</strong></span> <span class='ocrx_word' id='word_1_476' title='bbox 3384 810 3531 879; x_wconf 85' lang='lat' dir='ltr'><strong>adje-</strong></span> 
     </span>
    </p>
   </div>
   <div class='ocr_carea' id='block_1_68' title="bbox 1948 890 3534 968">
    <p class='ocr_par' dir='ltr' id='par_1_68' title="bbox 1948 890 3534 968">
     <span class='ocr_line' id='line_1_68' title="bbox 1948 890 3534 968; baseline 0.008 -26"><span class='ocrx_word' id='word_1_477' title='bbox 1948 890 2075 943; x_wconf 87' lang='lat' dir='ltr'><strong>ctio.</strong></span> <span class='ocrx_word' id='word_1_478' title='bbox 2125 890 2257 946; x_wconf 83' lang='lat' dir='ltr'><strong>Nam</strong></span> <span class='ocrx_word' id='word_1_479' title='bbox 2294 893 2515 950; x_wconf 89' lang='lat' dir='ltr'><strong>credere</strong></span> <span class='ocrx_word' id='word_1_480' title='bbox 2550 897 2807 960; x_wconf 82' lang='lat' dir='ltr'><strong>naturale,</strong></span> <span class='ocrx_word' id='word_1_481' title='bbox 2839 901 2980 968; x_wconf 88' lang='lat' dir='ltr'><strong>quod</strong></span> <span class='ocrx_word' id='word_1_482' title='bbox 3008 897 3221 954; x_wconf 80' lang='lat' dir='ltr'><strong>fatearis</strong></span> <span class='ocrx_word' id='word_1_483' title='bbox 3244 900 3314 956; x_wconf 90' lang='lat' dir='ltr'><strong>de</strong></span> <span class='ocrx_word' id='word_1_484' title='bbox 3344 902 3534 955; x_wconf 85' lang='lat' dir='ltr'><strong>volun-</strong></span> 
     </span>
    </p>
   </div>
   <div class='ocr_carea' id='block_1_69' title="bbox 1951 986 3533 1055">
    <p class='ocr_par' dir='ltr' id='par_1_69' title="bbox 1951 986 3533 1055">
     <span class='ocr_line' id='line_1_69' title="bbox 1951 986 3533 1055; baseline 0.007 -21"><span class='ocrx_word' id='word_1_485' title='bbox 1951 989 2057 1036; x_wconf 83' lang='lat' dir='ltr'><strong>tate</strong></span> <span class='ocrx_word' id='word_1_486' title='bbox 2078 992 2400 1053; x_wconf 86' lang='lat' dir='ltr'><strong>susceptum,</strong></span> <span class='ocrx_word' id='word_1_487' title='bbox 2430 1001 2535 1040; x_wconf 89' lang='lat' dir='ltr'><strong>non</strong></span> <span class='ocrx_word' id='word_1_488' title='bbox 2563 986 2684 1042; x_wconf 90' lang='lat' dir='ltr'><strong>dico</strong></span> <span class='ocrx_word' id='word_1_489' title='bbox 2710 988 3007 1055; x_wconf 61' lang='lat' dir='ltr'><strong>ineruditis,</strong></span> <span class='ocrx_word' id='word_1_490' title='bbox 3037 990 3129 1044; x_wconf 86' lang='lat' dir='ltr'><strong>sed</strong></span> <span class='ocrx_word' id='word_1_491' title='bbox 3151 991 3314 1046; x_wconf 69' lang='lat' dir='ltr'><strong>ebriae</strong></span> <span class='ocrx_word' id='word_1_492' title='bbox 3338 993 3533 1046; x_wconf 87' lang='lat' dir='ltr'><strong>mentis</strong></span> 
     </span>
    </p>
   </div>
   <div class='ocr_carea' id='block_1_70' title="bbox 1950 1071 3530 1141">
    <p class='ocr_par' dir='ltr' id='par_1_70' title="bbox 1950 1071 3530 1141">
     <span class='ocr_line' id='line_1_70' title="bbox 1950 1071 3530 1141; baseline 0.006 -17"><span class='ocrx_word' id='word_1_493' title='bbox 1950 1071 2222 1127; x_wconf 85' lang='lat' dir='ltr'><strong>inventum</strong></span> <span class='ocrx_word' id='word_1_494' title='bbox 2250 1081 2353 1130; x_wconf 81' lang='lat' dir='ltr'><strong>est.</strong></span> <span class='ocrx_word' id='word_1_495' title='bbox 2384 1075 2575 1129; x_wconf 82' lang='lat' dir='ltr'><strong>Verum</strong></span> <span class='ocrx_word' id='word_1_496' title='bbox 2606 1075 2732 1131; x_wconf 85' lang='lat' dir='ltr'><strong>hinc</strong></span> <span class='ocrx_word' id='word_1_497' title='bbox 2766 1078 2917 1141; x_wconf 87' lang='lat' dir='ltr'><strong>alias,</strong></span> <span class='ocrx_word' id='word_1_498' title='bbox 2958 1095 3099 1134; x_wconf 91' lang='lat' dir='ltr'><strong>nunc</strong></span> <span class='ocrx_word' id='word_1_499' title='bbox 3136 1080 3347 1135; x_wconf 88' lang='lat' dir='ltr'><strong>interim</strong></span> <span class='ocrx_word' id='word_1_500' title='bbox 3380 1096 3492 1135; x_wconf 91' lang='lat' dir='ltr'><strong>rem</strong></span> <span class='ocrx_word' id='word_1_501' title='bbox 3515 1081 3530 1111; x_wconf 78' lang='grc' dir='ltr'>ί</span> 
     </span>
    </p>
   </div>
   <div class='ocr_carea' id='block_1_71' title="bbox 1950 1162 3536 1237">
    <p class='ocr_par' dir='ltr' id='par_1_71' title="bbox 1950 1162 3536 1237">
     <span class='ocr_line' id='line_1_71' title="bbox 1950 1162 3536 1237; baseline 0.007 -24"><span class='ocrx_word' id='word_1_502' title='bbox 1950 1177 2273 1231; x_wconf 83' lang='lat' dir='ltr'><strong>premamus.</strong></span> <span class='ocrx_word' id='word_1_503' title='bbox 2302 1162 2547 1220; x_wconf 78' lang='lat' dir='ltr'><strong>Aftirmat</strong></span> <span class='ocrx_word' id='word_1_504' title='bbox 2569 1182 2695 1237; x_wconf 73' lang='lat' dir='ltr'><strong>ergo</strong></span> <span class='ocrx_word' id='word_1_505' title='bbox 2725 1168 3047 1224; x_wconf 63' lang='lat' dir='ltr'><strong>Manicha&#39;us</strong></span> <span class='ocrx_word' id='word_1_506' title='bbox 3070 1171 3268 1226; x_wconf 89' lang='lat' dir='ltr'><strong>malum</strong></span> <span class='ocrx_word' id='word_1_507' title='bbox 3297 1185 3418 1225; x_wconf 88' lang='lat' dir='ltr'><strong>esse</strong></span> <span class='ocrx_word' id='word_1_508' title='bbox 3443 1187 3536 1225; x_wconf 84' lang='lat' dir='ltr'><strong>na-</strong></span> 
     </span>
    </p>
   </div>
   <div class='ocr_carea' id='block_1_72' title="bbox 1952 1255 3535 1329">
    <p class='ocr_par' dir='ltr' id='par_1_72' title="bbox 1952 1255 3535 1329">
     <span class='ocr_line' id='line_1_72' title="bbox 1952 1255 3535 1329; baseline 0.007 -23"><span class='ocrx_word' id='word_1_509' title='bbox 1952 1255 2141 1319; x_wconf 89' lang='lat' dir='ltr'><strong>turale,</strong></span> <span class='ocrx_word' id='word_1_510' title='bbox 2172 1264 2228 1311; x_wconf 92' lang='lat' dir='ltr'><strong>tu</strong></span> <span class='ocrx_word' id='word_1_511' title='bbox 2253 1258 2445 1312; x_wconf 90' lang='lat' dir='ltr'><strong>annuis</strong></span> <span class='ocrx_word' id='word_1_512' title='bbox 2471 1276 2484 1312; x_wconf 90' lang='lat'>:</span> <span class='ocrx_word' id='word_1_513' title='bbox 2507 1258 2635 1314; x_wconf 90' lang='lat' dir='ltr'><strong>dicit</strong></span> <span class='ocrx_word' id='word_1_514' title='bbox 2665 1272 2875 1329; x_wconf 85' lang='lat' dir='ltr'><strong>peccata</strong></span> <span class='ocrx_word' id='word_1_515' title='bbox 2898 1261 3063 1326; x_wconf 85' lang='lat' dir='ltr'><strong>nasci,</strong></span> <span class='ocrx_word' id='word_1_516' title='bbox 3088 1270 3139 1315; x_wconf 90' lang='lat' dir='ltr'><strong>tu</strong></span> <span class='ocrx_word' id='word_1_517' title='bbox 3162 1263 3232 1317; x_wconf 89' lang='lat' dir='ltr'><strong>ita</strong></span> <span class='ocrx_word' id='word_1_518' title='bbox 3261 1277 3383 1319; x_wconf 87' lang='lat' dir='ltr'><strong>esse</strong></span> <span class='ocrx_word' id='word_1_519' title='bbox 3406 1277 3535 1318; x_wconf 85' lang='lat' dir='ltr'><strong>con-</strong></span> 
     </span>
    </p>
   </div>
   <div class='ocr_carea' id='block_1_73' title="bbox 1949 1340 3582 1424">
    <p class='ocr_par' dir='ltr' id='par_1_73' title="bbox 1949 1340 3582 1424">
     <span class='ocr_line' id='line_1_73' title="bbox 1949 1340 3582 1424; baseline 0.005 -24"><span class='ocrx_word' id='word_1_520' title='bbox 1949 1347 2118 1402; x_wconf 88' lang='lat' dir='ltr'><strong>sentis</strong></span> <span class='ocrx_word' id='word_1_521' title='bbox 2150 1366 2164 1401; x_wconf 91' lang='lat'><strong>:</strong></span> <span class='ocrx_word' id='word_1_522' title='bbox 2191 1348 2320 1403; x_wconf 89' lang='lat' dir='ltr'><strong>dicit</strong></span> <span class='ocrx_word' id='word_1_523' title='bbox 2356 1349 2547 1404; x_wconf 85' lang='lat' dir='ltr'><strong>malam</strong></span> <span class='ocrx_word' id='word_1_524' title='bbox 2584 1360 2827 1406; x_wconf 81' lang='lat' dir='ltr'><strong>naturam</strong></span> <span class='ocrx_word' id='word_1_525' title='bbox 2868 1352 3166 1420; x_wconf 86' lang='lat' dir='ltr'><strong>hominum,</strong></span> <span class='ocrx_word' id='word_1_526' title='bbox 3198 1353 3301 1408; x_wconf 91' lang='lat' dir='ltr'><strong>hoc</strong></span> <span class='ocrx_word' id='word_1_527' title='bbox 3326 1369 3538 1424; x_wconf 86' lang='lat' dir='ltr'><strong>quoque</strong></span> <span class='ocrx_word' id='word_1_528' title='bbox 3578 1340 3582 1345; x_wconf 53' lang='grc'><em>’</em></span> 
     </span>
    </p>
   </div>
   <div class='ocr_carea' id='block_1_74' title="bbox 1951 1437 3539 1515">
    <p class='ocr_par' dir='ltr' id='par_1_74' title="bbox 1951 1437 3539 1515">
     <span class='ocr_line' id='line_1_74' title="bbox 1951 1437 3539 1515; baseline 0.004 -24"><span class='ocrx_word' id='word_1_529' title='bbox 1951 1437 2239 1493; x_wconf 86' lang='lat' dir='ltr'><strong>confirmas</strong></span> <span class='ocrx_word' id='word_1_530' title='bbox 2270 1455 2283 1491; x_wconf 87' lang='lat'><strong>:</strong></span> <span class='ocrx_word' id='word_1_531' title='bbox 2312 1438 2441 1494; x_wconf 88' lang='lat' dir='ltr'><strong>dicit</strong></span> <span class='ocrx_word' id='word_1_532' title='bbox 2468 1441 2705 1495; x_wconf 90' lang='lat' dir='ltr'><strong>omnium</strong></span> <span class='ocrx_word' id='word_1_533' title='bbox 2738 1457 2981 1512; x_wconf 87' lang='lat' dir='ltr'><strong>prorsus,</strong></span> <span class='ocrx_word' id='word_1_534' title='bbox 3010 1443 3097 1499; x_wconf 88' lang='lat' dir='ltr'><strong>hic</strong></span> <span class='ocrx_word' id='word_1_535' title='bbox 3124 1444 3348 1511; x_wconf 89' lang='lat' dir='ltr'><strong>resistis,</strong></span> <span class='ocrx_word' id='word_1_536' title='bbox 3378 1456 3539 1515; x_wconf 85' lang='lat' dir='ltr'><strong>atque</strong></span> 
     </span>
    </p>
   </div>
   <div class='ocr_carea' id='block_1_75' title="bbox 1950 1526 3538 1603">
    <p class='ocr_par' dir='ltr' id='par_1_75' title="bbox 1950 1526 3538 1603">
     <span class='ocr_line' id='line_1_75' title="bbox 1950 1526 3538 1603; baseline 0.003 -21"><span class='ocrx_word' id='word_1_537' title='bbox 1950 1526 2094 1582; x_wconf 85' lang='lat' dir='ltr'><strong>illam</strong></span> <span class='ocrx_word' id='word_1_538' title='bbox 2122 1529 2345 1598; x_wconf 81' lang='lat' dir='ltr'><strong>primum</strong></span> <span class='ocrx_word' id='word_1_539' title='bbox 2371 1530 2595 1585; x_wconf 87' lang='lat' dir='ltr'><strong>duorum</strong></span> <span class='ocrx_word' id='word_1_540' title='bbox 2622 1530 2896 1587; x_wconf 85' lang='lat' dir='ltr'><strong>hominum</strong></span> <span class='ocrx_word' id='word_1_541' title='bbox 2925 1533 3171 1603; x_wconf 90' lang='lat' dir='ltr'><strong>copulam</strong></span> <span class='ocrx_word' id='word_1_542' title='bbox 3212 1533 3538 1603; x_wconf 83' lang='lat' dir='ltr'><strong>sequestrari</strong></span> 
     </span>
    </p>
   </div>
   <div class='ocr_carea' id='block_1_76' title="bbox 1951 1619 3537 1695">
    <p class='ocr_par' dir='ltr' id='par_1_76' title="bbox 1951 1619 3537 1695">
     <span class='ocr_line' id='line_1_76' title="bbox 1951 1619 3537 1695; baseline 0.005 -24"><span class='ocrx_word' id='word_1_543' title='bbox 1951 1619 2109 1689; x_wconf 54' lang='lat' dir='ltr'><strong>petis,</strong></span> <span class='ocrx_word' id='word_1_544' title='bbox 2139 1634 2271 1675; x_wconf 88' lang='lat' dir='ltr'><strong>sane</strong></span> <span class='ocrx_word' id='word_1_545' title='bbox 2294 1620 2434 1690; x_wconf 83' lang='lat' dir='ltr'><strong>quod</strong></span> <span class='ocrx_word' id='word_1_546' title='bbox 2449 1623 2471 1654; x_wconf 81' lang='grc'>³</span> <span class='ocrx_word' id='word_1_547' title='bbox 2503 1636 2602 1677; x_wconf 89' lang='lat' dir='ltr'><strong>nec</strong></span> <span class='ocrx_word' id='word_1_548' title='bbox 2628 1623 2772 1692; x_wconf 90' lang='lat' dir='ltr'><strong>ipsos</strong></span> <span class='ocrx_word' id='word_1_549' title='bbox 2796 1623 3031 1680; x_wconf 86' lang='lat' dir='ltr'><strong>vindices</strong></span> <span class='ocrx_word' id='word_1_550' title='bbox 3050 1638 3081 1679; x_wconf 88' lang='lat' dir='ltr'><strong>a</strong></span> <span class='ocrx_word' id='word_1_551' title='bbox 3103 1633 3272 1692; x_wconf 84' lang='lat' dir='ltr'><strong>reatu,</strong></span> <span class='ocrx_word' id='word_1_552' title='bbox 3293 1625 3537 1695; x_wconf 89' lang='lat' dir='ltr'><strong>quinimo</strong></span> 
     </span>
    </p>
   </div>
   <div class='ocr_carea' id='block_1_77' title="bbox 1951 1708 3540 1771">
    <p class='ocr_par' dir='ltr' id='par_1_77' title="bbox 1951 1708 3540 1771">
     <span class='ocr_line' id='line_1_77' title="bbox 1951 1708 3540 1771; baseline 0.004 -8"><span class='ocrx_word' id='word_1_553' title='bbox 1951 1708 2186 1765; x_wconf 87' lang='lat' dir='ltr'><strong>affirmes</strong></span> <span class='ocrx_word' id='word_1_554' title='bbox 2222 1711 2346 1766; x_wconf 88' lang='lat' dir='ltr'><strong>mali</strong></span> <span class='ocrx_word' id='word_1_555' title='bbox 2385 1712 2643 1768; x_wconf 88' lang='lat' dir='ltr'><strong>naturalis</strong></span> <span class='ocrx_word' id='word_1_556' title='bbox 2675 1722 2944 1770; x_wconf 88' lang='lat' dir='ltr'><strong>auctores.</strong></span> <span class='ocrx_word' id='word_1_557' title='bbox 2977 1715 3032 1770; x_wconf 89' lang='lat' dir='ltr'><strong>ld</strong></span> <span class='ocrx_word' id='word_1_558' title='bbox 3059 1715 3103 1770; x_wconf 88' lang='lat' dir='ltr'><strong>si</strong></span> <span class='ocrx_word' id='word_1_559' title='bbox 3124 1726 3178 1770; x_wconf 91' lang='lat' dir='ltr'><strong>et</strong></span> <span class='ocrx_word' id='word_1_560' title='bbox 3206 1731 3304 1771; x_wconf 87' lang='lat' dir='ltr'><strong>nos</strong></span> <span class='ocrx_word' id='word_1_561' title='bbox 3333 1716 3426 1771; x_wconf 90' lang='lat' dir='ltr'><strong>tibi</strong></span> <span class='ocrx_word' id='word_1_562' title='bbox 3451 1717 3540 1770; x_wconf 86' lang='lat' dir='ltr'><strong>in-</strong></span> 
     </span>
    </p>
   </div>
   <div class='ocr_carea' id='block_1_78' title="bbox 1951 1799 3539 1876">
    <p class='ocr_par' dir='ltr' id='par_1_78' title="bbox 1951 1799 3539 1876">
     <span class='ocr_line' id='line_1_78' title="bbox 1951 1799 3539 1876; baseline 0.004 -22"><span class='ocrx_word' id='word_1_563' title='bbox 1951 1799 2171 1870; x_wconf 82' lang='lat' dir='ltr'><strong>dulgere</strong></span> <span class='ocrx_word' id='word_1_564' title='bbox 2216 1803 2502 1872; x_wconf 88' lang='lat' dir='ltr'><strong>possimus,</strong></span> <span class='ocrx_word' id='word_1_565' title='bbox 2531 1814 2706 1859; x_wconf 89' lang='lat' dir='ltr'><strong>tamen</strong></span> <span class='ocrx_word' id='word_1_566' title='bbox 2751 1813 2873 1861; x_wconf 89' lang='lat' dir='ltr'><strong>tuus</strong></span> <span class='ocrx_word' id='word_1_567' title='bbox 2920 1821 3026 1860; x_wconf 89' lang='lat' dir='ltr'><strong>non</strong></span> <span class='ocrx_word' id='word_1_568' title='bbox 3070 1805 3218 1862; x_wconf 88' lang='lat' dir='ltr'><strong>dabit</strong></span> <span class='ocrx_word' id='word_1_569' title='bbox 3263 1807 3539 1876; x_wconf 83' lang='lat' dir='ltr'><strong>magister,</strong></span> 
     </span>
    </p>
   </div>
   <div class='ocr_carea' id='block_1_79' title="bbox 1952 1891 3541 1966">
    <p class='ocr_par' dir='ltr' id='par_1_79' title="bbox 1952 1891 3541 1966">
     <span class='ocr_line' id='line_1_79' title="bbox 1952 1891 3541 1966; baseline 0.004 -21"><span class='ocrx_word' id='word_1_570' title='bbox 1952 1891 2079 1960; x_wconf 87' lang='lat' dir='ltr'><strong>quin</strong></span> <span class='ocrx_word' id='word_1_571' title='bbox 2109 1892 2247 1948; x_wconf 84' lang='lat' dir='ltr'><strong>forte</strong></span> <span class='ocrx_word' id='word_1_572' title='bbox 2264 1894 2425 1949; x_wconf 86' lang='lat' dir='ltr'><strong>etiam</strong></span> <span class='ocrx_word' id='word_1_573' title='bbox 2454 1893 2637 1949; x_wconf 88' lang='lat' dir='ltr'><strong>ferulis</strong></span> <span class='ocrx_word' id='word_1_574' title='bbox 2663 1895 2714 1948; x_wconf 90' lang='lat' dir='ltr'><strong>in</strong></span> <span class='ocrx_word' id='word_1_575' title='bbox 2743 1894 2949 1949; x_wconf 87' lang='lat' dir='ltr'><strong>tardum</strong></span> <span class='ocrx_word' id='word_1_576' title='bbox 2979 1895 3366 1951; x_wconf 83' lang='lat' dir='ltr'><strong>animadvertet</strong></span> <span class='ocrx_word' id='word_1_577' title='bbox 3390 1896 3541 1966; x_wconf 85' lang='lat' dir='ltr'><strong>inge-</strong></span> 
     </span>
    </p>
   </div>
   <div class='ocr_carea' id='block_1_80' title="bbox 1953 1982 3543 2056">
    <p class='ocr_par' dir='ltr' id='par_1_80' title="bbox 1953 1982 3543 2056">
     <span class='ocr_line' id='line_1_80' title="bbox 1953 1982 3543 2056; baseline 0.002 -19"><span class='ocrx_word' id='word_1_578' title='bbox 1953 1982 2130 2049; x_wconf 83' lang='lat' dir='ltr'><strong>nium;</strong></span> <span class='ocrx_word' id='word_1_579' title='bbox 2176 1985 2249 2039; x_wconf 85' lang='lat' dir='ltr'><strong>ita</strong></span> <span class='ocrx_word' id='word_1_580' title='bbox 2289 1994 2350 2039; x_wconf 90' lang='lat' dir='ltr'><strong>ut</strong></span> <span class='ocrx_word' id='word_1_581' title='bbox 2388 1984 2482 2039; x_wconf 82' lang='lat' dir='ltr'><strong>tibi</strong></span> <span class='ocrx_word' id='word_1_582' title='bbox 2521 2000 2742 2041; x_wconf 84' lang='lat' dir='ltr'><strong>necesse</strong></span> <span class='ocrx_word' id='word_1_583' title='bbox 2777 1986 2867 2040; x_wconf 52' lang='lat' dir='ltr'><strong>sit.</strong></span> <span class='ocrx_word' id='word_1_584' title='bbox 2886 1995 2978 2041; x_wconf 88' lang='lat' dir='ltr'><strong>aut</strong></span> <span class='ocrx_word' id='word_1_585' title='bbox 3005 1987 3307 2042; x_wconf 87' lang='lat' dir='ltr'><strong>auctoritati</strong></span> <span class='ocrx_word' id='word_1_586' title='bbox 3332 1987 3543 2056; x_wconf 87' lang='lat' dir='ltr'><strong>acquie-</strong></span> 
     </span>
    </p>
   </div>
   <div class='ocr_carea' id='block_1_81' title="bbox 1955 2074 3544 2145">
    <p class='ocr_par' dir='ltr' id='par_1_81' title="bbox 1955 2074 3544 2145">
     <span class='ocr_line' id='line_1_81' title="bbox 1955 2074 3544 2145; baseline 0.003 -18"><span class='ocrx_word' id='word_1_587' title='bbox 1955 2087 2128 2139; x_wconf 89' lang='lat' dir='ltr'><strong>scere,</strong></span> <span class='ocrx_word' id='word_1_588' title='bbox 2149 2083 2242 2128; x_wconf 86' lang='lat' dir='ltr'><strong>aut</strong></span> <span class='ocrx_word' id='word_1_589' title='bbox 2268 2074 2480 2131; x_wconf 86' lang='lat' dir='ltr'><strong>scholas</strong></span> <span class='ocrx_word' id='word_1_590' title='bbox 2504 2075 2621 2143; x_wconf 72' lang='lat' dir='ltr'><strong>ejus</strong></span> <span class='ocrx_word' id='word_1_591' title='bbox 2647 2077 2790 2129; x_wconf 89' lang='lat' dir='ltr'><strong>omni</strong></span> <span class='ocrx_word' id='word_1_592' title='bbox 2813 2091 2877 2130; x_wconf 80' lang='lat' dir='ltr'><strong>ex</strong></span> <span class='ocrx_word' id='word_1_593' title='bbox 2902 2087 3049 2145; x_wconf 91' lang='lat' dir='ltr'><strong>parte</strong></span> <span class='ocrx_word' id='word_1_594' title='bbox 3079 2077 3348 2132; x_wconf 87' lang='lat' dir='ltr'><strong>deserere.</strong></span> <span class='ocrx_word' id='word_1_595' title='bbox 3378 2077 3544 2132; x_wconf 72' lang='grc' dir='ltr'><strong>(ΣοΙῑὶο</strong></span> 
     </span>
    </p>
   </div>
   <div class='ocr_carea' id='block_1_82' title="bbox 1956 2162 3581 2239">
    <p class='ocr_par' dir='ltr' id='par_1_82' title="bbox 1956 2162 3581 2239">
     <span class='ocr_line' id='line_1_82' title="bbox 1956 2162 3581 2239; baseline 0.004 -26"><span class='ocrx_word' id='word_1_596' title='bbox 1956 2164 2032 2232; x_wconf 83' lang='lat' dir='ltr'><strong>git</strong></span> <span class='ocrx_word' id='word_1_597' title='bbox 2056 2172 2233 2219; x_wconf 82' lang='lat' dir='ltr'><strong>autem</strong></span> <span class='ocrx_word' id='word_1_598' title='bbox 2253 2162 2319 2217; x_wconf 84' lang='lat' dir='ltr'><strong>ad</strong></span> <span class='ocrx_word' id='word_1_599' title='bbox 2340 2173 2657 2231; x_wconf 76' lang='lat' dir='ltr'><strong>extremum,</strong></span> <span class='ocrx_word' id='word_1_600' title='bbox 2682 2173 2738 2219; x_wconf 89' lang='lat' dir='ltr'><strong>et</strong></span> <span class='ocrx_word' id='word_1_601' title='bbox 2763 2165 2912 2232; x_wconf 91' lang='lat' dir='ltr'><strong>dicit,</strong></span> <span class='ocrx_word' id='word_1_602' title='bbox 2941 2175 3143 2220; x_wconf 63' lang='lat' dir='ltr'><strong>natura:</strong></span> <span class='ocrx_word' id='word_1_603' title='bbox 3166 2166 3320 2221; x_wconf 64' lang='lat' dir='ltr'><strong>malae</strong></span> <span class='ocrx_word' id='word_1_604' title='bbox 3339 2166 3538 2221; x_wconf 86' lang='lat' dir='ltr'><strong>bonum</strong></span> <span class='ocrx_word' id='word_1_605' title='bbox 3574 2233 3581 2239; x_wconf 26' lang='lat'><strong><em>‘</em></strong></span> 
     </span>
    </p>
   </div>
   <div class='ocr_carea' id='block_1_83' title="bbox 1957 2255 3535 2325">
    <p class='ocr_par' dir='ltr' id='par_1_83' title="bbox 1957 2255 3535 2325">
     <span class='ocr_line' id='line_1_83' title="bbox 1957 2255 3535 2325; baseline 0.001 -18"><span class='ocrx_word' id='word_1_606' title='bbox 1957 2263 2228 2308; x_wconf 75' lang='lat' dir='ltr'><strong>auctorem</strong></span> <span class='ocrx_word' id='word_1_607' title='bbox 2255 2267 2377 2309; x_wconf 89' lang='lat' dir='ltr'><strong>esse</strong></span> <span class='ocrx_word' id='word_1_608' title='bbox 2408 2270 2513 2308; x_wconf 89' lang='lat' dir='ltr'><strong>non</strong></span> <span class='ocrx_word' id='word_1_609' title='bbox 2545 2270 2699 2323; x_wconf 83' lang='lat' dir='ltr'><strong>posse</strong></span> <span class='ocrx_word' id='word_1_610' title='bbox 2718 2297 2732 2318; x_wconf 88' lang='lat'><strong>,</strong></span> <span class='ocrx_word' id='word_1_611' title='bbox 2759 2269 2823 2309; x_wconf 85' lang='lat' dir='ltr'><strong>ac</strong></span> <span class='ocrx_word' id='word_1_612' title='bbox 2851 2271 2947 2325; x_wconf 89' lang='lat' dir='ltr'><strong>per</strong></span> <span class='ocrx_word' id='word_1_613' title='bbox 2971 2255 3071 2310; x_wconf 90' lang='lat' dir='ltr'><strong>hoc</strong></span> <span class='ocrx_word' id='word_1_614' title='bbox 3102 2256 3359 2325; x_wconf 86' lang='lat' dir='ltr'><strong>principis</strong></span> <span class='ocrx_word' id='word_1_615' title='bbox 3383 2264 3535 2310; x_wconf 84' lang='lat' dir='ltr'><strong>tene-</strong></span> 
     </span>
    </p>
   </div>
   <div class='ocr_carea' id='block_1_84' title="bbox 1959 2344 3540 2418">
    <p class='ocr_par' dir='ltr' id='par_1_84' title="bbox 1959 2344 3540 2418">
     <span class='ocr_line' id='line_1_84' title="bbox 1959 2344 3540 2418; baseline 0.003 -19"><span class='ocrx_word' id='word_1_616' title='bbox 1959 2345 2193 2411; x_wconf 87' lang='lat' dir='ltr'><strong>brarum,</strong></span> <span class='ocrx_word' id='word_1_617' title='bbox 2218 2344 2269 2398; x_wconf 89' lang='lat' dir='ltr'><strong>id</strong></span> <span class='ocrx_word' id='word_1_618' title='bbox 2295 2353 2398 2409; x_wconf 85' lang='lat' dir='ltr'><strong>est,</strong></span> <span class='ocrx_word' id='word_1_619' title='bbox 2429 2344 2622 2400; x_wconf 85' lang='lat' dir='ltr'><strong>diaboli</strong></span> <span class='ocrx_word' id='word_1_620' title='bbox 2644 2360 2778 2415; x_wconf 88' lang='lat' dir='ltr'><strong>opus</strong></span> <span class='ocrx_word' id='word_1_621' title='bbox 2795 2361 2916 2403; x_wconf 85' lang='lat' dir='ltr'><strong>esse</strong></span> <span class='ocrx_word' id='word_1_622' title='bbox 2941 2346 3232 2414; x_wconf 83' lang='lat' dir='ltr'><strong>hominem,</strong></span> <span class='ocrx_word' id='word_1_623' title='bbox 3261 2362 3419 2418; x_wconf 84' lang='lat' dir='ltr'><strong>quem</strong></span> <span class='ocrx_word' id='word_1_624' title='bbox 3443 2364 3540 2402; x_wconf 84' lang='lat' dir='ltr'><strong>na-</strong></span> 
     </span>
    </p>
   </div>
   <div class='ocr_carea' id='block_1_85' title="bbox 1961 2435 2890 2492">
    <p class='ocr_par' dir='ltr' id='par_1_85' title="bbox 1961 2435 2890 2492">
     <span class='ocr_line' id='line_1_85' title="bbox 1961 2435 2890 2492; baseline 0 -2"><span class='ocrx_word' id='word_1_625' title='bbox 1961 2435 2200 2490; x_wconf 80' lang='lat' dir='ltr'><strong>turaliter</strong></span> <span class='ocrx_word' id='word_1_626' title='bbox 2224 2435 2420 2491; x_wconf 86' lang='lat' dir='ltr'><strong>inalum</strong></span> <span class='ocrx_word' id='word_1_627' title='bbox 2448 2436 2608 2491; x_wconf 83' lang='lat' dir='ltr'><strong>ambo</strong></span> <span class='ocrx_word' id='word_1_628' title='bbox 2634 2436 2890 2492; x_wconf 87' lang='lat' dir='ltr'><strong>fatemini.</strong></span> 
     </span>
    </p>
   </div>
   <div class='ocr_carea' id='block_1_86' title="bbox 2028 2523 3545 2582">
    <p class='ocr_par' dir='ltr' id='par_1_86' title="bbox 2028 2523 3545 2582">
     <span class='ocr_line' id='line_1_86' title="bbox 2028 2523 3545 2582; baseline 0.002 -3"><span class='ocrx_word' id='word_1_629' title='bbox 2028 2524 2165 2581; x_wconf 74' lang='lat' dir='ltr'><strong>Acs.</strong></span> <span class='ocrx_word' id='word_1_630' title='bbox 2203 2523 2455 2578; x_wconf 85' lang='lat' dir='ltr'><strong>Naturam</strong></span> <span class='ocrx_word' id='word_1_631' title='bbox 2481 2524 2767 2580; x_wconf 85' lang='lat' dir='ltr'><strong>humanam</strong></span> <span class='ocrx_word' id='word_1_632' title='bbox 2792 2542 2822 2581; x_wconf 89' lang='lat' dir='ltr'><strong>a</strong></span> <span class='ocrx_word' id='word_1_633' title='bbox 2846 2527 2964 2582; x_wconf 81' lang='lat' dir='ltr'><strong>Deo</strong></span> <span class='ocrx_word' id='word_1_634' title='bbox 2988 2526 3129 2582; x_wconf 86' lang='lat' dir='ltr'><strong>bono</strong></span> <span class='ocrx_word' id='word_1_635' title='bbox 3151 2526 3417 2582; x_wconf 87' lang='lat' dir='ltr'><strong>conditam</strong></span> <span class='ocrx_word' id='word_1_636' title='bbox 3442 2527 3545 2582; x_wconf 82' lang='lat' dir='ltr'><strong>bc-</strong></span> 
     </span>
    </p>
   </div>
   <div class='ocr_carea' id='block_1_87' title="bbox 1959 2613 3543 2685">
    <p class='ocr_par' dir='ltr' id='par_1_87' title="bbox 1959 2613 3543 2685">
     <span class='ocr_line' id='line_1_87' title="bbox 1959 2613 3543 2685; baseline 0.002 -18"><span class='ocrx_word' id='word_1_637' title='bbox 1959 2628 2105 2677; x_wconf 83' lang='lat' dir='ltr'><strong>nam,</strong></span> <span class='ocrx_word' id='word_1_638' title='bbox 2128 2628 2321 2683; x_wconf 87' lang='lat' dir='ltr'><strong>magno</strong></span> <span class='ocrx_word' id='word_1_639' title='bbox 2350 2613 2721 2669; x_wconf 76' lang='lat' dir='ltr'><strong>inohedicntiae</strong></span> <span class='ocrx_word' id='word_1_640' title='bbox 2750 2627 2965 2685; x_wconf 85' lang='lat' dir='ltr'><strong>peccato</strong></span> <span class='ocrx_word' id='word_1_641' title='bbox 2991 2617 3061 2672; x_wconf 90' lang='lat' dir='ltr'><strong>ita</strong></span> <span class='ocrx_word' id='word_1_642' title='bbox 3089 2617 3253 2673; x_wconf 83' lang='lat' dir='ltr'><strong>fuisse</strong></span> <span class='ocrx_word' id='word_1_643' title='bbox 3282 2618 3543 2685; x_wconf 80' lang='lat' dir='ltr'><strong>vitiatam,</strong></span> 
     </span>
    </p>
   </div>
   <div class='ocr_carea' id='block_1_88' title="bbox 1960 2704 3545 2772">
    <p class='ocr_par' dir='ltr' id='par_1_88' title="bbox 1960 2704 3545 2772">
     <span class='ocr_line' id='line_1_88' title="bbox 1960 2704 3545 2772; baseline 0.003 -13"><span class='ocrx_word' id='word_1_644' title='bbox 1960 2713 2019 2759; x_wconf 90' lang='lat' dir='ltr'><strong>ut</strong></span> <span class='ocrx_word' id='word_1_645' title='bbox 2039 2705 2202 2758; x_wconf 84' lang='lat' dir='ltr'><strong>etiam</strong></span> <span class='ocrx_word' id='word_1_646' title='bbox 2243 2704 2527 2772; x_wconf 85' lang='lat' dir='ltr'><strong>posteritas</strong></span> <span class='ocrx_word' id='word_1_647' title='bbox 2554 2704 2678 2760; x_wconf 87' lang='lat' dir='ltr'><strong>inde</strong></span> <span class='ocrx_word' id='word_1_648' title='bbox 2713 2705 2945 2762; x_wconf 87' lang='lat' dir='ltr'><strong>traheret</strong></span> <span class='ocrx_word' id='word_1_649' title='bbox 2973 2708 3159 2761; x_wconf 87' lang='lat' dir='ltr'><strong>mortis</strong></span> <span class='ocrx_word' id='word_1_650' title='bbox 3185 2708 3431 2763; x_wconf 88' lang='lat' dir='ltr'><strong>meritum</strong></span> <span class='ocrx_word' id='word_1_651' title='bbox 3458 2719 3545 2763; x_wconf 84' lang='lat' dir='ltr'><strong>at-</strong></span> 
     </span>
    </p>
   </div>
   <div class='ocr_carea' id='block_1_89' title="bbox 1959 2786 3548 2861">
    <p class='ocr_par' dir='ltr' id='par_1_89' title="bbox 1959 2786 3548 2861">
     <span class='ocr_line' id='line_1_89' title="bbox 1959 2786 3548 2861; baseline 0.004 -22"><span class='ocrx_word' id='word_1_652' title='bbox 1959 2802 2064 2857; x_wconf 91' lang='lat' dir='ltr'><strong>que</strong></span> <span class='ocrx_word' id='word_1_653' title='bbox 2091 2786 2430 2856; x_wconf 83' lang='lat' dir='ltr'><strong>supplicium,</strong></span> <span class='ocrx_word' id='word_1_654' title='bbox 2455 2788 2539 2841; x_wconf 87' lang='lat' dir='ltr'><strong>cui</strong></span> <span class='ocrx_word' id='word_1_655' title='bbox 2567 2796 2742 2843; x_wconf 88' lang='lat' dir='ltr'><strong>tamen</strong></span> <span class='ocrx_word' id='word_1_656' title='bbox 2768 2790 3064 2858; x_wconf 88' lang='lat' dir='ltr'><strong>posteritati</strong></span> <span class='ocrx_word' id='word_1_657' title='bbox 3095 2806 3199 2844; x_wconf 91' lang='lat' dir='ltr'><strong>non</strong></span> <span class='ocrx_word' id='word_1_658' title='bbox 3221 2800 3378 2861; x_wconf 86' lang='lat' dir='ltr'><strong>negat</strong></span> <span class='ocrx_word' id='word_1_659' title='bbox 3406 2792 3548 2846; x_wconf 74' lang='lat' dir='ltr'><strong>Ileus</strong></span> 
     </span>
    </p>
   </div>
   <div class='ocr_carea' id='block_1_90' title="bbox 1960 2870 3545 2939">
    <p class='ocr_par' dir='ltr' id='par_1_90' title="bbox 1960 2870 3545 2939">
     <span class='ocr_line' id='line_1_90' title="bbox 1960 2870 3545 2939; baseline 0.002 -15"><span class='ocrx_word' id='word_1_660' title='bbox 1960 2870 2133 2931; x_wconf 20' lang='lat' dir='ltr'><strong>bonus,</strong></span> <span class='ocrx_word' id='word_1_661' title='bbox 2157 2870 2424 2939; x_wconf 89' lang='lat' dir='ltr'><strong>opificium</strong></span> <span class='ocrx_word' id='word_1_662' title='bbox 2462 2870 2680 2934; x_wconf 90' lang='lat' dir='ltr'><strong>bonum,</strong></span> <span class='ocrx_word' id='word_1_663' title='bbox 2707 2881 2759 2926; x_wconf 90' lang='lat' dir='ltr'><strong>et</strong></span> <span class='ocrx_word' id='word_1_664' title='bbox 2784 2882 2969 2927; x_wconf 89' lang='lat' dir='ltr'><strong>contra</strong></span> <span class='ocrx_word' id='word_1_665' title='bbox 2999 2888 3097 2928; x_wconf 88' lang='lat' dir='ltr'><strong>vos</strong></span> <span class='ocrx_word' id='word_1_666' title='bbox 3125 2881 3180 2928; x_wconf 89' lang='lat' dir='ltr'><strong>et</strong></span> <span class='ocrx_word' id='word_1_667' title='bbox 3207 2881 3395 2929; x_wconf 88' lang='lat' dir='ltr'><strong>contra</strong></span> <span class='ocrx_word' id='word_1_668' title='bbox 3436 2874 3545 2927; x_wconf 82' lang='lat' dir='ltr'><strong>Ma-</strong></span> 
     </span>
    </p>
   </div>
   <div class='ocr_carea' id='block_1_91' title="bbox 1961 2960 3544 3033">
    <p class='ocr_par' dir='ltr' id='par_1_91' title="bbox 1961 2960 3544 3033">
     <span class='ocr_line' id='line_1_91' title="bbox 1961 2960 3544 3033; baseline 0.002 -19"><span class='ocrx_word' id='word_1_669' title='bbox 1961 2960 2194 3016; x_wconf 75' lang='lat' dir='ltr'><strong>iiicbtecs</strong></span> <span class='ocrx_word' id='word_1_670' title='bbox 2217 2960 2477 3016; x_wconf 90' lang='lat' dir='ltr'><strong>catholica</strong></span> <span class='ocrx_word' id='word_1_671' title='bbox 2509 2961 2640 3015; x_wconf 89' lang='lat' dir='ltr'><strong>fides</strong></span> <span class='ocrx_word' id='word_1_672' title='bbox 2665 2961 2812 3016; x_wconf 90' lang='lat' dir='ltr'><strong>dicit.</strong></span> <span class='ocrx_word' id='word_1_673' title='bbox 2845 2962 2950 3017; x_wconf 86' lang='lat' dir='ltr'><strong>Sed</strong></span> <span class='ocrx_word' id='word_1_674' title='bbox 2972 2978 3066 3017; x_wconf 90' lang='lat' dir='ltr'><strong>vos</strong></span> <span class='ocrx_word' id='word_1_675' title='bbox 3086 2963 3173 3033; x_wconf 89' lang='lat' dir='ltr'><strong>qui</strong></span> <span class='ocrx_word' id='word_1_676' title='bbox 3197 2962 3297 3018; x_wconf 89' lang='lat' dir='ltr'><strong>hoc</strong></span> <span class='ocrx_word' id='word_1_677' title='bbox 3320 2964 3544 3033; x_wconf 79' lang='lat' dir='ltr'><strong>negatis,</strong></span> 
     </span>
    </p>
   </div>
   <div class='ocr_carea' id='block_1_92' title="bbox 1962 3049 3548 3121">
    <p class='ocr_par' dir='ltr' id='par_1_92' title="bbox 1962 3049 3548 3121">
     <span class='ocr_line' id='line_1_92' title="bbox 1962 3049 3548 3121; baseline 0.002 -18"><span class='ocrx_word' id='word_1_678' title='bbox 1962 3065 2166 3121; x_wconf 73' lang='lat' dir='ltr'><strong>quaeso,</strong></span> <span class='ocrx_word' id='word_1_679' title='bbox 2196 3049 2464 3119; x_wconf 88' lang='lat' dir='ltr'><strong>paulisper</strong></span> <span class='ocrx_word' id='word_1_680' title='bbox 2493 3051 2792 3119; x_wconf 88' lang='lat' dir='ltr'><strong>paradisum</strong></span> <span class='ocrx_word' id='word_1_681' title='bbox 2817 3052 3047 3121; x_wconf 82' lang='lat' dir='ltr'><strong>cogitate</strong></span> <span class='ocrx_word' id='word_1_682' title='bbox 3091 3052 3133 3103; x_wconf 82' lang='grc'>⁸.</span> <span class='ocrx_word' id='word_1_683' title='bbox 3178 3053 3426 3108; x_wconf 87' lang='lat' dir='ltr'><strong>Placetne</strong></span> <span class='ocrx_word' id='word_1_684' title='bbox 3449 3067 3548 3106; x_wconf 89' lang='lat' dir='ltr'><strong>vo-</strong></span> 
     </span>
    </p>
   </div>
   <div class='ocr_carea' id='block_1_93' title="bbox 1963 3141 3550 3211">
    <p class='ocr_par' dir='ltr' id='par_1_93' title="bbox 1963 3141 3550 3211">
     <span class='ocr_line' id='line_1_93' title="bbox 1963 3141 3550 3211; baseline -0.001 -13"><span class='ocrx_word' id='word_1_685' title='bbox 1963 3142 2045 3198; x_wconf 90' lang='lat' dir='ltr'><strong>bis</strong></span> <span class='ocrx_word' id='word_1_686' title='bbox 2064 3181 2080 3207; x_wconf 91' lang='lat'><strong>,</strong></span> <span class='ocrx_word' id='word_1_687' title='bbox 2109 3150 2166 3198; x_wconf 82' lang='lat' dir='ltr'><strong>ut</strong></span> <span class='ocrx_word' id='word_1_688' title='bbox 2193 3156 2454 3211; x_wconf 88' lang='lat' dir='ltr'><strong>ponamus</strong></span> <span class='ocrx_word' id='word_1_689' title='bbox 2480 3141 2552 3195; x_wconf 89' lang='lat' dir='ltr'><strong>ibi</strong></span> <span class='ocrx_word' id='word_1_690' title='bbox 2575 3151 2752 3197; x_wconf 89' lang='lat' dir='ltr'><strong>castos</strong></span> <span class='ocrx_word' id='word_1_691' title='bbox 2777 3150 2831 3196; x_wconf 86' lang='lat' dir='ltr'><strong>et</strong></span> <span class='ocrx_word' id='word_1_692' title='bbox 2859 3153 3033 3198; x_wconf 90' lang='lat' dir='ltr'><strong>castas</strong></span> <span class='ocrx_word' id='word_1_693' title='bbox 3062 3152 3248 3197; x_wconf 90' lang='lat' dir='ltr'><strong>contra</strong></span> <span class='ocrx_word' id='word_1_694' title='bbox 3273 3143 3550 3198; x_wconf 85' lang='lat' dir='ltr'><strong>libidinem</strong></span> 
     </span>
    </p>
   </div>
   <div class='ocr_carea' id='block_1_94' title="bbox 1962 3216 3557 3304">
    <p class='ocr_par' dir='ltr' id='par_1_94' title="bbox 1962 3216 3557 3304">
     <span class='ocr_line' id='line_1_94' title="bbox 1962 3216 3557 3304; baseline 0.001 -17"><span class='ocrx_word' id='word_1_695' title='bbox 1962 3232 2296 3297; x_wconf 86' lang='lat' dir='ltr'><strong>dimicantes,</strong></span> <span class='ocrx_word' id='word_1_696' title='bbox 2322 3232 2567 3304; x_wconf 88' lang='lat' dir='ltr'><strong>gravidas</strong></span> <span class='ocrx_word' id='word_1_697' title='bbox 2596 3240 2936 3298; x_wconf 82' lang='lat' dir='ltr'><strong>nauseantes,</strong></span> <span class='ocrx_word' id='word_1_698' title='bbox 2966 3232 3317 3298; x_wconf 80' lang='lat' dir='ltr'><strong>faStidientes,</strong></span> <span class='ocrx_word' id='word_1_699' title='bbox 3349 3216 3557 3304; x_wconf 50' lang='lat' dir='ltr'><strong>pallori?</strong></span> 
     </span>
    </p>
   </div>
   <div class='ocr_carea' id='block_1_95' title="bbox 1964 3322 3546 3392">
    <p class='ocr_par' dir='ltr' id='par_1_95' title="bbox 1964 3322 3546 3392">
     <span class='ocr_line' id='line_1_95' title="bbox 1964 3322 3546 3392; baseline 0.001 -14"><span class='ocrx_word' id='word_1_700' title='bbox 1964 3332 2079 3390; x_wconf 86' lang='lat' dir='ltr'><strong>tes;</strong></span> <span class='ocrx_word' id='word_1_701' title='bbox 2124 3323 2258 3378; x_wconf 89' lang='lat' dir='ltr'><strong>alias</strong></span> <span class='ocrx_word' id='word_1_702' title='bbox 2297 3323 2349 3377; x_wconf 90' lang='lat' dir='ltr'><strong>in</strong></span> <span class='ocrx_word' id='word_1_703' title='bbox 2387 3322 2575 3378; x_wconf 87' lang='lat' dir='ltr'><strong>abortu</strong></span> <span class='ocrx_word' id='word_1_704' title='bbox 2609 3324 2887 3392; x_wconf 87' lang='lat' dir='ltr'><strong>puerperia</strong></span> <span class='ocrx_word' id='word_1_705' title='bbox 2928 3323 3207 3379; x_wconf 88' lang='lat' dir='ltr'><strong>immatura</strong></span> <span class='ocrx_word' id='word_1_706' title='bbox 3245 3323 3546 3390; x_wconf 87' lang='lat' dir='ltr'><strong>fundentes,</strong></span> 
     </span>
    </p>
   </div>
   <div class='ocr_carea' id='block_1_96' title="bbox 1963 3415 3553 3486">
    <p class='ocr_par' dir='ltr' id='par_1_96' title="bbox 1963 3415 3553 3486">
     <span class='ocr_line' id='line_1_96' title="bbox 1963 3415 3553 3486; baseline -0.001 -14"><span class='ocrx_word' id='word_1_707' title='bbox 1963 3416 2097 3473; x_wconf 85' lang='lat' dir='ltr'><strong>alias</strong></span> <span class='ocrx_word' id='word_1_708' title='bbox 2133 3415 2186 3471; x_wconf 88' lang='lat' dir='ltr'><strong>in</strong></span> <span class='ocrx_word' id='word_1_709' title='bbox 2223 3424 2378 3485; x_wconf 88' lang='lat' dir='ltr'><strong>partu</strong></span> <span class='ocrx_word' id='word_1_710' title='bbox 2414 3423 2690 3485; x_wconf 85' lang='lat' dir='ltr'><strong>gementes</strong></span> <span class='ocrx_word' id='word_1_711' title='bbox 2712 3425 2766 3470; x_wconf 89' lang='lat' dir='ltr'><strong>et</strong></span> <span class='ocrx_word' id='word_1_712' title='bbox 2793 3415 3085 3481; x_wconf 88' lang='lat' dir='ltr'><strong>ululantes;</strong></span> <span class='ocrx_word' id='word_1_713' title='bbox 3121 3426 3379 3486; x_wconf 88' lang='lat' dir='ltr'><strong>natosque</strong></span> <span class='ocrx_word' id='word_1_714' title='bbox 3408 3421 3553 3486; x_wconf 80' lang='lat' dir='ltr'><strong>ipsos</strong></span> 
     </span>
    </p>
   </div>
   <div class='ocr_carea' id='block_1_97' title="bbox 1964 3505 3555 3577">
    <p class='ocr_par' dir='ltr' id='par_1_97' title="bbox 1964 3505 3555 3577">
     <span class='ocr_line' id='line_1_97' title="bbox 1964 3505 3555 3577; baseline -0.001 -15"><span class='ocrx_word' id='word_1_715' title='bbox 1964 3522 2151 3563; x_wconf 90' lang='lat' dir='ltr'><strong>omnes</strong></span> <span class='ocrx_word' id='word_1_716' title='bbox 2177 3505 2387 3571; x_wconf 84' lang='lat' dir='ltr'><strong>flentes,</strong></span> <span class='ocrx_word' id='word_1_717' title='bbox 2417 3520 2540 3562; x_wconf 87' lang='lat' dir='ltr'><strong>sero</strong></span> <span class='ocrx_word' id='word_1_718' title='bbox 2565 3505 2823 3572; x_wconf 89' lang='lat' dir='ltr'><strong>ridentes,</strong></span> <span class='ocrx_word' id='word_1_719' title='bbox 2854 3506 3025 3562; x_wconf 88' lang='lat' dir='ltr'><strong>serius</strong></span> <span class='ocrx_word' id='word_1_720' title='bbox 3052 3506 3350 3577; x_wconf 87' lang='lat' dir='ltr'><strong>loquentes,</strong></span> <span class='ocrx_word' id='word_1_721' title='bbox 3368 3517 3417 3561; x_wconf 89' lang='lat' dir='ltr'><strong>et</strong></span> <span class='ocrx_word' id='word_1_722' title='bbox 3449 3506 3555 3561; x_wconf 89' lang='lat' dir='ltr'><strong>hoc</strong></span> 
     </span>
    </p>
   </div>
   <div class='ocr_carea' id='block_1_98' title="bbox 1963 3597 3552 3668">
    <p class='ocr_par' dir='ltr' id='par_1_98' title="bbox 1963 3597 3552 3668">
     <span class='ocr_line' id='line_1_98' title="bbox 1963 3597 3552 3668; baseline -0.002 -14"><span class='ocrx_word' id='word_1_723' title='bbox 1963 3598 2340 3664; x_wconf 86' lang='lat' dir='ltr'><strong>balbutientes,</strong></span> <span class='ocrx_word' id='word_1_724' title='bbox 2378 3598 2431 3653; x_wconf 92' lang='lat' dir='ltr'><strong>in</strong></span> <span class='ocrx_word' id='word_1_725' title='bbox 2470 3598 2681 3654; x_wconf 90' lang='lat' dir='ltr'><strong>scholas</strong></span> <span class='ocrx_word' id='word_1_726' title='bbox 2721 3606 2903 3668; x_wconf 88' lang='lat' dir='ltr'><strong>postea</strong></span> <span class='ocrx_word' id='word_1_727' title='bbox 2938 3598 3081 3665; x_wconf 91' lang='lat' dir='ltr'><strong>duci,</strong></span> <span class='ocrx_word' id='word_1_728' title='bbox 3123 3608 3179 3654; x_wconf 90' lang='lat' dir='ltr'><strong>ut</strong></span> <span class='ocrx_word' id='word_1_729' title='bbox 3223 3597 3427 3654; x_wconf 88' lang='lat' dir='ltr'><strong>litteras</strong></span> <span class='ocrx_word' id='word_1_730' title='bbox 3468 3598 3552 3653; x_wconf 88' lang='lat' dir='ltr'><strong>di-</strong></span> 
     </span>
    </p>
   </div>
   <div class='ocr_carea' id='block_1_99' title="bbox 1965 3686 3553 3759">
    <p class='ocr_par' dir='ltr' id='par_1_99' title="bbox 1965 3686 3553 3759">
     <span class='ocr_line' id='line_1_99' title="bbox 1965 3686 3553 3759; baseline -0.003 -16"><span class='ocrx_word' id='word_1_731' title='bbox 1965 3699 2136 3754; x_wconf 89' lang='lat' dir='ltr'><strong>scant,</strong></span> <span class='ocrx_word' id='word_1_732' title='bbox 2164 3688 2264 3743; x_wconf 87' lang='lat' dir='ltr'><strong>sub</strong></span> <span class='ocrx_word' id='word_1_733' title='bbox 2289 3688 2437 3753; x_wconf 90' lang='lat' dir='ltr'><strong>loris,</strong></span> <span class='ocrx_word' id='word_1_734' title='bbox 2469 3686 2673 3754; x_wconf 88' lang='lat' dir='ltr'><strong>ferulis,</strong></span> <span class='ocrx_word' id='word_1_735' title='bbox 2702 3687 2971 3758; x_wconf 85' lang='lat' dir='ltr'><strong>virgisque</strong></span> <span class='ocrx_word' id='word_1_736' title='bbox 2995 3688 3298 3757; x_wconf 88' lang='lat' dir='ltr'><strong>plorantes,</strong></span> <span class='ocrx_word' id='word_1_737' title='bbox 3333 3704 3429 3759; x_wconf 89' lang='lat' dir='ltr'><strong>pro</strong></span> <span class='ocrx_word' id='word_1_738' title='bbox 3456 3704 3553 3741; x_wconf 88' lang='lat' dir='ltr'><strong>va-</strong></span> 
     </span>
    </p>
   </div>
   <div class='ocr_carea' id='block_1_100' title="bbox 1966 3780 3551 3853">
    <p class='ocr_par' dir='ltr' id='par_1_100' title="bbox 1966 3780 3551 3853">
     <span class='ocr_line' id='line_1_100' title="bbox 1966 3780 3551 3853; baseline 0.001 -18"><span class='ocrx_word' id='word_1_739' title='bbox 1966 3780 2243 3837; x_wconf 89' lang='lat' dir='ltr'><strong>rietatibus</strong></span> <span class='ocrx_word' id='word_1_740' title='bbox 2270 3780 2605 3850; x_wconf 86' lang='lat' dir='ltr'><strong>ingeniorum</strong></span> <span class='ocrx_word' id='word_1_741' title='bbox 2632 3781 2916 3841; x_wconf 83' lang='lat' dir='ltr'><strong>distributa</strong></span> <span class='ocrx_word' id='word_1_742' title='bbox 2947 3782 3204 3837; x_wconf 86' lang='lat' dir='ltr'><strong>varietate</strong></span> <span class='ocrx_word' id='word_1_743' title='bbox 3232 3797 3507 3853; x_wconf 68' lang='lat' dir='ltr'><strong>pinnarum</strong></span> <span class='ocrx_word' id='word_1_744' title='bbox 3534 3800 3551 3847; x_wconf 93' lang='lat'><strong>;</strong></span> 
     </span>
    </p>
   </div>
   <div class='ocr_carea' id='block_1_101' title="bbox 1967 3872 3554 3942">
    <p class='ocr_par' dir='ltr' id='par_1_101' title="bbox 1967 3872 3554 3942">
     <span class='ocr_line' id='line_1_101' title="bbox 1967 3872 3554 3942; baseline -0.001 -15"><span class='ocrx_word' id='word_1_745' title='bbox 1967 3873 2184 3942; x_wconf 90' lang='lat' dir='ltr'><strong>insuper</strong></span> <span class='ocrx_word' id='word_1_746' title='bbox 2208 3872 2625 3927; x_wconf 85' lang='lat' dir='ltr'><strong>innumerabiles</strong></span> <span class='ocrx_word' id='word_1_747' title='bbox 2666 3872 2902 3938; x_wconf 88' lang='lat' dir='ltr'><strong>morbos,</strong></span> <span class='ocrx_word' id='word_1_748' title='bbox 2935 3880 2988 3926; x_wconf 89' lang='lat' dir='ltr'><strong>et</strong></span> <span class='ocrx_word' id='word_1_749' title='bbox 3025 3872 3325 3926; x_wconf 71' lang='lat' dir='ltr'><strong>dmmouum</strong></span> <span class='ocrx_word' id='word_1_750' title='bbox 3374 3874 3554 3926; x_wconf 90' lang='lat' dir='ltr'><strong>incur-</strong></span> 
     </span>
    </p>
   </div>
   <div class='ocr_carea' id='block_1_102' title="bbox 1968 3961 3554 4032">
    <p class='ocr_par' dir='ltr' id='par_1_102' title="bbox 1968 3961 3554 4032">
     <span class='ocr_line' id='line_1_102' title="bbox 1968 3961 3554 4032; baseline -0.002 -13"><span class='ocrx_word' id='word_1_751' title='bbox 1968 3978 2080 4029; x_wconf 87' lang='lat' dir='ltr'><strong>sus,</strong></span> <span class='ocrx_word' id='word_1_752' title='bbox 2105 3972 2161 4019; x_wconf 91' lang='lat' dir='ltr'><strong>et</strong></span> <span class='ocrx_word' id='word_1_753' title='bbox 2198 3961 2432 4017; x_wconf 73' lang='lat' dir='ltr'><strong>ferarum</strong></span> <span class='ocrx_word' id='word_1_754' title='bbox 2455 3977 2686 4027; x_wconf 89' lang='lat' dir='ltr'><strong>morsus,</strong></span> <span class='ocrx_word' id='word_1_755' title='bbox 2708 3962 2900 4032; x_wconf 91' lang='lat' dir='ltr'><strong>quibus</strong></span> <span class='ocrx_word' id='word_1_756' title='bbox 2927 3962 3141 4031; x_wconf 87' lang='lat' dir='ltr'><strong>quidam</strong></span> <span class='ocrx_word' id='word_1_757' title='bbox 3167 3963 3554 4028; x_wconf 86' lang='lat' dir='ltr'><strong>cruciarentur,</strong></span> 
     </span>
    </p>
   </div>
   <div class='ocr_carea' id='block_1_103' title="bbox 1968 4052 3558 4124">
    <p class='ocr_par' dir='ltr' id='par_1_103' title="bbox 1968 4052 3558 4124">
     <span class='ocr_line' id='line_1_103' title="bbox 1968 4052 3558 4124; baseline -0.001 -15"><span class='ocrx_word' id='word_1_758' title='bbox 1968 4054 2184 4124; x_wconf 83' lang='lat' dir='ltr'><strong>quidam</strong></span> <span class='ocrx_word' id='word_1_759' title='bbox 2208 4060 2262 4108; x_wconf 93' lang='lat' dir='ltr'><strong>ct</strong></span> <span class='ocrx_word' id='word_1_760' title='bbox 2289 4052 2727 4117; x_wconf 83' lang='lat' dir='ltr'><strong>absumerentur;</strong></span> <span class='ocrx_word' id='word_1_761' title='bbox 2768 4052 2856 4122; x_wconf 89' lang='lat' dir='ltr'><strong>qui</strong></span> <span class='ocrx_word' id='word_1_762' title='bbox 2889 4067 3018 4106; x_wconf 88' lang='lat' dir='ltr'><strong>vero</strong></span> <span class='ocrx_word' id='word_1_763' title='bbox 3040 4052 3176 4107; x_wconf 80' lang='lat' dir='ltr'><strong>sani</strong></span> <span class='ocrx_word' id='word_1_764' title='bbox 3226 4064 3425 4113; x_wconf 87' lang='lat' dir='ltr'><strong>essent.</strong></span> <span class='ocrx_word' id='word_1_765' title='bbox 3455 4056 3558 4110; x_wconf 89' lang='lat' dir='ltr'><strong>sub</strong></span> 
     </span>
    </p>
   </div>
   <div class='ocr_carea' id='block_1_104' title="bbox 1970 4142 3557 4214">
    <p class='ocr_par' dir='ltr' id='par_1_104' title="bbox 1970 4142 3557 4214">
     <span class='ocr_line' id='line_1_104' title="bbox 1970 4142 3557 4214; baseline 0 -13"><span class='ocrx_word' id='word_1_766' title='bbox 1970 4146 2187 4203; x_wconf 85' lang='lat' dir='ltr'><strong>incertis</strong></span> <span class='ocrx_word' id='word_1_767' title='bbox 2205 4160 2392 4200; x_wconf 86' lang='lat' dir='ltr'><strong>eorum</strong></span> <span class='ocrx_word' id='word_1_768' title='bbox 2416 4143 2631 4207; x_wconf 80' lang='lat' dir='ltr'><strong>casibus</strong></span> <span class='ocrx_word' id='word_1_769' title='bbox 2659 4142 2854 4200; x_wconf 90' lang='lat' dir='ltr'><strong>misera</strong></span> <span class='ocrx_word' id='word_1_770' title='bbox 2886 4153 3163 4214; x_wconf 88' lang='lat' dir='ltr'><strong>parentum</strong></span> <span class='ocrx_word' id='word_1_771' title='bbox 3196 4144 3557 4201; x_wconf 89' lang='lat' dir='ltr'><strong>sollicitudine</strong></span> 
     </span>
    </p>
   </div>
   <div class='ocr_carea' id='block_1_105' title="bbox 1970 4232 3554 4305">
    <p class='ocr_par' dir='ltr' id='par_1_105' title="bbox 1970 4232 3554 4305">
     <span class='ocr_line' id='line_1_105' title="bbox 1970 4232 3554 4305; baseline -0.002 -13"><span class='ocrx_word' id='word_1_772' title='bbox 1970 4236 2301 4293; x_wconf 87' lang='lat' dir='ltr'><strong>nutrirentur</strong></span> <span class='ocrx_word' id='word_1_773' title='bbox 2329 4252 2343 4290; x_wconf 89' lang='lat'><strong>:</strong></span> <span class='ocrx_word' id='word_1_774' title='bbox 2369 4242 2551 4290; x_wconf 88' lang='lat' dir='ltr'><strong>essent</strong></span> <span class='ocrx_word' id='word_1_775' title='bbox 2577 4235 2739 4290; x_wconf 90' lang='lat' dir='ltr'><strong>etiam</strong></span> <span class='ocrx_word' id='word_1_776' title='bbox 2776 4232 2848 4291; x_wconf 79' lang='lat' dir='ltr'><strong>ibi</strong></span> <span class='ocrx_word' id='word_1_777' title='bbox 2881 4234 3061 4305; x_wconf 89' lang='lat' dir='ltr'><strong>utique</strong></span> <span class='ocrx_word' id='word_1_778' title='bbox 3090 4235 3344 4290; x_wconf 85' lang='lat' dir='ltr'><strong>orbitates</strong></span> <span class='ocrx_word' id='word_1_779' title='bbox 3380 4244 3436 4291; x_wconf 87' lang='lat' dir='ltr'><strong>et</strong></span> <span class='ocrx_word' id='word_1_780' title='bbox 3473 4236 3554 4289; x_wconf 85' lang='lat' dir='ltr'><strong>lu-</strong></span> 
     </span>
    </p>
   </div>
   <div class='ocr_carea' id='block_1_106' title="bbox 1970 4324 3556 4395">
    <p class='ocr_par' dir='ltr' id='par_1_106' title="bbox 1970 4324 3556 4395">
     <span class='ocr_line' id='line_1_106' title="bbox 1970 4324 3556 4395; baseline -0.003 -11"><span class='ocrx_word' id='word_1_781' title='bbox 1970 4336 2108 4395; x_wconf 82' lang='lat' dir='ltr'><strong>ctus,</strong></span> <span class='ocrx_word' id='word_1_782' title='bbox 2136 4335 2193 4383; x_wconf 90' lang='lat' dir='ltr'><strong>et</strong></span> <span class='ocrx_word' id='word_1_783' title='bbox 2215 4324 2534 4381; x_wconf 82' lang='lat' dir='ltr'><strong>amissorum</strong></span> <span class='ocrx_word' id='word_1_784' title='bbox 2561 4324 2996 4382; x_wconf 82' lang='lat' dir='ltr'><strong>charissimorum</strong></span> <span class='ocrx_word' id='word_1_785' title='bbox 3018 4324 3281 4380; x_wconf 88' lang='lat' dir='ltr'><strong>desideria</strong></span> <span class='ocrx_word' id='word_1_786' title='bbox 3312 4341 3432 4381; x_wconf 89' lang='lat' dir='ltr'><strong>cum</strong></span> <span class='ocrx_word' id='word_1_787' title='bbox 3459 4326 3556 4381; x_wconf 74' lang='lat' dir='ltr'><strong>do-</strong></span> 
     </span>
    </p>
   </div>
   <div class='ocr_carea' id='block_1_107' title="bbox 1970 4415 3560 4486">
    <p class='ocr_par' dir='ltr' id='par_1_107' title="bbox 1970 4415 3560 4486">
     <span class='ocr_line' id='line_1_107' title="bbox 1970 4415 3560 4486; baseline -0.001 -13"><span class='ocrx_word' id='word_1_788' title='bbox 1970 4419 2170 4474; x_wconf 89' lang='lat' dir='ltr'><strong>lorihus</strong></span> <span class='ocrx_word' id='word_1_789' title='bbox 2207 4416 2408 4474; x_wconf 87' lang='lat' dir='ltr'><strong>cordis.</strong></span> <span class='ocrx_word' id='word_1_790' title='bbox 2451 4416 2693 4486; x_wconf 88' lang='lat' dir='ltr'><strong>Longum</strong></span> <span class='ocrx_word' id='word_1_791' title='bbox 2724 4422 2808 4471; x_wconf 91' lang='lat' dir='ltr'><strong>est</strong></span> <span class='ocrx_word' id='word_1_792' title='bbox 2844 4415 3092 4486; x_wconf 88' lang='lat' dir='ltr'><strong>persequi</strong></span> <span class='ocrx_word' id='word_1_793' title='bbox 3122 4417 3334 4482; x_wconf 89' lang='lat' dir='ltr'><strong>omnia,</strong></span> <span class='ocrx_word' id='word_1_794' title='bbox 3365 4416 3560 4486; x_wconf 88' lang='lat' dir='ltr'><strong>quibus</strong></span> 
     </span>
    </p>
   </div>
   <div class='ocr_carea' id='block_1_108' title="bbox 1972 4506 3558 4577">
    <p class='ocr_par' dir='ltr' id='par_1_108' title="bbox 1972 4506 3558 4577">
     <span class='ocr_line' id='line_1_108' title="bbox 1972 4506 3558 4577; baseline -0.007 -9"><span class='ocrx_word' id='word_1_795' title='bbox 1972 4510 2127 4568; x_wconf 81' lang='lat' dir='ltr'><strong>mulis</strong></span> <span class='ocrx_word' id='word_1_796' title='bbox 2144 4509 2381 4565; x_wconf 88' lang='lat' dir='ltr'><strong>abundat</strong></span> <span class='ocrx_word' id='word_1_797' title='bbox 2403 4508 2519 4563; x_wconf 59' lang='lat' dir='ltr'><strong>haec</strong></span> <span class='ocrx_word' id='word_1_798' title='bbox 2547 4508 2653 4561; x_wconf 85' lang='lat' dir='ltr'><strong>vita</strong></span> <span class='ocrx_word' id='word_1_799' title='bbox 2678 4524 2692 4561; x_wconf 90' lang='lat'><strong>:</strong></span> <span class='ocrx_word' id='word_1_800' title='bbox 2714 4521 2812 4561; x_wconf 89' lang='lat' dir='ltr'><strong>nec</strong></span> <span class='ocrx_word' id='word_1_801' title='bbox 2833 4516 2953 4560; x_wconf 91' lang='lat' dir='ltr'><strong>sunt</strong></span> <span class='ocrx_word' id='word_1_802' title='bbox 2981 4516 3156 4562; x_wconf 88' lang='lat' dir='ltr'><strong>tamen</strong></span> <span class='ocrx_word' id='word_1_803' title='bbox 3179 4506 3277 4561; x_wconf 78' lang='lat' dir='ltr'><strong>ista</strong></span> <span class='ocrx_word' id='word_1_804' title='bbox 3310 4507 3412 4562; x_wconf 90' lang='lat' dir='ltr'><strong>ulla</strong></span> <span class='ocrx_word' id='word_1_805' title='bbox 3435 4524 3558 4577; x_wconf 60' lang='lat' dir='ltr'><strong>pec.</strong></span> 
     </span>
    </p>
   </div>
   <div class='ocr_carea' id='block_1_109' title="bbox 1972 4595 3560 4670">
    <p class='ocr_par' dir='ltr' id='par_1_109' title="bbox 1972 4595 3560 4670">
     <span class='ocr_line' id='line_1_109' title="bbox 1972 4595 3560 4670; baseline -0.004 -12"><span class='ocrx_word' id='word_1_806' title='bbox 1972 4612 2110 4658; x_wconf 86' lang='lat' dir='ltr'><strong>cata.</strong></span> <span class='ocrx_word' id='word_1_807' title='bbox 2140 4600 2269 4656; x_wconf 68' lang='grc' dir='ltr'>ιιωο</span> <span class='ocrx_word' id='word_1_808' title='bbox 2291 4613 2420 4670; x_wconf 89' lang='lat' dir='ltr'><strong>ergo</strong></span> <span class='ocrx_word' id='word_1_809' title='bbox 2448 4598 2493 4652; x_wconf 89' lang='lat' dir='ltr'><strong>si</strong></span> <span class='ocrx_word' id='word_1_810' title='bbox 2519 4595 2694 4651; x_wconf 86' lang='lat' dir='ltr'><strong>futura</strong></span> <span class='ocrx_word' id='word_1_811' title='bbox 2720 4604 2872 4652; x_wconf 85' lang='lat' dir='ltr'><strong>erant</strong></span> <span class='ocrx_word' id='word_1_812' title='bbox 2897 4596 2949 4650; x_wconf 89' lang='lat' dir='ltr'><strong>in</strong></span> <span class='ocrx_word' id='word_1_813' title='bbox 2978 4595 3246 4667; x_wconf 88' lang='lat' dir='ltr'><strong>paradiso,</strong></span> <span class='ocrx_word' id='word_1_814' title='bbox 3278 4597 3422 4652; x_wconf 84' lang='lat' dir='ltr'><strong>nullo</strong></span> <span class='ocrx_word' id='word_1_815' title='bbox 3447 4598 3515 4653; x_wconf 89' lang='lat' dir='ltr'><strong>ibi</strong></span> <span class='ocrx_word' id='word_1_816' title='bbox 3541 4639 3560 4664; x_wconf 74' lang='grc'><strong>,</strong></span> 
     </span>
    </p>
   </div>
   <div class='ocr_carea' id='block_1_110' title="bbox 1974 4687 3558 4763">
    <p class='ocr_par' dir='ltr' id='par_1_110' title="bbox 1974 4687 3558 4763">
     <span class='ocr_line' id='line_1_110' title="bbox 1974 4687 3558 4763; baseline -0.003 -13"><span class='ocrx_word' id='word_1_817' title='bbox 1974 4693 2125 4763; x_wconf 85' lang='lat' dir='ltr'><strong>cujus</strong></span> <span class='ocrx_word' id='word_1_818' title='bbox 2154 4691 2346 4747; x_wconf 88' lang='lat' dir='ltr'><strong>merito</strong></span> <span class='ocrx_word' id='word_1_819' title='bbox 2373 4688 2685 4753; x_wconf 79' lang='lat' dir='ltr'><strong>existerent,</strong></span> <span class='ocrx_word' id='word_1_820' title='bbox 2712 4687 3046 4759; x_wconf 68' lang='lat' dir='ltr'><strong>prmeedente</strong></span> <span class='ocrx_word' id='word_1_821' title='bbox 3075 4698 3309 4759; x_wconf 89' lang='lat' dir='ltr'><strong>peccato,</strong></span> <span class='ocrx_word' id='word_1_822' title='bbox 3333 4691 3558 4762; x_wconf 64' lang='lat' dir='ltr'><strong>qumrite</strong></span> 
     </span>
    </p>
   </div>
   <div class='ocr_carea' id='block_1_111' title="bbox 1976 4780 3559 4855">
    <p class='ocr_par' dir='ltr' id='par_1_111' title="bbox 1976 4780 3559 4855">
     <span class='ocr_line' id='line_1_111' title="bbox 1976 4780 3559 4855; baseline -0.005 -12"><span class='ocrx_word' id='word_1_823' title='bbox 1976 4787 2076 4843; x_wconf 87' lang='lat' dir='ltr'><strong>ista</strong></span> <span class='ocrx_word' id='word_1_824' title='bbox 2096 4784 2305 4855; x_wconf 86' lang='lat' dir='ltr'><strong>quibus,</strong></span> <span class='ocrx_word' id='word_1_825' title='bbox 2333 4796 2438 4837; x_wconf 92' lang='lat' dir='ltr'><strong>non</strong></span> <span class='ocrx_word' id='word_1_826' title='bbox 2465 4780 2654 4853; x_wconf 69' lang='lat' dir='ltr'><strong>plane‘</strong></span> <span class='ocrx_word' id='word_1_827' title='bbox 2674 4780 2941 4846; x_wconf 86' lang='lat' dir='ltr'><strong>fidelibus,</strong></span> <span class='ocrx_word' id='word_1_828' title='bbox 2970 4780 3064 4837; x_wconf 89' lang='lat' dir='ltr'><strong>sed</strong></span> <span class='ocrx_word' id='word_1_829' title='bbox 3094 4781 3399 4837; x_wconf 88' lang='lat' dir='ltr'><strong>irrisoribus</strong></span> <span class='ocrx_word' id='word_1_830' title='bbox 3424 4798 3559 4852; x_wconf 68' lang='lat' dir='ltr'><strong>pra;-</strong></span> 
     </span>
    </p>
   </div>
   <div class='ocr_carea' id='block_1_112' title="bbox 1975 4872 3560 4943">
    <p class='ocr_par' dir='ltr' id='par_1_112' title="bbox 1975 4872 3560 4943">
     <span class='ocr_line' id='line_1_112' title="bbox 1975 4872 3560 4943; baseline -0.004 -11"><span class='ocrx_word' id='word_1_831' title='bbox 1975 4876 2184 4936; x_wconf 88' lang='lat' dir='ltr'><strong>dicetis.</strong></span> <span class='ocrx_word' id='word_1_832' title='bbox 2215 4873 2413 4930; x_wconf 69' lang='lat' dir='ltr'><strong>Certe“</strong></span> <span class='ocrx_word' id='word_1_833' title='bbox 2459 4873 2505 4929; x_wconf 86' lang='lat' dir='ltr'><strong>si</strong></span> <span class='ocrx_word' id='word_1_834' title='bbox 2546 4873 2665 4929; x_wconf 90' lang='lat' dir='ltr'><strong>talis</strong></span> <span class='ocrx_word' id='word_1_835' title='bbox 2702 4872 2978 4943; x_wconf 87' lang='lat' dir='ltr'><strong>paradisus</strong></span> <span class='ocrx_word' id='word_1_836' title='bbox 3024 4873 3351 4943; x_wconf 83' lang='lat' dir='ltr'><strong>pingeretur,</strong></span> <span class='ocrx_word' id='word_1_837' title='bbox 3385 4875 3560 4931; x_wconf 82' lang='lat' dir='ltr'><strong>nullus</strong></span> 
     </span>
    </p>
   </div>
   <div class='ocr_carea' id='block_1_113' title="bbox 1977 4952 3649 5036">
    <p class='ocr_par' dir='ltr' id='par_1_113' title="bbox 1977 4952 3649 5036">
     <span class='ocr_line' id='line_1_113' title="bbox 1977 4952 3649 5036; baseline -0.007 -10"><span class='ocrx_word' id='word_1_838' title='bbox 1977 4969 2179 5026; x_wconf 85' lang='lat' dir='ltr'><strong>diceret</strong></span> <span class='ocrx_word' id='word_1_839' title='bbox 2202 4964 2669 5036; x_wconf 85' lang='lat' dir='ltr'><strong>esse-paradisum,</strong></span> <span class='ocrx_word' id='word_1_840' title='bbox 2704 4978 2803 5018; x_wconf 86' lang='lat' dir='ltr'><strong>nec</strong></span> <span class='ocrx_word' id='word_1_841' title='bbox 2832 4964 2879 5019; x_wconf 89' lang='lat' dir='ltr'><strong>si</strong></span> <span class='ocrx_word' id='word_1_842' title='bbox 2902 4979 3058 5033; x_wconf 87' lang='lat' dir='ltr'><strong>supra</strong></span> <span class='ocrx_word' id='word_1_843' title='bbox 3090 4963 3305 5035; x_wconf 87' lang='lat' dir='ltr'><strong>legisset</strong></span> <span class='ocrx_word' id='word_1_844' title='bbox 3334 4964 3435 5021; x_wconf 90' lang='lat' dir='ltr'><strong>hoc</strong></span> <span class='ocrx_word' id='word_1_845' title='bbox 3468 4982 3561 5019; x_wconf 44' lang='lat' dir='ltr'><strong>nos</strong></span> <span class='ocrx_word' id='word_1_846' title='bbox 3640 4952 3649 4973; x_wconf 86' lang='lat'><em>&#39;</em></span> 
     </span>
    </p>
   </div>
   <div class='ocr_carea' id='block_1_114' title="bbox 1978 5056 3564 5128">
    <p class='ocr_par' dir='ltr' id='par_1_114' title="bbox 1978 5056 3564 5128">
     <span class='ocr_line' id='line_1_114' title="bbox 1978 5056 3564 5128; baseline -0.001 -13"><span class='ocrx_word' id='word_1_847' title='bbox 1978 5076 2103 5119; x_wconf 86' lang='lat' dir='ltr'><strong>men</strong></span> <span class='ocrx_word' id='word_1_848' title='bbox 2132 5058 2445 5128; x_wconf 89' lang='lat' dir='ltr'><strong>inscriptum</strong></span> <span class='ocrx_word' id='word_1_849' title='bbox 2478 5074 2492 5113; x_wconf 91' lang='lat'><strong>:</strong></span> <span class='ocrx_word' id='word_1_850' title='bbox 2524 5071 2625 5113; x_wconf 89' lang='lat' dir='ltr'><strong>nec</strong></span> <span class='ocrx_word' id='word_1_851' title='bbox 2665 5056 2867 5111; x_wconf 88' lang='lat' dir='ltr'><strong>diceret</strong></span> <span class='ocrx_word' id='word_1_852' title='bbox 2903 5070 3114 5112; x_wconf 87' lang='lat' dir='ltr'><strong>errasse</strong></span> <span class='ocrx_word' id='word_1_853' title='bbox 3159 5056 3434 5128; x_wconf 88' lang='lat' dir='ltr'><strong>pictorem,</strong></span> <span class='ocrx_word' id='word_1_854' title='bbox 3466 5058 3564 5118; x_wconf 87' lang='lat' dir='ltr'><strong>sed</strong></span> 
     </span>
    </p>
   </div>
   <div class='ocr_carea' id='block_1_115' title="bbox 1980 5144 3563 5223">
    <p class='ocr_par' dir='ltr' id='par_1_115' title="bbox 1980 5144 3563 5223">
     <span class='ocr_line' id='line_1_115' title="bbox 1980 5144 3563 5223; baseline -0.001 -17"><span class='ocrx_word' id='word_1_855' title='bbox 1980 5152 2139 5223; x_wconf 87' lang='lat' dir='ltr'><strong>plane</strong></span> <span class='ocrx_word' id='word_1_856' title='bbox 2175 5156 2491 5220; x_wconf 86' lang='lat' dir='ltr'><strong>agnosceret</strong></span> <span class='ocrx_word' id='word_1_857' title='bbox 2528 5146 2824 5201; x_wconf 84' lang='lat' dir='ltr'><strong>irrisorem.</strong></span> <span class='ocrx_word' id='word_1_858' title='bbox 2848 5144 3226 5202; x_wconf 79' lang='lat' dir='ltr'><strong>Verumtamen</strong></span> <span class='ocrx_word' id='word_1_859' title='bbox 3254 5164 3439 5204; x_wconf 88' lang='lat' dir='ltr'><strong>eorum</strong></span> <span class='ocrx_word' id='word_1_860' title='bbox 3470 5148 3563 5215; x_wconf 82' lang='lat' dir='ltr'><strong>qui</strong></span> 
     </span>
    </p>
   </div>
   <div class='ocr_carea' id='block_1_116' title="bbox 1983 5237 3560 5309">
    <p class='ocr_par' dir='ltr' id='par_1_116' title="bbox 1983 5237 3560 5309">
     <span class='ocr_line' id='line_1_116' title="bbox 1983 5237 3560 5309; baseline -0.003 -9"><span class='ocrx_word' id='word_1_861' title='bbox 1983 5259 2084 5300; x_wconf 82' lang='lat' dir='ltr'><strong>vos</strong></span> <span class='ocrx_word' id='word_1_862' title='bbox 2109 5248 2394 5309; x_wconf 86' lang='lat' dir='ltr'><strong>noverunt,</strong></span> <span class='ocrx_word' id='word_1_863' title='bbox 2422 5252 2583 5295; x_wconf 87' lang='lat' dir='ltr'><strong>nemo</strong></span> <span class='ocrx_word' id='word_1_864' title='bbox 2620 5237 2902 5292; x_wconf 88' lang='lat' dir='ltr'><strong>miraretur</strong></span> <span class='ocrx_word' id='word_1_865' title='bbox 2923 5278 2941 5306; x_wconf 91' lang='lat'><strong>,</strong></span> <span class='ocrx_word' id='word_1_866' title='bbox 2968 5239 3016 5293; x_wconf 90' lang='lat' dir='ltr'><strong>si</strong></span> <span class='ocrx_word' id='word_1_867' title='bbox 3050 5238 3339 5295; x_wconf 85' lang='lat' dir='ltr'><strong>adderetur</strong></span> <span class='ocrx_word' id='word_1_868' title='bbox 3366 5253 3560 5295; x_wconf 83' lang='lat' dir='ltr'><strong>nomen</strong></span> 
     </span>
    </p>
   </div>
   <div class='ocr_carea' id='block_1_117' title="bbox 1982 5330 3563 5415">
    <p class='ocr_par' dir='ltr' id='par_1_117' title="bbox 1982 5330 3563 5415">
     <span class='ocr_line' id='line_1_117' title="bbox 1982 5330 3563 5415; baseline -0.002 -23"><span class='ocrx_word' id='word_1_869' title='bbox 1982 5345 2216 5393; x_wconf 82' lang='lat' dir='ltr'><strong>vestrum</strong></span> <span class='ocrx_word' id='word_1_870' title='bbox 2238 5334 2308 5392; x_wconf 89' lang='lat' dir='ltr'><strong>ad</strong></span> <span class='ocrx_word' id='word_1_871' title='bbox 2336 5334 2567 5400; x_wconf 88' lang='lat' dir='ltr'><strong>titulum,</strong></span> <span class='ocrx_word' id='word_1_872' title='bbox 2598 5340 2653 5389; x_wconf 89' lang='lat' dir='ltr'><strong>et</strong></span> <span class='ocrx_word' id='word_1_873' title='bbox 2674 5331 3007 5415; x_wconf 81' lang='lat' dir='ltr'><strong>scriberetur</strong></span> <span class='ocrx_word' id='word_1_874' title='bbox 3022 5333 3299 5406; x_wconf 87' lang='lat' dir='ltr'><strong>paradisus</strong></span> <span class='ocrx_word' id='word_1_875' title='bbox 3320 5330 3563 5400; x_wconf 68' lang='lat' dir='ltr'><strong>Pelagia~</strong></span> 
     </span>
    </p>
   </div>
   <div class='ocr_carea' id='block_1_118' title="bbox 2050 5449 2643 5513">
    <p class='ocr_par' dir='ltr' id='par_1_118' title="bbox 2050 5449 2643 5513">
     <span class='ocr_line' id='line_1_118' title="bbox 2050 5449 2643 5513; baseline 0 -17"><span class='ocrx_word' id='word_1_876' title='bbox 2050 5451 2068 5482; x_wconf 82' lang='grc' dir='ltr'><strong>ι</strong></span> <span class='ocrx_word' id='word_1_877' title='bbox 2102 5449 2259 5513; x_wconf 67' lang='lat' dir='ltr'><strong>vign.,</strong></span> <span class='ocrx_word' id='word_1_878' title='bbox 2280 5454 2346 5498; x_wconf 83' lang='lat' dir='ltr'><strong>te.</strong></span> <span class='ocrx_word' id='word_1_879' title='bbox 2370 5453 2498 5505; x_wconf 52' lang='grc' dir='ltr'>Μελ,</span> <span class='ocrx_word' id='word_1_880' title='bbox 2516 5458 2643 5513; x_wconf 59' lang='lat' dir='ltr'><strong>rem.</strong></span> 
     </span>
    </p>
   </div>
   <div class='ocr_carea' id='block_1_119' title="bbox 2050 5504 2703 5572">
    <p class='ocr_par' dir='ltr' id='par_1_119' title="bbox 2050 5504 2703 5572">
     <span class='ocr_line' id='line_1_119' title="bbox 2050 5504 2703 5572; baseline 0 -15"><span class='ocrx_word' id='word_1_881' title='bbox 2050 5513 2069 5544; x_wconf 75' lang='grc' dir='ltr'><strong>ι</strong></span> <span class='ocrx_word' id='word_1_882' title='bbox 2102 5504 2258 5568; x_wconf 71' lang='lat' dir='ltr'><strong>Forte,</strong></span> <span class='ocrx_word' id='word_1_883' title='bbox 2285 5521 2433 5572; x_wconf 82' lang='lat' dir='ltr'><strong>quos;</strong></span> <span class='ocrx_word' id='word_1_884' title='bbox 2453 5504 2552 5567; x_wconf 88' lang='lat' dir='ltr'><strong>vel,</strong></span> <span class='ocrx_word' id='word_1_885' title='bbox 2577 5519 2703 5572; x_wconf 71' lang='lat' dir='ltr'><strong>cum.</strong></span> 
     </span>
    </p>
   </div>
   <div class='ocr_carea' id='block_1_120' title="bbox 2051 5566 2865 5634">
    <p class='ocr_par' dir='ltr' id='par_1_120' title="bbox 2051 5566 2865 5634">
     <span class='ocr_line' id='line_1_120' title="bbox 2051 5566 2865 5634; baseline -0.005 -13"><span class='ocrx_word' id='word_1_886' title='bbox 2051 5572 2072 5605; x_wconf 78' lang='grc'><strong><em>³</em></strong></span> <span class='ocrx_word' id='word_1_887' title='bbox 2094 5574 2166 5621; x_wconf 83' lang='lat' dir='ltr'><strong>sic</strong></span> <span class='ocrx_word' id='word_1_888' title='bbox 2183 5566 2317 5634; x_wconf 70' lang='lat' dir='ltr'><strong>Vign&#39;.</strong></span> <span class='ocrx_word' id='word_1_889' title='bbox 2345 5576 2394 5617; x_wconf 90' lang='lat' dir='ltr'><strong>lu</strong></span> <span class='ocrx_word' id='word_1_890' title='bbox 2415 5566 2489 5634; x_wconf 79' lang='lat' dir='ltr'><strong>&#39;c.,</strong></span> <span class='ocrx_word' id='word_1_891' title='bbox 2508 5566 2741 5634; x_wconf 74' lang='lat' dir='ltr'><strong>cogitare.</strong></span> <span class='ocrx_word' id='word_1_892' title='bbox 2784 5576 2865 5619; x_wconf 64' lang='lat' dir='ltr'><strong>~M.</strong></span> 
     </span>
    </p>
   </div>
   <div class='ocr_carea' id='block_1_121' title="bbox 2049 5605 3571 5695">
    <p class='ocr_par' dir='ltr' id='par_1_121' title="bbox 2049 5605 3571 5695">
     <span class='ocr_line' id='line_1_121' title="bbox 2049 5605 3571 5695; baseline -0.003 -15"><span class='ocrx_word' id='word_1_893' title='bbox 2049 5634 2073 5665; x_wconf 70' lang='grc' dir='ltr'><strong>ι</strong></span> <span class='ocrx_word' id='word_1_894' title='bbox 2095 5605 2865 5695; x_wconf 53' lang='grc' dir='ltr'><strong>ἷπιξὶι’ῗῗ“ῥγὲαὲξιῖᾶἇσ””ὄὲὲἑηιᾶζ’</strong></span> <span class='ocrx_word' id='word_1_895' title='bbox 2887 5626 3105 5691; x_wconf 64' lang='lat' dir='ltr'><strong>querire.</strong></span> <span class='ocrx_word' id='word_1_896' title='bbox 3150 5629 3245 5676; x_wconf 78' lang='grc' dir='ltr'>ιεια</span> <span class='ocrx_word' id='word_1_897' title='bbox 3279 5635 3371 5675; x_wconf 67' lang='grc' dir='ltr'><strong>παι</strong></span> <span class='ocrx_word' id='word_1_898' title='bbox 3407 5620 3571 5687; x_wconf 62' lang='lat' dir='ltr'><strong>plan.</strong></span> 
     </span>
    </p>
   </div>
   <div class='ocr_carea' id='block_1_122' title="bbox 1992 5692 3011 5755">
    <p class='ocr_par' dir='ltr' id='par_1_122' title="bbox 1992 5692 3011 5755">
     <span class='ocr_line' id='line_1_122' title="bbox 1992 5692 3011 5755; baseline -0.003 -10"><span class='ocrx_word' id='word_1_899' title='bbox 1992 5703 2085 5745; x_wconf 87' lang='lat' dir='ltr'><strong>etc.</strong></span> <span class='ocrx_word' id='word_1_900' title='bbox 2107 5708 2121 5751; x_wconf 90' lang='lat'><strong>;</strong></span> <span class='ocrx_word' id='word_1_901' title='bbox 2146 5692 2341 5753; x_wconf 66' lang='lat' dir='ltr'><strong>(iniisse,</strong></span> <span class='ocrx_word' id='word_1_902' title='bbox 2360 5692 2545 5755; x_wconf 76' lang='lat' dir='ltr'><strong>quibus.</strong></span> <span class='ocrx_word' id='word_1_903' title='bbox 2566 5692 2831 5753; x_wconf 68' lang='lat' dir='ltr'><strong>caStigatur</strong></span> <span class='ocrx_word' id='word_1_904' title='bbox 2855 5704 2883 5740; x_wconf 88' lang='lat' dir='ltr'><strong>a</strong></span> <span class='ocrx_word' id='word_1_905' title='bbox 2908 5698 3011 5742; x_wconf 68' lang='lat' dir='ltr'><strong>Mss.</strong></span> 
     </span>
    </p>
   </div>
   <div class='ocr_carea' id='block_1_123' title="bbox 2054 5758 2803 5819">
    <p class='ocr_par' dir='ltr' id='par_1_123' title="bbox 2054 5758 2803 5819">
     <span class='ocr_line' id='line_1_123' title="bbox 2054 5758 2803 5819; baseline -0.004 -16"><span class='ocrx_word' id='word_1_906' title='bbox 2054 5759 2075 5789; x_wconf 80' lang='grc'><strong><em>³</em></strong></span> <span class='ocrx_word' id='word_1_907' title='bbox 2113 5758 2266 5819; x_wconf 81' lang='lat' dir='ltr'><strong>\ign.,</strong></span> <span class='ocrx_word' id='word_1_908' title='bbox 2291 5767 2417 5806; x_wconf 79' lang='lat' dir='ltr'><strong>erce.</strong></span> <span class='ocrx_word' id='word_1_909' title='bbox 2448 5763 2549 5805; x_wconf 71' lang='lat' dir='ltr'><strong>Mss.</strong></span> <span class='ocrx_word' id='word_1_910' title='bbox 2571 5790 2585 5816; x_wconf 88' lang='lat'><strong>,</strong></span> <span class='ocrx_word' id='word_1_911' title='bbox 2604 5760 2747 5805; x_wconf 77' lang='lat' dir='ltr'><strong>certe.</strong></span> <span class='ocrx_word' id='word_1_912' title='bbox 2802 5776 2803 5785; x_wconf 62' lang='grc' dir='ltr'><strong>ι</strong></span> 
     </span>
    </p>
   </div>
  </div>
