  <div class='ocr_page' id='page_1' title='image "/cluster/home/n/w/nwhite01/storage/ocr_20150623/45/hvd.32044096580667/169.png"; bbox 0 0 3962 6180; ppageno 0'>
   <div class='ocr_carea' id='block_1_1' title="bbox 422 313 551 374">
    <p class='ocr_par' dir='ltr' id='par_1_1' title="bbox 422 313 551 374">
     <span class='ocr_line' id='line_1_1' title="bbox 422 313 551 374; baseline 0.047 -6"><span class='ocrx_word' id='word_1_1' title='bbox 422 313 551 374; x_wconf 73' lang='grc'><strong>1511</strong></span> 
     </span>
    </p>
   </div>
   <div class='ocr_carea' id='block_1_2' title="bbox 356 438 1967 518">
    <p class='ocr_par' dir='ltr' id='par_1_2' title="bbox 356 438 1967 518">
     <span class='ocr_line' id='line_1_2' title="bbox 356 438 1967 518; baseline -0.008 -9"><span class='ocrx_word' id='word_1_2' title='bbox 356 438 364 446; x_wconf 53' lang='grc'><strong>’</strong></span> <span class='ocrx_word' id='word_1_3' title='bbox 392 471 602 510; x_wconf 89' lang='lat' dir='ltr'><strong>norum.</strong></span> <span class='ocrx_word' id='word_1_4' title='bbox 635 455 691 512; x_wconf 90' lang='lat' dir='ltr'><strong>Si</strong></span> <span class='ocrx_word' id='word_1_5' title='bbox 716 463 891 510; x_wconf 81' lang='lat' dir='ltr'><strong>autem</strong></span> <span class='ocrx_word' id='word_1_6' title='bbox 923 451 1047 507; x_wconf 90' lang='lat' dir='ltr'><strong>hinc</strong></span> <span class='ocrx_word' id='word_1_7' title='bbox 1070 447 1383 506; x_wconf 71' lang='lat' dir='ltr'><strong>erubescitis</strong></span> <span class='ocrx_word' id='word_1_8' title='bbox 1400 443 1754 518; x_wconf 90' lang='lat' dir='ltr'><strong>(nequeenim</strong></span> <span class='ocrx_word' id='word_1_9' title='bbox 1781 454 1967 497; x_wconf 80' lang='lat' dir='ltr'><strong>revera</strong></span> 
     </span>
    </p>
   </div>
   <div class='ocr_carea' id='block_1_3' title="bbox 342 5536 355 5581">
    <p class='ocr_par' dir='ltr' id='par_1_3' title="bbox 342 5536 355 5581">
     <span class='ocr_line' id='line_1_3' title="bbox 342 5536 355 5581; baseline 0 0"><span class='ocrx_word' id='word_1_10' title='bbox 342 5536 355 5581; x_wconf 76' lang='lat' dir='ltr'><strong>i</strong></span> 
     </span>
    </p>
   </div>
   <div class='ocr_carea' id='block_1_4' title="bbox 392 533 1971 617">
    <p class='ocr_par' dir='ltr' id='par_1_4' title="bbox 392 533 1971 617">
     <span class='ocr_line' id='line_1_4' title="bbox 392 533 1971 617; baseline -0.01 -16"><span class='ocrx_word' id='word_1_11' title='bbox 392 546 610 617; x_wconf 84' lang='lat' dir='ltr'><strong>pudoris</strong></span> <span class='ocrx_word' id='word_1_12' title='bbox 638 547 801 600; x_wconf 90' lang='lat' dir='ltr'><strong>ullum</strong></span> <span class='ocrx_word' id='word_1_13' title='bbox 831 542 1119 615; x_wconf 76' lang='lat' dir='ltr'><strong>putandum</strong></span> <span class='ocrx_word' id='word_1_14' title='bbox 1150 549 1234 595; x_wconf 89' lang='lat' dir='ltr'><strong>est</strong></span> <span class='ocrx_word' id='word_1_15' title='bbox 1258 540 1310 594; x_wconf 91' lang='lat' dir='ltr'><strong>in</strong></span> <span class='ocrx_word' id='word_1_16' title='bbox 1340 538 1491 592; x_wconf 80' lang='lat' dir='ltr'><strong>vobis</strong></span> <span class='ocrx_word' id='word_1_17' title='bbox 1520 533 1844 591; x_wconf 91' lang='lat' dir='ltr'><strong>remansisse</strong></span> <span class='ocrx_word' id='word_1_18' title='bbox 1869 545 1971 586; x_wconf 55' lang='lat' dir='ltr'><strong>ve-</strong></span> 
     </span>
    </p>
   </div>
   <div class='ocr_carea' id='block_1_5' title="bbox 390 626 1969 706">
    <p class='ocr_par' dir='ltr' id='par_1_5' title="bbox 390 626 1969 706">
     <span class='ocr_line' id='line_1_5' title="bbox 390 626 1969 706; baseline -0.011 -13"><span class='ocrx_word' id='word_1_19' title='bbox 390 638 623 706; x_wconf 77' lang='lat' dir='ltr'><strong>stigium,</strong></span> <span class='ocrx_word' id='word_1_20' title='bbox 652 638 697 692; x_wconf 89' lang='lat' dir='ltr'><strong>si</strong></span> <span class='ocrx_word' id='word_1_21' title='bbox 726 650 828 689; x_wconf 83' lang='lat' dir='ltr'><strong>non</strong></span> <span class='ocrx_word' id='word_1_22' title='bbox 862 635 984 687; x_wconf 90' lang='lat' dir='ltr'><strong>hinc</strong></span> <span class='ocrx_word' id='word_1_23' title='bbox 1012 626 1370 702; x_wconf 87' lang='lat' dir='ltr'><strong>erubescitis),</strong></span> <span class='ocrx_word' id='word_1_24' title='bbox 1402 639 1735 698; x_wconf 78' lang='lat' dir='ltr'><strong>perversam,</strong></span> <span class='ocrx_word' id='word_1_25' title='bbox 1766 635 1969 694; x_wconf 75' lang='lat' dir='ltr'><strong>qutcso,</strong></span> 
     </span>
    </p>
   </div>
   <div class='ocr_carea' id='block_1_6' title="bbox 392 712 1973 785">
    <p class='ocr_par' dir='ltr' id='par_1_6' title="bbox 392 712 1973 785">
     <span class='ocr_line' id='line_1_6' title="bbox 392 712 1973 785; baseline -0.009 -4"><span class='ocrx_word' id='word_1_26' title='bbox 392 727 606 782; x_wconf 84' lang='lat' dir='ltr'><strong>tandem</strong></span> <span class='ocrx_word' id='word_1_27' title='bbox 653 734 853 780; x_wconf 90' lang='lat' dir='ltr'><strong>mutate</strong></span> <span class='ocrx_word' id='word_1_28' title='bbox 882 722 1223 785; x_wconf 85' lang='lat' dir='ltr'><strong>sententiam,</strong></span> <span class='ocrx_word' id='word_1_29' title='bbox 1275 728 1329 775; x_wconf 88' lang='lat' dir='ltr'><strong>et</strong></span> <span class='ocrx_word' id='word_1_30' title='bbox 1358 718 1645 772; x_wconf 81' lang='lat' dir='ltr'><strong>humanam</strong></span> <span class='ocrx_word' id='word_1_31' title='bbox 1687 713 1892 771; x_wconf 83' lang='lat' dir='ltr'><strong>credite</strong></span> <span class='ocrx_word' id='word_1_32' title='bbox 1920 712 1973 768; x_wconf 90' lang='lat' dir='ltr'><strong>in</strong></span> 
     </span>
    </p>
   </div>
   <div class='ocr_carea' id='block_1_7' title="bbox 392 804 1975 883">
    <p class='ocr_par' dir='ltr' id='par_1_7' title="bbox 392 804 1975 883">
     <span class='ocr_line' id='line_1_7' title="bbox 392 804 1975 883; baseline -0.011 -12"><span class='ocrx_word' id='word_1_33' title='bbox 392 817 488 871; x_wconf 90' lang='lat' dir='ltr'><strong>has</strong></span> <span class='ocrx_word' id='word_1_34' title='bbox 509 815 751 871; x_wconf 80' lang='lat' dir='ltr'><strong>miserias</strong></span> <span class='ocrx_word' id='word_1_35' title='bbox 772 820 989 883; x_wconf 84' lang='lat' dir='ltr'><strong>peccato</strong></span> <span class='ocrx_word' id='word_1_36' title='bbox 1009 811 1099 866; x_wconf 88' lang='lat' dir='ltr'><strong>illo</strong></span> <span class='ocrx_word' id='word_1_37' title='bbox 1124 824 1316 879; x_wconf 85' lang='lat' dir='ltr'><strong>magno</strong></span> <span class='ocrx_word' id='word_1_38' title='bbox 1346 814 1599 861; x_wconf 75' lang='lat' dir='ltr'><strong>mutatam</strong></span> <span class='ocrx_word' id='word_1_39' title='bbox 1626 804 1789 859; x_wconf 87' lang='lat' dir='ltr'><strong>fuisse</strong></span> <span class='ocrx_word' id='word_1_40' title='bbox 1816 810 1975 856; x_wconf 87' lang='lat' dir='ltr'><strong>natu-</strong></span> 
     </span>
    </p>
   </div>
   <div class='ocr_carea' id='block_1_8' title="bbox 391 894 1969 977">
    <p class='ocr_par' dir='ltr' id='par_1_8' title="bbox 391 894 1969 977">
     <span class='ocr_line' id='line_1_8' title="bbox 391 894 1969 977; baseline -0.012 -13"><span class='ocrx_word' id='word_1_41' title='bbox 391 923 537 973; x_wconf 84' lang='lat' dir='ltr'><strong>ram;</strong></span> <span class='ocrx_word' id='word_1_42' title='bbox 565 920 739 977; x_wconf 88' lang='lat' dir='ltr'><strong>neque</strong></span> <span class='ocrx_word' id='word_1_43' title='bbox 758 904 867 960; x_wconf 90' lang='lat' dir='ltr'><strong>ullo</strong></span> <span class='ocrx_word' id='word_1_44' title='bbox 896 902 1056 959; x_wconf 90' lang='lat' dir='ltr'><strong>modo</strong></span> <span class='ocrx_word' id='word_1_45' title='bbox 1082 904 1181 957; x_wconf 86' lang='lat' dir='ltr'><strong>ista</strong></span> <span class='ocrx_word' id='word_1_46' title='bbox 1210 901 1261 954; x_wconf 92' lang='lat' dir='ltr'><strong>in</strong></span> <span class='ocrx_word' id='word_1_47' title='bbox 1288 897 1534 970; x_wconf 81' lang='lat' dir='ltr'><strong>paradiso</strong></span> <span class='ocrx_word' id='word_1_48' title='bbox 1548 910 1669 952; x_wconf 89' lang='lat' dir='ltr'><strong>esse</strong></span> <span class='ocrx_word' id='word_1_49' title='bbox 1694 894 1930 965; x_wconf 89' lang='lat' dir='ltr'><strong>potuisse</strong></span> <span class='ocrx_word' id='word_1_50' title='bbox 1955 909 1969 946; x_wconf 92' lang='lat'><strong>:</strong></span> 
     </span>
    </p>
   </div>
   <div class='ocr_carea' id='block_1_9' title="bbox 392 990 1974 1070">
    <p class='ocr_par' dir='ltr' id='par_1_9' title="bbox 392 990 1974 1070">
     <span class='ocr_line' id='line_1_9' title="bbox 392 990 1974 1070; baseline -0.009 -16"><span class='ocrx_word' id='word_1_51' title='bbox 392 1008 673 1070; x_wconf 79' lang='lat' dir='ltr'><strong>propterea</strong></span> <span class='ocrx_word' id='word_1_52' title='bbox 715 997 840 1053; x_wconf 89' lang='lat' dir='ltr'><strong>inde</strong></span> <span class='ocrx_word' id='word_1_53' title='bbox 877 996 1052 1051; x_wconf 78' lang='lat' dir='ltr'><strong>exisse</strong></span> <span class='ocrx_word' id='word_1_54' title='bbox 1094 995 1232 1059; x_wconf 91' lang='lat' dir='ltr'><strong>illos,</strong></span> <span class='ocrx_word' id='word_1_55' title='bbox 1265 1007 1491 1063; x_wconf 88' lang='lat' dir='ltr'><strong>quorum</strong></span> <span class='ocrx_word' id='word_1_56' title='bbox 1535 990 1695 1044; x_wconf 89' lang='lat' dir='ltr'><strong>etiam</strong></span> <span class='ocrx_word' id='word_1_57' title='bbox 1737 1000 1974 1058; x_wconf 79' lang='lat' dir='ltr'><strong>propago</strong></span> 
     </span>
    </p>
   </div>
   <div class='ocr_carea' id='block_1_10' title="bbox 391 1081 1975 1160">
    <p class='ocr_par' dir='ltr' id='par_1_10' title="bbox 391 1081 1975 1160">
     <span class='ocr_line' id='line_1_10' title="bbox 391 1081 1975 1160; baseline -0.008 -17"><span class='ocrx_word' id='word_1_58' title='bbox 391 1089 548 1160; x_wconf 86' lang='lat' dir='ltr'><strong>digna</strong></span> <span class='ocrx_word' id='word_1_59' title='bbox 575 1098 690 1145; x_wconf 89' lang='lat' dir='ltr'><strong>erat</strong></span> <span class='ocrx_word' id='word_1_60' title='bbox 715 1088 841 1143; x_wconf 89' lang='lat' dir='ltr'><strong>talia</strong></span> <span class='ocrx_word' id='word_1_61' title='bbox 868 1088 1153 1151; x_wconf 82' lang='lat' dir='ltr'><strong>sustinere,</strong></span> <span class='ocrx_word' id='word_1_62' title='bbox 1180 1090 1486 1139; x_wconf 85' lang='lat' dir='ltr'><strong>transeunte</strong></span> <span class='ocrx_word' id='word_1_63' title='bbox 1524 1081 1580 1135; x_wconf 89' lang='lat' dir='ltr'><strong>in</strong></span> <span class='ocrx_word' id='word_1_64' title='bbox 1627 1092 1817 1135; x_wconf 88' lang='lat' dir='ltr'><strong>omnes</strong></span> <span class='ocrx_word' id='word_1_65' title='bbox 1845 1092 1975 1133; x_wconf 84' lang='lat' dir='ltr'><strong>con-</strong></span> 
     </span>
    </p>
   </div>
   <div class='ocr_carea' id='block_1_11' title="bbox 389 1169 1973 1249">
    <p class='ocr_par' dir='ltr' id='par_1_11' title="bbox 389 1169 1973 1249">
     <span class='ocr_line' id='line_1_11' title="bbox 389 1169 1973 1249; baseline -0.008 -16"><span class='ocrx_word' id='word_1_66' title='bbox 389 1181 605 1249; x_wconf 83' lang='lat' dir='ltr'><strong>tagione</strong></span> <span class='ocrx_word' id='word_1_67' title='bbox 635 1179 839 1249; x_wconf 81' lang='lat' dir='ltr'><strong>peccati</strong></span> <span class='ocrx_word' id='word_1_68' title='bbox 869 1192 989 1232; x_wconf 93' lang='lat' dir='ltr'><strong>cum</strong></span> <span class='ocrx_word' id='word_1_69' title='bbox 1018 1174 1323 1231; x_wconf 90' lang='lat' dir='ltr'><strong>conditione</strong></span> <span class='ocrx_word' id='word_1_70' title='bbox 1350 1172 1615 1244; x_wconf 86' lang='lat' dir='ltr'><strong>supplicii.</strong></span> <span class='ocrx_word' id='word_1_71' title='bbox 1647 1170 1758 1226; x_wconf 78' lang='lat' dir='ltr'><strong>Hoc</strong></span> <span class='ocrx_word' id='word_1_72' title='bbox 1779 1169 1973 1239; x_wconf 83' lang='lat' dir='ltr'><strong>dogma</strong></span> 
     </span>
    </p>
   </div>
   <div class='ocr_carea' id='block_1_12' title="bbox 388 1260 1975 1338">
    <p class='ocr_par' dir='ltr' id='par_1_12' title="bbox 388 1260 1975 1338">
     <span class='ocr_line' id='line_1_12' title="bbox 388 1260 1975 1338; baseline -0.006 -13"><span class='ocrx_word' id='word_1_73' title='bbox 388 1270 711 1326; x_wconf 88' lang='lat' dir='ltr'><strong>catholicum</strong></span> <span class='ocrx_word' id='word_1_74' title='bbox 735 1278 789 1326; x_wconf 91' lang='lat' dir='ltr'><strong>et</strong></span> <span class='ocrx_word' id='word_1_75' title='bbox 814 1269 1072 1338; x_wconf 82' lang='lat' dir='ltr'><strong>justitiam</strong></span> <span class='ocrx_word' id='word_1_76' title='bbox 1104 1267 1195 1322; x_wconf 91' lang='lat' dir='ltr'><strong>Dei</strong></span> <span class='ocrx_word' id='word_1_77' title='bbox 1222 1264 1621 1336; x_wconf 89' lang='lat' dir='ltr'><strong>defendit,quia</strong></span> <span class='ocrx_word' id='word_1_78' title='bbox 1650 1277 1757 1316; x_wconf 90' lang='lat' dir='ltr'><strong>non</strong></span> <span class='ocrx_word' id='word_1_79' title='bbox 1785 1260 1975 1316; x_wconf 79' lang='lat' dir='ltr'><strong>imme-</strong></span> 
     </span>
    </p>
   </div>
   <div class='ocr_carea' id='block_1_13' title="bbox 392 1354 1975 1424">
    <p class='ocr_par' dir='ltr' id='par_1_13' title="bbox 392 1354 1975 1424">
     <span class='ocr_line' id='line_1_13' title="bbox 392 1354 1975 1424; baseline -0.006 -9"><span class='ocrx_word' id='word_1_80' title='bbox 392 1360 497 1415; x_wconf 90' lang='lat' dir='ltr'><strong>rito</strong></span> <span class='ocrx_word' id='word_1_81' title='bbox 521 1361 682 1414; x_wconf 78' lang='lat' dir='ltr'><strong>vitam</strong></span> <span class='ocrx_word' id='word_1_82' title='bbox 713 1359 1016 1415; x_wconf 86' lang='lat' dir='ltr'><strong>mortalium</strong></span> <span class='ocrx_word' id='word_1_83' title='bbox 1043 1357 1297 1412; x_wconf 72' lang='lat' dir='ltr'><strong>voluisset</strong></span> <span class='ocrx_word' id='word_1_84' title='bbox 1325 1369 1444 1410; x_wconf 89' lang='lat' dir='ltr'><strong>esse</strong></span> <span class='ocrx_word' id='word_1_85' title='bbox 1470 1354 1763 1424; x_wconf 76' lang='lat' dir='ltr'><strong>ptenalem;</strong></span> <span class='ocrx_word' id='word_1_86' title='bbox 1794 1360 1848 1407; x_wconf 93' lang='lat' dir='ltr'><strong>et</strong></span> <span class='ocrx_word' id='word_1_87' title='bbox 1873 1364 1975 1405; x_wconf 79' lang='lat' dir='ltr'><strong>vos</strong></span> 
     </span>
    </p>
   </div>
   <div class='ocr_carea' id='block_1_14' title="bbox 391 1443 1973 1522">
    <p class='ocr_par' dir='ltr' id='par_1_14' title="bbox 391 1443 1973 1522">
     <span class='ocr_line' id='line_1_14' title="bbox 391 1443 1973 1522; baseline -0.005 -17"><span class='ocrx_word' id='word_1_88' title='bbox 391 1451 818 1522; x_wconf 71' lang='lat' dir='ltr'><strong>lianichrcosqne</strong></span> <span class='ocrx_word' id='word_1_89' title='bbox 856 1451 1118 1505; x_wconf 83' lang='lat' dir='ltr'><strong>subvertit</strong></span> <span class='ocrx_word' id='word_1_90' title='bbox 1140 1468 1155 1505; x_wconf 90' lang='lat'><strong>:</strong></span> <span class='ocrx_word' id='word_1_91' title='bbox 1176 1463 1271 1504; x_wconf 87' lang='lat' dir='ltr'><strong>vos</strong></span> <span class='ocrx_word' id='word_1_92' title='bbox 1293 1447 1528 1518; x_wconf 83' lang='lat' dir='ltr'><strong>quidem,</strong></span> <span class='ocrx_word' id='word_1_93' title='bbox 1550 1446 1672 1516; x_wconf 85' lang='lat' dir='ltr'><strong>quia</strong></span> <span class='ocrx_word' id='word_1_94' title='bbox 1702 1443 1854 1500; x_wconf 89' lang='lat' dir='ltr'><strong>malis</strong></span> <span class='ocrx_word' id='word_1_95' title='bbox 1892 1451 1973 1497; x_wconf 89' lang='lat' dir='ltr'><strong>ta-</strong></span> 
     </span>
    </p>
   </div>
   <div class='ocr_carea' id='block_1_15' title="bbox 398 1535 1975 1611">
    <p class='ocr_par' dir='ltr' id='par_1_15' title="bbox 398 1535 1975 1611">
     <span class='ocr_line' id='line_1_15' title="bbox 398 1535 1975 1611; baseline -0.004 -16"><span class='ocrx_word' id='word_1_96' title='bbox 398 1540 538 1597; x_wconf 87' lang='lat' dir='ltr'><strong>libus</strong></span> <span class='ocrx_word' id='word_1_97' title='bbox 564 1541 872 1596; x_wconf 82' lang='lat' dir='ltr'><strong>horribilem</strong></span> <span class='ocrx_word' id='word_1_98' title='bbox 898 1539 1398 1611; x_wconf 71' lang='lat' dir='ltr'><strong>paradisotribuitis</strong></span> <span class='ocrx_word' id='word_1_99' title='bbox 1432 1537 1824 1602; x_wconf 89' lang='lat' dir='ltr'><strong>infelicitatem;</strong></span> <span class='ocrx_word' id='word_1_100' title='bbox 1861 1535 1975 1589; x_wconf 80' lang='lat' dir='ltr'><strong>Ma-</strong></span> 
     </span>
    </p>
   </div>
   <div class='ocr_carea' id='block_1_16' title="bbox 393 1624 1974 1700">
    <p class='ocr_par' dir='ltr' id='par_1_16' title="bbox 393 1624 1974 1700">
     <span class='ocr_line' id='line_1_16' title="bbox 393 1624 1974 1700; baseline -0.003 -17"><span class='ocrx_word' id='word_1_101' title='bbox 393 1630 629 1685; x_wconf 70' lang='lat' dir='ltr'><strong>nichaaos</strong></span> <span class='ocrx_word' id='word_1_102' title='bbox 666 1638 865 1696; x_wconf 91' lang='lat' dir='ltr'><strong>autem,</strong></span> <span class='ocrx_word' id='word_1_103' title='bbox 897 1630 1018 1700; x_wconf 86' lang='lat' dir='ltr'><strong>quia</strong></span> <span class='ocrx_word' id='word_1_104' title='bbox 1056 1628 1208 1683; x_wconf 87' lang='lat' dir='ltr'><strong>malis</strong></span> <span class='ocrx_word' id='word_1_105' title='bbox 1245 1627 1439 1683; x_wconf 85' lang='lat' dir='ltr'><strong>talibus</strong></span> <span class='ocrx_word' id='word_1_106' title='bbox 1476 1633 1718 1681; x_wconf 90' lang='lat' dir='ltr'><strong>naturam</strong></span> <span class='ocrx_word' id='word_1_107' title='bbox 1760 1624 1852 1680; x_wconf 90' lang='lat' dir='ltr'><strong>Dei</strong></span> <span class='ocrx_word' id='word_1_108' title='bbox 1891 1624 1974 1679; x_wconf 92' lang='lat' dir='ltr'><strong>sui</strong></span> 
     </span>
    </p>
   </div>
   <div class='ocr_carea' id='block_1_17' title="bbox 394 1716 1978 1792">
    <p class='ocr_par' dir='ltr' id='par_1_17' title="bbox 394 1716 1978 1792">
     <span class='ocr_line' id='line_1_17' title="bbox 394 1716 1978 1792; baseline -0.004 -16"><span class='ocrx_word' id='word_1_109' title='bbox 394 1723 481 1792; x_wconf 90' lang='lat' dir='ltr'><strong>(ac</strong></span> <span class='ocrx_word' id='word_1_110' title='bbox 510 1736 607 1791; x_wconf 90' lang='lat' dir='ltr'><strong>per</strong></span> <span class='ocrx_word' id='word_1_111' title='bbox 630 1721 732 1777; x_wconf 92' lang='lat' dir='ltr'><strong>hoc</strong></span> <span class='ocrx_word' id='word_1_112' title='bbox 756 1721 883 1791; x_wconf 91' lang='lat' dir='ltr'><strong>quid</strong></span> <span class='ocrx_word' id='word_1_113' title='bbox 916 1719 1057 1775; x_wconf 89' lang='lat' dir='ltr'><strong>aliud</strong></span> <span class='ocrx_word' id='word_1_114' title='bbox 1087 1734 1244 1791; x_wconf 91' lang='lat' dir='ltr'><strong>quam</strong></span> <span class='ocrx_word' id='word_1_115' title='bbox 1284 1720 1452 1774; x_wconf 90' lang='lat' dir='ltr'><strong>Deum</strong></span> <span class='ocrx_word' id='word_1_116' title='bbox 1481 1716 1704 1789; x_wconf 86' lang='lat' dir='ltr'><strong>suum?)</strong></span> <span class='ocrx_word' id='word_1_117' title='bbox 1732 1724 1978 1772; x_wconf 84' lang='lat' dir='ltr'><strong>asserunt</strong></span> 
     </span>
    </p>
   </div>
   <div class='ocr_carea' id='block_1_18' title="bbox 394 1807 1975 1879">
    <p class='ocr_par' dir='ltr' id='par_1_18' title="bbox 394 1807 1975 1879">
     <span class='ocr_line' id='line_1_18' title="bbox 394 1807 1975 1879; baseline -0.006 -10"><span class='ocrx_word' id='word_1_118' title='bbox 394 1812 678 1869; x_wconf 80' lang='lat' dir='ltr'><strong>infelicem.</strong></span> <span class='ocrx_word' id='word_1_119' title='bbox 720 1813 950 1868; x_wconf 88' lang='lat' dir='ltr'><strong>Proinde</strong></span> <span class='ocrx_word' id='word_1_120' title='bbox 971 1826 1058 1867; x_wconf 90' lang='lat' dir='ltr'><strong>me</strong></span> <span class='ocrx_word' id='word_1_121' title='bbox 1081 1826 1294 1866; x_wconf 82' lang='lat' dir='ltr'><strong>movere</strong></span> <span class='ocrx_word' id='word_1_122' title='bbox 1321 1826 1423 1865; x_wconf 90' lang='lat' dir='ltr'><strong>non</strong></span> <span class='ocrx_word' id='word_1_123' title='bbox 1459 1810 1638 1875; x_wconf 88' lang='lat' dir='ltr'><strong>debet,</strong></span> <span class='ocrx_word' id='word_1_124' title='bbox 1660 1807 1801 1879; x_wconf 88' lang='lat' dir='ltr'><strong>quod</strong></span> <span class='ocrx_word' id='word_1_125' title='bbox 1845 1807 1975 1862; x_wconf 91' lang='lat' dir='ltr'><strong>mihi</strong></span> 
     </span>
    </p>
   </div>
   <div class='ocr_carea' id='block_1_19' title="bbox 393 1898 1973 1975">
    <p class='ocr_par' dir='ltr' id='par_1_19' title="bbox 393 1898 1973 1975">
     <span class='ocr_line' id='line_1_19' title="bbox 393 1898 1973 1975; baseline -0.004 -18"><span class='ocrx_word' id='word_1_126' title='bbox 393 1904 702 1975; x_wconf 88' lang='lat' dir='ltr'><strong>magistrum</strong></span> <span class='ocrx_word' id='word_1_127' title='bbox 736 1902 1108 1968; x_wconf 72' lang='lat' dir='ltr'><strong>Manichmum,</strong></span> <span class='ocrx_word' id='word_1_128' title='bbox 1131 1903 1220 1972; x_wconf 90' lang='lat' dir='ltr'><strong>qui</strong></span> <span class='ocrx_word' id='word_1_129' title='bbox 1254 1901 1435 1957; x_wconf 87' lang='lat' dir='ltr'><strong>ferulis</strong></span> <span class='ocrx_word' id='word_1_130' title='bbox 1474 1902 1525 1955; x_wconf 93' lang='lat' dir='ltr'><strong>in</strong></span> <span class='ocrx_word' id='word_1_131' title='bbox 1555 1915 1735 1955; x_wconf 87' lang='lat' dir='ltr'><strong>meum</strong></span> <span class='ocrx_word' id='word_1_132' title='bbox 1766 1898 1973 1953; x_wconf 89' lang='lat' dir='ltr'><strong>tardum</strong></span> 
     </span>
    </p>
   </div>
   <div class='ocr_carea' id='block_1_20' title="bbox 393 1991 1981 2067">
    <p class='ocr_par' dir='ltr' id='par_1_20' title="bbox 393 1991 1981 2067">
     <span class='ocr_line' id='line_1_20' title="bbox 393 1991 1981 2067; baseline -0.004 -16"><span class='ocrx_word' id='word_1_133' title='bbox 393 1997 664 2067; x_wconf 88' lang='lat' dir='ltr'><strong>ingenium</strong></span> <span class='ocrx_word' id='word_1_134' title='bbox 685 1995 1091 2059; x_wconf 81' lang='lat' dir='ltr'><strong>animadvertat,</strong></span> <span class='ocrx_word' id='word_1_135' title='bbox 1118 1993 1343 2064; x_wconf 89' lang='lat' dir='ltr'><strong>opponis</strong></span> <span class='ocrx_word' id='word_1_136' title='bbox 1374 2011 1388 2047; x_wconf 89' lang='lat'><strong>:</strong></span> <span class='ocrx_word' id='word_1_137' title='bbox 1420 1992 1511 2047; x_wconf 90' lang='lat' dir='ltr'><strong>sed</strong></span> <span class='ocrx_word' id='word_1_138' title='bbox 1541 2000 1592 2046; x_wconf 89' lang='lat' dir='ltr'><strong>te</strong></span> <span class='ocrx_word' id='word_1_139' title='bbox 1610 1991 1836 2047; x_wconf 89' lang='lat' dir='ltr'><strong>obsecro</strong></span> <span class='ocrx_word' id='word_1_140' title='bbox 1863 2003 1981 2045; x_wconf 91' lang='lat' dir='ltr'><strong>mo-</strong></span> 
     </span>
    </p>
   </div>
   <div class='ocr_carea' id='block_1_21' title="bbox 393 2083 1978 2158">
    <p class='ocr_par' dir='ltr' id='par_1_21' title="bbox 393 2083 1978 2158">
     <span class='ocr_line' id='line_1_21' title="bbox 393 2083 1978 2158; baseline -0.003 -16"><span class='ocrx_word' id='word_1_141' title='bbox 393 2096 535 2155; x_wconf 82' lang='lat' dir='ltr'><strong>veat,</strong></span> <span class='ocrx_word' id='word_1_142' title='bbox 562 2086 702 2158; x_wconf 89' lang='lat' dir='ltr'><strong>quod</strong></span> <span class='ocrx_word' id='word_1_143' title='bbox 726 2086 1020 2143; x_wconf 88' lang='lat' dir='ltr'><strong>secundum</strong></span> <span class='ocrx_word' id='word_1_144' title='bbox 1046 2085 1246 2141; x_wconf 88' lang='lat' dir='ltr'><strong>erroris</strong></span> <span class='ocrx_word' id='word_1_145' title='bbox 1265 2085 1428 2140; x_wconf 84' lang='lat' dir='ltr'><strong>vestri</strong></span> <span class='ocrx_word' id='word_1_146' title='bbox 1454 2084 1725 2139; x_wconf 91' lang='lat' dir='ltr'><strong>infandum</strong></span> <span class='ocrx_word' id='word_1_147' title='bbox 1748 2083 1978 2138; x_wconf 86' lang='lat' dir='ltr'><strong>horrcn-</strong></span> 
     </span>
    </p>
   </div>
   <div class='ocr_carea' id='block_1_22' title="bbox 390 2172 1977 2248">
    <p class='ocr_par' dir='ltr' id='par_1_22' title="bbox 390 2172 1977 2248">
     <span class='ocr_line' id='line_1_22' title="bbox 390 2172 1977 2248; baseline -0.003 -16"><span class='ocrx_word' id='word_1_148' title='bbox 390 2177 624 2248; x_wconf 88' lang='lat' dir='ltr'><strong>dumquc</strong></span> <span class='ocrx_word' id='word_1_149' title='bbox 644 2184 969 2247; x_wconf 84' lang='lat' dir='ltr'><strong>portentum,</strong></span> <span class='ocrx_word' id='word_1_150' title='bbox 994 2175 1252 2231; x_wconf 89' lang='lat' dir='ltr'><strong>erudieris</strong></span> <span class='ocrx_word' id='word_1_151' title='bbox 1273 2173 1479 2240; x_wconf 86' lang='lat' dir='ltr'><strong>ferulis,</strong></span> <span class='ocrx_word' id='word_1_152' title='bbox 1506 2172 1713 2229; x_wconf 90' lang='lat' dir='ltr'><strong>etiamsi</strong></span> <span class='ocrx_word' id='word_1_153' title='bbox 1741 2173 1793 2228; x_wconf 92' lang='lat' dir='ltr'><strong>in</strong></span> <span class='ocrx_word' id='word_1_154' title='bbox 1823 2187 1977 2243; x_wconf 89' lang='lat' dir='ltr'><strong>para-</strong></span> 
     </span>
    </p>
   </div>
   <div class='ocr_carea' id='block_1_23' title="bbox 391 2264 1975 2338">
    <p class='ocr_par' dir='ltr' id='par_1_23' title="bbox 391 2264 1975 2338">
     <span class='ocr_line' id='line_1_23' title="bbox 391 2264 1975 2338; baseline -0.003 -16"><span class='ocrx_word' id='word_1_155' title='bbox 391 2268 493 2322; x_wconf 90' lang='lat' dir='ltr'><strong>disi</strong></span> <span class='ocrx_word' id='word_1_156' title='bbox 522 2268 730 2338; x_wconf 89' lang='lat' dir='ltr'><strong>populis</strong></span> <span class='ocrx_word' id='word_1_157' title='bbox 759 2266 1077 2323; x_wconf 89' lang='lat' dir='ltr'><strong>nascereris.</strong></span> <span class='ocrx_word' id='word_1_158' title='bbox 1109 2265 1277 2334; x_wconf 86' lang='lat' dir='ltr'><strong>Quam</strong></span> <span class='ocrx_word' id='word_1_159' title='bbox 1304 2264 1750 2320; x_wconf 84' lang='lat' dir='ltr'><strong>deformissimam</strong></span> <span class='ocrx_word' id='word_1_160' title='bbox 1789 2264 1975 2319; x_wconf 90' lang='lat' dir='ltr'><strong>absur-</strong></span> 
     </span>
    </p>
   </div>
   <div class='ocr_carea' id='block_1_24' title="bbox 390 2353 1979 2423">
    <p class='ocr_par' dir='ltr' id='par_1_24' title="bbox 390 2353 1979 2423">
     <span class='ocr_line' id='line_1_24' title="bbox 390 2353 1979 2423; baseline 0 -14"><span class='ocrx_word' id='word_1_161' title='bbox 390 2357 610 2413; x_wconf 88' lang='lat' dir='ltr'><strong>ditatem</strong></span> <span class='ocrx_word' id='word_1_162' title='bbox 631 2399 646 2423; x_wconf 97' lang='lat'><strong>,</strong></span> <span class='ocrx_word' id='word_1_163' title='bbox 677 2357 722 2413; x_wconf 87' lang='lat' dir='ltr'><strong>si</strong></span> <span class='ocrx_word' id='word_1_164' title='bbox 766 2357 1042 2412; x_wconf 91' lang='lat' dir='ltr'><strong>nobiscum</strong></span> <span class='ocrx_word' id='word_1_165' title='bbox 1088 2356 1428 2419; x_wconf 84' lang='lat' dir='ltr'><strong>horrescitis,</strong></span> <span class='ocrx_word' id='word_1_166' title='bbox 1456 2361 1515 2408; x_wconf 90' lang='lat' dir='ltr'><strong>ut</strong></span> <span class='ocrx_word' id='word_1_167' title='bbox 1550 2354 1790 2420; x_wconf 85' lang='lat' dir='ltr'><strong>debetis;</strong></span> <span class='ocrx_word' id='word_1_168' title='bbox 1837 2353 1979 2409; x_wconf 85' lang='lat' dir='ltr'><strong>unde</strong></span> 
     </span>
    </p>
   </div>
   <div class='ocr_carea' id='block_1_25' title="bbox 392 2444 1977 2517">
    <p class='ocr_par' dir='ltr' id='par_1_25' title="bbox 392 2444 1977 2517">
     <span class='ocr_line' id='line_1_25' title="bbox 392 2444 1977 2517; baseline -0.002 -16"><span class='ocrx_word' id='word_1_169' title='bbox 392 2455 497 2512; x_wconf 89' lang='lat' dir='ltr'><strong>est,</strong></span> <span class='ocrx_word' id='word_1_170' title='bbox 525 2461 655 2517; x_wconf 88' lang='lat' dir='ltr'><strong>rogo</strong></span> <span class='ocrx_word' id='word_1_171' title='bbox 680 2460 795 2513; x_wconf 77' lang='lat' dir='ltr'><strong>vos,</strong></span> <span class='ocrx_word' id='word_1_172' title='bbox 821 2448 981 2501; x_wconf 89' lang='lat' dir='ltr'><strong>etiam</strong></span> <span class='ocrx_word' id='word_1_173' title='bbox 1008 2445 1108 2501; x_wconf 91' lang='lat' dir='ltr'><strong>ista</strong></span> <span class='ocrx_word' id='word_1_174' title='bbox 1136 2460 1424 2515; x_wconf 90' lang='lat' dir='ltr'><strong>puerorum</strong></span> <span class='ocrx_word' id='word_1_175' title='bbox 1448 2444 1664 2499; x_wconf 86' lang='lat' dir='ltr'><strong>miseria</strong></span> <span class='ocrx_word' id='word_1_176' title='bbox 1693 2444 1835 2515; x_wconf 63' lang='lat' dir='ltr'><strong>(quae</strong></span> <span class='ocrx_word' id='word_1_177' title='bbox 1858 2459 1977 2515; x_wconf 54' lang='lat' dir='ltr'><strong>pro.</strong></span> 
     </span>
    </p>
   </div>
   <div class='ocr_carea' id='block_1_26' title="bbox 391 2533 1977 2606">
    <p class='ocr_par' dir='ltr' id='par_1_26' title="bbox 391 2533 1977 2606">
     <span class='ocr_line' id='line_1_26' title="bbox 391 2533 1977 2606; baseline -0.002 -15"><span class='ocrx_word' id='word_1_178' title='bbox 391 2537 479 2591; x_wconf 87' lang='lat' dir='ltr'><strong>cui</strong></span> <span class='ocrx_word' id='word_1_179' title='bbox 502 2536 666 2591; x_wconf 91' lang='lat' dir='ltr'><strong>dubio</strong></span> <span class='ocrx_word' id='word_1_180' title='bbox 687 2551 795 2591; x_wconf 88' lang='lat' dir='ltr'><strong>non</strong></span> <span class='ocrx_word' id='word_1_181' title='bbox 816 2544 899 2592; x_wconf 90' lang='lat' dir='ltr'><strong>est</strong></span> <span class='ocrx_word' id='word_1_182' title='bbox 922 2551 990 2592; x_wconf 79' lang='lat' dir='ltr'><strong>ex</strong></span> <span class='ocrx_word' id='word_1_183' title='bbox 1015 2544 1206 2590; x_wconf 90' lang='lat' dir='ltr'><strong>natura</strong></span> <span class='ocrx_word' id='word_1_184' title='bbox 1230 2536 1374 2602; x_wconf 90' lang='lat' dir='ltr'><strong>mali,</strong></span> <span class='ocrx_word' id='word_1_185' title='bbox 1400 2549 1558 2606; x_wconf 89' lang='lat' dir='ltr'><strong>quam</strong></span> <span class='ocrx_word' id='word_1_186' title='bbox 1578 2534 1848 2603; x_wconf 90' lang='lat' dir='ltr'><strong>desipiunt</strong></span> <span class='ocrx_word' id='word_1_187' title='bbox 1869 2533 1977 2588; x_wconf 79' lang='lat' dir='ltr'><strong>Ma-</strong></span> 
     </span>
    </p>
   </div>
   <div class='ocr_carea' id='block_1_27' title="bbox 392 2625 1980 2700">
    <p class='ocr_par' dir='ltr' id='par_1_27' title="bbox 392 2625 1980 2700">
     <span class='ocr_line' id='line_1_27' title="bbox 392 2625 1980 2700; baseline -0.002 -16"><span class='ocrx_word' id='word_1_188' title='bbox 392 2627 633 2699; x_wconf 72' lang='lat' dir='ltr'><strong>nichmi),</strong></span> <span class='ocrx_word' id='word_1_189' title='bbox 666 2628 766 2683; x_wconf 90' lang='lat' dir='ltr'><strong>nisi</strong></span> <span class='ocrx_word' id='word_1_190' title='bbox 794 2628 918 2700; x_wconf 85' lang='lat' dir='ltr'><strong>quia</strong></span> <span class='ocrx_word' id='word_1_191' title='bbox 941 2628 1032 2682; x_wconf 91' lang='lat' dir='ltr'><strong>illo</strong></span> <span class='ocrx_word' id='word_1_192' title='bbox 1059 2635 1278 2698; x_wconf 87' lang='lat' dir='ltr'><strong>peccato</strong></span> <span class='ocrx_word' id='word_1_193' title='bbox 1299 2640 1495 2697; x_wconf 89' lang='lat' dir='ltr'><strong>magno</strong></span> <span class='ocrx_word' id='word_1_194' title='bbox 1523 2633 1579 2681; x_wconf 90' lang='lat' dir='ltr'><strong>et</strong></span> <span class='ocrx_word' id='word_1_195' title='bbox 1602 2625 1757 2681; x_wconf 89' lang='lat' dir='ltr'><strong>nobis</strong></span> <span class='ocrx_word' id='word_1_196' title='bbox 1781 2626 1980 2681; x_wconf 70' lang='lat' dir='ltr'><strong>intesti-</strong></span> 
     </span>
    </p>
   </div>
   <div class='ocr_carea' id='block_1_28' title="bbox 395 2715 1978 2787">
    <p class='ocr_par' dir='ltr' id='par_1_28' title="bbox 395 2715 1978 2787">
     <span class='ocr_line' id='line_1_28' title="bbox 395 2715 1978 2787; baseline -0.002 -13"><span class='ocrx_word' id='word_1_197' title='bbox 395 2719 577 2775; x_wconf 90' lang='lat' dir='ltr'><strong>mabili</strong></span> <span class='ocrx_word' id='word_1_198' title='bbox 603 2719 681 2775; x_wconf 87' lang='lat' dir='ltr'><strong>sic</strong></span> <span class='ocrx_word' id='word_1_199' title='bbox 699 2719 882 2774; x_wconf 83' lang='lat' dir='ltr'><strong>vitiata</strong></span> <span class='ocrx_word' id='word_1_200' title='bbox 915 2728 997 2774; x_wconf 88' lang='lat' dir='ltr'><strong>est</strong></span> <span class='ocrx_word' id='word_1_201' title='bbox 1028 2719 1257 2773; x_wconf 89' lang='lat' dir='ltr'><strong>humana</strong></span> <span class='ocrx_word' id='word_1_202' title='bbox 1284 2725 1493 2781; x_wconf 89' lang='lat' dir='ltr'><strong>natura,</strong></span> <span class='ocrx_word' id='word_1_203' title='bbox 1518 2723 1574 2772; x_wconf 90' lang='lat' dir='ltr'><strong>et</strong></span> <span class='ocrx_word' id='word_1_204' title='bbox 1603 2716 1772 2787; x_wconf 67' lang='lat' dir='ltr'><strong>poenis</strong></span> <span class='ocrx_word' id='word_1_205' title='bbox 1788 2715 1978 2785; x_wconf 87' lang='lat' dir='ltr'><strong>justis-</strong></span> 
     </span>
    </p>
   </div>
   <div class='ocr_carea' id='block_1_29' title="bbox 391 2805 1978 2881">
    <p class='ocr_par' dir='ltr' id='par_1_29' title="bbox 391 2805 1978 2881">
     <span class='ocr_line' id='line_1_29' title="bbox 391 2805 1978 2881; baseline -0.004 -15"><span class='ocrx_word' id='word_1_206' title='bbox 391 2810 545 2867; x_wconf 88' lang='lat' dir='ltr'><strong>simis</strong></span> <span class='ocrx_word' id='word_1_207' title='bbox 580 2810 869 2881; x_wconf 87' lang='lat' dir='ltr'><strong>implicata,</strong></span> <span class='ocrx_word' id='word_1_208' title='bbox 897 2816 957 2865; x_wconf 90' lang='lat' dir='ltr'><strong>ut</strong></span> <span class='ocrx_word' id='word_1_209' title='bbox 990 2824 1059 2865; x_wconf 78' lang='lat' dir='ltr'><strong>ex</strong></span> <span class='ocrx_word' id='word_1_210' title='bbox 1097 2823 1159 2864; x_wconf 90' lang='lat' dir='ltr'><strong>ea</strong></span> <span class='ocrx_word' id='word_1_211' title='bbox 1199 2822 1306 2863; x_wconf 91' lang='lat' dir='ltr'><strong>non</strong></span> <span class='ocrx_word' id='word_1_212' title='bbox 1350 2807 1522 2863; x_wconf 89' lang='lat' dir='ltr'><strong>solum</strong></span> <span class='ocrx_word' id='word_1_213' title='bbox 1562 2805 1978 2876; x_wconf 87' lang='lat' dir='ltr'><strong>corruptibilitas</strong></span> 
     </span>
    </p>
   </div>
   <div class='ocr_carea' id='block_1_30' title="bbox 391 2896 1976 2972">
    <p class='ocr_par' dir='ltr' id='par_1_30' title="bbox 391 2896 1976 2972">
     <span class='ocr_line' id='line_1_30' title="bbox 391 2896 1976 2972; baseline -0.003 -16"><span class='ocrx_word' id='word_1_214' title='bbox 391 2915 675 2972; x_wconf 88' lang='lat' dir='ltr'><strong>corporum</strong></span> <span class='ocrx_word' id='word_1_215' title='bbox 697 2910 773 2955; x_wconf 96' lang='lat' dir='ltr'><strong>tot</strong></span> <span class='ocrx_word' id='word_1_216' title='bbox 787 2898 1101 2956; x_wconf 71' lang='lat' dir='ltr'><strong>rerumnosis</strong></span> <span class='ocrx_word' id='word_1_217' title='bbox 1124 2899 1336 2955; x_wconf 89' lang='lat' dir='ltr'><strong>casibus</strong></span> <span class='ocrx_word' id='word_1_218' title='bbox 1364 2896 1591 2965; x_wconf 88' lang='lat' dir='ltr'><strong>subdita,</strong></span> <span class='ocrx_word' id='word_1_219' title='bbox 1609 2913 1796 2952; x_wconf 84' lang='lat' dir='ltr'><strong>verum</strong></span> <span class='ocrx_word' id='word_1_220' title='bbox 1817 2897 1976 2952; x_wconf 86' lang='lat' dir='ltr'><strong>etiam</strong></span> 
     </span>
    </p>
   </div>
   <div class='ocr_carea' id='block_1_31' title="bbox 393 2986 1977 3062">
    <p class='ocr_par' dir='ltr' id='par_1_31' title="bbox 393 2986 1977 3062">
     <span class='ocr_line' id='line_1_31' title="bbox 393 2986 1977 3062; baseline -0.004 -15"><span class='ocrx_word' id='word_1_221' title='bbox 393 2991 615 3047; x_wconf 83' lang='lat' dir='ltr'><strong>tarditas</strong></span> <span class='ocrx_word' id='word_1_222' title='bbox 651 2991 985 3062; x_wconf 76' lang='lat' dir='ltr'><strong>ingeniorum</strong></span> <span class='ocrx_word' id='word_1_223' title='bbox 1022 2989 1252 3045; x_wconf 82' lang='lat' dir='ltr'><strong>obnoxia</strong></span> <span class='ocrx_word' id='word_1_224' title='bbox 1282 2987 1464 3044; x_wconf 87' lang='lat' dir='ltr'><strong>ferulis</strong></span> <span class='ocrx_word' id='word_1_225' title='bbox 1486 2987 1713 3058; x_wconf 87' lang='lat' dir='ltr'><strong>aliisque</strong></span> <span class='ocrx_word' id='word_1_226' title='bbox 1734 2986 1977 3043; x_wconf 87' lang='lat' dir='ltr'><strong>verberi-</strong></span> 
     </span>
    </p>
   </div>
   <div class='ocr_carea' id='block_1_32' title="bbox 391 3079 1979 3153">
    <p class='ocr_par' dir='ltr' id='par_1_32' title="bbox 391 3079 1979 3153">
     <span class='ocr_line' id='line_1_32' title="bbox 391 3079 1979 3153; baseline -0.003 -15"><span class='ocrx_word' id='word_1_227' title='bbox 391 3082 492 3138; x_wconf 91' lang='lat' dir='ltr'><strong>bus</strong></span> <span class='ocrx_word' id='word_1_228' title='bbox 518 3082 776 3149; x_wconf 86' lang='lat' dir='ltr'><strong>oriretur;</strong></span> <span class='ocrx_word' id='word_1_229' title='bbox 817 3089 979 3153; x_wconf 88' lang='lat' dir='ltr'><strong>atque</strong></span> <span class='ocrx_word' id='word_1_230' title='bbox 1022 3081 1090 3136; x_wconf 90' lang='lat' dir='ltr'><strong>ita</strong></span> <span class='ocrx_word' id='word_1_231' title='bbox 1131 3079 1235 3136; x_wconf 92' lang='lat' dir='ltr'><strong>hoc</strong></span> <span class='ocrx_word' id='word_1_232' title='bbox 1271 3079 1558 3151; x_wconf 88' lang='lat' dir='ltr'><strong>malignum</strong></span> <span class='ocrx_word' id='word_1_233' title='bbox 1595 3080 1847 3135; x_wconf 67' lang='lat' dir='ltr'><strong>saeculum</strong></span> <span class='ocrx_word' id='word_1_234' title='bbox 1884 3095 1979 3150; x_wconf 89' lang='lat' dir='ltr'><strong>per</strong></span> 
     </span>
    </p>
   </div>
   <div class='ocr_carea' id='block_1_33' title="bbox 390 3169 1981 3242">
    <p class='ocr_par' dir='ltr' id='par_1_33' title="bbox 390 3169 1981 3242">
     <span class='ocr_line' id='line_1_33' title="bbox 390 3169 1981 3242; baseline -0.001 -15"><span class='ocrx_word' id='word_1_235' title='bbox 390 3171 564 3227; x_wconf 87' lang='lat' dir='ltr'><strong>malos</strong></span> <span class='ocrx_word' id='word_1_236' title='bbox 607 3171 724 3228; x_wconf 87' lang='lat' dir='ltr'><strong>dies</strong></span> <span class='ocrx_word' id='word_1_237' title='bbox 773 3186 943 3242; x_wconf 91' lang='lat' dir='ltr'><strong>usque</strong></span> <span class='ocrx_word' id='word_1_238' title='bbox 985 3169 1053 3225; x_wconf 91' lang='lat' dir='ltr'><strong>ad</strong></span> <span class='ocrx_word' id='word_1_239' title='bbox 1104 3171 1388 3226; x_wconf 87' lang='lat' dir='ltr'><strong>terminum</strong></span> <span class='ocrx_word' id='word_1_240' title='bbox 1433 3185 1588 3226; x_wconf 86' lang='lat' dir='ltr'><strong>suam</strong></span> <span class='ocrx_word' id='word_1_241' title='bbox 1633 3179 1891 3238; x_wconf 89' lang='lat' dir='ltr'><strong>curreret,</strong></span> <span class='ocrx_word' id='word_1_242' title='bbox 1920 3178 1981 3226; x_wconf 87' lang='lat' dir='ltr'><strong>ut</strong></span> 
     </span>
    </p>
   </div>
   <div class='ocr_carea' id='block_1_34' title="bbox 389 3262 1973 3334">
    <p class='ocr_par' dir='ltr' id='par_1_34' title="bbox 389 3262 1973 3334">
     <span class='ocr_line' id='line_1_34' title="bbox 389 3262 1973 3334; baseline 0.001 -18"><span class='ocrx_word' id='word_1_243' title='bbox 389 3262 551 3317; x_wconf 91' lang='lat' dir='ltr'><strong>etiam</strong></span> <span class='ocrx_word' id='word_1_244' title='bbox 579 3262 747 3319; x_wconf 85' lang='lat' dir='ltr'><strong>sancti</strong></span> <span class='ocrx_word' id='word_1_245' title='bbox 772 3262 840 3317; x_wconf 88' lang='lat' dir='ltr'><strong>ab</strong></span> <span class='ocrx_word' id='word_1_246' title='bbox 867 3271 1072 3318; x_wconf 77' lang='lat' dir='ltr'><strong>:eterno</strong></span> <span class='ocrx_word' id='word_1_247' title='bbox 1104 3262 1366 3332; x_wconf 89' lang='lat' dir='ltr'><strong>supplicio</strong></span> <span class='ocrx_word' id='word_1_248' title='bbox 1389 3263 1526 3318; x_wconf 89' lang='lat' dir='ltr'><strong>eruti</strong></span> <span class='ocrx_word' id='word_1_249' title='bbox 1546 3264 1564 3295; x_wconf 85' lang='grc'>¹</span> <span class='ocrx_word' id='word_1_250' title='bbox 1610 3277 1706 3334; x_wconf 91' lang='lat' dir='ltr'><strong>per</strong></span> <span class='ocrx_word' id='word_1_251' title='bbox 1737 3262 1973 3318; x_wconf 89' lang='lat' dir='ltr'><strong>divinam</strong></span> 
     </span>
    </p>
   </div>
   <div class='ocr_carea' id='block_1_35' title="bbox 391 3351 1972 3424">
    <p class='ocr_par' dir='ltr' id='par_1_35' title="bbox 391 3351 1972 3424">
     <span class='ocr_line' id='line_1_35' title="bbox 391 3351 1972 3424; baseline -0.003 -17"><span class='ocrx_word' id='word_1_252' title='bbox 391 3351 794 3424; x_wconf 74' lang='lat' dir='ltr'><strong>indulgentiam,</strong></span> <span class='ocrx_word' id='word_1_253' title='bbox 819 3352 1043 3424; x_wconf 88' lang='lat' dir='ltr'><strong>pignore</strong></span> <span class='ocrx_word' id='word_1_254' title='bbox 1068 3352 1489 3423; x_wconf 91' lang='lat' dir='ltr'><strong>incorruptibilis</strong></span> <span class='ocrx_word' id='word_1_255' title='bbox 1514 3352 1701 3408; x_wconf 87' lang='lat' dir='ltr'><strong>salutis</strong></span> <span class='ocrx_word' id='word_1_256' title='bbox 1729 3363 1972 3423; x_wconf 82' lang='lat' dir='ltr'><strong>accepto,</strong></span> 
     </span>
    </p>
   </div>
   <div class='ocr_carea' id='block_1_36' title="bbox 390 3442 1978 3513">
    <p class='ocr_par' dir='ltr' id='par_1_36' title="bbox 390 3442 1978 3513">
     <span class='ocr_line' id='line_1_36' title="bbox 390 3442 1978 3513; baseline 0.002 -16"><span class='ocrx_word' id='word_1_257' title='bbox 390 3458 579 3513; x_wconf 67' lang='lat' dir='ltr'><strong>prunas</strong></span> <span class='ocrx_word' id='word_1_258' title='bbox 616 3452 793 3500; x_wconf 88' lang='lat' dir='ltr'><strong>tamen</strong></span> <span class='ocrx_word' id='word_1_259' title='bbox 822 3444 947 3499; x_wconf 68' lang='lat' dir='ltr'><strong>vita:</strong></span> <span class='ocrx_word' id='word_1_260' title='bbox 980 3443 1139 3513; x_wconf 90' lang='lat' dir='ltr'><strong>hujus</strong></span> <span class='ocrx_word' id='word_1_261' title='bbox 1165 3443 1216 3498; x_wconf 92' lang='lat' dir='ltr'><strong>in</strong></span> <span class='ocrx_word' id='word_1_262' title='bbox 1244 3442 1387 3498; x_wconf 90' lang='lat' dir='ltr'><strong>bono</strong></span> <span class='ocrx_word' id='word_1_263' title='bbox 1410 3457 1515 3498; x_wconf 89' lang='lat' dir='ltr'><strong>usu</strong></span> <span class='ocrx_word' id='word_1_264' title='bbox 1538 3458 1727 3499; x_wconf 89' lang='lat' dir='ltr'><strong>earum</strong></span> <span class='ocrx_word' id='word_1_265' title='bbox 1748 3445 1978 3500; x_wconf 90' lang='lat' dir='ltr'><strong>tolerare</strong></span> 
     </span>
    </p>
   </div>
   <div class='ocr_carea' id='block_1_37' title="bbox 388 3532 1974 3605">
    <p class='ocr_par' dir='ltr' id='par_1_37' title="bbox 388 3532 1974 3605">
     <span class='ocr_line' id='line_1_37' title="bbox 388 3532 1974 3605; baseline 0.001 -19"><span class='ocrx_word' id='word_1_266' title='bbox 388 3533 739 3603; x_wconf 76' lang='lat' dir='ltr'><strong>iuberentur,</strong></span> <span class='ocrx_word' id='word_1_267' title='bbox 784 3547 906 3588; x_wconf 90' lang='lat' dir='ltr'><strong>cum</strong></span> <span class='ocrx_word' id='word_1_268' title='bbox 952 3532 1202 3589; x_wconf 89' lang='lat' dir='ltr'><strong>mercede</strong></span> <span class='ocrx_word' id='word_1_269' title='bbox 1249 3532 1549 3603; x_wconf 68' lang='lat' dir='ltr'><strong>patientiae,</strong></span> <span class='ocrx_word' id='word_1_270' title='bbox 1597 3533 1774 3603; x_wconf 85' lang='lat' dir='ltr'><strong>potius</strong></span> <span class='ocrx_word' id='word_1_271' title='bbox 1814 3550 1974 3605; x_wconf 91' lang='lat' dir='ltr'><strong>quam</strong></span> 
     </span>
    </p>
   </div>
   <div class='ocr_carea' id='block_1_38' title="bbox 391 3623 1973 3695">
    <p class='ocr_par' dir='ltr' id='par_1_38' title="bbox 391 3623 1973 3695">
     <span class='ocr_line' id='line_1_38' title="bbox 391 3623 1973 3695; baseline 0.001 -18"><span class='ocrx_word' id='word_1_272' title='bbox 391 3623 495 3677; x_wconf 87' lang='lat' dir='ltr'><strong>illis</strong></span> <span class='ocrx_word' id='word_1_273' title='bbox 532 3632 868 3679; x_wconf 85' lang='lat' dir='ltr'><strong>mererentur</strong></span> <span class='ocrx_word' id='word_1_274' title='bbox 899 3623 1061 3679; x_wconf 88' lang='lat' dir='ltr'><strong>etiam</strong></span> <span class='ocrx_word' id='word_1_275' title='bbox 1093 3632 1215 3694; x_wconf 90' lang='lat' dir='ltr'><strong>post</strong></span> <span class='ocrx_word' id='word_1_276' title='bbox 1242 3623 1610 3680; x_wconf 87' lang='lat' dir='ltr'><strong>remissionem</strong></span> <span class='ocrx_word' id='word_1_277' title='bbox 1634 3633 1973 3695; x_wconf 89' lang='lat' dir='ltr'><strong>peccatorum</strong></span> 
     </span>
    </p>
   </div>
   <div class='ocr_carea' id='block_1_39' title="bbox 388 3718 614 3772">
    <p class='ocr_par' dir='ltr' id='par_1_39' title="bbox 388 3718 614 3772">
     <span class='ocr_line' id='line_1_39' title="bbox 388 3718 614 3772; baseline -0.018 -1"><span class='ocrx_word' id='word_1_278' title='bbox 388 3730 576 3772; x_wconf 89' lang='lat' dir='ltr'><strong>carere</strong></span> <span class='ocrx_word' id='word_1_279' title='bbox 588 3718 614 3767; x_wconf 72' lang='grc' dir='ltr'><strong>ν</strong></span> 
     </span>
    </p>
   </div>
   <div class='ocr_carea' id='block_1_40' title="bbox 457 3807 1971 3882">
    <p class='ocr_par' dir='ltr' id='par_1_40' title="bbox 457 3807 1971 3882">
     <span class='ocr_line' id='line_1_40' title="bbox 457 3807 1971 3882; baseline 0.001 -19"><span class='ocrx_word' id='word_1_280' title='bbox 457 3807 611 3865; x_wconf 82' lang='lat' dir='ltr'><strong>CLV.</strong></span> <span class='ocrx_word' id='word_1_281' title='bbox 636 3807 757 3865; x_wconf 68' lang='lat' dir='ltr'><strong>Jun.</strong></span> <span class='ocrx_word' id='word_1_282' title='bbox 785 3809 856 3865; x_wconf 83' lang='lat' dir='ltr'><strong>At</strong></span> <span class='ocrx_word' id='word_1_283' title='bbox 875 3816 930 3866; x_wconf 89' lang='lat' dir='ltr'><strong>tu</strong></span> <span class='ocrx_word' id='word_1_284' title='bbox 951 3817 1136 3866; x_wconf 89' lang='lat' dir='ltr'><strong>contra</strong></span> <span class='ocrx_word' id='word_1_285' title='bbox 1156 3808 1260 3866; x_wconf 92' lang='lat' dir='ltr'><strong>hoc</strong></span> <span class='ocrx_word' id='word_1_286' title='bbox 1283 3809 1525 3866; x_wconf 91' lang='lat' dir='ltr'><strong>ultimum</strong></span> <span class='ocrx_word' id='word_1_287' title='bbox 1543 3818 1685 3867; x_wconf 90' lang='lat' dir='ltr'><strong>totus</strong></span> <span class='ocrx_word' id='word_1_288' title='bbox 1710 3810 1971 3882; x_wconf 87' lang='lat' dir='ltr'><strong>insurgis;</strong></span> 
     </span>
    </p>
   </div>
   <div class='ocr_carea' id='block_1_41' title="bbox 387 3899 1975 3969">
    <p class='ocr_par' dir='ltr' id='par_1_41' title="bbox 387 3899 1975 3969">
     <span class='ocr_line' id='line_1_41' title="bbox 387 3899 1975 3969; baseline 0.001 -13"><span class='ocrx_word' id='word_1_289' title='bbox 387 3907 593 3956; x_wconf 89' lang='lat' dir='ltr'><strong>etcum</strong></span> <span class='ocrx_word' id='word_1_290' title='bbox 636 3900 689 3956; x_wconf 86' lang='lat' dir='ltr'><strong>in</strong></span> <span class='ocrx_word' id='word_1_291' title='bbox 721 3915 880 3957; x_wconf 91' lang='lat' dir='ltr'><strong>unam</strong></span> <span class='ocrx_word' id='word_1_292' title='bbox 920 3915 1111 3957; x_wconf 84' lang='lat' dir='ltr'><strong>navem</strong></span> <span class='ocrx_word' id='word_1_293' title='bbox 1153 3916 1277 3958; x_wconf 91' lang='lat' dir='ltr'><strong>cum</strong></span> <span class='ocrx_word' id='word_1_294' title='bbox 1322 3899 1615 3956; x_wconf 72' lang='lat' dir='ltr'><strong>Manicbmo</strong></span> <span class='ocrx_word' id='word_1_295' title='bbox 1645 3900 1975 3969; x_wconf 88' lang='lat' dir='ltr'><strong>ascenderis,</strong></span> 
     </span>
    </p>
   </div>
   <div class='ocr_carea' id='block_1_42' title="bbox 386 3992 1969 4068">
    <p class='ocr_par' dir='ltr' id='par_1_42' title="bbox 386 3992 1969 4068">
     <span class='ocr_line' id='line_1_42' title="bbox 386 3992 1969 4068; baseline 0 -20"><span class='ocrx_word' id='word_1_296' title='bbox 386 4008 618 4065; x_wconf 91' lang='lat' dir='ltr'><strong>cumque</strong></span> <span class='ocrx_word' id='word_1_297' title='bbox 678 3992 818 4050; x_wconf 90' lang='lat' dir='ltr'><strong>idem</strong></span> <span class='ocrx_word' id='word_1_298' title='bbox 866 3994 1088 4068; x_wconf 82' lang='lat' dir='ltr'><strong>spiritus</strong></span> <span class='ocrx_word' id='word_1_299' title='bbox 1138 4008 1353 4050; x_wconf 89' lang='lat' dir='ltr'><strong>cursum</strong></span> <span class='ocrx_word' id='word_1_300' title='bbox 1405 4002 1639 4050; x_wconf 80' lang='lat' dir='ltr'><strong>vestrum</strong></span> <span class='ocrx_word' id='word_1_301' title='bbox 1691 3993 1969 4061; x_wconf 77' lang='lat' dir='ltr'><strong>direxerit,</strong></span> 
     </span>
    </p>
   </div>
   <div class='ocr_carea' id='block_1_43' title="bbox 386 4086 1975 4158">
    <p class='ocr_par' dir='ltr' id='par_1_43' title="bbox 386 4086 1975 4158">
     <span class='ocr_line' id='line_1_43' title="bbox 386 4086 1975 4158; baseline 0.001 -17"><span class='ocrx_word' id='word_1_302' title='bbox 386 4087 703 4142; x_wconf 89' lang='lat' dir='ltr'><strong>transmisso</strong></span> <span class='ocrx_word' id='word_1_303' title='bbox 747 4087 859 4158; x_wconf 90' lang='lat' dir='ltr'><strong>jam</strong></span> <span class='ocrx_word' id='word_1_304' title='bbox 913 4086 1075 4154; x_wconf 81' lang='lat' dir='ltr'><strong>freto,</strong></span> <span class='ocrx_word' id='word_1_305' title='bbox 1123 4087 1319 4158; x_wconf 84' lang='lat' dir='ltr'><strong>putasti</strong></span> <span class='ocrx_word' id='word_1_306' title='bbox 1367 4087 1461 4144; x_wconf 90' lang='lat' dir='ltr'><strong>tibi</strong></span> <span class='ocrx_word' id='word_1_307' title='bbox 1506 4096 1683 4144; x_wconf 87' lang='lat' dir='ltr'><strong>tamen</strong></span> <span class='ocrx_word' id='word_1_308' title='bbox 1726 4086 1779 4143; x_wconf 88' lang='lat' dir='ltr'><strong>in</strong></span> <span class='ocrx_word' id='word_1_309' title='bbox 1829 4087 1975 4143; x_wconf 89' lang='lat' dir='ltr'><strong>littus</strong></span> 
     </span>
    </p>
   </div>
   <div class='ocr_carea' id='block_1_44' title="bbox 385 4175 1974 4250">
    <p class='ocr_par' dir='ltr' id='par_1_44' title="bbox 385 4175 1974 4250">
     <span class='ocr_line' id='line_1_44' title="bbox 385 4175 1974 4250; baseline 0.001 -19"><span class='ocrx_word' id='word_1_310' title='bbox 385 4175 530 4231; x_wconf 88' lang='lat' dir='ltr'><strong>aliud</strong></span> <span class='ocrx_word' id='word_1_311' title='bbox 558 4176 887 4233; x_wconf 83' lang='lat' dir='ltr'><strong>exeundum.</strong></span> <span class='ocrx_word' id='word_1_312' title='bbox 912 4176 1109 4232; x_wconf 82' lang='lat' dir='ltr'><strong>Verum</strong></span> <span class='ocrx_word' id='word_1_313' title='bbox 1136 4176 1274 4233; x_wconf 89' lang='lat' dir='ltr'><strong>forte</strong></span> <span class='ocrx_word' id='word_1_314' title='bbox 1295 4177 1495 4234; x_wconf 84' lang='lat' dir='ltr'><strong>dilectu</strong></span> <span class='ocrx_word' id='word_1_315' title='bbox 1524 4179 1768 4235; x_wconf 86' lang='lat' dir='ltr'><strong>utilitatis</strong></span> <span class='ocrx_word' id='word_1_316' title='bbox 1792 4177 1974 4250; x_wconf 81' lang='lat' dir='ltr'><strong>proxi-</strong></span> 
     </span>
    </p>
   </div>
   <div class='ocr_carea' id='block_1_45' title="bbox 386 4266 1971 4342">
    <p class='ocr_par' dir='ltr' id='par_1_45' title="bbox 386 4266 1971 4342">
     <span class='ocr_line' id='line_1_45' title="bbox 386 4266 1971 4342; baseline 0.001 -18"><span class='ocrx_word' id='word_1_317' title='bbox 386 4284 491 4325; x_wconf 77' lang='lat' dir='ltr'><strong>ma:</strong></span> <span class='ocrx_word' id='word_1_318' title='bbox 531 4268 856 4325; x_wconf 89' lang='lat' dir='ltr'><strong>tolerabilior</strong></span> <span class='ocrx_word' id='word_1_319' title='bbox 895 4266 989 4323; x_wconf 79' lang='lat' dir='ltr'><strong>fiat</strong></span> <span class='ocrx_word' id='word_1_320' title='bbox 1033 4267 1158 4324; x_wconf 91' lang='lat' dir='ltr'><strong>licet</strong></span> <span class='ocrx_word' id='word_1_321' title='bbox 1195 4269 1345 4324; x_wconf 90' lang='lat' dir='ltr'><strong>tarda</strong></span> <span class='ocrx_word' id='word_1_322' title='bbox 1386 4273 1673 4328; x_wconf 89' lang='lat' dir='ltr'><strong>cunctatio.</strong></span> <span class='ocrx_word' id='word_1_323' title='bbox 1715 4271 1771 4326; x_wconf 92' lang='lat' dir='ltr'><strong>In</strong></span> <span class='ocrx_word' id='word_1_324' title='bbox 1814 4285 1971 4342; x_wconf 88' lang='lat' dir='ltr'><strong>quem</strong></span> 
     </span>
    </p>
   </div>
   <div class='ocr_carea' id='block_1_46' title="bbox 388 4357 1970 4431">
    <p class='ocr_par' dir='ltr' id='par_1_46' title="bbox 388 4357 1970 4431">
     <span class='ocr_line' id='line_1_46' title="bbox 388 4357 1970 4431; baseline 0.001 -18"><span class='ocrx_word' id='word_1_325' title='bbox 388 4361 547 4431; x_wconf 83' lang='lat' dir='ltr'><strong>igitur</strong></span> <span class='ocrx_word' id='word_1_326' title='bbox 596 4369 806 4431; x_wconf 91' lang='lat' dir='ltr'><strong>portum</strong></span> <span class='ocrx_word' id='word_1_327' title='bbox 852 4357 1117 4429; x_wconf 80' lang='lat' dir='ltr'><strong>navigium</strong></span> <span class='ocrx_word' id='word_1_328' title='bbox 1165 4357 1386 4431; x_wconf 76' lang='lat' dir='ltr'><strong>dirigis?</strong></span> <span class='ocrx_word' id='word_1_329' title='bbox 1440 4378 1460 4413; x_wconf 80' lang='grc' dir='ltr'><strong>ι</strong></span> <span class='ocrx_word' id='word_1_330' title='bbox 1497 4359 1658 4427; x_wconf 87' lang='lat' dir='ltr'><strong>Dico,</strong></span> <span class='ocrx_word' id='word_1_331' title='bbox 1694 4379 1714 4413; x_wconf 70' lang='grc' dir='ltr'><strong>ι</strong></span> <span class='ocrx_word' id='word_1_332' title='bbox 1772 4360 1970 4430; x_wconf 88' lang='lat' dir='ltr'><strong>inquis,</strong></span> 
     </span>
    </p>
   </div>
   <div class='ocr_carea' id='block_1_47' title="bbox 390 4438 1972 4523">
    <p class='ocr_par' dir='ltr' id='par_1_47' title="bbox 390 4438 1972 4523">
     <span class='ocr_line' id='line_1_47' title="bbox 390 4438 1972 4523; baseline -0.001 -18"><span class='ocrx_word' id='word_1_333' title='bbox 390 4469 412 4504; x_wconf 72' lang='grc' dir='ltr'><strong>ι</strong></span> <span class='ocrx_word' id='word_1_334' title='bbox 451 4452 646 4506; x_wconf 87' lang='lat' dir='ltr'><strong>bonum</strong></span> <span class='ocrx_word' id='word_1_335' title='bbox 675 4450 889 4523; x_wconf 89' lang='lat' dir='ltr'><strong>quidem</strong></span> <span class='ocrx_word' id='word_1_336' title='bbox 925 4450 1094 4506; x_wconf 89' lang='lat' dir='ltr'><strong>Deum</strong></span> <span class='ocrx_word' id='word_1_337' title='bbox 1114 4438 1272 4518; x_wconf 87' lang='lat' dir='ltr'><strong>esse,</strong></span> <span class='ocrx_word' id='word_1_338' title='bbox 1303 4450 1550 4506; x_wconf 90' lang='lat' dir='ltr'><strong>eumdem</strong></span> <span class='ocrx_word' id='word_1_339' title='bbox 1583 4460 1758 4506; x_wconf 89' lang='lat' dir='ltr'><strong>tamen</strong></span> <span class='ocrx_word' id='word_1_340' title='bbox 1785 4450 1972 4505; x_wconf 89' lang='lat' dir='ltr'><strong>condi-</strong></span> 
     </span>
    </p>
   </div>
   <div class='ocr_carea' id='block_1_48' title="bbox 388 4539 1972 4611">
    <p class='ocr_par' dir='ltr' id='par_1_48' title="bbox 388 4539 1972 4611">
     <span class='ocr_line' id='line_1_48' title="bbox 388 4539 1972 4611; baseline 0.001 -17"><span class='ocrx_word' id='word_1_341' title='bbox 388 4551 561 4596; x_wconf 88' lang='lat' dir='ltr'><strong>torem</strong></span> <span class='ocrx_word' id='word_1_342' title='bbox 613 4540 896 4596; x_wconf 91' lang='lat' dir='ltr'><strong>malorum.</strong></span> <span class='ocrx_word' id='word_1_343' title='bbox 949 4558 970 4593; x_wconf 76' lang='grc' dir='ltr'><strong>ι</strong></span> <span class='ocrx_word' id='word_1_344' title='bbox 1024 4539 1069 4595; x_wconf 94' lang='grc' dir='ltr'><strong>Ο</strong></span> <span class='ocrx_word' id='word_1_345' title='bbox 1127 4539 1346 4611; x_wconf 90' lang='lat' dir='ltr'><strong>periculi</strong></span> <span class='ocrx_word' id='word_1_346' title='bbox 1394 4540 1570 4611; x_wconf 89' lang='lat' dir='ltr'><strong>fugam</strong></span> <span class='ocrx_word' id='word_1_347' title='bbox 1617 4539 1670 4595; x_wconf 91' lang='lat' dir='ltr'><strong>in</strong></span> <span class='ocrx_word' id='word_1_348' title='bbox 1720 4540 1972 4610; x_wconf 79' lang='lat' dir='ltr'><strong>scapulas</strong></span> 
     </span>
    </p>
   </div>
   <div class='ocr_carea' id='block_1_49' title="bbox 386 4631 1971 4704">
    <p class='ocr_par' dir='ltr' id='par_1_49' title="bbox 386 4631 1971 4704">
     <span class='ocr_line' id='line_1_49' title="bbox 386 4631 1971 4704; baseline 0.001 -18"><span class='ocrx_word' id='word_1_349' title='bbox 386 4640 591 4699; x_wconf 89' lang='lat' dir='ltr'><strong>actam,</strong></span> <span class='ocrx_word' id='word_1_350' title='bbox 623 4639 787 4686; x_wconf 90' lang='lat' dir='ltr'><strong>totam</strong></span> <span class='ocrx_word' id='word_1_351' title='bbox 827 4631 1102 4687; x_wconf 74' lang='lat' dir='ltr'><strong>Manichnei</strong></span> <span class='ocrx_word' id='word_1_352' title='bbox 1132 4633 1394 4688; x_wconf 89' lang='lat' dir='ltr'><strong>sentinam</strong></span> <span class='ocrx_word' id='word_1_353' title='bbox 1435 4648 1597 4704; x_wconf 85' lang='lat' dir='ltr'><strong>super</strong></span> <span class='ocrx_word' id='word_1_354' title='bbox 1632 4647 1755 4689; x_wconf 91' lang='lat' dir='ltr'><strong>eum</strong></span> <span class='ocrx_word' id='word_1_355' title='bbox 1795 4632 1971 4689; x_wconf 81' lang='lat' dir='ltr'><strong>eﬂ&#39;un-</strong></span> 
     </span>
    </p>
   </div>
   <div class='ocr_carea' id='block_1_50' title="bbox 384 4720 1441 4792">
    <p class='ocr_par' dir='ltr' id='par_1_50' title="bbox 384 4720 1441 4792">
     <span class='ocr_line' id='line_1_50' title="bbox 384 4720 1441 4792; baseline 0.001 -14"><span class='ocrx_word' id='word_1_356' title='bbox 384 4722 516 4778; x_wconf 85' lang='lat' dir='ltr'><strong>dere</strong></span> <span class='ocrx_word' id='word_1_357' title='bbox 540 4720 788 4787; x_wconf 87' lang='lat' dir='ltr'><strong>voluisse,</strong></span> <span class='ocrx_word' id='word_1_358' title='bbox 817 4736 976 4791; x_wconf 91' lang='lat' dir='ltr'><strong>qttem</strong></span> <span class='ocrx_word' id='word_1_359' title='bbox 1004 4721 1169 4776; x_wconf 90' lang='lat' dir='ltr'><strong>Deum</strong></span> <span class='ocrx_word' id='word_1_360' title='bbox 1200 4722 1441 4792; x_wconf 81' lang='lat' dir='ltr'><strong>putaris!</strong></span> 
     </span>
    </p>
   </div>
   <div class='ocr_carea' id='block_1_51' title="bbox 456 4809 1971 4882">
    <p class='ocr_par' dir='ltr' id='par_1_51' title="bbox 456 4809 1971 4882">
     <span class='ocr_line' id='line_1_51' title="bbox 456 4809 1971 4882; baseline 0.001 -14"><span class='ocrx_word' id='word_1_361' title='bbox 456 4812 595 4868; x_wconf 80' lang='lat' dir='ltr'><strong>Aue.</strong></span> <span class='ocrx_word' id='word_1_362' title='bbox 632 4809 896 4882; x_wconf 86' lang='lat' dir='ltr'><strong>Numquid</strong></span> <span class='ocrx_word' id='word_1_363' title='bbox 925 4820 978 4865; x_wconf 90' lang='lat' dir='ltr'><strong>tu</strong></span> <span class='ocrx_word' id='word_1_364' title='bbox 1008 4826 1191 4882; x_wconf 80' lang='lat' dir='ltr'><strong>negas,</strong></span> <span class='ocrx_word' id='word_1_365' title='bbox 1222 4812 1381 4866; x_wconf 89' lang='lat' dir='ltr'><strong>etiam</strong></span> <span class='ocrx_word' id='word_1_366' title='bbox 1414 4813 1465 4867; x_wconf 91' lang='lat' dir='ltr'><strong>in</strong></span> <span class='ocrx_word' id='word_1_367' title='bbox 1489 4813 1643 4869; x_wconf 86' lang='lat' dir='ltr'><strong>malis</strong></span> <span class='ocrx_word' id='word_1_368' title='bbox 1665 4812 1971 4869; x_wconf 86' lang='lat' dir='ltr'><strong>hominibus</strong></span> 
     </span>
    </p>
   </div>
   <div class='ocr_carea' id='block_1_52' title="bbox 387 4903 1969 4975">
    <p class='ocr_par' dir='ltr' id='par_1_52' title="bbox 387 4903 1969 4975">
     <span class='ocr_line' id='line_1_52' title="bbox 387 4903 1969 4975; baseline 0.001 -16"><span class='ocrx_word' id='word_1_369' title='bbox 387 4904 581 4960; x_wconf 81' lang='lat' dir='ltr'><strong>bonam</strong></span> <span class='ocrx_word' id='word_1_370' title='bbox 605 4918 726 4960; x_wconf 87' lang='lat' dir='ltr'><strong>esse</strong></span> <span class='ocrx_word' id='word_1_371' title='bbox 751 4913 991 4959; x_wconf 89' lang='lat' dir='ltr'><strong>naturam</strong></span> <span class='ocrx_word' id='word_1_372' title='bbox 1022 4912 1076 4959; x_wconf 88' lang='lat' dir='ltr'><strong>et</strong></span> <span class='ocrx_word' id='word_1_373' title='bbox 1096 4903 1256 4957; x_wconf 90' lang='lat' dir='ltr'><strong>animi</strong></span> <span class='ocrx_word' id='word_1_374' title='bbox 1278 4913 1331 4958; x_wconf 88' lang='lat' dir='ltr'><strong>et</strong></span> <span class='ocrx_word' id='word_1_375' title='bbox 1352 4904 1628 4974; x_wconf 78' lang='lat' dir='ltr'><strong>corporis?</strong></span> <span class='ocrx_word' id='word_1_376' title='bbox 1655 4904 1821 4975; x_wconf 90' lang='lat' dir='ltr'><strong>Ilujus</strong></span> <span class='ocrx_word' id='word_1_377' title='bbox 1845 4905 1969 4961; x_wconf 91' lang='lat' dir='ltr'><strong>boui</strong></span> 
     </span>
    </p>
   </div>
   <div class='ocr_carea' id='block_1_53' title="bbox 386 4994 1972 5068">
    <p class='ocr_par' dir='ltr' id='par_1_53' title="bbox 386 4994 1972 5068">
     <span class='ocr_line' id='line_1_53' title="bbox 386 4994 1972 5068; baseline 0.002 -16"><span class='ocrx_word' id='word_1_378' title='bbox 386 5005 469 5052; x_wconf 90' lang='lat' dir='ltr'><strong>est</strong></span> <span class='ocrx_word' id='word_1_379' title='bbox 492 4996 735 5052; x_wconf 91' lang='lat' dir='ltr'><strong>conditor</strong></span> <span class='ocrx_word' id='word_1_380' title='bbox 770 4995 945 5064; x_wconf 89' lang='lat' dir='ltr'><strong>Deus;</strong></span> <span class='ocrx_word' id='word_1_381' title='bbox 985 4995 1127 5068; x_wconf 90' lang='lat' dir='ltr'><strong>quod</strong></span> <span class='ocrx_word' id='word_1_382' title='bbox 1160 4994 1485 5051; x_wconf 68' lang='lat' dir='ltr'><strong>Manicbmus</strong></span> <span class='ocrx_word' id='word_1_383' title='bbox 1510 4997 1708 5052; x_wconf 85' lang='lat' dir='ltr'><strong>malum</strong></span> <span class='ocrx_word' id='word_1_384' title='bbox 1739 4997 1888 5063; x_wconf 91' lang='lat' dir='ltr'><strong>dicit,</strong></span> <span class='ocrx_word' id='word_1_385' title='bbox 1916 5007 1972 5055; x_wconf 90' lang='lat' dir='ltr'><strong>et</strong></span> 
     </span>
    </p>
   </div>
   <div class='ocr_carea' id='block_1_54' title="bbox 387 5086 1969 5159">
    <p class='ocr_par' dir='ltr' id='par_1_54' title="bbox 387 5086 1969 5159">
     <span class='ocr_line' id='line_1_54' title="bbox 387 5086 1969 5159; baseline 0.002 -18"><span class='ocrx_word' id='word_1_386' title='bbox 387 5087 512 5142; x_wconf 88' lang='lat' dir='ltr'><strong>huic</strong></span> <span class='ocrx_word' id='word_1_387' title='bbox 535 5086 678 5141; x_wconf 93' lang='lat' dir='ltr'><strong>bono</strong></span> <span class='ocrx_word' id='word_1_388' title='bbox 705 5087 844 5158; x_wconf 92' lang='lat' dir='ltr'><strong>quod</strong></span> <span class='ocrx_word' id='word_1_389' title='bbox 876 5087 1072 5143; x_wconf 90' lang='lat' dir='ltr'><strong>malum</strong></span> <span class='ocrx_word' id='word_1_390' title='bbox 1103 5087 1252 5155; x_wconf 91' lang='lat' dir='ltr'><strong>dicit,</strong></span> <span class='ocrx_word' id='word_1_391' title='bbox 1289 5087 1485 5143; x_wconf 91' lang='lat' dir='ltr'><strong>malum</strong></span> <span class='ocrx_word' id='word_1_392' title='bbox 1519 5088 1755 5159; x_wconf 81' lang='lat' dir='ltr'><strong>assignat</strong></span> <span class='ocrx_word' id='word_1_393' title='bbox 1782 5098 1969 5144; x_wconf 83' lang='lat' dir='ltr'><strong>aucto-</strong></span> 
     </span>
    </p>
   </div>
   <div class='ocr_carea' id='block_1_55' title="bbox 386 5178 1970 5252">
    <p class='ocr_par' dir='ltr' id='par_1_55' title="bbox 386 5178 1970 5252">
     <span class='ocr_line' id='line_1_55' title="bbox 386 5178 1970 5252; baseline 0 -16"><span class='ocrx_word' id='word_1_394' title='bbox 386 5196 522 5236; x_wconf 90' lang='lat' dir='ltr'><strong>rcm.</strong></span> <span class='ocrx_word' id='word_1_395' title='bbox 560 5178 677 5235; x_wconf 89' lang='lat' dir='ltr'><strong>Non</strong></span> <span class='ocrx_word' id='word_1_396' title='bbox 728 5179 870 5234; x_wconf 88' lang='lat' dir='ltr'><strong>enim</strong></span> <span class='ocrx_word' id='word_1_397' title='bbox 919 5181 941 5213; x_wconf 76' lang='lat'><strong>’</strong></span> <span class='ocrx_word' id='word_1_398' title='bbox 983 5180 1173 5236; x_wconf 83' lang='lat' dir='ltr'><strong>saltem</strong></span> <span class='ocrx_word' id='word_1_399' title='bbox 1217 5180 1409 5237; x_wconf 66' lang='lat' dir='ltr'><strong>animat</strong></span> <span class='ocrx_word' id='word_1_400' title='bbox 1450 5181 1664 5252; x_wconf 85' lang='lat' dir='ltr'><strong>parcit:</strong></span> <span class='ocrx_word' id='word_1_401' title='bbox 1695 5180 1791 5237; x_wconf 90' lang='lat' dir='ltr'><strong>sed</strong></span> <span class='ocrx_word' id='word_1_402' title='bbox 1831 5181 1970 5237; x_wconf 88' lang='lat' dir='ltr'><strong>sicut</strong></span> 
     </span>
    </p>
   </div>
   <div class='ocr_carea' id='block_1_56' title="bbox 384 5268 1966 5342">
    <p class='ocr_par' dir='ltr' id='par_1_56' title="bbox 384 5268 1966 5342">
     <span class='ocr_line' id='line_1_56' title="bbox 384 5268 1966 5342; baseline 0.003 -18"><span class='ocrx_word' id='word_1_403' title='bbox 384 5286 535 5325; x_wconf 87' lang='lat' dir='ltr'><strong>suam</strong></span> <span class='ocrx_word' id='word_1_404' title='bbox 560 5268 844 5342; x_wconf 83' lang='lat' dir='ltr'><strong>quamdam</strong></span> <span class='ocrx_word' id='word_1_405' title='bbox 881 5269 1015 5325; x_wconf 87' lang='lat' dir='ltr'><strong>dicit</strong></span> <span class='ocrx_word' id='word_1_406' title='bbox 1045 5286 1164 5327; x_wconf 88' lang='lat' dir='ltr'><strong>esse</strong></span> <span class='ocrx_word' id='word_1_407' title='bbox 1190 5272 1420 5327; x_wconf 84' lang='lat' dir='ltr'><strong>animam</strong></span> <span class='ocrx_word' id='word_1_408' title='bbox 1446 5272 1644 5340; x_wconf 88' lang='lat' dir='ltr'><strong>carnis,</strong></span> <span class='ocrx_word' id='word_1_409' title='bbox 1671 5271 1742 5328; x_wconf 88' lang='lat' dir='ltr'><strong>ita</strong></span> <span class='ocrx_word' id='word_1_410' title='bbox 1772 5273 1966 5328; x_wconf 89' lang='lat' dir='ltr'><strong>malam</strong></span> 
     </span>
    </p>
   </div>
   <div class='ocr_carea' id='block_1_57' title="bbox 387 5359 1969 5431">
    <p class='ocr_par' dir='ltr' id='par_1_57' title="bbox 387 5359 1969 5431">
     <span class='ocr_line' id='line_1_57' title="bbox 387 5359 1969 5431; baseline 0.003 -14"><span class='ocrx_word' id='word_1_411' title='bbox 387 5372 625 5417; x_wconf 88' lang='lat' dir='ltr'><strong>naturam</strong></span> <span class='ocrx_word' id='word_1_412' title='bbox 653 5361 765 5416; x_wconf 87' lang='lat' dir='ltr'><strong>Deo</strong></span> <span class='ocrx_word' id='word_1_413' title='bbox 794 5359 937 5416; x_wconf 89' lang='lat' dir='ltr'><strong>bono</strong></span> <span class='ocrx_word' id='word_1_414' title='bbox 963 5370 1319 5431; x_wconf 78' lang='lat' dir='ltr'><strong>coaeternam&#39;,</strong></span> <span class='ocrx_word' id='word_1_415' title='bbox 1348 5370 1403 5419; x_wconf 88' lang='lat' dir='ltr'><strong>ut</strong></span> <span class='ocrx_word' id='word_1_416' title='bbox 1437 5363 1576 5419; x_wconf 89' lang='lat' dir='ltr'><strong>bona</strong></span> <span class='ocrx_word' id='word_1_417' title='bbox 1603 5364 1822 5419; x_wconf 89' lang='lat' dir='ltr'><strong>omnino</strong></span> <span class='ocrx_word' id='word_1_418' title='bbox 1848 5379 1969 5421; x_wconf 88' lang='lat' dir='ltr'><strong>esse</strong></span> 
     </span>
    </p>
   </div>
   <div class='ocr_carea' id='block_1_58' title="bbox 386 5453 1966 5526">
    <p class='ocr_par' dir='ltr' id='par_1_58' title="bbox 386 5453 1966 5526">
     <span class='ocr_line' id='line_1_58' title="bbox 386 5453 1966 5526; baseline 0.003 -16"><span class='ocrx_word' id='word_1_419' title='bbox 386 5471 493 5510; x_wconf 86' lang='lat' dir='ltr'><strong>non</strong></span> <span class='ocrx_word' id='word_1_420' title='bbox 524 5455 724 5526; x_wconf 88' lang='lat' dir='ltr'><strong>possit;</strong></span> <span class='ocrx_word' id='word_1_421' title='bbox 770 5453 995 5510; x_wconf 89' lang='lat' dir='ltr'><strong>alteram</strong></span> <span class='ocrx_word' id='word_1_422' title='bbox 1038 5469 1166 5510; x_wconf 85' lang='lat' dir='ltr'><strong>vero</strong></span> <span class='ocrx_word' id='word_1_423' title='bbox 1202 5457 1432 5512; x_wconf 86' lang='lat' dir='ltr'><strong>animam</strong></span> <span class='ocrx_word' id='word_1_424' title='bbox 1472 5457 1669 5513; x_wconf 88' lang='lat' dir='ltr'><strong>bonam</strong></span> <span class='ocrx_word' id='word_1_425' title='bbox 1697 5456 1748 5511; x_wconf 91' lang='lat' dir='ltr'><strong>in</strong></span> <span class='ocrx_word' id='word_1_426' title='bbox 1777 5457 1966 5514; x_wconf 89' lang='lat' dir='ltr'><strong>eodem</strong></span> 
     </span>
    </p>
   </div>
   <div class='ocr_carea' id='block_1_59' title="bbox 449 5607 1970 5678">
    <p class='ocr_par' dir='ltr' id='par_1_59' title="bbox 449 5607 1970 5678">
     <span class='ocr_line' id='line_1_59' title="bbox 449 5607 1970 5678; baseline 0.006 -20"><span class='ocrx_word' id='word_1_427' title='bbox 449 5610 465 5642; x_wconf 75' lang='grc' dir='ltr'><strong>ι</strong></span> <span class='ocrx_word' id='word_1_428' title='bbox 499 5611 660 5678; x_wconf 52' lang='grc' dir='ltr'><strong>νειμ,</strong></span> <span class='ocrx_word' id='word_1_429' title='bbox 683 5608 745 5678; x_wconf 65' lang='lat' dir='ltr'><strong>at»</strong></span> <span class='ocrx_word' id='word_1_430' title='bbox 763 5614 945 5660; x_wconf 71' lang='lat' dir='ltr'><strong>mm</strong></span> <span class='ocrx_word' id='word_1_431' title='bbox 964 5607 1202 5673; x_wconf 75' lang='lat' dir='ltr'><strong>supplicio</strong></span> <span class='ocrx_word' id='word_1_432' title='bbox 1224 5622 1309 5674; x_wconf 84' lang='lat' dir='ltr'><strong>per</strong></span> <span class='ocrx_word' id='word_1_433' title='bbox 1327 5610 1571 5678; x_wconf 64' lang='lat' dir='ltr'><strong>tintinant;</strong></span> <span class='ocrx_word' id='word_1_434' title='bbox 1592 5613 1786 5676; x_wconf 84' lang='lat' dir='ltr'><strong>omisso,</strong></span> <span class='ocrx_word' id='word_1_435' title='bbox 1811 5612 1937 5667; x_wconf 76' lang='lat' dir='ltr'><strong>eruti</strong></span> <span class='ocrx_word' id='word_1_436' title='bbox 1951 5628 1970 5676; x_wconf 65' lang='lat'><strong>,-</strong></span> 
     </span>
    </p>
   </div>
   <div class='ocr_carea' id='block_1_60' title="bbox 322 5654 1025 5733">
    <p class='ocr_par' dir='ltr' id='par_1_60' title="bbox 322 5654 1025 5733">
     <span class='ocr_line' id='line_1_60' title="bbox 322 5654 1025 5733; baseline 0.004 -15"><span class='ocrx_word' id='word_1_437' title='bbox 322 5654 329 5663; x_wconf 69' lang='lat'><em>&#39;</em></span> <span class='ocrx_word' id='word_1_438' title='bbox 387 5654 522 5733; x_wconf 23' lang='lat' dir='ltr'><strong>quod.</strong></span> <span class='ocrx_word' id='word_1_439' title='bbox 536 5654 1025 5733; x_wconf 49' lang='lat' dir='ltr'><strong>satietatis;</strong></span> 
     </span>
    </p>
   </div>
   <div class='ocr_carea' id='block_1_61' title="bbox 449 5730 1151 5789">
    <p class='ocr_par' dir='ltr' id='par_1_61' title="bbox 449 5730 1151 5789">
     <span class='ocr_line' id='line_1_61' title="bbox 449 5730 1151 5789; baseline 0.001 -9"><span class='ocrx_word' id='word_1_440' title='bbox 449 5733 469 5763; x_wconf 79' lang='grc'><strong><em>²</em></strong></span> <span class='ocrx_word' id='word_1_441' title='bbox 500 5734 572 5781; x_wconf 81' lang='lat' dir='ltr'><strong>stc</strong></span> <span class='ocrx_word' id='word_1_442' title='bbox 592 5739 695 5782; x_wconf 75' lang='lat' dir='ltr'><strong>uss.</strong></span> <span class='ocrx_word' id='word_1_443' title='bbox 722 5739 770 5784; x_wconf 78' lang='grc' dir='ltr'>Αι</span> <span class='ocrx_word' id='word_1_444' title='bbox 797 5732 935 5789; x_wconf 79' lang='lat' dir='ltr'><strong>editi.</strong></span> <span class='ocrx_word' id='word_1_445' title='bbox 958 5730 1151 5786; x_wconf 75' lang='grc' dir='ltr'><strong>ηεηιὶιιι.</strong></span> 
     </span>
    </p>
   </div>
   <div class='ocr_carea' id='block_1_62' title="bbox 1025 322 1973 399">
    <p class='ocr_par' dir='ltr' id='par_1_62' title="bbox 1025 322 1973 399">
     <span class='ocr_line' id='line_1_62' title="bbox 1025 322 1973 399; baseline -0.022 0"><span class='ocrx_word' id='word_1_446' title='bbox 1025 337 1268 399; x_wconf 73' lang='lat' dir='ltr'><strong>OI’LRIS</strong></span> <span class='ocrx_word' id='word_1_447' title='bbox 1306 327 1716 393; x_wconf 80' lang='lat' dir='ltr'><strong>IMPERFECTI</strong></span> <span class='ocrx_word' id='word_1_448' title='bbox 1753 322 1973 385; x_wconf 76' lang='lat' dir='ltr'><strong>CONTR</strong></span> 
     </span>
    </p>
   </div>
   <div class='ocr_carea' id='block_1_63' title="bbox 2093 322 2920 399">
    <p class='ocr_par' dir='ltr' id='par_1_63' title="bbox 2095 323 2920 394">
     <span class='ocr_line' id='line_1_63' title="bbox 2095 323 2920 394; baseline -0.001 -12"><span class='ocrx_word' id='word_1_449' title='bbox 2095 323 2420 394; x_wconf 73' lang='lat' dir='ltr'><strong>ULIANUII,</strong></span> <span class='ocrx_word' id='word_1_450' title='bbox 2460 325 2520 384; x_wconf 87' lang='lat' dir='ltr'><strong>S.</strong></span> <span class='ocrx_word' id='word_1_451' title='bbox 2555 323 2920 384; x_wconf 80' lang='lat' dir='ltr'><strong>AUGUSTINI</strong></span> 
     </span>
    </p>
   </div>
   <div class='ocr_carea' id='block_1_64' title="bbox 3527 327 3677 383">
    <p class='ocr_par' dir='ltr' id='par_1_64' title="bbox 3527 327 3677 383">
     <span class='ocr_line' id='line_1_64' title="bbox 3527 327 3677 383; baseline 0 -1"><span class='ocrx_word' id='word_1_452' title='bbox 3527 327 3677 383; x_wconf 57' lang='grc' dir='ltr'>ιδιξ</span> 
     </span>
    </p>
   </div>
   <div class='ocr_carea' id='block_1_65' title="bbox 2080 434 3665 510">
    <p class='ocr_par' dir='ltr' id='par_1_65' title="bbox 2080 434 3665 510">
     <span class='ocr_line' id='line_1_65' title="bbox 2080 434 3665 510; baseline 0.004 -20"><span class='ocrx_word' id='word_1_453' title='bbox 2080 434 2318 503; x_wconf 81' lang='lat' dir='ltr'><strong>homine,</strong></span> <span class='ocrx_word' id='word_1_454' title='bbox 2346 452 2451 494; x_wconf 92' lang='lat' dir='ltr'><strong>non</strong></span> <span class='ocrx_word' id='word_1_455' title='bbox 2471 453 2502 493; x_wconf 91' lang='lat' dir='ltr'><strong>a</strong></span> <span class='ocrx_word' id='word_1_456' title='bbox 2530 438 2641 495; x_wconf 90' lang='lat' dir='ltr'><strong>Deo</strong></span> <span class='ocrx_word' id='word_1_457' title='bbox 2669 438 2886 506; x_wconf 81' lang='lat' dir='ltr'><strong>factam,</strong></span> <span class='ocrx_word' id='word_1_458' title='bbox 2908 437 3004 494; x_wconf 88' lang='lat' dir='ltr'><strong>sed</strong></span> <span class='ocrx_word' id='word_1_459' title='bbox 3027 436 3373 494; x_wconf 84' lang='lat' dir='ltr'><strong>substantiam</strong></span> <span class='ocrx_word' id='word_1_460' title='bbox 3388 436 3480 492; x_wconf 87' lang='lat' dir='ltr'><strong>Dei</strong></span> <span class='ocrx_word' id='word_1_461' title='bbox 3501 447 3665 510; x_wconf 82' lang='lat' dir='ltr'><strong>atque</strong></span> 
     </span>
    </p>
   </div>
   <div class='ocr_carea' id='block_1_66' title="bbox 2080 530 3661 601">
    <p class='ocr_par' dir='ltr' id='par_1_66' title="bbox 2080 530 3661 601">
     <span class='ocr_line' id='line_1_66' title="bbox 2080 530 3661 601; baseline -0.001 -16"><span class='ocrx_word' id='word_1_462' title='bbox 2080 539 2338 597; x_wconf 89' lang='lat' dir='ltr'><strong>naturam,</strong></span> <span class='ocrx_word' id='word_1_463' title='bbox 2368 531 2419 586; x_wconf 91' lang='lat' dir='ltr'><strong>in</strong></span> <span class='ocrx_word' id='word_1_464' title='bbox 2445 530 2603 601; x_wconf 86' lang='lat' dir='ltr'><strong>hujus</strong></span> <span class='ocrx_word' id='word_1_465' title='bbox 2637 530 3032 586; x_wconf 76' lang='lat' dir='ltr'><strong>commixtionis</strong></span> <span class='ocrx_word' id='word_1_466' title='bbox 3065 530 3329 596; x_wconf 81' lang='lat' dir='ltr'><strong>miserias,</strong></span> <span class='ocrx_word' id='word_1_467' title='bbox 3374 531 3516 586; x_wconf 83' lang='lat' dir='ltr'><strong>nulla</strong></span> <span class='ocrx_word' id='word_1_468' title='bbox 3553 547 3661 598; x_wconf 65' lang='lat' dir='ltr'><strong>,sua</strong></span> 
     </span>
    </p>
   </div>
   <div class='ocr_carea' id='block_1_67' title="bbox 2081 620 3662 692">
    <p class='ocr_par' dir='ltr' id='par_1_67' title="bbox 2081 620 3662 692">
     <span class='ocr_line' id='line_1_67' title="bbox 2081 620 3662 692; baseline 0.004 -16"><span class='ocrx_word' id='word_1_469' title='bbox 2081 620 2376 692; x_wconf 87' lang='lat' dir='ltr'><strong>iniquitate,</strong></span> <span class='ocrx_word' id='word_1_470' title='bbox 2422 622 2516 677; x_wconf 89' lang='lat' dir='ltr'><strong>sed</strong></span> <span class='ocrx_word' id='word_1_471' title='bbox 2546 623 2638 678; x_wconf 89' lang='lat' dir='ltr'><strong>Dei</strong></span> <span class='ocrx_word' id='word_1_472' title='bbox 2669 622 2806 677; x_wconf 87' lang='lat' dir='ltr'><strong>mala</strong></span> <span class='ocrx_word' id='word_1_473' title='bbox 2840 623 3156 679; x_wconf 85' lang='lat' dir='ltr'><strong>necessitate</strong></span> <span class='ocrx_word' id='word_1_474' title='bbox 3193 632 3520 679; x_wconf 90' lang='lat' dir='ltr'><strong>contrusam.</strong></span> <span class='ocrx_word' id='word_1_475' title='bbox 3548 625 3662 683; x_wconf 79' lang='lat' dir='ltr'><strong>Hoc</strong></span> 
     </span>
    </p>
   </div>
   <div class='ocr_carea' id='block_1_68' title="bbox 2080 712 3662 784">
    <p class='ocr_par' dir='ltr' id='par_1_68' title="bbox 2080 712 3662 784">
     <span class='ocr_line' id='line_1_68' title="bbox 2080 712 3662 784; baseline 0.004 -18"><span class='ocrx_word' id='word_1_476' title='bbox 2080 721 2256 767; x_wconf 91' lang='lat' dir='ltr'><strong>autem</strong></span> <span class='ocrx_word' id='word_1_477' title='bbox 2286 722 2454 768; x_wconf 90' lang='lat' dir='ltr'><strong>totum</strong></span> <span class='ocrx_word' id='word_1_478' title='bbox 2481 712 2749 784; x_wconf 79' lang='lat' dir='ltr'><strong>opificium</strong></span> <span class='ocrx_word' id='word_1_479' title='bbox 2775 713 2915 784; x_wconf 89' lang='lat' dir='ltr'><strong>quod</strong></span> <span class='ocrx_word' id='word_1_480' title='bbox 2956 721 3040 769; x_wconf 81' lang='lat' dir='ltr'><strong>est</strong></span> <span class='ocrx_word' id='word_1_481' title='bbox 3070 712 3251 779; x_wconf 88' lang='lat' dir='ltr'><strong>homo,</strong></span> <span class='ocrx_word' id='word_1_482' title='bbox 3295 722 3353 770; x_wconf 86' lang='lat' dir='ltr'><strong>et</strong></span> <span class='ocrx_word' id='word_1_483' title='bbox 3385 716 3580 770; x_wconf 87' lang='lat' dir='ltr'><strong>malum</strong></span> <span class='ocrx_word' id='word_1_484' title='bbox 3605 726 3662 772; x_wconf 90' lang='lat' dir='ltr'><strong>ct</strong></span> 
     </span>
    </p>
   </div>
   <div class='ocr_carea' id='block_1_69' title="bbox 2080 803 3663 877">
    <p class='ocr_par' dir='ltr' id='par_1_69' title="bbox 2080 803 3663 877">
     <span class='ocr_line' id='line_1_69' title="bbox 2080 803 3663 877; baseline 0.003 -17"><span class='ocrx_word' id='word_1_485' title='bbox 2080 807 2203 861; x_wconf 85' lang='lat' dir='ltr'><strong>mali</strong></span> <span class='ocrx_word' id='word_1_486' title='bbox 2235 821 2355 861; x_wconf 87' lang='lat' dir='ltr'><strong>esse</strong></span> <span class='ocrx_word' id='word_1_487' title='bbox 2402 806 2531 862; x_wconf 90' lang='lat' dir='ltr'><strong>dicit</strong></span> <span class='ocrx_word' id='word_1_488' title='bbox 2572 806 2825 861; x_wconf 89' lang='lat' dir='ltr'><strong>auctoris.</strong></span> <span class='ocrx_word' id='word_1_489' title='bbox 2864 803 3097 862; x_wconf 79' lang='lat' dir='ltr'><strong>Videsne</strong></span> <span class='ocrx_word' id='word_1_490' title='bbox 3127 821 3285 877; x_wconf 85' lang='lat' dir='ltr'><strong>quam</strong></span> <span class='ocrx_word' id='word_1_491' title='bbox 3329 807 3537 864; x_wconf 80' lang='lat' dir='ltr'><strong>diversa</strong></span> <span class='ocrx_word' id='word_1_492' title='bbox 3574 809 3663 864; x_wconf 88' lang='lat' dir='ltr'><strong>ille</strong></span> 
     </span>
    </p>
   </div>
   <div class='ocr_carea' id='block_1_70' title="bbox 2080 897 3659 970">
    <p class='ocr_par' dir='ltr' id='par_1_70' title="bbox 2080 897 3659 970">
     <span class='ocr_line' id='line_1_70' title="bbox 2080 897 3659 970; baseline 0.003 -18"><span class='ocrx_word' id='word_1_493' title='bbox 2080 897 2270 967; x_wconf 81' lang='lat' dir='ltr'><strong>sapiat,</strong></span> <span class='ocrx_word' id='word_1_494' title='bbox 2299 909 2354 952; x_wconf 91' lang='lat' dir='ltr'><strong>et</strong></span> <span class='ocrx_word' id='word_1_495' title='bbox 2382 897 2455 952; x_wconf 92' lang='lat' dir='ltr'><strong>ob</strong></span> <span class='ocrx_word' id='word_1_496' title='bbox 2482 897 2583 952; x_wconf 90' lang='lat' dir='ltr'><strong>hoc</strong></span> <span class='ocrx_word' id='word_1_497' title='bbox 2610 897 2945 953; x_wconf 88' lang='lat' dir='ltr'><strong>insanissime</strong></span> <span class='ocrx_word' id='word_1_498' title='bbox 2969 898 3273 968; x_wconf 80' lang='lat' dir='ltr'><strong>nefarieque</strong></span> <span class='ocrx_word' id='word_1_499' title='bbox 3296 901 3558 970; x_wconf 84' lang='lat' dir='ltr'><strong>desipiat?</strong></span> <span class='ocrx_word' id='word_1_500' title='bbox 3581 901 3659 956; x_wconf 88' lang='lat' dir='ltr'><strong>Tu</strong></span> 
     </span>
    </p>
   </div>
   <div class='ocr_carea' id='block_1_71' title="bbox 2080 987 3659 1061">
    <p class='ocr_par' dir='ltr' id='par_1_71' title="bbox 2080 987 3659 1061">
     <span class='ocr_line' id='line_1_71' title="bbox 2080 987 3659 1061; baseline 0.004 -21"><span class='ocrx_word' id='word_1_501' title='bbox 2080 996 2258 1041; x_wconf 90' lang='lat' dir='ltr'><strong>autem</strong></span> <span class='ocrx_word' id='word_1_502' title='bbox 2288 987 2376 1058; x_wconf 92' lang='lat' dir='ltr'><strong>qui</strong></span> <span class='ocrx_word' id='word_1_503' title='bbox 2421 998 2702 1059; x_wconf 88' lang='lat' dir='ltr'><strong>propterea</strong></span> <span class='ocrx_word' id='word_1_504' title='bbox 2741 988 2908 1043; x_wconf 86' lang='lat' dir='ltr'><strong>malos</strong></span> <span class='ocrx_word' id='word_1_505' title='bbox 2955 990 3097 1043; x_wconf 86' lang='lat' dir='ltr'><strong>nasci</strong></span> <span class='ocrx_word' id='word_1_506' title='bbox 3141 1004 3298 1059; x_wconf 85' lang='lat' dir='ltr'><strong>posse</strong></span> <span class='ocrx_word' id='word_1_507' title='bbox 3337 1006 3441 1045; x_wconf 87' lang='lat' dir='ltr'><strong>non</strong></span> <span class='ocrx_word' id='word_1_508' title='bbox 3482 1003 3659 1061; x_wconf 85' lang='lat' dir='ltr'><strong>putas.</strong></span> 
     </span>
    </p>
   </div>
   <div class='ocr_carea' id='block_1_72' title="bbox 2080 1077 3659 1149">
    <p class='ocr_par' dir='ltr' id='par_1_72' title="bbox 2080 1077 3659 1149">
     <span class='ocr_line' id='line_1_72' title="bbox 2080 1077 3659 1149; baseline 0.006 -20"><span class='ocrx_word' id='word_1_509' title='bbox 2080 1077 2200 1146; x_wconf 88' lang='lat' dir='ltr'><strong>quia</strong></span> <span class='ocrx_word' id='word_1_510' title='bbox 2231 1077 2369 1131; x_wconf 88' lang='lat' dir='ltr'><strong>Deus</strong></span> <span class='ocrx_word' id='word_1_511' title='bbox 2406 1077 2578 1132; x_wconf 88' lang='lat' dir='ltr'><strong>bonus</strong></span> <span class='ocrx_word' id='word_1_512' title='bbox 2614 1092 2707 1132; x_wconf 90' lang='lat' dir='ltr'><strong>eos</strong></span> <span class='ocrx_word' id='word_1_513' title='bbox 2731 1088 2877 1133; x_wconf 90' lang='lat' dir='ltr'><strong>creat</strong></span> <span class='ocrx_word' id='word_1_514' title='bbox 2905 1093 2923 1144; x_wconf 89' lang='lat'><strong>;</strong></span> <span class='ocrx_word' id='word_1_515' title='bbox 2952 1078 3234 1146; x_wconf 86' lang='lat' dir='ltr'><strong>contende,</strong></span> <span class='ocrx_word' id='word_1_516' title='bbox 3265 1080 3311 1134; x_wconf 85' lang='lat' dir='ltr'><strong>si</strong></span> <span class='ocrx_word' id='word_1_517' title='bbox 3344 1093 3514 1149; x_wconf 85' lang='lat' dir='ltr'><strong>potes,</strong></span> <span class='ocrx_word' id='word_1_518' title='bbox 3562 1099 3659 1139; x_wconf 84' lang='lat' dir='ltr'><strong>nec</strong></span> 
     </span>
    </p>
   </div>
   <div class='ocr_carea' id='block_1_73' title="bbox 2080 1168 3662 1243">
    <p class='ocr_par' dir='ltr' id='par_1_73' title="bbox 2080 1168 3662 1243">
     <span class='ocr_line' id='line_1_73' title="bbox 2080 1168 3662 1243; baseline 0.005 -23"><span class='ocrx_word' id='word_1_519' title='bbox 2080 1181 2301 1236; x_wconf 90' lang='lat' dir='ltr'><strong>corpora</strong></span> <span class='ocrx_word' id='word_1_520' title='bbox 2324 1168 2467 1223; x_wconf 88' lang='lat' dir='ltr'><strong>nasci</strong></span> <span class='ocrx_word' id='word_1_521' title='bbox 2498 1182 2657 1238; x_wconf 75' lang='lat' dir='ltr'><strong>posse</strong></span> <span class='ocrx_word' id='word_1_522' title='bbox 2679 1168 2865 1223; x_wconf 91' lang='lat' dir='ltr'><strong>vitiosa</strong></span> <span class='ocrx_word' id='word_1_523' title='bbox 2887 1208 2901 1233; x_wconf 91' lang='lat'><strong>,</strong></span> <span class='ocrx_word' id='word_1_524' title='bbox 2933 1169 3053 1239; x_wconf 83' lang='lat' dir='ltr'><strong>quia</strong></span> <span class='ocrx_word' id='word_1_525' title='bbox 3081 1177 3137 1224; x_wconf 93' lang='lat' dir='ltr'><strong>et</strong></span> <span class='ocrx_word' id='word_1_526' title='bbox 3162 1169 3273 1238; x_wconf 88' lang='lat' dir='ltr'><strong>ipsa</strong></span> <span class='ocrx_word' id='word_1_527' title='bbox 3298 1171 3436 1226; x_wconf 90' lang='lat' dir='ltr'><strong>Deus</strong></span> <span class='ocrx_word' id='word_1_528' title='bbox 3463 1174 3662 1243; x_wconf 72' lang='lat' dir='ltr'><strong>integer</strong></span> 
     </span>
    </p>
   </div>
   <div class='ocr_carea' id='block_1_74' title="bbox 2079 1257 3661 1331">
    <p class='ocr_par' dir='ltr' id='par_1_74' title="bbox 2079 1257 3661 1331">
     <span class='ocr_line' id='line_1_74' title="bbox 2079 1257 3661 1331; baseline 0.006 -21"><span class='ocrx_word' id='word_1_529' title='bbox 2079 1264 2226 1312; x_wconf 88' lang='lat' dir='ltr'><strong>creat</strong></span> <span class='ocrx_word' id='word_1_530' title='bbox 2257 1274 2271 1310; x_wconf 89' lang='lat'><strong>:</strong></span> <span class='ocrx_word' id='word_1_531' title='bbox 2301 1257 2563 1313; x_wconf 86' lang='lat' dir='ltr'><strong>contende</strong></span> <span class='ocrx_word' id='word_1_532' title='bbox 2602 1268 2890 1328; x_wconf 89' lang='lat' dir='ltr'><strong>postremo,</strong></span> <span class='ocrx_word' id='word_1_533' title='bbox 2936 1257 3076 1314; x_wconf 89' lang='lat' dir='ltr'><strong>sicut</strong></span> <span class='ocrx_word' id='word_1_534' title='bbox 3118 1260 3306 1325; x_wconf 84' lang='lat' dir='ltr'><strong>malos,</strong></span> <span class='ocrx_word' id='word_1_535' title='bbox 3346 1264 3466 1331; x_wconf 83' lang='lat' dir='ltr'><strong>quia</strong></span> <span class='ocrx_word' id='word_1_536' title='bbox 3492 1264 3661 1320; x_wconf 82' lang='lat' dir='ltr'><strong>bonus</strong></span> 
     </span>
    </p>
   </div>
   <div class='ocr_carea' id='block_1_75' title="bbox 2079 1348 3662 1419">
    <p class='ocr_par' dir='ltr' id='par_1_75' title="bbox 2079 1348 3662 1419">
     <span class='ocr_line' id='line_1_75' title="bbox 2079 1348 3662 1419; baseline 0.008 -18"><span class='ocrx_word' id='word_1_537' title='bbox 2079 1361 2175 1401; x_wconf 89' lang='lat' dir='ltr'><strong>eos</strong></span> <span class='ocrx_word' id='word_1_538' title='bbox 2200 1355 2378 1411; x_wconf 86' lang='lat' dir='ltr'><strong>creat;</strong></span> <span class='ocrx_word' id='word_1_539' title='bbox 2419 1348 2489 1402; x_wconf 90' lang='lat' dir='ltr'><strong>ita</strong></span> <span class='ocrx_word' id='word_1_540' title='bbox 2517 1364 2615 1402; x_wconf 90' lang='lat' dir='ltr'><strong>nec</strong></span> <span class='ocrx_word' id='word_1_541' title='bbox 2644 1348 2825 1403; x_wconf 84' lang='lat' dir='ltr'><strong>tardos</strong></span> <span class='ocrx_word' id='word_1_542' title='bbox 2850 1349 3081 1419; x_wconf 82' lang='lat' dir='ltr'><strong>ingenio,</strong></span> <span class='ocrx_word' id='word_1_543' title='bbox 3109 1366 3207 1405; x_wconf 93' lang='lat' dir='ltr'><strong>nec</strong></span> <span class='ocrx_word' id='word_1_544' title='bbox 3227 1351 3395 1407; x_wconf 88' lang='lat' dir='ltr'><strong>fatuos</strong></span> <span class='ocrx_word' id='word_1_545' title='bbox 3418 1354 3662 1413; x_wconf 68' lang='lat' dir='ltr'><strong>hotnittcs</strong></span> 
     </span>
    </p>
   </div>
   <div class='ocr_carea' id='block_1_76' title="bbox 2082 1439 3661 1509">
    <p class='ocr_par' dir='ltr' id='par_1_76' title="bbox 2082 1439 3661 1509">
     <span class='ocr_line' id='line_1_76' title="bbox 2082 1439 3661 1509; baseline 0.008 -19"><span class='ocrx_word' id='word_1_546' title='bbox 2082 1439 2247 1502; x_wconf 89' lang='lat' dir='ltr'><strong>nasci,</strong></span> <span class='ocrx_word' id='word_1_547' title='bbox 2287 1439 2409 1509; x_wconf 86' lang='lat' dir='ltr'><strong>quia</strong></span> <span class='ocrx_word' id='word_1_548' title='bbox 2438 1440 2651 1509; x_wconf 88' lang='lat' dir='ltr'><strong>sapiens</strong></span> <span class='ocrx_word' id='word_1_549' title='bbox 2676 1456 2775 1496; x_wconf 88' lang='lat' dir='ltr'><strong>eos</strong></span> <span class='ocrx_word' id='word_1_550' title='bbox 2794 1452 2963 1495; x_wconf 87' lang='lat' dir='ltr'><strong>creat.</strong></span> <span class='ocrx_word' id='word_1_551' title='bbox 2996 1441 3187 1497; x_wconf 81' lang='lat' dir='ltr'><strong>Annon</strong></span> <span class='ocrx_word' id='word_1_552' title='bbox 3225 1454 3307 1499; x_wconf 88' lang='lat' dir='ltr'><strong>est</strong></span> <span class='ocrx_word' id='word_1_553' title='bbox 3340 1447 3536 1500; x_wconf 89' lang='lat' dir='ltr'><strong>malum</strong></span> <span class='ocrx_word' id='word_1_554' title='bbox 3579 1448 3661 1501; x_wconf 84' lang='lat' dir='ltr'><strong>fa-</strong></span> 
     </span>
    </p>
   </div>
   <div class='ocr_carea' id='block_1_77' title="bbox 2083 1529 3664 1607">
    <p class='ocr_par' dir='ltr' id='par_1_77' title="bbox 2083 1529 3664 1607">
     <span class='ocr_line' id='line_1_77' title="bbox 2083 1529 3664 1607; baseline 0.008 -24"><span class='ocrx_word' id='word_1_555' title='bbox 2083 1529 2263 1593; x_wconf 83' lang='lat' dir='ltr'><strong>tuitas,</strong></span> <span class='ocrx_word' id='word_1_556' title='bbox 2292 1545 2412 1584; x_wconf 91' lang='lat' dir='ltr'><strong>cum</strong></span> <span class='ocrx_word' id='word_1_557' title='bbox 2440 1531 2711 1601; x_wconf 82' lang='lat' dir='ltr'><strong>Scriptura</strong></span> <span class='ocrx_word' id='word_1_558' title='bbox 2740 1531 2899 1598; x_wconf 90' lang='lat' dir='ltr'><strong>dicat,</strong></span> <span class='ocrx_word' id='word_1_559' title='bbox 2930 1533 3412 1604; x_wconf 82' lang='lat' dir='ltr'><strong>incomparabiliter</strong></span> <span class='ocrx_word' id='word_1_560' title='bbox 3434 1539 3664 1607; x_wconf 80' lang='lat' dir='ltr'><strong>amplius</strong></span> 
     </span>
    </p>
   </div>
   <div class='ocr_carea' id='block_1_78' title="bbox 2083 1620 3665 1703">
    <p class='ocr_par' dir='ltr' id='par_1_78' title="bbox 2083 1620 3665 1703">
     <span class='ocr_line' id='line_1_78' title="bbox 2083 1620 3665 1703; baseline 0.008 -30"><span class='ocrx_word' id='word_1_561' title='bbox 2083 1620 2280 1675; x_wconf 86' lang='lat' dir='ltr'><strong>fatuum</strong></span> <span class='ocrx_word' id='word_1_562' title='bbox 2301 1621 2585 1692; x_wconf 83' lang='lat' dir='ltr'><strong>lugendum</strong></span> <span class='ocrx_word' id='word_1_563' title='bbox 2602 1637 2720 1678; x_wconf 89' lang='lat' dir='ltr'><strong>esse</strong></span> <span class='ocrx_word' id='word_1_564' title='bbox 2736 1638 2892 1693; x_wconf 86' lang='lat' dir='ltr'><strong>quam</strong></span> <span class='ocrx_word' id='word_1_565' title='bbox 2912 1636 3174 1680; x_wconf 89' lang='lat' dir='ltr'><strong>mortuum</strong></span> <span class='ocrx_word' id='word_1_566' title='bbox 3189 1625 3376 1695; x_wconf 79' lang='lat' dir='ltr'><strong>(Eccli.</strong></span> <span class='ocrx_word' id='word_1_567' title='bbox 3393 1644 3528 1693; x_wconf 60' lang='grc' dir='ltr'>χχιι,</span> <span class='ocrx_word' id='word_1_568' title='bbox 3551 1631 3665 1703; x_wconf 71' lang='lat'><strong>10)!</strong></span> 
     </span>
    </p>
   </div>
   <div class='ocr_carea' id='block_1_79' title="bbox 2081 1713 3665 1783">
    <p class='ocr_par' dir='ltr' id='par_1_79' title="bbox 2081 1713 3665 1783">
     <span class='ocr_line' id='line_1_79' title="bbox 2081 1713 3665 1783; baseline 0.003 -14"><span class='ocrx_word' id='word_1_569' title='bbox 2081 1714 2229 1769; x_wconf 91' lang='lat' dir='ltr'><strong>Sicut</strong></span> <span class='ocrx_word' id='word_1_570' title='bbox 2251 1728 2379 1783; x_wconf 88' lang='lat' dir='ltr'><strong>ergo</strong></span> <span class='ocrx_word' id='word_1_571' title='bbox 2398 1713 2670 1769; x_wconf 88' lang='lat' dir='ltr'><strong>nobiscum</strong></span> <span class='ocrx_word' id='word_1_572' title='bbox 2689 1728 2795 1770; x_wconf 90' lang='lat' dir='ltr'><strong>non</strong></span> <span class='ocrx_word' id='word_1_573' title='bbox 2815 1714 2991 1770; x_wconf 87' lang='lat' dir='ltr'><strong>dicitis</strong></span> <span class='ocrx_word' id='word_1_574' title='bbox 3011 1716 3177 1772; x_wconf 90' lang='lat' dir='ltr'><strong>Deum</strong></span> <span class='ocrx_word' id='word_1_575' title='bbox 3205 1716 3460 1774; x_wconf 85' lang='lat' dir='ltr'><strong>fatuitatis</strong></span> <span class='ocrx_word' id='word_1_576' title='bbox 3479 1732 3665 1777; x_wconf 70' lang='lat' dir='ltr'><strong>aucto.</strong></span> 
     </span>
    </p>
   </div>
   <div class='ocr_carea' id='block_1_80' title="bbox 2082 1806 3666 1872">
    <p class='ocr_par' dir='ltr' id='par_1_80' title="bbox 2082 1806 3666 1872">
     <span class='ocr_line' id='line_1_80' title="bbox 2082 1806 3666 1872; baseline 0.004 -12"><span class='ocrx_word' id='word_1_577' title='bbox 2082 1822 2194 1862; x_wconf 91' lang='lat' dir='ltr'><strong>rem</strong></span> <span class='ocrx_word' id='word_1_578' title='bbox 2210 1848 2224 1872; x_wconf 93' lang='lat'><strong>,</strong></span> <span class='ocrx_word' id='word_1_579' title='bbox 2253 1822 2373 1861; x_wconf 92' lang='lat' dir='ltr'><strong>cum</strong></span> <span class='ocrx_word' id='word_1_580' title='bbox 2399 1814 2577 1860; x_wconf 87' lang='lat' dir='ltr'><strong>tamen</strong></span> <span class='ocrx_word' id='word_1_581' title='bbox 2595 1807 2738 1861; x_wconf 86' lang='lat' dir='ltr'><strong>nasci</strong></span> <span class='ocrx_word' id='word_1_582' title='bbox 2761 1806 3007 1863; x_wconf 86' lang='lat' dir='ltr'><strong>homines</strong></span> <span class='ocrx_word' id='word_1_583' title='bbox 3033 1806 3204 1864; x_wconf 83' lang='lat' dir='ltr'><strong>fatuos</strong></span> <span class='ocrx_word' id='word_1_584' title='bbox 3225 1808 3333 1864; x_wconf 88' lang='lat' dir='ltr'><strong>Deo</strong></span> <span class='ocrx_word' id='word_1_585' title='bbox 3347 1823 3565 1867; x_wconf 75' lang='lat' dir='ltr'><strong>creante</strong></span> <span class='ocrx_word' id='word_1_586' title='bbox 3590 1813 3666 1866; x_wconf 84' lang='lat' dir='ltr'><strong>fa-</strong></span> 
     </span>
    </p>
   </div>
   <div class='ocr_carea' id='block_1_81' title="bbox 2084 1896 3662 1971">
    <p class='ocr_par' dir='ltr' id='par_1_81' title="bbox 2084 1896 3662 1971">
     <span class='ocr_line' id='line_1_81' title="bbox 2084 1896 3662 1971; baseline 0.003 -21"><span class='ocrx_word' id='word_1_587' title='bbox 2084 1896 2296 1951; x_wconf 90' lang='lat' dir='ltr'><strong>teamini</strong></span> <span class='ocrx_word' id='word_1_588' title='bbox 2327 1914 2341 1950; x_wconf 91' lang='lat'><strong>:</strong></span> <span class='ocrx_word' id='word_1_589' title='bbox 2366 1897 2444 1952; x_wconf 86' lang='lat' dir='ltr'><strong>sic</strong></span> <span class='ocrx_word' id='word_1_590' title='bbox 2463 1911 2560 1951; x_wconf 84' lang='lat' dir='ltr'><strong>nos</strong></span> <span class='ocrx_word' id='word_1_591' title='bbox 2578 1905 2848 1952; x_wconf 88' lang='lat' dir='ltr'><strong>auctorem</strong></span> <span class='ocrx_word' id='word_1_592' title='bbox 2867 1897 3082 1953; x_wconf 82' lang='lat' dir='ltr'><strong>malitia:</strong></span> <span class='ocrx_word' id='word_1_593' title='bbox 3102 1913 3205 1953; x_wconf 89' lang='lat' dir='ltr'><strong>non</strong></span> <span class='ocrx_word' id='word_1_594' title='bbox 3225 1898 3453 1955; x_wconf 89' lang='lat' dir='ltr'><strong>dicimus</strong></span> <span class='ocrx_word' id='word_1_595' title='bbox 3471 1903 3662 1971; x_wconf 85' lang='lat' dir='ltr'><strong>Deum,</strong></span> 
     </span>
    </p>
   </div>
   <div class='ocr_carea' id='block_1_82' title="bbox 2082 1987 3668 2058">
    <p class='ocr_par' dir='ltr' id='par_1_82' title="bbox 2082 1987 3668 2058">
     <span class='ocr_line' id='line_1_82' title="bbox 2082 1987 3668 2058; baseline 0.006 -18"><span class='ocrx_word' id='word_1_596' title='bbox 2082 1994 2136 2040; x_wconf 88' lang='lat' dir='ltr'><strong>et</strong></span> <span class='ocrx_word' id='word_1_597' title='bbox 2165 1994 2340 2041; x_wconf 87' lang='lat' dir='ltr'><strong>tamen</strong></span> <span class='ocrx_word' id='word_1_598' title='bbox 2362 1987 2633 2057; x_wconf 82' lang='lat' dir='ltr'><strong>originalis</strong></span> <span class='ocrx_word' id='word_1_599' title='bbox 2652 1987 2975 2058; x_wconf 86' lang='lat' dir='ltr'><strong>obligatione</strong></span> <span class='ocrx_word' id='word_1_600' title='bbox 3000 1990 3201 2058; x_wconf 86' lang='lat' dir='ltr'><strong>peccati</strong></span> <span class='ocrx_word' id='word_1_601' title='bbox 3227 1991 3397 2045; x_wconf 88' lang='lat' dir='ltr'><strong>malos</strong></span> <span class='ocrx_word' id='word_1_602' title='bbox 3419 1991 3668 2049; x_wconf 82' lang='lat' dir='ltr'><strong>homines</strong></span> 
     </span>
    </p>
   </div>
   <div class='ocr_carea' id='block_1_83' title="bbox 2081 2077 3669 2149">
    <p class='ocr_par' dir='ltr' id='par_1_83' title="bbox 2081 2077 3669 2149">
     <span class='ocr_line' id='line_1_83' title="bbox 2081 2077 3669 2149; baseline 0.006 -17"><span class='ocrx_word' id='word_1_603' title='bbox 2081 2077 2248 2143; x_wconf 91' lang='lat' dir='ltr'><strong>nasci,</strong></span> <span class='ocrx_word' id='word_1_604' title='bbox 2282 2092 2387 2132; x_wconf 90' lang='lat' dir='ltr'><strong>non</strong></span> <span class='ocrx_word' id='word_1_605' title='bbox 2418 2078 2517 2132; x_wconf 85' lang='lat' dir='ltr'><strong>nisi</strong></span> <span class='ocrx_word' id='word_1_606' title='bbox 2549 2086 2766 2134; x_wconf 88' lang='lat' dir='ltr'><strong>creante</strong></span> <span class='ocrx_word' id='word_1_607' title='bbox 2795 2079 2930 2148; x_wconf 91' lang='lat' dir='ltr'><strong>ipso,</strong></span> <span class='ocrx_word' id='word_1_608' title='bbox 2959 2080 3079 2149; x_wconf 88' lang='lat' dir='ltr'><strong>quia</strong></span> <span class='ocrx_word' id='word_1_609' title='bbox 3112 2095 3217 2136; x_wconf 91' lang='lat' dir='ltr'><strong>non</strong></span> <span class='ocrx_word' id='word_1_610' title='bbox 3247 2092 3392 2138; x_wconf 81' lang='lat' dir='ltr'><strong>creat</strong></span> <span class='ocrx_word' id='word_1_611' title='bbox 3421 2083 3669 2141; x_wconf 86' lang='lat' dir='ltr'><strong>homines</strong></span> 
     </span>
    </p>
   </div>
   <div class='ocr_carea' id='block_1_84' title="bbox 2082 2168 3045 2241">
    <p class='ocr_par' dir='ltr' id='par_1_84' title="bbox 2082 2168 3045 2241">
     <span class='ocr_line' id='line_1_84' title="bbox 2082 2168 3045 2241; baseline 0.002 -18"><span class='ocrx_word' id='word_1_612' title='bbox 2082 2168 2185 2224; x_wconf 86' lang='lat' dir='ltr'><strong>nisi</strong></span> <span class='ocrx_word' id='word_1_613' title='bbox 2207 2169 2340 2237; x_wconf 61' lang='lat' dir='ltr'><strong>ipse,</strong></span> <span class='ocrx_word' id='word_1_614' title='bbox 2368 2176 2511 2224; x_wconf 88' lang='lat' dir='ltr'><strong>recte</strong></span> <span class='ocrx_word' id='word_1_615' title='bbox 2538 2183 2821 2241; x_wconf 91' lang='lat' dir='ltr'><strong>possumus</strong></span> <span class='ocrx_word' id='word_1_616' title='bbox 2848 2170 3045 2228; x_wconf 76' lang='lat' dir='ltr'><strong>dicere.</strong></span> 
     </span>
    </p>
   </div>
   <div class='ocr_carea' id='block_1_85' title="bbox 2151 2260 3670 2336">
    <p class='ocr_par' dir='ltr' id='par_1_85' title="bbox 2151 2260 3670 2336">
     <span class='ocr_line' id='line_1_85' title="bbox 2151 2260 3670 2336; baseline 0.005 -19"><span class='ocrx_word' id='word_1_617' title='bbox 2151 2260 2329 2317; x_wconf 83' lang='lat' dir='ltr'><strong>CLVI.</strong></span> <span class='ocrx_word' id='word_1_618' title='bbox 2368 2261 2490 2318; x_wconf 67' lang='lat' dir='ltr'><strong>Jun.</strong></span> <span class='ocrx_word' id='word_1_619' title='bbox 2519 2263 2778 2318; x_wconf 74' lang='lat' dir='ltr'><strong>Absolute</strong></span> <span class='ocrx_word' id='word_1_620' title='bbox 2801 2264 2959 2334; x_wconf 78' lang='lat' dir='ltr'><strong>igitur</strong></span> <span class='ocrx_word' id='word_1_621' title='bbox 2979 2266 3163 2331; x_wconf 90' lang='lat' dir='ltr'><strong>claret,</strong></span> <span class='ocrx_word' id='word_1_622' title='bbox 3190 2267 3493 2336; x_wconf 88' lang='lat' dir='ltr'><strong>opinionem</strong></span> <span class='ocrx_word' id='word_1_623' title='bbox 3527 2270 3670 2325; x_wconf 82' lang='lat' dir='ltr'><strong>illius</strong></span> 
     </span>
    </p>
   </div>
   <div class='ocr_carea' id='block_1_86' title="bbox 2082 2338 3663 2427">
    <p class='ocr_par' dir='ltr' id='par_1_86' title="bbox 2082 2338 3663 2427">
     <span class='ocr_line' id='line_1_86' title="bbox 2082 2338 3663 2427; baseline 0.004 -20"><span class='ocrx_word' id='word_1_624' title='bbox 2082 2352 2475 2424; x_wconf 74' lang='lat' dir='ltr'><strong>consequentia:</strong></span> <span class='ocrx_word' id='word_1_625' title='bbox 2500 2353 2623 2423; x_wconf 82' lang='lat' dir='ltr'><strong>plus</strong></span> <span class='ocrx_word' id='word_1_626' title='bbox 2654 2338 2889 2409; x_wconf 81' lang='lat' dir='ltr'><strong>habere:</strong></span> <span class='ocrx_word' id='word_1_627' title='bbox 2917 2355 2962 2409; x_wconf 89' lang='lat' dir='ltr'><strong>si</strong></span> <span class='ocrx_word' id='word_1_628' title='bbox 2990 2355 3185 2409; x_wconf 88' lang='lat' dir='ltr'><strong>malum</strong></span> <span class='ocrx_word' id='word_1_629' title='bbox 3216 2357 3413 2427; x_wconf 89' lang='lat' dir='ltr'><strong>aliquid</strong></span> <span class='ocrx_word' id='word_1_630' title='bbox 3446 2370 3663 2413; x_wconf 85' lang='lat' dir='ltr'><strong>natura-</strong></span> 
     </span>
    </p>
   </div>
   <div class='ocr_carea' id='block_1_87' title="bbox 2083 2444 3669 2512">
    <p class='ocr_par' dir='ltr' id='par_1_87' title="bbox 2083 2444 3669 2512">
     <span class='ocr_line' id='line_1_87' title="bbox 2083 2444 3669 2512; baseline 0.004 -13"><span class='ocrx_word' id='word_1_631' title='bbox 2083 2444 2206 2500; x_wconf 85' lang='lat' dir='ltr'><strong>liter</strong></span> <span class='ocrx_word' id='word_1_632' title='bbox 2225 2444 2564 2512; x_wconf 88' lang='lat' dir='ltr'><strong>condcrctnr,</strong></span> <span class='ocrx_word' id='word_1_633' title='bbox 2579 2445 2912 2503; x_wconf 89' lang='lat' dir='ltr'><strong>consimilem</strong></span> <span class='ocrx_word' id='word_1_634' title='bbox 2934 2447 2951 2478; x_wconf 75' lang='grc' dir='ltr'><strong>ι</strong></span> <span class='ocrx_word' id='word_1_635' title='bbox 2980 2447 3063 2501; x_wconf 92' lang='lat' dir='ltr'><strong>sui</strong></span> <span class='ocrx_word' id='word_1_636' title='bbox 3093 2446 3345 2504; x_wconf 87' lang='lat' dir='ltr'><strong>indicaret</strong></span> <span class='ocrx_word' id='word_1_637' title='bbox 3370 2463 3669 2506; x_wconf 75' lang='lat' dir='ltr'><strong>auctorem.</strong></span> 
     </span>
    </p>
   </div>
   <div class='ocr_carea' id='block_1_88' title="bbox 2154 2534 3672 2611">
    <p class='ocr_par' dir='ltr' id='par_1_88' title="bbox 2154 2534 3672 2611">
     <span class='ocr_line' id='line_1_88' title="bbox 2154 2534 3672 2611; baseline 0.002 -20"><span class='ocrx_word' id='word_1_638' title='bbox 2154 2537 2288 2592; x_wconf 79' lang='lat' dir='ltr'><strong>Ave.</strong></span> <span class='ocrx_word' id='word_1_639' title='bbox 2315 2534 2405 2590; x_wconf 92' lang='lat' dir='ltr'><strong>Sic</strong></span> <span class='ocrx_word' id='word_1_640' title='bbox 2427 2536 2657 2605; x_wconf 86' lang='lat' dir='ltr'><strong>sapiant,</strong></span> <span class='ocrx_word' id='word_1_641' title='bbox 2676 2537 2788 2607; x_wconf 91' lang='lat' dir='ltr'><strong>qui,</strong></span> <span class='ocrx_word' id='word_1_642' title='bbox 2812 2536 2912 2591; x_wconf 92' lang='lat' dir='ltr'><strong>nisi</strong></span> <span class='ocrx_word' id='word_1_643' title='bbox 2934 2536 3169 2593; x_wconf 71' lang='lat' dir='ltr'><strong>haeretici</strong></span> <span class='ocrx_word' id='word_1_644' title='bbox 3192 2537 3499 2609; x_wconf 81' lang='lat' dir='ltr'><strong>Pelagiani?</strong></span> <span class='ocrx_word' id='word_1_645' title='bbox 3529 2542 3672 2611; x_wconf 82' lang='lat' dir='ltr'><strong>Ergo</strong></span> 
     </span>
    </p>
   </div>
   <div class='ocr_carea' id='block_1_89' title="bbox 2080 2626 3670 2698">
    <p class='ocr_par' dir='ltr' id='par_1_89' title="bbox 2080 2626 3670 2698">
     <span class='ocr_line' id='line_1_89' title="bbox 2080 2626 3670 2698; baseline 0.004 -18"><span class='ocrx_word' id='word_1_646' title='bbox 2080 2626 2202 2697; x_wconf 89' lang='lat' dir='ltr'><strong>quia</strong></span> <span class='ocrx_word' id='word_1_647' title='bbox 2230 2626 2471 2681; x_wconf 86' lang='lat' dir='ltr'><strong>mortalis</strong></span> <span class='ocrx_word' id='word_1_648' title='bbox 2494 2627 2676 2694; x_wconf 88' lang='lat' dir='ltr'><strong>homo,</strong></span> <span class='ocrx_word' id='word_1_649' title='bbox 2703 2626 2995 2683; x_wconf 90' lang='lat' dir='ltr'><strong>secundum</strong></span> <span class='ocrx_word' id='word_1_650' title='bbox 3022 2637 3095 2694; x_wconf 90' lang='lat' dir='ltr'><strong>te,</strong></span> <span class='ocrx_word' id='word_1_651' title='bbox 3116 2643 3223 2684; x_wconf 87' lang='lat' dir='ltr'><strong>non</strong></span> <span class='ocrx_word' id='word_1_652' title='bbox 3251 2630 3547 2698; x_wconf 78' lang='lat' dir='ltr'><strong>pmnaliter,</strong></span> <span class='ocrx_word' id='word_1_653' title='bbox 3571 2631 3670 2686; x_wconf 88' lang='lat' dir='ltr'><strong>scd</strong></span> 
     </span>
    </p>
   </div>
   <div class='ocr_carea' id='block_1_90' title="bbox 2084 2716 3671 2783">
    <p class='ocr_par' dir='ltr' id='par_1_90' title="bbox 2084 2716 3671 2783">
     <span class='ocr_line' id='line_1_90' title="bbox 2084 2716 3671 2783; baseline 0.003 -13"><span class='ocrx_word' id='word_1_654' title='bbox 2084 2716 2395 2772; x_wconf 78' lang='lat' dir='ltr'><strong>naturaliter</strong></span> <span class='ocrx_word' id='word_1_655' title='bbox 2422 2716 2689 2783; x_wconf 90' lang='lat' dir='ltr'><strong>conditur,</strong></span> <span class='ocrx_word' id='word_1_656' title='bbox 2719 2719 3050 2773; x_wconf 89' lang='lat' dir='ltr'><strong>consimilem</strong></span> <span class='ocrx_word' id='word_1_657' title='bbox 3073 2720 3152 2773; x_wconf 90' lang='lat' dir='ltr'><strong>sui</strong></span> <span class='ocrx_word' id='word_1_658' title='bbox 3181 2721 3459 2775; x_wconf 87' lang='lat' dir='ltr'><strong>mortalem</strong></span> <span class='ocrx_word' id='word_1_659' title='bbox 3481 2732 3671 2776; x_wconf 84' lang='lat' dir='ltr'><strong>osten-</strong></span> 
     </span>
    </p>
   </div>
   <div class='ocr_carea' id='block_1_91' title="bbox 2081 2804 3672 2867">
    <p class='ocr_par' dir='ltr' id='par_1_91' title="bbox 2081 2804 3672 2867">
     <span class='ocr_line' id='line_1_91' title="bbox 2081 2804 3672 2867; baseline 0.004 -7"><span class='ocrx_word' id='word_1_660' title='bbox 2081 2804 2160 2860; x_wconf 85' lang='lat' dir='ltr'><strong>dit</strong></span> <span class='ocrx_word' id='word_1_661' title='bbox 2186 2818 2460 2864; x_wconf 89' lang='lat' dir='ltr'><strong>auctorem</strong></span> <span class='ocrx_word' id='word_1_662' title='bbox 2492 2825 2506 2862; x_wconf 91' lang='lat'><strong>:</strong></span> <span class='ocrx_word' id='word_1_663' title='bbox 2535 2817 2590 2865; x_wconf 90' lang='lat' dir='ltr'><strong>et</strong></span> <span class='ocrx_word' id='word_1_664' title='bbox 2624 2817 2683 2864; x_wconf 87' lang='lat' dir='ltr'><strong>ut</strong></span> <span class='ocrx_word' id='word_1_665' title='bbox 2709 2809 2921 2865; x_wconf 84' lang='lat' dir='ltr'><strong>fatuitas</strong></span> <span class='ocrx_word' id='word_1_666' title='bbox 2945 2818 3033 2864; x_wconf 91' lang='lat' dir='ltr'><strong>tua</strong></span> <span class='ocrx_word' id='word_1_667' title='bbox 3067 2810 3255 2866; x_wconf 88' lang='lat' dir='ltr'><strong>saltem</strong></span> <span class='ocrx_word' id='word_1_668' title='bbox 3288 2810 3443 2867; x_wconf 83' lang='lat' dir='ltr'><strong>fatuis</strong></span> <span class='ocrx_word' id='word_1_669' title='bbox 3471 2812 3672 2867; x_wconf 78' lang='lat' dir='ltr'><strong>erube-</strong></span> 
     </span>
    </p>
   </div>
   <div class='ocr_carea' id='block_1_92' title="bbox 2082 2899 3673 2969">
    <p class='ocr_par' dir='ltr' id='par_1_92' title="bbox 2082 2899 3673 2969">
     <span class='ocr_line' id='line_1_92' title="bbox 2082 2899 3673 2969; baseline 0.004 -17"><span class='ocrx_word' id='word_1_670' title='bbox 2082 2908 2225 2964; x_wconf 89' lang='lat' dir='ltr'><strong>scat;</strong></span> <span class='ocrx_word' id='word_1_671' title='bbox 2253 2900 2372 2969; x_wconf 91' lang='lat' dir='ltr'><strong>quia</strong></span> <span class='ocrx_word' id='word_1_672' title='bbox 2395 2901 2569 2956; x_wconf 88' lang='lat' dir='ltr'><strong>fatuus</strong></span> <span class='ocrx_word' id='word_1_673' title='bbox 2597 2899 2759 2955; x_wconf 88' lang='lat' dir='ltr'><strong>homo</strong></span> <span class='ocrx_word' id='word_1_674' title='bbox 2784 2901 3098 2956; x_wconf 86' lang='lat' dir='ltr'><strong>naturaliter</strong></span> <span class='ocrx_word' id='word_1_675' title='bbox 3115 2901 3384 2969; x_wconf 89' lang='lat' dir='ltr'><strong>conditur,</strong></span> <span class='ocrx_word' id='word_1_676' title='bbox 3411 2904 3673 2959; x_wconf 78' lang='lat' dir='ltr'><strong>consimi-</strong></span> 
     </span>
    </p>
   </div>
   <div class='ocr_carea' id='block_1_93' title="bbox 2084 2989 3108 3046">
    <p class='ocr_par' dir='ltr' id='par_1_93' title="bbox 2084 2989 3108 3046">
     <span class='ocr_line' id='line_1_93' title="bbox 2084 2989 3108 3046; baseline 0 0"><span class='ocrx_word' id='word_1_677' title='bbox 2084 2989 2187 3046; x_wconf 88' lang='lat' dir='ltr'><strong>lem</strong></span> <span class='ocrx_word' id='word_1_678' title='bbox 2215 2990 2295 3045; x_wconf 91' lang='lat' dir='ltr'><strong>sui</strong></span> <span class='ocrx_word' id='word_1_679' title='bbox 2325 2991 2552 3046; x_wconf 88' lang='lat' dir='ltr'><strong>ostendit</strong></span> <span class='ocrx_word' id='word_1_680' title='bbox 2584 2990 2782 3046; x_wconf 79' lang='lat' dir='ltr'><strong>fatuum</strong></span> <span class='ocrx_word' id='word_1_681' title='bbox 2810 3000 3108 3046; x_wconf 86' lang='lat' dir='ltr'><strong>auctorem.</strong></span> 
     </span>
    </p>
   </div>
   <div class='ocr_carea' id='block_1_94' title="bbox 2154 3077 3670 3153">
    <p class='ocr_par' dir='ltr' id='par_1_94' title="bbox 2154 3077 3670 3153">
     <span class='ocr_line' id='line_1_94' title="bbox 2154 3077 3670 3153; baseline 0.003 -18"><span class='ocrx_word' id='word_1_682' title='bbox 2154 3077 2353 3135; x_wconf 82' lang='lat' dir='ltr'><strong>CLVII.</strong></span> <span class='ocrx_word' id='word_1_683' title='bbox 2401 3078 2523 3136; x_wconf 68' lang='lat' dir='ltr'><strong>Jun.</strong></span> <span class='ocrx_word' id='word_1_684' title='bbox 2567 3080 2870 3135; x_wconf 74' lang='lat' dir='ltr'><strong>Przescribit</strong></span> <span class='ocrx_word' id='word_1_685' title='bbox 2895 3090 3074 3136; x_wconf 89' lang='lat' dir='ltr'><strong>autem</strong></span> <span class='ocrx_word' id='word_1_686' title='bbox 3104 3081 3320 3147; x_wconf 85' lang='lat' dir='ltr'><strong>veritas,</strong></span> <span class='ocrx_word' id='word_1_687' title='bbox 3350 3082 3522 3153; x_wconf 88' lang='lat' dir='ltr'><strong>primo</strong></span> <span class='ocrx_word' id='word_1_688' title='bbox 3548 3099 3670 3139; x_wconf 81' lang='lat' dir='ltr'><strong>ma-</strong></span> 
     </span>
    </p>
   </div>
   <div class='ocr_carea' id='block_1_95' title="bbox 2083 3170 3671 3243">
    <p class='ocr_par' dir='ltr' id='par_1_95' title="bbox 2083 3170 3671 3243">
     <span class='ocr_line' id='line_1_95' title="bbox 2083 3170 3671 3243; baseline 0.001 -17"><span class='ocrx_word' id='word_1_689' title='bbox 2083 3171 2215 3237; x_wconf 89' lang='lat' dir='ltr'><strong>lum,</strong></span> <span class='ocrx_word' id='word_1_690' title='bbox 2249 3170 2299 3225; x_wconf 92' lang='lat' dir='ltr'><strong>id</strong></span> <span class='ocrx_word' id='word_1_691' title='bbox 2327 3178 2412 3225; x_wconf 91' lang='lat' dir='ltr'><strong>est</strong></span> <span class='ocrx_word' id='word_1_692' title='bbox 2441 3180 2736 3241; x_wconf 88' lang='lat' dir='ltr'><strong>peccatum,</strong></span> <span class='ocrx_word' id='word_1_693' title='bbox 2766 3171 2869 3226; x_wconf 91' lang='lat' dir='ltr'><strong>dici</strong></span> <span class='ocrx_word' id='word_1_694' title='bbox 2901 3187 3004 3224; x_wconf 90' lang='lat' dir='ltr'><strong>non</strong></span> <span class='ocrx_word' id='word_1_695' title='bbox 3033 3187 3192 3242; x_wconf 89' lang='lat' dir='ltr'><strong>posse</strong></span> <span class='ocrx_word' id='word_1_696' title='bbox 3219 3174 3359 3243; x_wconf 90' lang='lat' dir='ltr'><strong>quod</strong></span> <span class='ocrx_word' id='word_1_697' title='bbox 3391 3174 3462 3228; x_wconf 86' lang='lat' dir='ltr'><strong>ita</strong></span> <span class='ocrx_word' id='word_1_698' title='bbox 3492 3184 3575 3228; x_wconf 91' lang='lat' dir='ltr'><strong>est</strong></span> <span class='ocrx_word' id='word_1_699' title='bbox 3611 3185 3671 3228; x_wconf 90' lang='lat' dir='ltr'><strong>ut</strong></span> 
     </span>
    </p>
   </div>
   <div class='ocr_carea' id='block_1_96' title="bbox 2082 3261 3670 3334">
    <p class='ocr_par' dir='ltr' id='par_1_96' title="bbox 2082 3261 3670 3334">
     <span class='ocr_line' id='line_1_96' title="bbox 2082 3261 3670 3334; baseline 0.001 -17"><span class='ocrx_word' id='word_1_700' title='bbox 2082 3263 2198 3333; x_wconf 86' lang='lat' dir='ltr'><strong>ejus</strong></span> <span class='ocrx_word' id='word_1_701' title='bbox 2228 3269 2414 3317; x_wconf 89' lang='lat' dir='ltr'><strong>natura</strong></span> <span class='ocrx_word' id='word_1_702' title='bbox 2438 3261 2782 3331; x_wconf 87' lang='lat' dir='ltr'><strong>compulerit;</strong></span> <span class='ocrx_word' id='word_1_703' title='bbox 2812 3270 3194 3334; x_wconf 87' lang='lat' dir='ltr'><strong>peccatumque</strong></span> <span class='ocrx_word' id='word_1_704' title='bbox 3218 3264 3347 3318; x_wconf 91' lang='lat' dir='ltr'><strong>nihil</strong></span> <span class='ocrx_word' id='word_1_705' title='bbox 3373 3279 3491 3319; x_wconf 89' lang='lat' dir='ltr'><strong>esse</strong></span> <span class='ocrx_word' id='word_1_706' title='bbox 3518 3265 3670 3319; x_wconf 87' lang='lat' dir='ltr'><strong>aliud</strong></span> 
     </span>
    </p>
   </div>
   <div class='ocr_carea' id='block_1_97' title="bbox 2081 3352 3751 3424">
    <p class='ocr_par' dir='ltr' id='par_1_97' title="bbox 2081 3352 3751 3424">
     <span class='ocr_line' id='line_1_97' title="bbox 2081 3352 3751 3424; baseline 0.002 -17"><span class='ocrx_word' id='word_1_707' title='bbox 2081 3368 2240 3423; x_wconf 84' lang='lat' dir='ltr'><strong>quam</strong></span> <span class='ocrx_word' id='word_1_708' title='bbox 2294 3353 2684 3408; x_wconf 74' lang='lat' dir='ltr'><strong>exorbitantetn</strong></span> <span class='ocrx_word' id='word_1_709' title='bbox 2721 3368 2754 3408; x_wconf 82' lang='lat' dir='ltr'><strong>a</strong></span> <span class='ocrx_word' id='word_1_710' title='bbox 2785 3352 2921 3410; x_wconf 90' lang='lat' dir='ltr'><strong>calle</strong></span> <span class='ocrx_word' id='word_1_711' title='bbox 2939 3354 3156 3424; x_wconf 73' lang='lat' dir='ltr'><strong>iustitia:</strong></span> <span class='ocrx_word' id='word_1_712' title='bbox 3182 3355 3204 3387; x_wconf 79' lang='grc'>³</span> <span class='ocrx_word' id='word_1_713' title='bbox 3227 3355 3447 3411; x_wconf 84' lang='lat' dir='ltr'><strong>liberam</strong></span> <span class='ocrx_word' id='word_1_714' title='bbox 3480 3356 3671 3410; x_wconf 79' lang='lat' dir='ltr'><strong>\Oitm-</strong></span> <span class='ocrx_word' id='word_1_715' title='bbox 3748 3382 3751 3385; x_wconf 58' lang='grc' dir='ltr'>λ</span> 
     </span>
    </p>
   </div>
   <div class='ocr_carea' id='block_1_98' title="bbox 2083 3452 2268 3500">
    <p class='ocr_par' dir='ltr' id='par_1_98' title="bbox 2083 3452 2268 3500">
     <span class='ocr_line' id='line_1_98' title="bbox 2083 3452 2268 3500; baseline -0.005 -1"><span class='ocrx_word' id='word_1_716' title='bbox 2083 3452 2268 3500; x_wconf 78' lang='lat' dir='ltr'><strong>tatem.</strong></span> 
     </span>
    </p>
   </div>
   <div class='ocr_carea' id='block_1_99' title="bbox 2153 3534 3668 3608">
    <p class='ocr_par' dir='ltr' id='par_1_99' title="bbox 2153 3534 3668 3608">
     <span class='ocr_line' id='line_1_99' title="bbox 2153 3534 3668 3608; baseline 0.003 -20"><span class='ocrx_word' id='word_1_717' title='bbox 2153 3535 2286 3591; x_wconf 79' lang='lat' dir='ltr'><strong>Anc.</strong></span> <span class='ocrx_word' id='word_1_718' title='bbox 2311 3534 2414 3591; x_wconf 89' lang='lat' dir='ltr'><strong>Sed</strong></span> <span class='ocrx_word' id='word_1_719' title='bbox 2444 3535 2546 3591; x_wconf 91' lang='lat' dir='ltr'><strong>hoc</strong></span> <span class='ocrx_word' id='word_1_720' title='bbox 2573 3551 2784 3608; x_wconf 89' lang='lat' dir='ltr'><strong>quoque</strong></span> <span class='ocrx_word' id='word_1_721' title='bbox 2807 3536 3064 3608; x_wconf 83' lang='lat' dir='ltr'><strong>originale</strong></span> <span class='ocrx_word' id='word_1_722' title='bbox 3092 3546 3364 3606; x_wconf 87' lang='lat' dir='ltr'><strong>peccatum</strong></span> <span class='ocrx_word' id='word_1_723' title='bbox 3386 3552 3452 3592; x_wconf 82' lang='lat' dir='ltr'><strong>ex</strong></span> <span class='ocrx_word' id='word_1_724' title='bbox 3477 3537 3668 3593; x_wconf 84' lang='lat' dir='ltr'><strong>volun-</strong></span> 
     </span>
    </p>
   </div>
   <div class='ocr_carea' id='block_1_100' title="bbox 2083 3629 3672 3701">
    <p class='ocr_par' dir='ltr' id='par_1_100' title="bbox 2083 3629 3672 3701">
     <span class='ocr_line' id='line_1_100' title="bbox 2083 3629 3672 3701; baseline 0.003 -19"><span class='ocrx_word' id='word_1_725' title='bbox 2083 3635 2192 3682; x_wconf 89' lang='lat' dir='ltr'><strong>tate</strong></span> <span class='ocrx_word' id='word_1_726' title='bbox 2230 3629 2503 3700; x_wconf 87' lang='lat' dir='ltr'><strong>peccantis</strong></span> <span class='ocrx_word' id='word_1_727' title='bbox 2539 3629 2796 3701; x_wconf 88' lang='lat' dir='ltr'><strong>originem</strong></span> <span class='ocrx_word' id='word_1_728' title='bbox 2825 3630 3005 3698; x_wconf 86' lang='lat' dir='ltr'><strong>ducit;</strong></span> <span class='ocrx_word' id='word_1_729' title='bbox 3031 3639 3193 3700; x_wconf 86' lang='lat' dir='ltr'><strong>atque</strong></span> <span class='ocrx_word' id='word_1_730' title='bbox 3226 3630 3300 3685; x_wconf 87' lang='lat' dir='ltr'><strong>ita</strong></span> <span class='ocrx_word' id='word_1_731' title='bbox 3343 3629 3542 3684; x_wconf 88' lang='lat' dir='ltr'><strong>nullum</strong></span> <span class='ocrx_word' id='word_1_732' title='bbox 3580 3640 3672 3686; x_wconf 81' lang='lat' dir='ltr'><strong>est</strong></span> 
     </span>
    </p>
   </div>
   <div class='ocr_carea' id='block_1_101' title="bbox 2081 3719 2804 3791">
    <p class='ocr_par' dir='ltr' id='par_1_101' title="bbox 2081 3719 2804 3791">
     <span class='ocr_line' id='line_1_101' title="bbox 2081 3719 2804 3791; baseline 0.004 -18"><span class='ocrx_word' id='word_1_733' title='bbox 2081 3719 2182 3774; x_wconf 88' lang='lat' dir='ltr'><strong>nisi</strong></span> <span class='ocrx_word' id='word_1_734' title='bbox 2210 3720 2481 3775; x_wconf 83' lang='lat' dir='ltr'><strong>voluntate</strong></span> <span class='ocrx_word' id='word_1_735' title='bbox 2506 3730 2804 3791; x_wconf 84' lang='lat' dir='ltr'><strong>peceatum.</strong></span> 
     </span>
    </p>
   </div>
   <div class='ocr_carea' id='block_1_102' title="bbox 2151 3810 3668 3884">
    <p class='ocr_par' dir='ltr' id='par_1_102' title="bbox 2151 3810 3668 3884">
     <span class='ocr_line' id='line_1_102' title="bbox 2151 3810 3668 3884; baseline 0.001 -17"><span class='ocrx_word' id='word_1_736' title='bbox 2151 3810 2376 3867; x_wconf 78' lang='lat' dir='ltr'><strong>CLVIII.</strong></span> <span class='ocrx_word' id='word_1_737' title='bbox 2426 3812 2547 3869; x_wconf 70' lang='lat' dir='ltr'><strong>Jun.</strong></span> <span class='ocrx_word' id='word_1_738' title='bbox 2605 3813 2808 3882; x_wconf 86' lang='lat' dir='ltr'><strong>Quibus</strong></span> <span class='ocrx_word' id='word_1_739' title='bbox 2867 3813 3132 3884; x_wconf 78' lang='lat' dir='ltr'><strong>prtesidiis</strong></span> <span class='ocrx_word' id='word_1_740' title='bbox 3179 3814 3435 3870; x_wconf 85' lang='lat' dir='ltr'><strong>innocens</strong></span> <span class='ocrx_word' id='word_1_741' title='bbox 3482 3831 3668 3870; x_wconf 84' lang='lat' dir='ltr'><strong>rerum</strong></span> 
     </span>
    </p>
   </div>
   <div class='ocr_carea' id='block_1_103' title="bbox 2080 3898 3668 3976">
    <p class='ocr_par' dir='ltr' id='par_1_103' title="bbox 2080 3898 3668 3976">
     <span class='ocr_line' id='line_1_103' title="bbox 2080 3898 3668 3976; baseline 0.001 -18"><span class='ocrx_word' id='word_1_742' title='bbox 2080 3904 2316 3958; x_wconf 89' lang='lat' dir='ltr'><strong>omnium</strong></span> <span class='ocrx_word' id='word_1_743' title='bbox 2343 3913 2527 3959; x_wconf 90' lang='lat' dir='ltr'><strong>natura</strong></span> <span class='ocrx_word' id='word_1_744' title='bbox 2558 3904 2892 3975; x_wconf 84' lang='lat' dir='ltr'><strong>defenditur,</strong></span> <span class='ocrx_word' id='word_1_745' title='bbox 3062 3906 3134 3960; x_wconf 84' lang='lat' dir='ltr'><strong>ita</strong></span> <span class='ocrx_word' id='word_1_746' title='bbox 3168 3920 3413 3974; x_wconf 84' lang='lat' dir='ltr'><strong>manens,</strong></span> <span class='ocrx_word' id='word_1_747' title='bbox 3444 3914 3500 3961; x_wconf 94' lang='lat' dir='ltr'><strong>ut</strong></span> <span class='ocrx_word' id='word_1_748' title='bbox 3525 3920 3668 3960; x_wconf 74' lang='grc' dir='ltr'><strong>ωυ-</strong></span> 
     </span>
    </p>
   </div>
   <div class='ocr_carea' id='block_1_104' title="bbox 2078 3992 3256 4066">
    <p class='ocr_par' dir='ltr' id='par_1_104' title="bbox 2078 3992 3256 4066">
     <span class='ocr_line' id='line_1_104' title="bbox 2078 3992 3256 4066; baseline 0.003 -18"><span class='ocrx_word' id='word_1_749' title='bbox 2078 3992 2187 4049; x_wconf 87' lang='lat' dir='ltr'><strong>dita</strong></span> <span class='ocrx_word' id='word_1_750' title='bbox 2211 4003 2313 4061; x_wconf 92' lang='lat' dir='ltr'><strong>est,</strong></span> <span class='ocrx_word' id='word_1_751' title='bbox 2341 3994 2474 4049; x_wconf 89' lang='lat' dir='ltr'><strong>nulli</strong></span> <span class='ocrx_word' id='word_1_752' title='bbox 2500 3995 2707 4050; x_wconf 89' lang='lat' dir='ltr'><strong>crimini</strong></span> <span class='ocrx_word' id='word_1_753' title='bbox 2731 3996 2986 4066; x_wconf 84' lang='lat' dir='ltr'><strong>probatur</strong></span> <span class='ocrx_word' id='word_1_754' title='bbox 3006 3996 3256 4052; x_wconf 84' lang='lat' dir='ltr'><strong>obnoxia.</strong></span> 
     </span>
    </p>
   </div>
   <div class='ocr_carea' id='block_1_105' title="bbox 2149 4084 3673 4146">
    <p class='ocr_par' dir='ltr' id='par_1_105' title="bbox 2149 4084 3673 4146">
     <span class='ocr_line' id='line_1_105' title="bbox 2149 4084 3673 4146; baseline 0.005 -7"><span class='ocrx_word' id='word_1_755' title='bbox 2149 4084 2288 4141; x_wconf 78' lang='lat' dir='ltr'><strong>Atto.</strong></span> <span class='ocrx_word' id='word_1_756' title='bbox 2335 4084 2453 4139; x_wconf 82' lang='lat' dir='ltr'><strong>Non</strong></span> <span class='ocrx_word' id='word_1_757' title='bbox 2482 4094 2658 4141; x_wconf 88' lang='lat' dir='ltr'><strong>autem</strong></span> <span class='ocrx_word' id='word_1_758' title='bbox 2698 4087 2769 4141; x_wconf 86' lang='lat' dir='ltr'><strong>ita</strong></span> <span class='ocrx_word' id='word_1_759' title='bbox 2802 4088 2998 4143; x_wconf 87' lang='lat' dir='ltr'><strong>mansit</strong></span> <span class='ocrx_word' id='word_1_760' title='bbox 3034 4096 3094 4143; x_wconf 92' lang='lat' dir='ltr'><strong>ut</strong></span> <span class='ocrx_word' id='word_1_761' title='bbox 3128 4089 3341 4143; x_wconf 89' lang='lat' dir='ltr'><strong>condita</strong></span> <span class='ocrx_word' id='word_1_762' title='bbox 3376 4099 3501 4145; x_wconf 86' lang='lat' dir='ltr'><strong>cst:</strong></span> <span class='ocrx_word' id='word_1_763' title='bbox 3542 4089 3673 4146; x_wconf 87' lang='lat' dir='ltr'><strong>ideo</strong></span> 
     </span>
    </p>
   </div>
   <div class='ocr_carea' id='block_1_106' title="bbox 2078 4175 3670 4249">
    <p class='ocr_par' dir='ltr' id='par_1_106' title="bbox 2078 4175 3670 4249">
     <span class='ocr_line' id='line_1_106' title="bbox 2078 4175 3670 4249; baseline 0.004 -20"><span class='ocrx_word' id='word_1_764' title='bbox 2078 4175 2287 4230; x_wconf 89' lang='lat' dir='ltr'><strong>crimini</strong></span> <span class='ocrx_word' id='word_1_765' title='bbox 2321 4176 2578 4246; x_wconf 87' lang='lat' dir='ltr'><strong>probatur</strong></span> <span class='ocrx_word' id='word_1_766' title='bbox 2595 4175 2834 4233; x_wconf 79' lang='lat' dir='ltr'><strong>obnoxia</strong></span> <span class='ocrx_word' id='word_1_767' title='bbox 2854 4219 2871 4243; x_wconf 90' lang='lat'><strong>,</strong></span> <span class='ocrx_word' id='word_1_768' title='bbox 2898 4192 3158 4248; x_wconf 85' lang='lat' dir='ltr'><strong>suamque</strong></span> <span class='ocrx_word' id='word_1_769' title='bbox 3179 4180 3403 4249; x_wconf 82' lang='lat' dir='ltr'><strong>stirpem</strong></span> <span class='ocrx_word' id='word_1_770' title='bbox 3431 4195 3529 4235; x_wconf 89' lang='lat' dir='ltr'><strong>suo</strong></span> <span class='ocrx_word' id='word_1_771' title='bbox 3551 4181 3670 4235; x_wconf 85' lang='lat' dir='ltr'><strong>cri-</strong></span> 
     </span>
    </p>
   </div>
   <div class='ocr_carea' id='block_1_107' title="bbox 2078 4268 3670 4343">
    <p class='ocr_par' dir='ltr' id='par_1_107' title="bbox 2078 4268 3670 4343">
     <span class='ocr_line' id='line_1_107' title="bbox 2078 4268 3670 4343; baseline 0.004 -21"><span class='ocrx_word' id='word_1_772' title='bbox 2078 4268 2206 4322; x_wconf 90' lang='lat' dir='ltr'><strong>mini</strong></span> <span class='ocrx_word' id='word_1_773' title='bbox 2235 4275 2483 4339; x_wconf 84' lang='lat' dir='ltr'><strong>tauquam</strong></span> <span class='ocrx_word' id='word_1_774' title='bbox 2502 4268 2839 4325; x_wconf 74' lang='lat' dir='ltr'><strong>hmrcditario</strong></span> <span class='ocrx_word' id='word_1_775' title='bbox 2866 4269 2991 4326; x_wconf 88' lang='lat' dir='ltr'><strong>fecit</strong></span> <span class='ocrx_word' id='word_1_776' title='bbox 3014 4271 3299 4327; x_wconf 81' lang='lat' dir='ltr'><strong>obnoxiam</strong></span> <span class='ocrx_word' id='word_1_777' title='bbox 3317 4288 3463 4343; x_wconf 78' lang='lat' dir='ltr'><strong>:qua:</strong></span> <span class='ocrx_word' id='word_1_778' title='bbox 3485 4283 3670 4329; x_wconf 73' lang='lat' dir='ltr'><strong>tamen</strong></span> 
     </span>
    </p>
   </div>
   <div class='ocr_carea' id='block_1_108' title="bbox 2077 4360 3517 4433">
    <p class='ocr_par' dir='ltr' id='par_1_108' title="bbox 2077 4360 3517 4433">
     <span class='ocr_line' id='line_1_108' title="bbox 2077 4360 3517 4433; baseline 0.001 -17"><span class='ocrx_word' id='word_1_779' title='bbox 2077 4360 2236 4416; x_wconf 83' lang='lat' dir='ltr'><strong>etiam</strong></span> <span class='ocrx_word' id='word_1_780' title='bbox 2264 4361 2374 4432; x_wconf 89' lang='lat' dir='ltr'><strong>ipsa</strong></span> <span class='ocrx_word' id='word_1_781' title='bbox 2406 4361 2459 4416; x_wconf 89' lang='lat' dir='ltr'><strong>in</strong></span> <span class='ocrx_word' id='word_1_782' title='bbox 2485 4370 2740 4433; x_wconf 87' lang='lat' dir='ltr'><strong>quantum</strong></span> <span class='ocrx_word' id='word_1_783' title='bbox 2769 4378 2801 4418; x_wconf 93' lang='lat' dir='ltr'><strong>a</strong></span> <span class='ocrx_word' id='word_1_784' title='bbox 2833 4364 2943 4420; x_wconf 90' lang='lat' dir='ltr'><strong>Deo</strong></span> <span class='ocrx_word' id='word_1_785' title='bbox 2963 4364 3228 4429; x_wconf 87' lang='lat' dir='ltr'><strong>conditur,</strong></span> <span class='ocrx_word' id='word_1_786' title='bbox 3252 4366 3388 4420; x_wconf 83' lang='lat' dir='ltr'><strong>bona</strong></span> <span class='ocrx_word' id='word_1_787' title='bbox 3416 4376 3517 4421; x_wconf 81' lang='lat' dir='ltr'><strong>est.</strong></span> 
     </span>
    </p>
   </div>
   <div class='ocr_carea' id='block_1_109' title="bbox 2147 4450 3667 4526">
    <p class='ocr_par' dir='ltr' id='par_1_109' title="bbox 2147 4450 3667 4526">
     <span class='ocr_line' id='line_1_109' title="bbox 2147 4450 3667 4526; baseline 0.003 -20"><span class='ocrx_word' id='word_1_788' title='bbox 2147 4450 2327 4506; x_wconf 81' lang='lat' dir='ltr'><strong>CLIX.</strong></span> <span class='ocrx_word' id='word_1_789' title='bbox 2356 4451 2474 4508; x_wconf 68' lang='grc' dir='ltr'>ιω..</span> <span class='ocrx_word' id='word_1_790' title='bbox 2501 4451 2694 4507; x_wconf 81' lang='lat' dir='ltr'><strong>Malum</strong></span> <span class='ocrx_word' id='word_1_791' title='bbox 2722 4453 2881 4524; x_wconf 87' lang='lat' dir='ltr'><strong>igitur</strong></span> <span class='ocrx_word' id='word_1_792' title='bbox 2906 4454 3146 4511; x_wconf 85' lang='lat' dir='ltr'><strong>naturale</strong></span> <span class='ocrx_word' id='word_1_793' title='bbox 3169 4469 3292 4511; x_wconf 86' lang='lat' dir='ltr'><strong>esse</strong></span> <span class='ocrx_word' id='word_1_794' title='bbox 3312 4471 3418 4510; x_wconf 90' lang='lat' dir='ltr'><strong>non</strong></span> <span class='ocrx_word' id='word_1_795' title='bbox 3450 4464 3623 4526; x_wconf 84' lang='lat' dir='ltr'><strong>potest</strong></span> <span class='ocrx_word' id='word_1_796' title='bbox 3648 4473 3667 4510; x_wconf 91' lang='lat'><strong>:</strong></span> 
     </span>
    </p>
   </div>
   <div class='ocr_carea' id='block_1_110' title="bbox 2076 4543 3668 4614">
    <p class='ocr_par' dir='ltr' id='par_1_110' title="bbox 2076 4543 3668 4614">
     <span class='ocr_line' id='line_1_110' title="bbox 2076 4543 3668 4614; baseline 0.003 -18"><span class='ocrx_word' id='word_1_797' title='bbox 2076 4557 2139 4597; x_wconf 92' lang='lat' dir='ltr'><strong>ac</strong></span> <span class='ocrx_word' id='word_1_798' title='bbox 2161 4559 2254 4614; x_wconf 89' lang='lat' dir='ltr'><strong>per</strong></span> <span class='ocrx_word' id='word_1_799' title='bbox 2282 4543 2385 4601; x_wconf 92' lang='lat' dir='ltr'><strong>hoc</strong></span> <span class='ocrx_word' id='word_1_800' title='bbox 2410 4559 2511 4601; x_wconf 89' lang='lat' dir='ltr'><strong>nec</strong></span> <span class='ocrx_word' id='word_1_801' title='bbox 2535 4559 2624 4600; x_wconf 88' lang='lat' dir='ltr'><strong>rea</strong></span> <span class='ocrx_word' id='word_1_802' title='bbox 2653 4544 2761 4600; x_wconf 88' lang='lat' dir='ltr'><strong>ulla</strong></span> <span class='ocrx_word' id='word_1_803' title='bbox 2787 4545 3099 4602; x_wconf 87' lang='lat' dir='ltr'><strong>naturaliter</strong></span> <span class='ocrx_word' id='word_1_804' title='bbox 3120 4544 3390 4612; x_wconf 82' lang='lat' dir='ltr'><strong>creatura,</strong></span> <span class='ocrx_word' id='word_1_805' title='bbox 3419 4556 3518 4603; x_wconf 84' lang='lat' dir='ltr'><strong>nec</strong></span> <span class='ocrx_word' id='word_1_806' title='bbox 3542 4563 3668 4602; x_wconf 80' lang='lat' dir='ltr'><strong>nta-</strong></span> 
     </span>
    </p>
   </div>
   <div class='ocr_carea' id='block_1_111' title="bbox 2077 4635 3670 4709">
    <p class='ocr_par' dir='ltr' id='par_1_111' title="bbox 2077 4635 3670 4709">
     <span class='ocr_line' id='line_1_111' title="bbox 2077 4635 3670 4709; baseline 0.003 -19"><span class='ocrx_word' id='word_1_807' title='bbox 2077 4636 2159 4691; x_wconf 83' lang='lat' dir='ltr'><strong>Itts</strong></span> <span class='ocrx_word' id='word_1_808' title='bbox 2181 4644 2386 4691; x_wconf 86' lang='lat' dir='ltr'><strong>auctor.</strong></span> <span class='ocrx_word' id='word_1_809' title='bbox 2409 4635 2602 4692; x_wconf 79' lang='lat' dir='ltr'><strong>Malunt</strong></span> <span class='ocrx_word' id='word_1_810' title='bbox 2624 4637 2822 4709; x_wconf 86' lang='lat' dir='ltr'><strong>quippe</strong></span> <span class='ocrx_word' id='word_1_811' title='bbox 2842 4652 2948 4693; x_wconf 88' lang='lat' dir='ltr'><strong>non</strong></span> <span class='ocrx_word' id='word_1_812' title='bbox 2977 4639 3245 4694; x_wconf 76' lang='lat' dir='ltr'><strong>exstantia</strong></span> <span class='ocrx_word' id='word_1_813' title='bbox 3266 4640 3534 4695; x_wconf 78' lang='lat' dir='ltr'><strong>invenitur</strong></span> <span class='ocrx_word' id='word_1_814' title='bbox 3563 4656 3670 4694; x_wconf 78' lang='lat' dir='ltr'><strong>na-</strong></span> 
     </span>
    </p>
   </div>
   <div class='ocr_carea' id='block_1_112' title="bbox 2079 4727 3671 4801">
    <p class='ocr_par' dir='ltr' id='par_1_112' title="bbox 2079 4727 3671 4801">
     <span class='ocr_line' id='line_1_112' title="bbox 2079 4727 3671 4801; baseline 0.003 -20"><span class='ocrx_word' id='word_1_815' title='bbox 2079 4735 2212 4782; x_wconf 68' lang='lat' dir='ltr'><strong>turze</strong></span> <span class='ocrx_word' id='word_1_816' title='bbox 2242 4745 2256 4781; x_wconf 90' lang='lat'>:</span> <span class='ocrx_word' id='word_1_817' title='bbox 2289 4727 2383 4782; x_wconf 89' lang='lat' dir='ltr'><strong>sed</strong></span> <span class='ocrx_word' id='word_1_818' title='bbox 2425 4727 2564 4783; x_wconf 90' lang='lat' dir='ltr'><strong>sicut</strong></span> <span class='ocrx_word' id='word_1_819' title='bbox 2597 4729 2772 4782; x_wconf 89' lang='lat' dir='ltr'><strong>omnis</strong></span> <span class='ocrx_word' id='word_1_820' title='bbox 2806 4737 3070 4794; x_wconf 86' lang='lat' dir='ltr'><strong>creatura,</strong></span> <span class='ocrx_word' id='word_1_821' title='bbox 3107 4729 3159 4784; x_wconf 89' lang='lat' dir='ltr'><strong>in</strong></span> <span class='ocrx_word' id='word_1_822' title='bbox 3192 4740 3450 4801; x_wconf 80' lang='lat' dir='ltr'><strong>quantum</strong></span> <span class='ocrx_word' id='word_1_823' title='bbox 3478 4730 3671 4785; x_wconf 85' lang='lat' dir='ltr'><strong>condi-</strong></span> 
     </span>
    </p>
   </div>
   <div class='ocr_carea' id='block_1_113' title="bbox 2078 4813 3673 4880">
    <p class='ocr_par' dir='ltr' id='par_1_113' title="bbox 2078 4813 3673 4880">
     <span class='ocr_line' id='line_1_113' title="bbox 2078 4813 3673 4880; baseline 0.001 -12"><span class='ocrx_word' id='word_1_824' title='bbox 2078 4823 2187 4879; x_wconf 85' lang='lat' dir='ltr'><strong>tur,</strong></span> <span class='ocrx_word' id='word_1_825' title='bbox 2220 4813 2359 4869; x_wconf 84' lang='lat' dir='ltr'><strong>bona</strong></span> <span class='ocrx_word' id='word_1_826' title='bbox 2384 4820 2498 4880; x_wconf 88' lang='lat' dir='ltr'><strong>est;</strong></span> <span class='ocrx_word' id='word_1_827' title='bbox 2541 4814 2613 4868; x_wconf 88' lang='lat' dir='ltr'><strong>ita</strong></span> <span class='ocrx_word' id='word_1_828' title='bbox 2653 4823 2708 4869; x_wconf 92' lang='lat' dir='ltr'><strong>et</strong></span> <span class='ocrx_word' id='word_1_829' title='bbox 2766 4813 2907 4869; x_wconf 85' lang='lat' dir='ltr'><strong>Deus</strong></span> <span class='ocrx_word' id='word_1_830' title='bbox 2937 4823 3245 4871; x_wconf 84' lang='lat' dir='ltr'><strong>naturarum</strong></span> <span class='ocrx_word' id='word_1_831' title='bbox 3272 4825 3461 4872; x_wconf 79' lang='lat' dir='ltr'><strong>auctor</strong></span> <span class='ocrx_word' id='word_1_832' title='bbox 3498 4815 3673 4870; x_wconf 82' lang='lat' dir='ltr'><strong>bona-</strong></span> 
     </span>
    </p>
   </div>
   <div class='ocr_carea' id='block_1_114' title="bbox 2076 4905 3669 4978">
    <p class='ocr_par' dir='ltr' id='par_1_114' title="bbox 2076 4905 3669 4978">
     <span class='ocr_line' id='line_1_114' title="bbox 2076 4905 3669 4978; baseline 0.002 -18"><span class='ocrx_word' id='word_1_833' title='bbox 2076 4921 2216 4971; x_wconf 89' lang='lat' dir='ltr'><strong>rum,</strong></span> <span class='ocrx_word' id='word_1_834' title='bbox 2251 4906 2399 4961; x_wconf 91' lang='lat' dir='ltr'><strong>nullo</strong></span> <span class='ocrx_word' id='word_1_835' title='bbox 2426 4906 2606 4978; x_wconf 87' lang='lat' dir='ltr'><strong>operis</strong></span> <span class='ocrx_word' id='word_1_836' title='bbox 2644 4905 2723 4960; x_wconf 84' lang='lat' dir='ltr'><strong>sui</strong></span> <span class='ocrx_word' id='word_1_837' title='bbox 2762 4906 2987 4962; x_wconf 89' lang='lat' dir='ltr'><strong>crimine</strong></span> <span class='ocrx_word' id='word_1_838' title='bbox 3016 4907 3332 4970; x_wconf 86' lang='lat' dir='ltr'><strong>maculatus,</strong></span> <span class='ocrx_word' id='word_1_839' title='bbox 3364 4922 3461 4977; x_wconf 88' lang='lat' dir='ltr'><strong>per</strong></span> <span class='ocrx_word' id='word_1_840' title='bbox 3484 4906 3669 4963; x_wconf 73' lang='lat' dir='ltr'><strong>omnia</strong></span> 
     </span>
    </p>
   </div>
   <div class='ocr_carea' id='block_1_115' title="bbox 2076 4997 3674 5070">
    <p class='ocr_par' dir='ltr' id='par_1_115' title="bbox 2076 4997 3674 5070">
     <span class='ocr_line' id='line_1_115' title="bbox 2076 4997 3674 5070; baseline 0.001 -16"><span class='ocrx_word' id='word_1_841' title='bbox 2076 4999 2249 5054; x_wconf 85' lang='lat' dir='ltr'><strong>bonus</strong></span> <span class='ocrx_word' id='word_1_842' title='bbox 2296 5000 2567 5068; x_wconf 85' lang='lat' dir='ltr'><strong>probatur.</strong></span> <span class='ocrx_word' id='word_1_843' title='bbox 2617 4997 2810 5053; x_wconf 84' lang='lat' dir='ltr'><strong>Totum</strong></span> <span class='ocrx_word' id='word_1_844' title='bbox 2854 4999 3013 5068; x_wconf 85' lang='lat' dir='ltr'><strong>igitur</strong></span> <span class='ocrx_word' id='word_1_845' title='bbox 3056 4998 3314 5070; x_wconf 77' lang='lat' dir='ltr'><strong>quidquid</strong></span> <span class='ocrx_word' id='word_1_846' title='bbox 3346 4997 3674 5055; x_wconf 71' lang='lat' dir='ltr'><strong>Mauichmus</strong></span> 
     </span>
    </p>
   </div>
   <div class='ocr_carea' id='block_1_116' title="bbox 2076 5089 3672 5160">
    <p class='ocr_par' dir='ltr' id='par_1_116' title="bbox 2076 5089 3672 5160">
     <span class='ocr_line' id='line_1_116' title="bbox 2076 5089 3672 5160; baseline 0 -14"><span class='ocrx_word' id='word_1_847' title='bbox 2076 5093 2358 5160; x_wconf 86' lang='lat' dir='ltr'><strong>attulerat,</strong></span> <span class='ocrx_word' id='word_1_848' title='bbox 2409 5093 2509 5148; x_wconf 88' lang='lat' dir='ltr'><strong>hac</strong></span> <span class='ocrx_word' id='word_1_849' title='bbox 2555 5105 2659 5147; x_wconf 79' lang='lat' dir='ltr'><strong>una</strong></span> <span class='ocrx_word' id='word_1_850' title='bbox 2697 5089 3090 5148; x_wconf 86' lang='lat' dir='ltr'><strong>Catholicorum</strong></span> <span class='ocrx_word' id='word_1_851' title='bbox 3138 5092 3344 5148; x_wconf 87' lang='lat' dir='ltr'><strong>ratione</strong></span> <span class='ocrx_word' id='word_1_852' title='bbox 3384 5091 3406 5123; x_wconf 86' lang='grc'><strong><em>³</em></strong></span> <span class='ocrx_word' id='word_1_853' title='bbox 3443 5093 3672 5147; x_wconf 65' lang='lat' dir='ltr'><strong>subver-</strong></span> 
     </span>
    </p>
   </div>
   <div class='ocr_carea' id='block_1_117' title="bbox 2076 5194 2331 5242">
    <p class='ocr_par' dir='ltr' id='par_1_117' title="bbox 2076 5194 2331 5242">
     <span class='ocr_line' id='line_1_117' title="bbox 2076 5194 2331 5242; baseline -0.004 -1"><span class='ocrx_word' id='word_1_854' title='bbox 2076 5201 2194 5241; x_wconf 86' lang='lat' dir='ltr'><strong>sum</strong></span> <span class='ocrx_word' id='word_1_855' title='bbox 2224 5194 2331 5242; x_wconf 63' lang='grc' dir='ltr'><strong>ρει.</strong></span> 
     </span>
    </p>
   </div>
   <div class='ocr_carea' id='block_1_118' title="bbox 2148 5275 3673 5346">
    <p class='ocr_par' dir='ltr' id='par_1_118' title="bbox 2148 5275 3673 5346">
     <span class='ocr_line' id='line_1_118' title="bbox 2148 5275 3673 5346; baseline 0 -14"><span class='ocrx_word' id='word_1_856' title='bbox 2148 5278 2282 5334; x_wconf 76' lang='lat' dir='ltr'><strong>Atto.</strong></span> <span class='ocrx_word' id='word_1_857' title='bbox 2322 5276 2436 5332; x_wconf 88' lang='lat' dir='ltr'><strong>Iloc</strong></span> <span class='ocrx_word' id='word_1_858' title='bbox 2469 5291 2653 5331; x_wconf 84' lang='lat' dir='ltr'><strong>verum</strong></span> <span class='ocrx_word' id='word_1_859' title='bbox 2686 5275 2863 5332; x_wconf 85' lang='lat' dir='ltr'><strong>dicis:</strong></span> <span class='ocrx_word' id='word_1_860' title='bbox 2893 5290 3114 5346; x_wconf 90' lang='lat' dir='ltr'><strong>prorsus</strong></span> <span class='ocrx_word' id='word_1_861' title='bbox 3144 5294 3165 5330; x_wconf 81' lang='grc' dir='ltr'><strong>ι</strong></span> <span class='ocrx_word' id='word_1_862' title='bbox 3201 5276 3375 5332; x_wconf 89' lang='lat' dir='ltr'><strong>omnis</strong></span> <span class='ocrx_word' id='word_1_863' title='bbox 3398 5286 3673 5343; x_wconf 84' lang='lat' dir='ltr'><strong>creatura,</strong></span> 
     </span>
    </p>
   </div>
   <div class='ocr_carea' id='block_1_119' title="bbox 2078 5367 3672 5439">
    <p class='ocr_par' dir='ltr' id='par_1_119' title="bbox 2078 5367 3672 5439">
     <span class='ocr_line' id='line_1_119' title="bbox 2078 5367 3672 5439; baseline -0.001 -15"><span class='ocrx_word' id='word_1_864' title='bbox 2078 5369 2131 5424; x_wconf 91' lang='lat' dir='ltr'><strong>in</strong></span> <span class='ocrx_word' id='word_1_865' title='bbox 2157 5376 2409 5439; x_wconf 83' lang='lat' dir='ltr'><strong>quantum</strong></span> <span class='ocrx_word' id='word_1_866' title='bbox 2438 5367 2718 5432; x_wconf 86' lang='lat' dir='ltr'><strong>conditur,</strong></span> <span class='ocrx_word' id='word_1_867' title='bbox 2749 5368 2891 5423; x_wconf 90' lang='lat' dir='ltr'><strong>bona</strong></span> <span class='ocrx_word' id='word_1_868' title='bbox 2919 5377 3002 5423; x_wconf 90' lang='lat' dir='ltr'><strong>est</strong></span> <span class='ocrx_word' id='word_1_869' title='bbox 3028 5386 3042 5424; x_wconf 90' lang='lat'><strong>:</strong></span> <span class='ocrx_word' id='word_1_870' title='bbox 3081 5388 3098 5422; x_wconf 77' lang='grc' dir='ltr'><strong>ι</strong></span> <span class='ocrx_word' id='word_1_871' title='bbox 3140 5379 3196 5424; x_wconf 88' lang='lat' dir='ltr'><strong>et</strong></span> <span class='ocrx_word' id='word_1_872' title='bbox 3224 5368 3342 5424; x_wconf 85' lang='lat' dir='ltr'><strong>ideo</strong></span> <span class='ocrx_word' id='word_1_873' title='bbox 3370 5369 3509 5423; x_wconf 88' lang='lat' dir='ltr'><strong>sicut</strong></span> <span class='ocrx_word' id='word_1_874' title='bbox 3539 5368 3672 5437; x_wconf 89' lang='lat' dir='ltr'><strong>hoc,</strong></span> 
     </span>
    </p>
   </div>
   <div class='ocr_carea' id='block_1_120' title="bbox 2079 5457 3671 5530">
    <p class='ocr_par' dir='ltr' id='par_1_120' title="bbox 2079 5457 3671 5530">
     <span class='ocr_line' id='line_1_120' title="bbox 2079 5457 3671 5530; baseline 0.001 -18"><span class='ocrx_word' id='word_1_875' title='bbox 2079 5458 2147 5513; x_wconf 90' lang='lat' dir='ltr'><strong>ita</strong></span> <span class='ocrx_word' id='word_1_876' title='bbox 2174 5466 2228 5514; x_wconf 90' lang='lat' dir='ltr'><strong>et</strong></span> <span class='ocrx_word' id='word_1_877' title='bbox 2255 5457 2396 5528; x_wconf 89' lang='lat' dir='ltr'><strong>quod</strong></span> <span class='ocrx_word' id='word_1_878' title='bbox 2421 5457 2661 5527; x_wconf 84' lang='lat' dir='ltr'><strong>sequitur</strong></span> <span class='ocrx_word' id='word_1_879' title='bbox 2679 5458 2889 5529; x_wconf 85' lang='lat' dir='ltr'><strong>utrique</strong></span> <span class='ocrx_word' id='word_1_880' title='bbox 2908 5457 3163 5525; x_wconf 83' lang='lat' dir='ltr'><strong>dicimus;</strong></span> <span class='ocrx_word' id='word_1_881' title='bbox 3191 5460 3443 5530; x_wconf 87' lang='lat' dir='ltr'><strong>quoniam</strong></span> <span class='ocrx_word' id='word_1_882' title='bbox 3473 5476 3493 5510; x_wconf 75' lang='grc' dir='ltr'><strong>ι</strong></span> <span class='ocrx_word' id='word_1_883' title='bbox 3522 5458 3671 5513; x_wconf 84' lang='lat' dir='ltr'><strong>Deus</strong></span> 
     </span>
    </p>
   </div>
   <div class='ocr_carea' id='block_1_121' title="bbox 2142 5607 3670 5676">
    <p class='ocr_par' dir='ltr' id='par_1_121' title="bbox 2142 5607 3670 5676">
     <span class='ocr_line' id='line_1_121' title="bbox 2142 5607 3670 5676; baseline 0.001 -17"><span class='ocrx_word' id='word_1_884' title='bbox 2142 5615 2156 5676; x_wconf 58' lang='grc' dir='ltr'><strong>ξ</strong></span> <span class='ocrx_word' id='word_1_885' title='bbox 2195 5613 2409 5676; x_wconf 77' lang='lat' dir='ltr'><strong>t‘_ign.,et</strong></span> <span class='ocrx_word' id='word_1_886' title='bbox 2423 5607 2748 5676; x_wconf 35' lang='lat' dir='ltr'><strong>siutitet‘nﬁtss</strong></span> <span class='ocrx_word' id='word_1_887' title='bbox 2770 5646 2785 5676; x_wconf 78' lang='lat'><strong>,</strong></span> <span class='ocrx_word' id='word_1_888' title='bbox 2797 5609 3089 5665; x_wconf 60' lang='lat' dir='ltr'><strong>commutent</strong></span> <span class='ocrx_word' id='word_1_889' title='bbox 3105 5625 3124 5675; x_wconf 86' lang='grc'><strong><em>;</em></strong></span> <span class='ocrx_word' id='word_1_890' title='bbox 3138 5613 3326 5676; x_wconf 79' lang='lat' dir='ltr'><strong>absque</strong></span> <span class='ocrx_word' id='word_1_891' title='bbox 3337 5610 3582 5675; x_wconf 34' lang='lat' dir='ltr'><strong>partimin.</strong></span> <span class='ocrx_word' id='word_1_892' title='bbox 3601 5619 3670 5664; x_wconf 72' lang='lat' dir='ltr'><strong>et.</strong></span> 
     </span>
    </p>
   </div>
   <div class='ocr_carea' id='block_1_122' title="bbox 2140 5646 2843 5743">
    <p class='ocr_par' dir='ltr' id='par_1_122' title="bbox 2140 5646 2843 5743">
     <span class='ocr_line' id='line_1_122' title="bbox 2140 5646 2843 5743; baseline -0.001 -20"><span class='ocrx_word' id='word_1_893' title='bbox 2140 5674 2160 5743; x_wconf 71' lang='grc' dir='ltr'><strong>ξ</strong></span> <span class='ocrx_word' id='word_1_894' title='bbox 2192 5646 2407 5743; x_wconf 56' lang='grc' dir='ltr'><strong>ᾇξὲξὲεἶξ</strong></span> <span class='ocrx_word' id='word_1_895' title='bbox 2417 5646 2843 5743; x_wconf 59' lang='grc' dir='ltr'><strong>ἒὶὶἱὲξέἱῆἴιεᾚιὶἑῖ</strong></span> 
     </span>
    </p>
   </div>
   <div class='ocr_carea' id='block_1_123' title="bbox 2141 5735 2842 5796">
    <p class='ocr_par' dir='ltr' id='par_1_123' title="bbox 2141 5735 2842 5796">
     <span class='ocr_line' id='line_1_123' title="bbox 2141 5735 2842 5796; baseline -0.001 -12"><span class='ocrx_word' id='word_1_896' title='bbox 2141 5735 2161 5767; x_wconf 86' lang='grc'><strong><em>³</em></strong></span> <span class='ocrx_word' id='word_1_897' title='bbox 2196 5740 2276 5785; x_wconf 77' lang='lat' dir='ltr'><strong>Ms.</strong></span> <span class='ocrx_word' id='word_1_898' title='bbox 2302 5740 2448 5796; x_wconf 62' lang='lat' dir='ltr'><strong>Fort,</strong></span> <span class='ocrx_word' id='word_1_899' title='bbox 2469 5735 2842 5786; x_wconf 79' lang='lat' dir='ltr'><strong>retioct&#39;nottone.</strong></span> 
     </span>
    </p>
   </div>
  </div>
