3954 6178
343 322 518 375 ’3315

342 443 664 495 naturarum
705 440 888 485 auctor
927 426 1185 484 benarutn
1213 428 1359 484 nullo
1387 427 1563 498 operis
1597 426 1678 482 sui
1723 425 1949 480 crimine

344 526 674 586 maculatus,
724 540 818 592 per
860 523 1038 577 omnia
1083 523 1256 577 bonus
1298 521 1565 592 probatur.
1599 539 1618 572 ›
1661 518 1774 574 Iloc
1800 519 1944 575 enim

347 627 526 672 totout
566 616 714 670 illic‘
746 615 1101 681 connectitur,
1143 612 1285 683 quod
1327 631 1346 665 ι
1383 610 1558 666 omnis
1595 618 1858 676 creatura,
1889 609 1943 664 in

341 717 608 778 quantum
637 703 901 771 conditur,
928 705 1066 760 bona
1092 714 1195 760 est.
1233 724 1252 757 ι
1287 707 1362 759 Ae
1385 719 1478 773 per
1503 702 1604 758 ltoc
1627 712 1680 759 et
1707 702 1868 756 homo
1890 701 1942 756 in

342 810 609 871 quantum
641 798 911 865 conditur,
943 797 1113 851 bonus
1133 807 1215 851 est
1252 814 1266 850 :
1308 796 1363 850 in
1389 805 1644 866 quantum
1671 803 1850 848 autem
1877 792 1946 848 de

348 892 534 947 vitiata
564 891 771 962 origine
807 897 1115 962 generatur,
1147 889 1319 945 bonus
1350 904 1453 944 non
1487 897 1599 956 est;
1632 887 1752 943 ideo
1788 901 1944 959 rege-

344 983 619 1036 nerandus
647 989 751 1036 est.

429 1072 582 1128 CLX.
616 1071 740 1127 Jun.
767 1071 870 1126 Sed
901 1081 1075 1126 tamen
1102 1070 1188 1126 ille
1216 1070 1302 1142 qui
1335 1069 1554 1125 fulmine
1573 1068 1810 1125 veritatis
1837 1076 1944 1123 tam

347 1165 649 1234 perspicua:
691 1163 922 1228 interiit,
961 1179 1026 1218 ex
1068 1171 1218 1232 parte
1246 1162 1421 1232 aliqua
1460 1161 1668 1216 videtur
1706 1161 1932 1231 spirare,

348 1271 475 1310 cum
497 1255 767 1311 confertur
793 1255 904 1310 tibi.
936 1255 1014 1309 illi
1031 1256 1174 1309 enim
1198 1245 1304 1309 tela
1326 1253 1590 1324 dogmatis
1615 1253 1718 1318 sui,
1751 1251 1938 1306 funda-

349 1356 538 1402 mento
551 1345 667 1415 ejus
690 1343 1057 1399 tantummodo
1074 1352 1312 1408 nutante,
1331 1351 1596 1398 structura
1617 1341 1904 1397 collabitur
1927 1359 1942 1395 :

347 1437 448 1491 tibi
470 1445 649 1490 autem
678 1435 777 1490 tria
800 1432 1044 1490 similiter
1070 1433 1338 1501 vacillant,
1362 1442 1420 1488 ut
1445 1433 1519 1489 illi
1542 1447 1726 1487 unum.
1756 1433 1833 1487 Ac
1851 1445 1948 1500 per

345 1534 478 1597 hoc,
506 1529 625 1585 vide
655 1537 832 1584 utrum
868 1524 1080 1582 a-dilicii
1113 1527 1187 1582 tui
1231 1524 1521 1596 quidquam
1559 1524 1726 1594 possit
1764 1538 1944 1578 assur-

342 1635 497 1688 gere.
540 1618 722 1675 Manes
758 1621 780 1651 ²
825 1633 955 1689 ergo
995 1626 1186 1688 putans
1219 1631 1342 1672 esse
1367 1615 1608 1671 naturale
1637 1622 1937 1686 peccatum,

345 1709 496 1779 quod
522 1709 622 1764 nisi
649 1708 1005 1765 voluntarium
1031 1722 1151 1762 esse
1180 1723 1287 1762 non
1319 1714 1515 1776 potest,
1550 1705 1602 1760 in
1629 1719 1798 1760 vacuo
1818 1703 1942 1758 fun-

346 1801 604 1858 damenta
631 1803 843 1859 locavit.
875 1801 1100 1871 Reliqua
1137 1815 1266 1854 vero
1289 1799 1439 1869 juxta
1465 1813 1524 1853 se
1553 1805 1945 1867 consequenter

347 1894 634 1964 imposuit,
681 1893 890 1961 dicens,
941 1890 1194 1962 quoniam
1235 1897 1320 1944 est
1364 1887 1605 1942 naturale
1644 1896 1939 1956 peccatum,

348 1985 547 2038 malam
577 1998 697 2040 esse
723 1991 1000 2047 naturam;
1035 1981 1190 2035 malm
1218 1988 1395 2034 autem
1426 1977 1503 2033 rei
1543 1987 1814 2032 auctorem
1844 1975 1942 2031 bo-

347 2089 480 2128 num
512 2088 616 2128 non
645 2089 766 2130 esse
798 2091 811 2127 :
845 2087 907 2127 ac
953 2087 1046 2142 per
1078 2071 1203 2139 hoc,
1243 2084 1403 2126 omne
1446 2069 1735 2122 humanum
1776 2083 1945 2137 genus

345 2166 707 2234 reputandum
735 2163 960 2234 principi
985 2162 1323 2225 tenebrarum
1354 2177 1367 2213 :
1396 2159 1539 2230 quod
1561 2168 1729 2213 totum
1757 2158 1943 2228 utique

345 2264 496 2310 stare
527 2254 806 2324 potuisset,
840 2253 942 2306 nisi
970 2251 1098 2306 illud
1121 2252 1349 2321 primum
1379 2252 1496 2319 ejus
1529 2247 1834 2303 suti'odisset
1857 2264 1944 2303 vc-

349 2347 505 2408 ritas,
535 2345 587 2398 id
619 2352 723 2409 est,
758 2351 1036 2413 peccatum
1064 2356 1198 2410 opus
1229 2340 1413 2395 libera:
1441 2339 1728 2393 voluntatis
1764 2337 1942 2392 doceri

347 2435 595 2490 naturale
634 2450 740 2488 non
801 2447 956 2504 posse
986 2475 1001 2500 ,
1049 2442 1102 2488 et
1143 2429 1403 2501 quidquid
1446 2429 1635 2484 fuisset
1680 2429 1940 2493 naturale,

349 2539 629 2600 peccatum
656 2543 776 2582 esse
799 2543 907 2582 non
939 2541 1115 2596 posse.

421 2624 558 2678 Anc.
593 2619 847 2676 Similiter
867 2625 1049 2673 contra
1078 2627 1127 2670 te
1148 2623 1324 2685 potest
1348 2613 1680 2668 ratiocinatio
1702 2613 1798 2667 ista
1817 2626 1945 2666 con-

350 2713 461 2768 texi
493 2730 505 2766 :
538 2711 668 2777 Quia
703 2725 807 2765 non
841 2709 909 2762 ita
940 2710 1114 2762 fatuus
1142 2721 1220 2771 es,
1255 2714 1312 2759 ιιι
1339 2705 1547 2774 ingenia
1573 2705 1738 2769 fatua,
1779 2703 1830 2757 id
1861 2711 1944 2757 est

348 2801 526 2858 fatuos
556 2801 820 2866 homines,
854 2799 999 2854 nasci
1049 2811 1208 2868 neges
1240 2814 1252 2850 :
1286 2809 1412 2866 ergo
1441 2793 1561 2848 andi
1591 2803 1676 2848 tua
1703 2792 1942 2848 fatuitate

348 2903 614 2966 quantum
655 2891 923 2963 adjuveris
954 2889 1278 2944 dementiam
1306 2885 1604 2942 Maniebmi.
1634 2885 1771 2939 Dicit
1797 2884 1941 2938 enim

351 2987 546 3041 doctus
591 2999 622 3038 a
682 2993 733 3038 te
801 2982 938 3053 ipso,
987 2980 1236 3052 quoniam
1279 2978 1534 3032 naturalis
1587 2985 1670 3032 est
1708 2975 1940 3040 fatuitas,

351 3077 597 3133 eamdem
628 3074 825 3129 fatuam
862 3089 983 3129 esse
1025 3081 1300 3135 naturam;
1344 3067 1613 3141 quomodo
1640 3076 1696 3122 tu
1723 3067 1940 3134 dixisti,

357 3187 374 3220 t
409 3167 665 3238 quoniam
696 3173 798 3233 est,
828 3163 1070 3219 naturale
1092 3169 1389 3232 peccatum,
1422 3158 1619 3214 malum
1645 3171 1764 3212 esse
1788 3165 1943 3211 natu-

353 3277 470 3323 ram
510 3279 525 3316 :
569 3279 589 3313 ι
637 3258 831 3315 deinde
859 3257 946 3314 ille
993 3256 1169 3320 addit,
1222 3253 1379 3308 fatum
1423 3261 1598 3306 autem
1649 3249 1725 3304 rei
1758 3257 1940 3304 aucto-

351 3369 465 3408 rem
508 3351 800 3422 sapientem
847 3365 952 3404 non
993 3362 1150 3412 esse;
1200 3347 1337 3401 sicut
1395 3353 1452 3399 tu
1497 3341 1694 3407 dixisti,
1733 3359 1751 3391 ι
1791 3341 1943 3394 malae

350 3455 530 3499 autem
585 3443 662 3497 rei
715 3449 990 3498 auctorem
1048 3439 1241 3492 bonum
1290 3450 1394 3490 non
1451 3449 1613 3490 esse:
1667 3451 1685 3484 ι
1733 3442 1942 3502 postre-

351 3553 442 3590 tno
495 3536 585 3590 ilie
645 3531 944 3596 concludit,
995 3533 1071 3584 Ac
1108 3545 1200 3600 per
1268 3527 1390 3593 ltoc,
1459 3523 1722 3579 fatuorum
1769 3522 1942 3576 homi-

352 3645 479 3684 num
542 3641 719 3698 genus
791 3622 1139 3695 repntandum
1188 3617 1410 3690 principi
1472 3615 1810 3680 tenebrarum
1866 3613 1943 3667 sic

351 3720 494 3773 enim
543 3727 598 3773 et
644 3727 700 3772 tu
743 3714 1070 3778 conclusisti,
1114 3712 1332 3767 dicens:
1362 3727 1381 3760 t
1413 3709 1489 3762 Ac
1514 3723 1607 3776 per
1633 3707 1752 3771 ltoc,
1783 3719 1940 3759 omne

353 3812 642 3863 humanum
665 3822 829 3877 genus
860 3802 1209 3875 teputandum
1245 3797 1464 3870 principi
1487 3796 1823 3852 tenebrarum
1841 3793 1882 3846 ³.
1917 3812 1940 3848 ι

353 3901 492 3956 Ecce
511 3899 935 3953 Manittltzuusore
958 3905 1045 3949 tuo
1065 3903 1114 3949 te
1127 3893 1270 3958 vicit,
1287 3899 1377 3946 tuo
1409 3898 1459 3943 te
1477 3885 1939 3959 gladiojngttlavit.

350 3991 489 4059 Quid
530 4005 587 4044 cs
625 3987 875 4042 acturus?
923 3985 1107 4056 Neque
1144 3983 1284 4039 enim
1331 3988 1380 4035 te
1417 3978 1673 4033 adversus
1699 3991 1819 4031 cum
1845 3990 1942 4045 po-

351 4094 457 4139 test
507 4079 704 4152 aliquid
751 4079 1023 4149 adjuvare,
1070 4091 1134 4130 ac
1177 4089 1282 4129 non
1327 4072 1486 4127 etiam
1538 4070 1654 4140 plus
1699 4082 1944 4138 premere

349 4185 510 4247 atque
531 4173 840 4238 confodere,
865 4170 1006 4242 quod
1029 4168 1290 4238 adjungis,
1329 4173 1383 4220 et
1407 4163 1562 4229 dicis,
1595 4182 1613 4214 ε
1645 4170 1810 4216 totum
1844 4159 1944 4214 hoc

351 4269 537 4336 utique
567 4275 712 4319 stare
751 4263 1010 4333 potuisse,
1047 4259 1151 4314 nisi
1185 4255 1315 4312 illud
1351 4255 1578 4326 primum
1616 4252 1732 4322 ejus
1778 4249 1940 4304 sulfo-

348 4359 520 4412 disset
548 4357 763 4419 veritas,
807 4353 856 4408 id
891 4361 994 4418 est,
1026 4360 1297 4422 peccatum
1328 4361 1463 4415 Opus
1492 4345 1672 4400 libera:
1699 4342 1944 4396 volunta-

353 4451 426 4504 tis
451 4448 631 4504 doceri
660 4446 898 4501 naturalc
929 4460 1032 4497 non
1061 4455 1236 4512 posse,
1271 4448 1326 4494 et
1354 4435 1607 4519 quidquid
1639 4433 1819 4488 fuisset
1848 4445 1942 4486 na-

354 4540 546 4606 turale,
582 4548 854 4608 peccatum
885 4549 1002 4589 esse
1029 4549 1132 4586 non
1164 4545 1338 4602 posse.
1377 4548 1394 4580 ι
1425 4526 1558 4595 Quid
1589 4539 1640 4578 te
1663 4526 1762 4578 hoc
1791 4522 1945 4592 adju-

349 4641 464 4695 vat,
496 4639 551 4684 et
581 4627 849 4699 quomodo
879 4641 983 4680 non
1009 4625 1174 4694 magis
1196 4621 1467 4690 magisque
1497 4615 1752 4672 sulfoeat?
1779 4615 1944 4668 Num-

349 4722 480 4794 quid
496 4722 639 4776 enim
665 4729 812 4789 potes
839 4719 1035 4784 dicere,
1067 4715 1355 4769 fatuitatem
1379 4709 1670 4764 naturalem
1701 4722 1822 4761 esse
1841 4722 1944 4760 non

353 4811 551 4882 posse?
579 4820 684 4864 stat
709 4823 836 4880 ergo
861 4807 1115 4861 adversus
1135 4814 1206 4869 te,
1238 4799 1378 4872 quod
1401 4802 1452 4854 in
1477 4798 1636 4852 simili
1666 4796 1945 4850 ratiocina-

355 4908 503 4956 tione
537 4902 768 4971 pritnum
802 4898 976 4968 posuit
1005 4892 1347 4955 Manicbmns,
1392 4889 1643 4960 quoniam
1679 4895 1758 4942 est
1795 4894 1947 4939 natu-

353 4995 484 5049 ralis
510 4993 725 5047 fatuitas
762 5009 774 5044 :
814 4989 900 5045 cui
937 4987 1082 5042 velut
1112 4984 1460 5040 fundamento
1484 4989 1678 5035 cartera
1705 4977 1822 5048 ejus
1848 4991 1946 5046 pun

355 5087 482 5139 tasti
522 5089 916 5152 consequenter
943 5086 1172 5133 astructa
1203 5075 1247 5140 ⁸,
1291 5088 1460 5142 usque
1498 5071 1564 5125 ad
1603 5069 1817 5125 culmen
1860 5067 1948 5122 ubi

352 5178 487 5232 dicit
509 5219 524 5243 ,
566 5175 670 5230 tale
708 5173 982 5228 hominum
1014 5182 1183 5241 genus
1211 5165 1563 5236 reputantium
1597 5162 1818 5235 principi
1867 5170 1948 5214 te-

358 5271 671 5324 nebrarum.
718 5265 826 5320 Nos
870 5272 1046 5318 autem
1093 5259 1318 5331 primum
1370 5251 1498 5309 illud
1546 5251 1948 5306 fundamentum

428 5428 440 5456 2
482 5432 582 5456 ναι-Ι
594 5437 621 5456 ιη
666 5419 740 5456 δΙΙί

428 5428 440 5456 ,
673 5421 684 5430 .
729 5421 740 5429 .

427 5489 447 5517 ³
482 5421 782 5541 gitlif’aiiiie.
822 5488 875 5529 At
896 5485 1026 5538 uss,
1073 5483 1268 5536 Manes;
1307 5483 1484 5523 nomen
1524 5469 1769 5533 praprium
1806 5467 1950 5514 arani-

360 5549 546 5658 d’flfu
574 5615 680 5656 Mss.
706 5603 1024 5658 restituimus,
1066 5601 1136 5650 sic
1152 5596 1276 5649 enim
1298 5603 1342 5646 et
1359 5602 1410 5646 tu
1432 5588 1724 5660 cmtclnsisti,
1749 5586 1950 5660 dicens;

370 5689 396 5720 ι
423 5656 595 5729 “per
619 5668 727 5727 hoc,
749 5679 885 5717 omne
917 5656 1176 5713 Ituntanwn
1209 5672 1357 5724 genus
1394 5656 1715 5721 reputantium
1741 5656 1950 5716 priitczpt'

374 5753 398 5780 ι
429 5731 750 5784 latebrarum.
784 5745 839 5794 ιιΔ
1035 5791 1043 5794 _
1081 5783 1092 5794 _

437 5795 459 5827 ⁸
492 5795 565 5845 sic
588 5800 692 5842 Mss.
718 5799 771 5843 At
793 5791 951 5852 Vign.,
973 5789 1184 5838 astricta.

1748 312 1950 368 LIBER
1988 310 2307 370 TERTIUS.

3502 320 3638 375 15Ῑῶ

2062 431 2179 498 ejus
2205 428 2514 495 evertimus,
2553 431 2640 500 qui
2687 431 2980 484 naturalem
3014 430 3306 486 fatuitatem
3345 431 3468 488 ideo
3508 435 3641 491 dici-

2058 536 2195 584 mus,
2240 521 2362 590 quia
2409 530 2698 576 nascuntur
2738 523 2982 577 homines
3029 521 3157 576 fatui
3203 541 3215 576 :
3263 538 3328 578 ex
3356 523 3642 581 accidente

2056 611 2262 667 scilicet
2290 612 2434 676 vitio,
2457 627 2522 667 ex
2548 627 2653 682 quo
2683 612 2985 682 bujusmodi
3012 614 3161 684 origo
3182 615 3375 670 merito
3400 618 3644 673 trahere-

2057 711 2163 768 tur,
2194 717 2296 757 non
2318 703 2440 774 quia
2469 717 2627 772 prava
2655 713 2736 758 est
2761 703 3005 772 primitus
3035 705 3262 758 humana
3287 705 3524 761 instituta
3549 722 3644 762 na-

2058 801 2192 857 tura,
2245 793 2380 848 sicut
2429 793 2622 863 desipit
2671 793 3012 849 Manicbaeus.
3059 795 3134 849 Ac
3163 810 3260 866 per
3306 794 3428 862 boc,
3481 797 3642 852 etiam

2055 881 2197 954 quod
2217 894 2606 953 consequenter
2633 882 2890 954 adjungit,
2917 884 3160 940 eamdem
3183 885 3380 940 fatuam
3406 901 3525 942 esse
3550 903 3646 944 na-

2057 982 2265 1039 turam;
2296 987 2392 1027 nos
2419 981 2637 1044 prepter
2663 974 2866 1040 vitium,
2891 989 3013 1028 cum
3041 991 3146 1045 quo
3173 986 3330 1031 natus
3355 987 3437 1032 est
3467 977 3644 1033 fatuus

2056 1063 2219 1120 homo
2239 1107 2254 1132 ,
2287 1080 2392 1120 non
2434 1072 2653 1136 propter
2682 1065 2822 1136 quod
2850 1066 2901 1120 in
2930 1066 3020 1122 illo
3050 1073 3132 1122 est
3160 1068 3427 1137 opificium
3457 1070 3642 1127 condi-

2055 1156 2186 1210 toris
2229 1155 2375 1222 boni,
2403 1172 2586 1212 verum
2628 1172 2747 1212 esse
2773 1158 3137 1214 concedimus.
3182 1158 3350 1214 Natus
3387 1171 3468 1215 est
3497 1161 3644 1216 enim

2053 1246 2248 1314 fatuus,
2270 1249 2541 1303 accidente
2563 1249 2727 1313 vitio;
2761 1247 2922 1304 homo
2948 1259 3126 1304 autem
3148 1259 3360 1305 creatus
3385 1259 3487 1317 est,
3515 1266 3645 1321 ope.

2053 1348 2204 1393 rante
2231 1339 2356 1394 Deo.
2389 1340 2587 1394 Deinde
2609 1340 2748 1410 quod
2775 1340 2940 1406 addit,
2969 1342 3124 1396 fatua:
3147 1352 3325 1398 autem
3357 1343 3434 1398 rei
3462 1353 3642 1398 aucto-

2053 1444 2167 1485 rcm
2195 1445 2299 1483 non
2329 1445 2448 1484 esse
2477 1431 2772 1500 sapientem
2795 1474 2809 1498 ,
2843 1441 2899 1486 ut
2925 1446 3011 1487 res
3045 1434 3157 1504 ipsa
3187 1433 3348 1489 homo
3375 1435 3641 1506 intelliga-

2054 1528 2166 1586 tur;
2217 1535 2322 1574 non
2362 1535 2480 1576 esse
2509 1536 2840 1590 consequens
2868 1522 3115 1578 dicimus.
3146 1524 3276 1594 Ejus
3316 1525 3511 1595 quippe
3538 1525 3640 1580 lto-

2053 1611 2213 1666 minis
2239 1613 2330 1682 qui
2382 1611 2557 1667 fatuus
2585 1623 2742 1668 natus
2771 1622 2871 1682 est,
2915 1616 3081 1670 Deum
3120 1616 3366 1683 dicimus,
3397 1619 3642 1689 quamvis

2050 1718 2158 1759 non
2185 1703 2424 1760 dicamus
2460 1705 2628 1776 ipsius
2666 1705 2944 1774 fatuitatis,
2985 1717 3280 1765 auctorem.
3325 1709 3455 1777 Quae
3486 1711 3645 1765 fatui-

2051 1803 2131 1849 tas
2161 1810 2266 1849 non
2293 1805 2376 1850 est
2405 1806 2592 1850 natura
2613 1805 2770 1866 atque
2790 1797 3108 1864 substantia,
3138 1814 3256 1869 qua:
3277 1815 3380 1854 non
3405 1802 3642 1855 nascitur

2050 1885 2150 1940 nisi
2180 1895 2396 1942 creante
2423 1887 2566 1952 Deo;
2609 1887 2703 1943 sed
2743 1888 2980 1957 ejusdem
3007 1898 3212 1946 natura:
3241 1891 3425 1946 vitium
3448 1934 3462 1957 ,
3495 1893 3638 1962 quod

2049 1976 2240 2033 accidit
2265 1978 2474 2034 sinente
2501 1978 2613 2032 Deo
2642 1996 2655 2030 :
2681 1978 2827 2049 justo
2867 1989 3045 2036 autem
3083 1981 3284 2052 judicio
3310 1983 3475 2038 Deum
3516 1985 3586 2038 ita
3615 1985 3633 2016 ⁸

2048 2069 2248 2135 sinere,
2279 2084 2382 2123 non
2410 2069 2589 2141 utique
2616 2070 2944 2127 dubitamus.
2977 2073 3051 2128 Ita
3076 2073 3402 2130 deSIruimus
3430 2085 3484 2130 et
3518 2075 3632 2128 Ma-

2052 2158 2286 2214 nichmos
2316 2160 2485 2214 malos
2529 2161 2696 2216 ruinae
2736 2177 2848 2216 suae
2885 2172 3198 2232 structores,
3240 2173 3294 2221 et
3323 2165 3638 2237 Pelagianos

2051 2249 2463 2304 Manicbtcorum
2495 2250 2669 2307 fatuos
2695 2252 2987 2322 adjutores.

2119 2339 2298 2395 CLXI.
2338 2339 2456 2397 Jun.
2498 2341 2690 2397 Primae
2721 2343 2879 2414 igitur
2905 2345 3232 2402 deﬁnitionis
3257 2362 3448 2404 eversu
3471 2392 3486 2416 ,
3514 2350 3634 2404 cul-

2049 2432 2191 2486 mina
2224 2433 2340 2502 ejus
2375 2435 2427 2488 in
2458 2435 2630 2489 solum
2656 2451 2857 2491 cuneus
2879 2438 3098 2493 rationis
3125 2438 3332 2494 effudit.
3365 2440 3502 2509 Quid
3532 2443 3632 2512 igi-

2050 2532 2135 2577 tur
2160 2523 2227 2578 de
2258 2533 2309 2578 te
2333 2539 2538 2594 speras,
2570 2526 2724 2596 cujus
2751 2529 2849 2582 tria
2884 2529 2956 2583 ita
2993 2538 3117 2583 sunt
3147 2531 3198 2584 in
3235 2531 3460 2597 lubrico,
3499 2533 3635 2588 sicut

2048 2613 2188 2668 illius
2213 2614 2410 2668 unum?
2439 2616 2577 2671 Dicis
2603 2619 2744 2672 enim
2773 2619 2966 2688 primo,
3005 2621 3250 2675 naturale
3279 2636 3400 2678 esse
3446 2638 3636 2693 pecca-

2049 2711 2190 2768 tum;
2211 2704 2464 2771 secundo,
2489 2705 2685 2762 bonum
2711 2707 2896 2775 Deum,
2919 2709 3010 2779 qui
3037 2710 3198 2777 mala,
3219 2710 3270 2764 id
3296 2721 3379 2767 est
3395 2722 3629 2782 peccata,

2047 2793 2260 2858 condat,
2285 2795 2550 2865 informet,
2576 2798 2856 2864 extendat;
2875 2800 3030 2855 tertio
3050 2817 3199 2868 vero,
3214 2816 3325 2858 rem
3348 2803 3636 2859 voluntatis

2048 2885 2342 2942 immixtum
2363 2903 2481 2944 esse
2497 2890 2810 2964 seminibus.
2828 2889 2954 2947 liam
2984 2908 3112 2963 ergo
3141 2894 3239 2948 tria
3265 2893 3634 2950 definitionum

2050 2984 2256 3032 tuarum
2280 2980 2449 3050 capita
2470 2980 2676 3051 singula
2698 2981 2838 3052 apud
2858 2993 3029 3038 semet
3047 2984 3293 3039 vacillant
3318 3003 3330 3038 :
3358 2985 3631 3052 vacillant,

2049 3067 2251 3138 inquit),
2297 3069 2404 3123 imo
2429 3079 2486 3124 ut
2514 3069 2666 3126 funes
2700 3087 2731 3126 e
2769 3073 2985 3140 sabulo,
3016 3073 3322 3129 dilabuntur
3347 3087 3634 3148 antequam

2048 3165 2257 3211 coeant.
2286 3157 2462 3216 Unum
2484 3176 2632 3231 ergo,
2666 3161 2718 3216 id
2743 3171 2845 3229 est,
2875 3164 3115 3218 naturale
3142 3177 3417 3234 peccatum
3438 3167 3549 3236 jam
3577 3169 3632 3224 in

2046 3249 2360 3319 Manicbmo,
2389 3268 2457 3308 ex
2483 3253 2686 3308 directo
2712 3255 2927 3324 quidem
2953 3257 3281 3312 destructum
3311 3259 3456 3327 jacet
3483 3279 3497 3314 :
3531 3263 3634 3318 alia

2047 3352 2227 3397 autem
2255 3343 2362 3398 duo
2386 3359 2506 3414 quae
2531 3345 2798 3415 Opinionis
2821 3357 3015 3402 vestra:
3043 3357 3168 3403 sunt
3194 3352 3430 3420 propria,
3466 3352 3632 3408 Matti-

2047 3434 2197 3490 cbaeo
2225 3435 2447 3492 totidem
2478 3437 2779 3493 intereunte
2804 3480 2819 3506 ,
2848 3441 2943 3495 sed
2965 3448 3218 3496 consueta
3249 3443 3270 3472 ²
3301 3441 3632 3499 occiderunt.

2047 3526 2179 3581 Nam
2220 3529 2264 3582 si
2323 3527 2412 3583 ille
2450 3542 2571 3583 reos
2618 3529 2765 3585 nasci
2821 3530 3098 3598 homines,
3148 3547 3247 3587 nec
3295 3548 3389 3603 per
3439 3534 3632 3589 malant

2049 3625 2330 3686 naturam,
2386 3633 2487 3674 nec
2555 3634 2652 3688 per
2716 3619 3014 3690 principem
3072 3623 3411 3678 tenebrarum
3466 3627 3637 3694 potuit

2046 3707 2347 3774 vindicare;
2400 3716 2600 3780 quanto
2644 3711 2812 3780 magis
2851 3725 2946 3765 vos
2985 3712 3152 3778 stulti,
3197 3713 3284 3782 qui
3338 3713 3403 3767 ad
3453 3725 3634 3768 osten-

2047 3798 2219 3853 denda
2273 3800 2606 3854 nascentium
2667 3800 2890 3854 crimina
2940 3801 3192 3871 junxistis
3235 3805 3633 3859 accusationem

2050 3890 2178 3944 Dei?
2207 3891 2410 3967 Acper
2435 3889 2537 3945 hoc
2559 3931 2575 3955 ,
2614 3891 2749 3944 sicut
2789 3908 2893 3945 non
2944 3901 3117 3961 potest
3141 3904 3329 3948 natura
3358 3909 3632 3964 essepec-

2047 3991 2260 4048 citum,
2308 3997 2414 4052 quo
2457 3981 2676 4036 fulmine
2711 3982 2984 4035 Maniclta-i
3025 3982 3215 4052 dogma
3262 3983 3506 4050 dissiliit;
3562 3985 3634 4039 ita

2048 4077 2294 4142 recurrit,
2338 4083 2397 4129 ut
2437 4074 2579 4146 quod
2625 4083 2898 4146 peccatum
2939 4083 3044 4142 est,
3088 4076 3328 4130 naturale
3361 4091 3480 4132 esse
3526 4093 3633 4133 non

2050 4172 2234 4240 possit.
2281 4169 2387 4224 Res
2436 4169 2578 4223 enim
2623 4167 2910 4222 voluntatis
2960 4183 3066 4222 non
3114 4170 3304 4224 transit
3352 4169 3402 4223 in
3446 4169 3633 4224 condi-

2050 4263 2244 4318 tionem
2271 4262 2582 4318 substantite
2616 4280 2629 4316 :
2661 4260 2800 4333 quod
2825 4271 2878 4316 tu
2910 4259 3106 4316 factum
3135 4262 3429 4317 arbitrarts.
3470 4262 3630 4320 Multo

2049 4363 2225 4408 autem
2250 4354 2417 4424 magis
2447 4361 2691 4419 constat,
2727 4353 2895 4408 Deum
2935 4351 3130 4406 bonum
3165 4352 3334 4407 malos
3364 4369 3629 4424 nunquam

2048 4461 2254 4501 creare.
2286 4447 2545 4516 Apparuit
2567 4446 2765 4516 itaque,
2790 4455 3066 4515 peccatum
3090 4445 3141 4498 in
3170 4452 3446 4512 nascente,
3474 4461 3627 4516 quem

2052 4535 2191 4590 Deus
2215 4543 2382 4600 creat,
2409 4550 2529 4590 esse
2555 4551 2658 4589 non
2684 4549 2862 4604 posse.

2121 4625 2256 4682 Anc.
2299 4623 2373 4678 Ita
2410 4633 2617 4679 constat
2654 4624 2819 4679 Deum
2856 4623 3052 4678 bonum
3094 4624 3263 4679 malos
3292 4640 3398 4680 non
3428 4639 3621 4694 creare,

2049 4714 2493 4784 quemadmodum
2537 4723 2746 4769 constat
2785 4715 2948 4770 Deum
2981 4715 3274 4785 sapientem
3317 4713 3493 4770 fatuos
3531 4732 3624 4772 non

2051 4822 2254 4861 creare.
2281 4805 2338 4861 Si
2361 4806 2502 4860 enim
2525 4805 2740 4872 dixeris,
2765 4805 2922 4861 Creat
2943 4805 3154 4876 sapiens
3174 4805 3343 4859 fatuos
3373 4823 3386 4860 :
3412 4821 3622 4875 respon-

2052 4900 2261 4954 debitur
2296 4899 2409 4966 tibi,
2436 4899 2542 4954 Cur
2570 4915 2674 4954 non
2705 4915 2832 4970 ergo
2857 4907 2910 4953 et
2935 4899 3107 4953 bonus
3136 4898 3339 4952 malos?
3368 4897 3517 4954 Unde
3563 4897 3626 4951 fa-

2051 5001 2170 5046 ctus
2209 4991 2438 5064 intentus
2486 5005 2606 5046 cum
2652 4991 2927 5060 qumsicris
2971 4989 3112 5043 unde
3153 4999 3440 5044 nascantur
3486 4989 3635 5055 fatui,

2053 5097 2186 5154 quos
2223 5092 2398 5136 tamen
2428 5079 2671 5135 homines
2715 5081 2850 5135 Deus
2894 5091 3070 5146 creat;
3111 5079 3180 5133 ibi
3224 5078 3360 5134 forte
3401 5081 3635 5136 ilWCﬂiea

2053 5174 2272 5246 originis
2290 5173 2500 5238 vitium,
2527 5171 2614 5242 qui
2639 5169 2790 5224 fateri
2823 5185 2925 5224 non
2950 5171 3028 5223 vis
3058 5169 3313 5241 originale
3338 5182 3632 5240 peccatum.

2055 5268 2136 5320 Att
2162 5281 2288 5321 vero
2311 5273 2521 5335 paratus
2537 5277 2597 5317 es
2615 5262 2812 5325 dicere,
2833 5261 2977 5314 nullo
2993 5260 3148 5314 ullius
3166 5261 3499 5332 prmccdente
3517 5275 3628 5329 pec-

2055 5371 2194 5426 cato,
2223 5361 2381 5412 etiam
2412 5357 2582 5410 latuos
2609 5355 2750 5409 nasci
2791 5355 2841 5408 in
2871 5354 2953 5407 illa
2983 5355 3208 5424 paradisi
3251 5353 3502 5407 felicitate
3542 5367 3640 5421 ρος

2057 5453 2239 5515 tuisse,
2269 5449 2356 5521 qui
2384 5448 2602 5513 erudiri,
2637 5463 2740 5501 non
2772 5447 2890 5502 dico
2920 5446 3119 5508 ferulis,
3153 5443 3245 5500 sed
3287 5458 3387 5498 nec
3413 5441 3642 5497 fustibus

2058 5546 2309 5619 possent?
2333 5542 2487 5612 Quod
2515 5543 2559 5598 si
2589 5557 2695 5597 non
2715 5541 2865 5607 dicis,
2894 5559 2958 5595 ne
2975 5554 3186 5595 onmem
3209 5536 3502 5592 fatuitatem
3527 5532 3642 5592 haec

2119 5707 2134 5733 ⁶
2175 5711 2252 5751 tus.
2273 5705 2415 5757 πνοι-ιη
2442 5695 2551 5748 ista.

2121 5769 2142 5802 ί
2175 5772 2333 5821 ενι-ιο.
2350 5774 2431 5811 seu
2455 5761 2666 5810 consum.
