3962 6180
341 392 478 448 1515

340 610 465 651 cum
487 602 630 649 tanta
655 589 850 646 mentis
892 584 1228 641 deformitate
1266 592 1536 648 nascatur,
1575 588 1631 633 ut
1666 576 1812 632 nullo
1838 589 1927 630 ro-

340 686 476 741 bore
499 681 692 747 atatis,
733 677 872 733 nulla
902 675 1203 747 prolixitate
1243 671 1515 742 temporis,
1560 668 1706 724 nullo
1746 666 1930 723 labore

342 776 661 838 studiorum,
685 771 827 826 nulla
855 768 1114 826 industria
1143 766 1543 836 magistrorum,
1573 761 1731 816 nullis
1756 757 1931 831 poenis

342 865 626 921 verberum
648 862 835 934 possit,
858 876 965 915 non
992 858 1113 915 dico
1133 855 1198 911 ad
1229 855 1563 926 sapientiam,
1589 851 1681 907 sed
1704 849 1770 905 ad
1792 864 1929 921 qua-

344 956 679 1024 lemcumque
704 952 1000 1007 doctrinam
1030 949 1213 1004 utilem
1245 945 1555 1016 pervenire;
1589 943 1678 1013 qui
1719 956 1824 996 non
1851 941 1933 995 vis

340 1045 563 1100 credere
584 1044 747 1098 Deum
764 1042 964 1110 justum
986 1039 1111 1094 ideo
1136 1036 1203 1093 de
1224 1035 1489 1107 paradiso,
1512 1032 1613 1087 hoc
1638 1039 1737 1094 est,
1760 1030 1933 1087 felici-
1994 1043 1997 1045 ί

345 1139 468 1191 tatis
510 1136 651 1199 loco,
693 1134 929 1188 vitiatam
956 1141 1116 1201 atque
1142 1128 1442 1182 damnatam
1468 1133 1715 1180 naturam
1743 1121 1934 1175 hama.

346 1242 470 1283 nam
499 1225 784 1289 dimisisse,
816 1238 884 1277 ne
922 1236 1065 1276 mors
1099 1219 1208 1275 illic
1234 1218 1335 1272 ulla
1366 1215 1716 1285 contingeret,
1747 1212 1798 1267 id
1828 1219 1933 1279 est,

346 1331 448 1372 nec
475 1313 782 1384 temporalis
808 1310 1067 1381 corporis,
1091 1324 1189 1364 nec
1218 1307 1378 1363 totius
1399 1304 1627 1359 hominis
1654 1301 1936 1372 sempiter-

347 1425 437 1470 na,
472 1423 571 1463 nec
600 1408 698 1462 ista
727 1414 807 1460 tot
831 1418 895 1458 ac
923 1412 1066 1458 tanta
1091 1415 1211 1471 quae
1251 1400 1302 1452 in
1341 1411 1536 1468 genere
1559 1394 1794 1449 humano
1818 1407 1939 1449 cer-

348 1502 526 1555 nimus
562 1498 893 1568 ingeniorum
933 1503 987 1548 et
1014 1505 1298 1567 corporum
1336 1488 1495 1552 mala,
1522 1501 1642 1557 quae
1669 1485 1735 1539 de
1760 1483 1940 1538 radice

344 1591 635 1660 depravata
664 1598 824 1656 atque
854 1585 1033 1656 punita
1062 1591 1116 1639 et
1152 1595 1325 1637 massa
1358 1576 1564 1650 perdita
1597 1575 1741 1630 nasci
1780 1589 1939 1645 opor-

355 1682 517 1745 tcbat,
547 1681 598 1735 in
626 1679 843 1748 regione
874 1676 1014 1730 illius
1056 1671 1395 1729 beatitudinis
1440 1676 1815 1732 nascerentur;
1844 1663 1938 1721 sed

350 1773 528 1841 potius
549 1772 600 1823 in
627 1771 707 1824 his
733 1768 888 1822 terris
914 1765 1147 1820 miseria:
1167 1762 1490 1824 mortalium,
1515 1774 1632 1829 qua:
1648 1758 1942 1827 justissime

353 1864 551 1918 inﬂicta
594 1870 695 1926 est,
736 1858 1020 1929 deputatis,
1061 1865 1211 1911 reatu
1241 1860 1598 1924 persequente
1640 1857 1938 1915 nascentes,

353 1968 527 2022 neque
568 1967 597 2003 a
643 1948 1042 2005 renascentibus
1084 1944 1268 2000 labore
1313 1942 1599 1999 recedente
1640 1952 1943 1995 atrunmoso

354 2060 521 2114 usque
547 2043 614 2096 ad
643 2040 882 2110 corporis
911 2047 1157 2092 mortem.

425 2133 628 2190 CLXII.
669 2132 790 2188 ιω..
835 2131 939 2186 Res
977 2129 1123 2184 clara
1148 2134 1250 2195 est,
1273 2135 1329 2182 et
1357 2125 1410 2180 in
1448 2124 1623 2195 primo
1646 2137 1809 2193 Opere
1833 2121 1944 2193 jam

354 2227 682 2281 sufﬁcienter
724 2222 961 2291 impleta.
999 2218 1200 2275 Verum
1243 2216 1493 2288 quoniam
1526 2225 1579 2268 tu
1609 2214 1743 2269 adeo
1773 2215 1946 2283 pellas

356 2334 477 2374 esse
503 2315 736 2383 voluisti,
764 2323 820 2369 ut
848 2313 1078 2382 aliquam
1122 2310 1262 2365 inter
1304 2318 1354 2363 te
1380 2316 1434 2363 et
1458 2306 1806 2362 Manichreum
1833 2306 1945 2361 dis-

357 2412 663 2466 tinctionem
716 2405 894 2463 facere
921 2404 1166 2461 nitereris
1203 2420 1217 2454 :
1255 2401 1377 2457 ideo
1405 2415 1625 2456 necesse
1655 2398 1783 2454 mihi
1806 2413 1948 2454 nunc

356 2511 440 2558 est
459 2515 645 2571 urgere
668 2512 905 2563 causam,
930 2504 989 2550 ut
1013 2509 1119 2549 non
1147 2492 1319 2549 solum
1348 2490 1629 2562 praeteritis
1650 2489 1804 2571 dictis
1821 2487 1945 2556 tuis,

359 2594 453 2649 sed
478 2568 659 2658 etiam,
686 2590 729 2644 si
755 2603 858 2661 qua
888 2587 1141 2656 deinceps
1185 2583 1385 2640 inferre
1416 2568 1722 2648 tentaveris,
1749 2581 1950 2636 clareat

276 2708 281 2711 ι
357 2685 652 2739 obviatum.
679 2680 916 2736 Dicimus
945 2677 1144 2749 itaque,
1175 2684 1284 2731 tam
1321 2674 1519 2730 bonum
1549 2686 1667 2727 esse
1695 2686 1830 2741 opus
1853 2670 1949 2727 Dei

358 2777 412 2832 in
434 2783 710 2841 nascente,
726 2782 785 2829 ut
809 2787 873 2828 ea
899 2785 1020 2841 qua:
1048 2767 1358 2823 substantia:
1380 2765 1495 2836 ejus
1522 2768 1646 2818 sunt
1669 2761 1946 2829 naturalia,

357 2881 494 2936 opus
540 2863 883 2920 emendatore
913 2875 1017 2915 non
1047 2858 1297 2915 habeant.
1330 2855 1593 2923 Quoniam
1631 2853 1951 2925 quicumque

359 2956 648 3022 censuerit,
679 2954 730 3010 id
756 2952 900 3025 quod
924 2967 955 3006 a
982 2950 1092 3006 Deo
1116 2948 1311 3004 factum
1338 2947 1640 3014 conﬁtetur,
1664 2945 1815 3000 aliter
1830 2943 1951 3001 fieri

359 3048 648 3105 debuisse:
682 3045 828 3102 illum
869 3044 986 3099 sine
1026 3040 1189 3097 dubio
1217 3037 1580 3112 reprehendit,
1625 3054 1783 3108 quem
1827 3053 1950 3092 cor-

361 3141 598 3212 rigenda:
626 3139 679 3194 in
708 3138 931 3194 alteram
958 3132 1185 3189 formam
1232 3139 1490 3187 creaturae
1516 3129 1802 3186 confitetur
1824 3129 1954 3183 arti-

362 3233 518 3288 ﬁcem
549 3232 588 3285 ί.
913 3220 917 3224 ’

432 3329 569 3383 Ave.
599 3323 760 3388 Tace,
789 3321 1015 3378 obsecro
1047 3336 1064 3375 :
1106 3316 1233 3389 quid
1276 3316 1509 3387 loquaris
1544 3314 1778 3386 ignoras.
1808 3311 1955 3368 Non-

362 3418 492 3473 nulli
520 3415 717 3470 clausis
742 3413 926 3468 oribus
965 3410 1073 3466 nati
1118 3416 1261 3474 sunt,
1290 3416 1346 3462 et
1371 3408 1450 3462 cis
1490 3421 1523 3461 ιι
1572 3406 1792 3460 medicis
1833 3411 1957 3458 sunt

364 3519 570 3577 aperta.
598 3505 729 3560 Erat
753 3504 891 3572 apud
919 3516 1018 3557 nos
1046 3500 1260 3555 Acatius
1287 3497 1524 3569 quidam,
1562 3495 1787 3552 honesto
1815 3494 1953 3565 apud

365 3613 494 3652 suos
521 3607 671 3650 ortus
698 3594 816 3648 loco
841 3611 855 3647 :
885 3591 1084 3648 clausis
1100 3590 1267 3645 oculis
1291 3596 1469 3643 natum
1499 3601 1558 3642 se
1582 3602 1702 3642 esse
1722 3586 1951 3651 diccbat;

366 3688 463 3745 sed
488 3688 610 3758 quia
642 3688 786 3740 intus
813 3683 928 3738 sani
959 3680 1229 3753 palpebris
1254 3677 1647 3735 cohaerentibus
1674 3694 1779 3733 non
1810 3687 1957 3748 pate~

367 3780 516 3848 bant,
548 3777 814 3835 medicum
845 3790 944 3834 eos
966 3773 1114 3831 ferro
1140 3771 1349 3843 aperire
1376 3771 1627 3839 voluisse,
1656 3786 1831 3842 neque
1855 3769 1959 3827 hoc

367 3871 677 3943 permisisse
712 3868 1012 3939 religiosam
1052 3875 1275 3921 matrem
1305 3878 1479 3929 suam,
1510 3862 1603 3919 sed
1637 3861 1690 3917 id
1715 3861 1958 3918 olfecisse

365 3963 618 4032 imposito
636 3963 657 3993 ¹
683 3976 748 4014 ex
779 3957 1109 4014 Eucharistia
1139 3955 1536 4025 cataplasmate,
1554 3970 1674 4008 cum
1695 3953 1804 4023 jam
1826 3968 1958 4023 puer

367 4055 599 4126 quinque
629 4052 740 4117 fere
761 4058 854 4104 aut
871 4049 1101 4119 amplius
1125 4054 1269 4103 esset
1290 4061 1574 4111 annorum,
1604 4043 1746 4100 unde
1769 4044 1870 4098 hoc
1898 4060 1959 4100 se

362 4147 501 4201 satis
539 4142 846 4200 meminisse
889 4139 1156 4194 narrabat.
1189 4136 1390 4194 Omitto
1420 4134 1566 4190 illum
1592 4135 1955 4206 evangelicum

362 4251 570 4293 aecum
596 4244 798 4295 natum,
814 4230 903 4286 cui
924 4229 1146 4291 lumina,
1167 4242 1287 4298 qua:
1307 4234 1521 4297 propter
1536 4225 1957 4281 commendanda

365 4325 634 4382 mirabilia
665 4337 761 4377 sua
789 4321 965 4376 minus
986 4317 1204 4385 fecerat,
1237 4316 1350 4387 ipse
1375 4314 1579 4373 Artifex
1610 4315 1856 4371 reddidit.
1883 4316 1956 4371 lbi

364 4420 513 4475 enim
534 4432 631 4472 cur
648 4428 823 4470 ctecus
849 4421 1003 4467 natus
1020 4406 1201 4475 fuerit,
1226 4422 1383 4463 causa
1407 4422 1509 4462 non
1539 4406 1694 4461 tacita
1713 4415 1826 4471 est;
1850 4421 1956 4462 non

367 4512 573 4567 scilicet
600 4518 818 4579 propter
845 4512 1120 4578 peccatum
1144 4517 1322 4566 suum,
1344 4500 1427 4556 vel
1456 4509 1756 4570 parentum,
1785 4502 1877 4556 sed
1904 4509 1961 4557 ut

369 4601 839 4657 manifestarentur
865 4613 1026 4668 opera
1058 4596 1152 4652 Dei
1185 4596 1236 4649 in
1260 4593 1370 4650 illo.
1390 4593 1768 4649 Verumtamen
1795 4594 1959 4649 inter-

368 4705 498 4760 roga
528 4688 784 4753 medicos,
815 4695 869 4740 et
896 4687 1076 4742 dicant
1113 4684 1208 4740 tibi
1238 4700 1395 4754 quam
1446 4683 1645 4749 multis,
1694 4681 1782 4737 ubi
1826 4698 1956 4754 pos-

367 4788 516 4842 sunt,
553 4777 897 4849 opitulentur.
946 4790 1014 4830 ne
1040 4774 1162 4829 vitia
1200 4774 1512 4843 corporibus
1542 4775 1717 4829 innata
1742 4789 1959 4846 perma-

368 4879 554 4932 neant,
582 4867 665 4924 vel
691 4866 849 4923 etiam
881 4873 1034 4920 natos
1056 4872 1264 4918 necent.
1288 4861 1418 4917 Nam
1446 4863 1680 4934 quidam,
1712 4865 1850 4929 sicut
1870 4864 1959 4919 alii

370 4963 575 5025 oribus,
605 4960 675 5015 ita
695 4957 891 5015 clausis
915 4956 1253 5012 inferioribus
1276 4955 1535 5011 meatibus
1554 4956 1818 5021 oriuntur,
1840 4971 1960 5027 qua:

369 5053 552 5122 utique
574 5051 698 5106 vitia
723 5050 767 5106 si
795 5058 1064 5116 maneant,
1092 5061 1311 5101 noneos
1340 5046 1522 5101 sinunt
1545 5047 1748 5102 vivere.
1777 5045 1961 5118 Neque

369 5145 516 5201 enim
544 5157 664 5199 cum
705 5141 786 5197 his
814 5140 1114 5196 medicinali
1160 5138 1344 5211 peritia
1388 5137 1699 5195 subvenitur
1726 5137 1960 5195 homini-

372 5236 495 5300 bus,
528 5232 619 5288 Dei
646 5246 807 5302 opera
830 5232 1043 5301 culpata
1071 5230 1441 5286 cmcndantur.
1470 5229 1599 5299 Quis
1626 5233 1766 5287 enim
1799 5249 1959 5289 verax

376 5328 470 5383 Dei
514 5326 687 5383 cultor
728 5325 952 5394 ignorat,
983 5324 1125 5394 quod
1154 5326 1283 5380 tales
1321 5324 1398 5380 sic
1428 5323 1574 5382 nasci
1601 5325 1878 5396 oportebat
1907 5335 1966 5380 nt

377 5418 485 5472 nati
514 5413 795 5472 sunt?Scd
819 5413 976 5469 etiam
1007 5413 1109 5468 hoc
1135 5416 1363 5483 pertinet
1383 5414 1448 5470 ad
1472 5432 1737 5470 rerumnas
1751 5418 1963 5487 generis

380 5507 617 5574 humani,
647 5505 699 5561 in
730 5504 922 5577 quibus
966 5519 1192 5575 aguntur
1220 5507 1270 5560 hi
1299 5506 1320 5538 ³
1345 5506 1463 5562 dies
1488 5507 1629 5569 mali,
1650 5507 1797 5574 justo
1819 5508 1929 5579 jmli
1948 5540 1963 5550 -

440 5607 456 5634 ³
492 5602 568 5652 sic
612 5606 736 5650 Port.
779 5596 863 5648 Alii
908 5610 1027 5649 vero
1060 5604 1167 5648 uss.
1204 5611 1314 5648 cum
1351 5599 1511 5660 editis,
1537 5597 1659 5659 loco,
1695 5598 1965 5665 artiﬁcem;

379 5662 620 5719 ferebant,
644 5668 905 5724 acceptam.

443 5726 462 5794 ξ
497 5720 1041 5794 adjecimps,_i_mpos§tq.
1067 5735 1131 5773 ex
1157 5729 1381 5793 veterum
1402 5725 1619 5774 codicum
1635 5724 1747 5775 title.

438 5786 461 5816 ³
496 5782 651 5847 \‘ig'n.,
674 5783 770 5835 hic.
795 5782 923 5846 uss,
957 5782 1027 5837 lii.
1350 5786 1357 5793 ’

1001 378 1246 438 OPERlS
1282 372 1690 433 IMPERFECTI
1730 368 2001 429 CONTRA
2039 367 2399 439 JULIANUM,
2440 369 2498 427 S.
2540 369 2903 429 AUGUSTINI

338 499 682 562 transcendat
726 488 1024 554 abem-ditas
1055 511 1070 549 :
1100 493 1188 550 die
1229 506 1335 563 quo
1380 490 1572 546 merito
1611 488 1783 558 imago
1833 461 1945 539 Dei.

3478 371 3624 427 {316

2032 483 2118 540 cio
2164 483 2278 548 Dei,
2328 482 2616 551 laboribus,
2659 484 2950 551 doloribus,
3012 482 3313 552 timoribus,
3367 485 3624 555 periculis

2030 573 2171 646 pleni
2204 591 2218 628 :
2248 589 2366 646 qua:
2390 576 2567 630 omnia
2598 576 2734 631 mala
2762 575 2901 631 absit
2928 582 2985 630 ut
3008 584 3191 631 essent
3232 575 3288 630 in
3332 575 3418 629 illa
3447 575 3623 632 felici-

2029 674 2140 721 tate
2166 665 2433 736 paradisi;
2478 681 2542 722 ac
2589 681 2682 741 per
2721 665 2824 721 hoc
2857 681 2960 720 non
2999 666 3390 736 pnllulaverunt
3420 667 3520 721 nisi
3550 666 3627 723 de

2032 755 2213 812 radice
2241 756 2465 827 peccati.
2502 756 2676 825 Quid?
2713 754 2824 827 ipsa
2855 755 3086 826 ingenia,
3117 756 3173 811 si
3204 756 3537 812 dimittantur
3561 767 3626 812 ut

2034 859 2158 903 nata
2183 859 2325 916 sunt,
2352 864 2452 904 nec
2476 848 2733 905 doctrinis
2757 848 3045 904 solertibus
3080 849 3393 905 excolantur
3436 850 3623 906 labore

2034 957 2227 1013 magno
2263 939 2567 995 docentium
2610 949 2769 1010 atque
2804 939 3143 1006 discentium,
3184 956 3362 996 nonne
3399 952 3625 1011 apparet

2035 1034 2211 1106 qualia
2243 1030 2626 1088 remanebunt?
2653 1031 2760 1088 Sed
2784 1046 2880 1087 vos
2903 1031 3206 1086 hominibus
3235 1042 3288 1086 et
3313 1047 3539 1101 corpore
3562 1043 3622 1088 et

2036 1124 2215 1177 animo
2235 1121 2423 1177 vitioso
2450 1107 2587 1177 natis
2608 1130 2838 1175 vestrum
2861 1121 3075 1189 implete
3107 1120 3431 1190 paradisum,
3459 1130 3514 1176 ut
3541 1123 3628 1176 in-

2038 1211 2259 1267 feliciter
2283 1212 2450 1271 oculis
2472 1211 2689 1277 clausis,
2712 1219 2765 1265 et
2785 1209 3120 1281 impudenter
3147 1224 3241 1265 ore
3267 1220 3454 1282 aperto
3466 1227 3627 1283 nege-

2012 1368 2017 1373 θ
2040 1301 2106 1365 tis
2126 1300 2380 1371 originale
2403 1309 2698 1372 peccatum.

2110 1391 2333 1448 CLXI".
2359 1392 2478 1448 Jun.
2497 1391 2875 1447 Probabilitate
2900 1391 3077 1463 itaque
3101 1401 3153 1447 ct
3171 1407 3232 1448 ea
3259 1393 3627 1452 mediocritate

2040 1484 2252 1538 laudum
2293 1500 2413 1555 qua:
2446 1484 2648 1539 naturis
2686 1483 2927 1547 debetur,
2969 1485 3127 1538 etiam
3184 1483 3238 1538 in
3287 1488 3630 1542 nascentibus

2041 1576 2339 1648 quibusque
2366 1587 2593 1642 servata,
2625 1584 2905 1645 augmenta
2930 1575 3305 1631 beneficiorum
3327 1576 3626 1633 divinonim

2043 1670 2191 1725 utilia
2217 1685 2336 1724 esse
2361 1678 2416 1724 et
2444 1669 2741 1723 necessaria
2771 1669 3017 1723 omnibus
3051 1667 3102 1722 in
3138 1683 3422 1724 commune
3452 1671 3627 1725 a-tati-

2044 1760 2142 1815 bus
2167 1759 2426 1813 dicimus:
2460 1758 2531 1812 ita
2562 1765 2737 1812 tamen
2770 1766 2827 1811 ut
2854 1772 2953 1812 nec
2979 1761 3166 1821 virtus,
3204 1772 3299 1812 nec
3329 1770 3626 1828 peccatum,

2044 1852 2161 1907 sine
2190 1849 2403 1921 propria
2431 1849 2678 1917 cuiquam
2707 1848 2979 1903 voluntate
3010 1847 3290 1901 tribuatur.

2117 1942 2248 1997 Anc.
2277 1938 2393 1995 Non
2424 1938 2671 1994 tribuitur
2692 1939 2937 2008 cuiquam
2959 1938 3128 1990 vinus
3153 1938 3269 1991 sine
3292 1937 3503 2007 propria
3532 1955 3630 1992 vo-

2045 2033 2246 2088 luntate
2275 2050 2290 2086 :
2320 2031 2412 2086 sed
2455 2037 2782 2101 prmparatnr
2827 2030 3069 2082 voluntas
3109 2043 3138 2081 a
3184 2028 3406 2083 Domino
3445 2027 3632 2098 (Prov.

2048 2142 2158 2188 vui,
2187 2142 2285 2181 sec.
2317 2122 2504 2195 LXX),
2532 2125 2669 2177 sicut
2695 2122 2835 2194 regis
2864 2121 3025 2187 illius,
3054 2130 3271 2191 prepter
3291 2120 3432 2191 quod
3461 2124 3637 2176 oravit

2047 2215 2241 2272 Esther
2261 2213 2470 2284 (Esther
2494 2211 2610 2284 xv).

2119 2305 2344 2363 CLXIV.
2394 2305 2514 2362 Jun.
2558 2303 2811 2374 Quamvis
2855 2303 2908 2358 in
2950 2302 3053 2358 hoc
3090 2318 3303 2374 quoque
3352 2303 3636 2359 clementia

2049 2400 2143 2456 Dei
2167 2398 2384 2454 uberior
2407 2396 2753 2467 approbetur,
2778 2394 3027 2466 quoniam
3058 2394 3351 2449 sanctificat
3391 2396 3642 2464 parvulos

2048 2492 2350 2549 nescientes
2380 2507 2394 2545 :
2425 2489 2493 2543 ad
2519 2487 2732 2544 laudem
2758 2488 2954 2558 quippe
2975 2486 3355 2541 misericordia:
3374 2487 3595 2558 I‘CSpicil
3624 2504 3638 2541 :

2045 2600 2172 2641 cum
2192 2599 2285 2639 eos
2305 2581 2603 2639 nescientes
2626 2580 2785 2652 culpa
2810 2594 2915 2635 non
2937 2579 3209 2651 inquinet;
3236 2579 3304 2635 ad
3324 2579 3468 2651 leges
3494 2580 3641 2635 enim

2052 2676 2105 2731 id
2135 2674 2369 2746 pertinet
2398 2670 2682 2743 :cquitatis.

2122 2770 2257 2825 Anc.
2298 2766 2354 2823 Si
2380 2781 2476 2824 eos
2502 2763 2644 2820 nulla
2689 2764 2844 2835 culpa
2895 2762 3156 2834 inquinat,
3182 2777 3279 2818 cur
3315 2778 3421 2817 non
3452 2778 3644 2820 omnes

2052 2858 2489 2919 sanetiticantur?
2514 2867 2572 2915 et
2603 2873 2703 2914 cur
2729 2870 2918 2913 omnes
2957 2856 3049 2929 qui
3093 2854 3512 2924 sanetilicautur,
3543 2870 3645 2911 cx-

2052 2950 2370 3010 sumantur?

2124 3044 2331 3102 CLXV.
2372 3043 2491 3099 Jun.
2530 3040 2639 3098 Sed
2667 3038 2736 3097 de
2761 3039 2866 3095 illis
2908 3052 3006 3111 ego
3032 3037 3313 3094 virtutibus
3341 3037 3480 3101 dico,
3510 3052 3646 3107 quas

2055 3155 2152 3196 usu
2179 3139 2288 3211 jam
2319 3136 2571 3208 perfecta:
2599 3134 2819 3190 rationis
2849 3132 2865 3164 ¹
2890 3132 3270 3203 adipiscimur:
3300 3146 3361 3185 ac
3402 3147 3497 3201 per
3517 3131 3641 3195 hoc,

2050 3235 2175 3303 quia
2206 3231 2259 3287 id
2304 3230 2465 3286 etiam
2509 3226 2620 3293 hic,
2658 3226 2797 3281 sicut
2846 3223 3169 3295 frequenter,
3202 3222 3456 3280 inculcari
3490 3224 3649 3278 nobis

2055 3325 2155 3382 fuit
2178 3336 2420 3388 necesse,
2447 3319 2513 3375 ad
2541 3334 2603 3376 ea
2637 3335 2756 3388 quae
2784 3315 3060 3372 inferimus
3100 3325 3157 3369 ut
3186 3315 3255 3370 sit
3290 3326 3522 3370 attentos
3564 3317 3647 3370 le-

2056 3424 2195 3480 ctor,
2220 3413 2505 3468 admoneo.
2536 3409 2746 3465 Videbit
2774 3408 2917 3464 enim
2963 3408 3036 3462 ita
3083 3406 3134 3462 in
3179 3407 3325 3461 nullo
3352 3407 3649 3462 Tradnria-

2058 3521 2155 3561 nos
2179 3503 2392 3560 dill'erre
2424 3518 2454 3557 a
2490 3499 2812 3565 Manicbazis,
2843 3507 2900 3553 ut
2934 3513 3037 3555 non
3067 3498 3166 3553 alia
3206 3497 3358 3554 nobis
3392 3499 3651 3566 obiiciant

2057 3603 2488 3671 argumentorum
2515 3595 2650 3658 vice,
2674 3608 2831 3665 quam
2859 3607 2978 3663 qua:
3003 3593 3055 3646 in
3076 3606 3260 3647 eorum
3286 3592 3433 3646 libris
3461 3603 3653 3647 ιιιιιριι-

2060 3669 2164 3750 tur.
2194 3692 2320 3749 Feci
2346 3691 2398 3748 id
2423 3690 2638 3765 quidem
2684 3691 2844 3746 etiam
2884 3689 2939 3744 in
2984 3686 3139 3760 primi
3165 3688 3344 3760 operis
3368 3669 3470 3742 mei
3509 3686 3652 3754 libro

2057 3794 2272 3858 quarto.

2130 3877 2268 3933 Anc.
2297 3874 2367 3930 Et
2388 3872 2643 3944 respondi
2674 3870 2766 3927 tibi
2795 3870 2932 3927 libro
2962 3884 3083 3925 meo
3119 3877 3299 3925 sexto.

2129 3965 2358 4025 CLXVI.
2380 3964 2499 4021 Jun.
2531 3962 2638 4021 Sed
2658 3962 2778 4033 quia
2802 3971 2919 4032 post
2940 3960 3225 4017 editionem
3246 3958 3474 4025 illorum,
3493 3965 3651 4012 oratu

2061 4072 2172 4128 tuo,
2212 4058 2519 4116 beatissime
2559 4064 2708 4127 pater
2741 4054 2920 4120 Flore,
2955 4052 3094 4123 apud
3131 4051 3652 4120 Constantinopolim

2058 4153 2334 4210 Manichati
2357 4149 2579 4222 epistola
2609 4149 2822 4203 inventa
2859 4156 2963 4213 est,
3001 4153 3160 4215 atque
3201 4143 3265 4197 ad
3313 4143 3408 4196 bas
3444 4142 3652 4197 directa

2059 4252 2269 4317 partes;
2295 4257 2458 4314 opera
2483 4248 2566 4297 est
2590 4240 2768 4311 aliqua
2809 4238 2926 4308 ejus
2966 4236 3222 4303 inserere,
3260 4245 3315 4290 ιιι
3356 4235 3656 4306 intelligant

2061 4352 2269 4402 omnes,
2317 4335 2481 4401 unde,
2512 4334 2627 4389 haec
2666 4347 2765 4404 pro
2810 4330 3028 4387 traduce
3065 4335 3373 4400 argumenta
3422 4328 3655 4383 descen-

2061 4429 2209 4485 dant.
3585 4411 3596 4420 ’

2131 4524 2269 4578 Aue.
2314 4516 2594 4589 Quomodo
2643 4515 2957 4587 cujusquam
3008 4522 3159 4569 oratu
3204 4513 3473 4569 inventam
3518 4509 3656 4565 dicis

2062 4613 2341 4684 epistolam
2368 4620 2527 4681 atque
2564 4608 2842 4672 directam,
2892 4607 2938 4661 si
2991 4605 3132 4661 Deus
3171 4620 3275 4659 non
3313 4612 3567 4675 Operatur
3595 4602 3654 4658 in

2061 4704 2311 4760 cordibus
2340 4701 2614 4756 hominum
2650 4697 2989 4755 voluntates?
3032 4696 3225 4769 Utique
3265 4697 3425 4751 homo
3453 4695 3539 4767 qui
3571 4694 3660 4749 in—

2064 4796 2230 4860 venit,
2273 4794 2551 4865 epistolam
2595 4793 2864 4850 voluntate
2906 4792 3171 4862 quaesivit,
3214 4798 3306 4846 aut
3340 4791 3607 4844 voluntate
3632 4793 3657 4823 ³

2064 4886 2259 4957 aliquid
2292 4885 2562 4955 qua-rebat
2606 4898 2672 4938 eo
2718 4882 2859 4949 loco,
2900 4881 2988 4936 ubi
3017 4896 3135 4936 eam
3168 4881 3339 4950 potuit
3370 4880 3607 4934 invenire
3637 4898 3655 4943 ;

2064 4987 2157 5033 aut
2180 4993 2299 5032 cum
2321 4974 2390 5030 de
2409 4975 2567 5030 rebus
2593 4972 2787 5029 talibus
2811 4973 3080 5026 voluntate
3107 4971 3350 5026 homines
3381 4971 3660 5041 loqueren-

2064 5079 2173 5135 tur,
2204 5067 2472 5122 voluntatc
2491 5063 2631 5134 apud
2656 5080 2811 5135 quem
2834 5062 3025 5129 fuerat,
3050 5061 3301 5116 indicavit
3324 5078 3441 5114 eam
3466 5077 3525 5115 se
3555 5061 3657 5115 lu-

2065 5162 2214 5227 bere,
2243 5174 2403 5231 quam
2434 5148 2616 5228 posset
2633 5154 2914 5211 ostendere
2934 5166 2986 5208 et
3011 5153 3209 5208 volenti
3239 5154 3470 5217 tradere,
3494 5168 3658 5222 quam

2065 5253 2250 5307 volens
2268 5250 2334 5305 ad
2357 5251 2452 5304 has
2483 5255 2659 5318 partes
2685 5256 2740 5301 ct
2767 5245 2854 5300 ille
2881 5244 3154 5316 dirigeret,
3193 5254 3248 5300 et
3287 5243 3370 5298 νιιι
3402 5258 3663 5312 quocum-

2066 5357 2171 5413 que
2193 5341 2298 5396 alio
2318 5339 2479 5395 modo
2501 5351 2718 5408 prorsus
2739 5336 3008 5390 voluntate
3030 5334 3260 5389 hominis
3278 5335 3359 5389 vel
3383 5335 3661 5388 hominum

2068 5434 2264 5490 factum
2286 5443 2388 5498 est,
2421 5441 2475 5485 ut
2506 5430 2590 5484 illa
2620 5427 2950 5482 inveniretur
2976 5436 3031 5482 et
3050 5425 3370 5497 dirigeretur
3390 5424 3612 5493 epistola
3639 5440 3659 5487 ;

2068 5536 2118 5581 et
2149 5511 2548 5579 tamen'orante
2581 5519 2794 5574 homine
2833 5517 2965 5573 dicis
3009 5516 3111 5573 hoc
3139 5517 3356 5571 Laetum.
3396 5515 3504 5570 Cur
3528 5530 3665 5587 ergo

2130 5663 2147 5695 ¹
2183 5659 2341 5710 Culex
2364 5665 2498 5716 Itan,
2520 5654 2787 5706 volantum.

2131 5728 2153 5755 ι
2189 5708 2751 5784 ι“ἱειιὶῥι“ἰιιει,’ριὴ.ιιοιιιηι
2772 5714 3035 5784 voluntarie
3057 5711 3293 5778 quatirit,
3332 5720 3411 5764 mtl
3447 5708 3665 5765 vatim

2073 5783 2163 5837 rit.
2191 5778 2381 5834 At'atss.
2408 5778 2704 5841 coristantcr,
2733 5778 2991 5830 voluntate.
