3962 6180
277 326 392 388 1311

273 458 363 498 non
388 436 673 504 confiteris,
717 436 833 492 sine
871 432 976 489 ulla
1006 432 1303 489 forinsecus
1343 433 1566 483 sonante
1589 425 1829 495 jussione

273 533 420 588 Deum
436 526 646 582 occulto
677 525 929 581 instinctu
956 524 1023 579 ad
1043 522 1183 594 quod
1209 519 1434 574 voluerit
1448 513 1832 573 efﬁcacissime

273 615 600 690 implendum,
637 624 937 686 praeparare
961 622 1119 684 atque
1162 612 1396 666 excitare
1425 607 1699 663 hominum
1738 618 1837 658 vo-

273 696 509 777 luntates,
540 710 632 780 qui
657 710 880 765 liberum
902 723 1009 764 non
1032 706 1274 763 defendis
1298 699 1717 773 intelligendum,
1740 696 1837 754 sed

270 801 689 875 prmclpitandum
719 800 929 856 extollis
956 792 1272 853 arbitrium?

332 888 577 948 CLXVII.
615 889 737 946 lue.
783 888 850 944 Et
888 887 1130 960 quamvis
1155 886 1264 956 jam
1292 899 1387 955 pro
1408 876 1838 951 concupiscentia

271 978 343 1038 vel
370 980 643 1050 voluptate
662 980 680 1013 ⁸
707 978 906 1046 carnis,
934 970 1052 1047 quae
1079 977 1240 1031 etiam
1282 972 1445 1030 libido
1475 971 1689 1038 dicitur,
1719 982 1840 1039 quae

269 1072 473 1127 scribus
500 1071 569 1127 ob
597 1070 896 1125 virilitatem
920 1067 1310 1139 propagationis
1333 1065 1528 1120 inserta
1547 1071 1649 1128 cst‘,
1672 1061 1843 1132 primo

270 1161 352 1219 illo
378 1161 639 1231 opusculo
666 1167 886 1217 eatenus
910 1158 1312 1230 disputaverim,
1340 1165 1397 1210 nt
1418 1155 1665 1210 docerem
1687 1154 1842 1207 istam

271 1252 395 1307 nihil
413 1252 559 1307 aliud
580 1266 717 1317 esse,
747 1266 904 1322 quam
928 1264 1087 1305 unam
1117 1248 1184 1304 de
1212 1246 1579 1302 instrumentis
1603 1242 1844 1313 corporis

270 1342 607 1397 rationalibus
652 1350 707 1396 et
748 1338 1144 1396 irrationalibus
1188 1352 1343 1408 atque
1378 1335 1619 1402 inditam,
1659 1333 1724 1388 ad
1755 1332 1845 1388 Dei

269 1449 476 1506 operam
506 1434 881 1505 pertinentem,
908 1432 998 1504 qui
1023 1446 1239 1488 carnem
1260 1439 1496 1485 nostram
1520 1429 1570 1483 in
1600 1426 1847 1482 sensibus

270 1525 526 1582 affecisset
557 1544 571 1581 :
612 1536 789 1582 tamen
819 1526 941 1596 quia
982 1525 1031 1580 ei
1065 1530 1120 1581 et
1149 1523 1495 1579 vehementer
1522 1521 1675 1590 Augu
1707 1516 1849 1572 tinus

271 1616 538 1683 incumbit,
561 1632 786 1688 eamque
815 1616 941 1672 dicit
969 1616 1185 1683 malam,
1227 1613 1278 1669 id
1305 1620 1405 1679 est,
1435 1620 1702 1683 peccatum
1730 1624 1849 1664 esse

270 1708 525 1774 naturale,
557 1710 717 1779 atque
746 1708 984 1762 omnium
1012 1714 1355 1777 peccatorum
1383 1714 1677 1774 parentem,
1707 1701 1849 1772 quod

271 1797 469 1868 pedore
513 1798 629 1868 ejus
670 1798 1001 1869 potissimum
1042 1795 1362 1867 persuadere
1388 1802 1628 1860 conatur,
1661 1806 1852 1862 meque

268 1887 472 1953 irridet,
502 1889 592 1959 qui
620 1900 741 1945 eam
769 1888 1080 1943 erubescam
1111 1888 1388 1942 nominare
1416 1884 1659 1940 directim
1693 1900 1707 1936 :

334 1979 485 2034 hoc.»
501 1978 614 2049 Ego
638 1978 1124 2048 concupiscentiam
1152 1974 1350 2040 carnis,
1376 1988 1481 2045 qua
1504 1987 1631 2027 caro
1655 1985 1855 2026 concu-

268 2068 425 2137 piscit
453 2068 714 2124 adversus
741 2069 1006 2138 spiritum,
1036 2075 1090 2123 et
1113 2082 1232 2137 qua:
1259 2062 1422 2121 libido
1447 2065 1608 2119 etiam
1647 2077 1857 2116 nuncu—

266 2171 445 2230 pater,
469 2160 664 2215 malam
690 2173 811 2216 esse
838 2148 993 2225 dico;
1038 2174 1181 2214 nunc
1222 2158 1275 2213 in
1319 2155 1420 2213 hac
1460 2168 1621 2212 carne
1646 2154 1862 2210 frenan-

266 2252 415 2318 dam,
456 2261 512 2308 et
550 2253 689 2307 bona
726 2251 1112 2308 consuetudine
1155 2249 1529 2316 minuendam;
1579 2250 1633 2304 in
1663 2256 1861 2303 interna

266 2358 396 2398 vero
426 2343 534 2397 vita
560 2344 707 2399 omni
731 2358 800 2400 ex
836 2354 987 2414 parte
1009 2337 1324 2410 sanandam,
1352 2356 1481 2409 non,
1509 2341 1658 2412 quasi
1684 2339 1862 2395 addita

267 2434 351 2489 vel
381 2434 677 2488 commixta
704 2434 858 2489 nobis
876 2433 1037 2490 fuerit
1055 2434 1231 2505 aliqua
1251 2433 1389 2488 mala
1409 2431 1726 2499 substantia,
1754 2435 1863 2486 sieo

269 2530 326 2577 ut
364 2522 648 2578 11αηίοὺωί
684 2522 983 2593 desipiunt,
1032 2522 1382 2592 separandam
1410 2538 1427 2575 :
1455 2520 1552 2577 sed
1593 2520 1865 2591 quodlibet

271 2611 336 2668 de
364 2612 455 2667 illa
481 2599 703 2679 sentias,
733 2613 892 2669 talem
916 2622 969 2669 te
1009 2598 1177 2680 illam,
1206 2612 1379 2684 qualis
1416 2627 1559 2668 nunc
1584 2621 1687 2680 est,
1713 2620 1772 2667 ut
1795 2610 1864 2667 ad

271 2701 453 2758 illicita
501 2702 851 2773 perpetranda
888 2703 1048 2760 etiam
1084 2711 1374 2771 castorum,
1417 2701 1530 2759 sive
1553 2702 1866 2773 conjugato-

269 2810 407 2860 rum,
452 2796 573 2852 sive
606 2796 1000 2852 continentium
1041 2794 1205 2852 corda
1243 2794 1511 2862 sollicitet,
1542 2802 1597 2851 et
1642 2793 1745 2849 nisi
1772 2808 1865 2849 ro-

271 2886 515 2943 bustiore
547 2888 818 2944 voluntate
854 2888 905 2944 ei
948 2888 1243 2955 resistatur,
1287 2896 1510 2954 evertat,
1538 2887 1595 2943 in
1623 2887 1869 2958 paradiso

271 2982 603 3036 constituere
629 2993 788 3051 posse
812 2995 917 3034 non
934 2978 1230 3047 crederem,
1252 2978 1356 3035 nisi
1384 2978 1436 3033 in
1464 2978 1578 3033 istis
1594 2978 1699 3032 tuis
1718 2977 1869 3033 libris

271 3084 402 3125 vana
428 3079 488 3127 et
521 3070 705 3125 insana
725 3071 1042 3142 loquacitate
1068 3069 1392 3140 plenissimis
1416 3068 1730 3124 invenirem.

337 3158 627 3215 CLXVIII.
657 3158 776 3216 Jun.
819 3159 945 3214 Ideo
985 3167 1040 3214 ct
1078 3171 1178 3229 ego
1221 3156 1669 3229 qualitatem‘rei,
1712 3170 1870 3227 quam

272 3249 548 3319 prioribus
585 3249 798 3321 scriptis
837 3247 1213 3319 distinguendo
1240 3262 1270 3302 a
1314 3248 1593 3305 Manicliaai
1641 3263 1735 3304 ore
1779 3247 1872 3304 de-

275 3340 446 3406 lendi;
490 3357 639 3398 nunc
681 3356 891 3413 quoque
916 3341 1151 3398 breviter
1186 3341 1586 3398 criminatorum
1614 3343 1752 3413 ejus,
1781 3343 1872 3414 qui

276 3440 448 3488 tamen
477 3447 549 3488 sc
573 3430 624 3488 ei
651 3432 853 3489 servire
880 3431 1198 3504 proﬁtentur
1217 3432 1432 3503 invitos,
1460 3434 1671 3505 prodito
1701 3433 1874 3490 vindi-

273 3523 424 3576 cabo.
671 3552 679 3567 ι
1083 3548 1088 3554 -

344 3613 479 3669 Are.
524 3609 633 3667 Vos
661 3614 882 3682 potestis
904 3621 1259 3683 congruenter
1280 3613 1481 3669 servire
1505 3613 1731 3670 laudatae
1757 3614 1873 3671 libi-

277 3700 381 3756 dini
414 3719 427 3755 :
457 3714 569 3757 nos
593 3709 769 3757 autem
799 3702 852 3757 in
898 3702 1164 3773 adjutorio
1190 3701 1400 3758 Domini
1429 3713 1878 3775 oppugnamuset

275 3794 549 3849 vincimus
572 3801 896 3850 accusatam.

343 3885 584 3943 CLXIX.
615 3886 736 3942 εισι..
766 3886 918 3954 Quod
961 3886 1121 3957 igitur
1154 3885 1306 3941 libris
1343 3887 1467 3953 tuis,
1499 3900 1669 3943 senex
1696 3888 1879 3958 Augu-

277 3976 435 4043 stine,
465 3978 781 4033 retinetur:
816 3996 835 4029 t
872 3976 1036 4032 libido
1077 3985 1261 4033 exorta
1306 3987 1388 4033 est
1425 3983 1545 4048 post
1580 3988 1877 4049 peccatum,

279 4080 434 4138 quam
462 4070 641 4125 coacti
667 4076 791 4122 sunt
813 4069 992 4124 velare
1019 4068 1224 4123 confusi
1251 4087 1272 4121 ο
1307 4066 1413 4142 (De
1438 4067 1653 4140 Nuptiis
1674 4079 1721 4124 et
1750 4068 1883 4124 Con—

279 4159 618 4230 cupiscentia,
647 4158 734 4213 lib.
756 4156 813 4224 2,
838 4172 891 4213 η.
920 4157 1034 4228 56).

350 4252 490 4307 Anc.
531 4248 683 4316 Quod
731 4247 1074 4320 igitur'libris
1102 4247 1226 4315 tuis,
1249 4246 1461 4317 juvenis
1495 4247 1725 4314 Iuliane,
1749 4249 1881 4304 reti-

281 4349 441 4395 netur
473 4359 490 4396 :
535 4349 754 4411 apparet
791 4349 842 4394 te
879 4345 1064 4393 contra
1106 4336 1271 4393 libros
1313 4352 1462 4393 meos
1490 4352 1596 4392 non
1643 4338 1883 4395 invenire

283 4433 409 4503 quid
439 4434 613 4498 dicas,
638 4442 692 4488 et
717 4446 960 4503 quaerere
980 4430 1290 4497 calumnias,
1312 4443 1445 4501 quas
1469 4429 1624 4485 nobis
1648 4431 1886 4502 loquaci-

286 4531 368 4580 ter
392 4534 450 4579 et
481 4524 714 4579 inaniter
741 4525 972 4595 ingeras.

354 4616 573 4674 CLXX.
598 4617 716 4673 lus.
747 4617 814 4671 Et
841 4618 964 4671 item
998 4632 1013 4669 :
1045 4632 1066 4666 ο
1102 4611 1352 4669 Pudenda
1376 4612 1596 4669 libidine
1624 4613 1714 4685 qui
1743 4614 1885 4672 licite

286 4707 622 4771 eoneumbit,
653 4706 794 4761 malo
820 4706 953 4760 bene
981 4704 1181 4759 tttitur:
1208 4703 1299 4774 qui
1319 4710 1496 4759 autem
1520 4703 1722 4769 illicite,
1746 4703 1886 4759 malo

286 4799 430 4855 male
466 4799 661 4855 utitur.
704 4796 924 4852 Rectius
960 4796 1101 4851 enim
1128 4796 1319 4865 accipit
1349 4810 1542 4849 nomen
1570 4795 1695 4851 mali
1724 4809 1886 4866 quant

285 4888 438 4957 boni,
461 4889 610 4965 unde
629 4888 951 4944 erubescunt
974 4897 1024 4942 et
1046 4887 1172 4942 mali
1192 4895 1246 4942 et
1272 4886 1395 4942 boni
1420 4903 1434 4940 :
1457 4887 1751 4958 meliusqu
1771 4902 1889 4943 cre-

286 4979 472 5035 dimus
503 4980 783 5051 Apostolo,
810 4979 900 5049 qui
949 4977 1097 5041 dicit,
1136 4966 1272 5042 Quia
1309 4993 1411 5032 non
1439 4976 1631 5032 habitat
1657 4978 1711 5032 in
1738 4995 1889 5034 carne

286 5087 401 5126 mea
423 5072 622 5126 bonum
653 5089 673 5123 ι
703 5068 892 5143 (Ιὺὶό.)
936 5069 1009 5125 ει
1044 5068 1215 5125 alibi:
1254 5085 1275 5120 ι
1306 5067 1423 5123 Non
1464 5076 1547 5124 est
1585 5068 1749 5125 libido
1791 5084 1889 5125 nu-

284 5164 536 5233 ptiarum
564 5161 778 5228 bonum,
811 5160 909 5218 sed
937 5159 1236 5217 obscenitas
1263 5160 1619 5231 peccantium,
1649 5162 1888 5217 necessi-

287 5260 373 5308 tas
386 5254 787 5323 generantium,
809 5252 1145 5308 lasciviarum
1156 5250 1337 5315 ardor,
1346 5250 1654 5320 nuptiarum
1672 5250 1844 5321 pudor
1863 5269 1887 5306 ι

289 5338 415 5410 (Id.
453 5338 552 5393 lib.
582 5340 634 5404 1,
665 5356 718 5393 η.
747 5338 858 5410 t3).
889 5338 953 5393 Et
981 5337 1153 5392 illud:
1191 5356 1211 5390 ‹
1240 5335 1392 5403 Quod
1420 5345 1600 5407 postea
1628 5350 1889 5408 propaga-

289 5429 445 5485 tione
481 5429 761 5490 fecerunt.
801 5429 902 5484 hoc
929 5437 1012 5484 est
1036 5427 1289 5483 connubii
1323 5427 1519 5482 Mum
1549 5443 1563 5480 :
1594 5426 1734 5498 quod
1760 5438 1893 5484 vero

287 5521 448 5591 prius
496 5519 829 5576 confusione
855 5525 1133 5586 texerunt,
1182 5516 1283 5573 hoc
1319 5526 1406 5573 est
1448 5517 1891 5588 concupiscentia:

288 5613 526 5671 malum.
560 5611 695 5680 quod
722 5614 851 5665 vitat
879 5610 1072 5681 ubique
1101 5620 1469 5682 conspectum,
1498 5617 1553 5666 et
1577 5610 1766 5682 qumrit
1795 5624 1889 5681 pu-

354 5723 372 5754 ¹
395 5729 489 5773 ω.
516 5727 665 5783 rort.,
688 5720 923 5774 ωιωιιπισ

1595 307 1795 369 ιῐῦΕἶὶ
1834 303 2146 366 TERTIUS.

3387 314 3519 372 l'5l8

1939 419 2113 477 dendo
2132 428 2395 477 secretum
2428 421 2529 494 (De
2553 419 2761 493 Nuptiis
2791 431 2836 477 et
2866 422 3281 495 Concupisceutiu
3301 466 3315 491 ,
3347 422 3434 480 lib.
3466 428 3520 496 l,

1941 528 1995 566 η.
2042 511 2119 582 8).
2167 510 2263 567 Vel
2294 511 2419 566 talia
2433 512 2625 578 quibus
2646 513 2710 567 ad
2734 512 2832 567 hoc
2852 523 3219 585 argumentum
3244 516 3319 571 uti
3357 516 3521 583 soles,

1942 606 2196 661 memoria
2225 614 2311 660 tua
2342 606 2512 676 magis
2537 621 2692 676 quam
2725 607 2941 678 ingenio
2969 608 3168 678 prolata
3195 618 3335 664 sunt.
3360 609 3527 664 Mani4

1942 697 2121 753 chteus
2150 713 2276 768 ergo
2295 697 2522 754 afﬂictus
2543 708 2644 765 est,
2672 710 2728 753 nt
2756 714 2817 754 ea
2839 716 2956 771 qua:
2980 702 3195 771 putabat
3215 710 3363 757 acuta
3382 718 3527 758 com-

1942 798 2203 861 poneret;
2237 798 2293 843 tu
2323 803 2452 845 vero
2493 790 2794 857 frustratus,
2836 793 2926 861 qui
2960 793 3154 861 putasti
3180 791 3347 849 latere
3364 808 3526 865 posse

1945 881 2087 952 quad
2116 883 2318 951 legeras
2339 891 2391 937 et
2421 882 2661 937 tenebas.

2017 974 2147 1030 Αυσ.
2177 972 2306 1043 Quis
2331 975 2473 1030 enim
2498 986 2599 1042 est,
2628 979 2715 1045 qui
2748 978 2831 1033 vel
2863 979 3095 1034 tenuiter
3119 979 3527 1037 Maniclrmorum

1947 1063 2136 1134 dogma
2182 1068 2448 1136 cognovit,
2495 1074 2547 1122 et
2603 1066 2763 1122 lateat
2810 1080 2933 1123 cum
2999 1070 3315 1127 Manichaeos
3355 1073 3535 1129 dicere

1947 1155 2142 1209 malam
2215 1170 2335 1211 esse
2403 1157 2885 1226 concupiscentiam
2956 1160 3179 1216 carnis?
3248 1164 3354 1218 Sed
3428 1181 3535 1221 non

1948 1252 2033 1299 est
2069 1244 2171 1299 hoe
2198 1245 2468 1315 proprium
2500 1247 2761 1316 dogmatis
2803 1264 2985 1304 eorum
3019 1266 3178 1306 :nam
3221 1254 3343 1324 quid
3393 1256 3539 1311 aliud

1949 1332 2078 1388 dicit
2119 1335 2283 1389 etiam
2325 1335 2413 1391 ille
2449 1336 2543 1406 qui
2584 1337 2729 1404 dicit,
2782 1336 2912 1393 Caro
2946 1344 3251 1413 concupiscit
3298 1346 3538 1400 adversus

1950 1425 2208 1495 spiritum,
2261 1425 2468 1497 spiritus
2495 1438 2661 1481 autem
2703 1429 2938 1485 advsrsus
2990 1448 3189 1486 carnem
3212 1451 3233 1489 :
3254 1438 3359 1488 lucc
3406 1440 3537 1490 enim

1951 1515 2045 1570 sibi
2072 1517 2281 1571 invicem
2321 1513 2687 1583 adversantur;
2733 1531 2787 1573 ut
2817 1536 2915 1574 non
2946 1538 3004 1576 ea
3032 1541 3146 1594 quae
3173 1528 3341 1590 vultis,
3383 1530 3544 1599 facia-

1953 1606 2017 1660 tis
2056 1605 2254 1675 (Gal-at.
2300 1623 2353 1673 ν,
2402 1608 2531 1680 l7)?
2574 1609 2709 1675 Quid
2753 1611 2893 1666 aliud
2935 1613 3095 1667 etiam
3127 1616 3213 1670 ille
3259 1617 3350 1686 qui
3392 1619 3541 1681 dicit,

1959 1695 2199 1766 Quisquis
2252 1696 2481 1751 dilexerit
2525 1699 2788 1767 mundum,
2857 1717 2958 1756 non
3006 1713 3079 1758 est
3116 1707 3336 1761 charitas
3373 1707 3545 1761 Patris

1955 1787 2008 1840 in
2043 1788 2135 1842 illo
2162 1803 2181 1842 :
2205 1789 2325 1859 quia
2347 1791 2516 1844 omnia
2553 1807 2666 1862 qua:
2702 1791 2756 1845 in
2795 1795 2981 1847 mundo
3009 1805 3146 1859 sunt,
3188 1800 3544 1868 concupiscen-

1958 1878 2028 1930 tia
2068 1879 2235 1934 carnis
2285 1890 2380 1946 est,
2417 1890 2467 1934 et
2515 1883 2915 1952 concupiscentia
2961 1887 3242 1953 oculorum,
3287 1898 3332 1942 ct
3382 1889 3546 1942 ambi-

1960 1964 2033 2019 tio‘
2074 1969 2246 2021 circuli
2266 1987 2285 2035 ;
2314 1984 2427 2037 qua:
2467 1988 2566 2024 non
2615 1983 2687 2025 est
2714 1989 2776 2026 ea:
2812 1971 2986 2039 Patre,
3017 1975 3107 2028 scd
3146 1992 3212 2029 ea:
3261 1980 3447 2031 mundo
3469 1989 3545 2033 est

1962 2052 2010 2124 (Ι
2034 2055 2189 2110 Joan.
2214 2073 2272 2124 ιι,
2300 2060 2384 2124 15,
2421 2060 2550 2130 id)?
2606 2061 2790 2115 Malam
2822 2077 2949 2133 ergo
2995 2079 3116 2120 esse
3165 2069 3548 2137 concupiscen-

1965 2145 2092 2200 tiam
2143 2148 2358 2214 carnis,
2419 2165 2524 2204 non
2582 2152 2799 2222 proprio
2840 2152 3088 2222 dogmate
3146 2155 3420 2212 Manicbad
3472 2157 3555 2213 di-

1964 2246 2123 2303 cunt;
2169 2238 2311 2309 quod
2354 2240 2533 2296 vident
2579 2243 2668 2312 qui
2708 2244 2834 2298 cacci
2866 2260 2970 2299 non
3016 2256 3159 2314 sunt,
3190 2257 3243 2303 et
3268 2250 3554 2319 Apostolus

1966 2324 2182 2393 dicere;
2260 2328 2355 2384 sed
2424 2330 2836 2388 Maniclimorum
2898 2336 3169 2405 prepriam
3214 2342 3555 2412 virosamque

1969 2418 2288 2473 sententiam
2319 2435 2473 2475 error
2494 2432 2675 2479 vester
2690 2424 2924 2495 adjuvat,
2955 2428 3042 2497 qui
3070 2431 3551 2500 concupiscentiam

1968 2506 2166 2573 carnis,
2187 2507 2275 2562 cui
2294 2548 2308 2573 ,
2340 2510 2517 2565 velitis
2542 2512 2740 2578 nolitis,
2769 2514 2835 2568 ad
2866 2515 3042 2569 illicita
3066 2521 3418 2587 perpetranda
3444 2525 3554 2578 sol-

1969 2594 2193 2651 licitanti
2226 2599 2446 2655 castitas
2475 2602 2769 2658 reluctatur
2790 2644 2805 2670 ,
2844 2608 3050 2676 negatis
3072 2608 3138 2663 de
3168 2622 3386 2679 peccato
3412 2617 3556 2670 accio

1970 2686 2117 2746 disse
2157 2699 2382 2761 natnrte,
2422 2710 2581 2765 quam
2620 2697 2759 2754 Dens
2797 2701 3038 2756 condidit
3085 2703 3298 2760 bonam.
3334 2712 3411 2764 Ac
3458 2711 3555 2777 sic,

1969 2786 2123 2855 agitis
2144 2794 2202 2842 ut
2224 2803 2341 2843 eam
2368 2789 2667 2857 Manicliwi,
2696 2809 2852 2864 quam
2871 2795 3263 2856 conﬂictatione
3291 2813 3556 2857 castorum

1973 2883 2029 2930 et
2070 2877 2448 2946 Apostolorum
2495 2883 2803 2939 testimonio
2849 2889 3173 2943 convincunt
3221 2893 3445 2958 malam,
3489 2895 3560 2951 de

1976 2973 2133 3035 gente
2154 2969 2490 3024 tenebrarum
2530 2980 2585 3026 ct
2607 2972 2675 3027 de
2696 2975 2830 3028 mala
2859 2978 3154 3034 substantia
3201 2981 3312 3037 Deo
3332 2993 3559 3039 comter-

1974 3068 2063 3120 na,
2094 3055 2255 3109 etiam
2286 3057 2477 3127 ipsam,
2517 3077 2622 3115 non
2664 3064 2856 3118 malam
2898 3069 3202 3136 qualitatem
3244 3076 3558 3140 sanandam,

1973 3143 2069 3199 sed
2098 3146 2290 3200 malam
2321 3149 2669 3207 substantiam
2700 3158 3048 3225 separandum
3078 3162 3133 3229 ¹;
3164 3179 3261 3218 nec
3289 3166 3438 3221 bonae
3471 3184 3565 3222 na-

1935 3241 1939 3244 '
1974 3239 2109 3288 tum
2136 3235 2415 3305 accidisse,
2447 3240 2540 3295 sed
2578 3240 2733 3298 bona:
2768 3257 2971 3302 natura:
3016 3252 3356 3309 commixtam
3401 3256 3564 3315 fuisse

1974 3328 2315 3385 concludant.
2366 3329 2471 3388 Sed
2502 3336 2726 3405 pergite,
2760 3346 2816 3394 et
2845 3340 2996 3396 nobis
3037 3344 3327 3401 calumnias
3356 3349 3421 3404 de
3452 3349 3565 3405 Ma-

1975 3419 2302 3511 nichazorum
2331 3435 2482 3495 peste
2520 3427 2777 3484 molimini
2821 3449 2836 3488 :
2878 3449 3011 3502 quos
3056 3437 3125 3490 ita
3172 3439 3455 3511 adjuvatis,
3508 3457 3565 3501 ttt

1975 3509 2181 3568 faciatis
2232 3513 2491 3583 invictos;
2531 3518 2633 3574 nisi
2663 3529 2717 3575 et
2742 3535 2839 3577 vos
2862 3536 2984 3579 cum
3013 3526 3138 3592 illis,
3175 3509 3258 3597 ea,
3288 3548 3407 3604 qua:
3432 3509 3560 3592 vere

1976 3601 2171 3660 invicta
2201 3614 2301 3673 est,
2334 3608 2593 3666 catholica
2622 3615 2844 3671 veritate
2875 3618 3181 3676 vincamini.

2048 3695 2277 3752 CLXXI.
2308 3697 2430 3755 Jun.
2461 3701 2598 3756 Audi
2628 3702 2787 3774 igitur
2815 3723 2955 3763 nunc
2973 3719 3132 3781 atque
3162 3728 3412 3785 agnosce,
3438 3718 3566 3793 quid

1977 3801 2170 3859 parens
2196 3798 2315 3846 tuus
2340 3792 2407 3847 ad
2433 3794 2716 3863 quamdam
2762 3797 2926 3853 ﬁliam
2957 3815 3127 3868 suam,
3164 3814 3394 3862 vestram
3429 3792 3565 3864 scri-

1983 3875 2075 3931 bat
2097 3891 2361 3935 sororem.

2056 3969 2194 4025 Anc.
2226 3970 2478 4028 Convicia
2505 3983 2628 4029 sunt
2653 3975 2775 4044 ista,
2808 3992 2908 4033 nec
2929 3978 3152 4048 urbana,
3172 3984 3270 4040 sed
3301 4003 3454 4043 vana.

2051 4058 2305 4116 CLXXII.
2352 4061 2473 4119 Jun.
2509 4083 2529 4116 t
2562 4066 2745 4125 Manes
2759 4072 3031 4139 apostolus
3048 4073 3173 4130 .Iesu
3201 4077 3419 4145 Christi,
3445 4083 3571 4139 tiliae

1980 4148 2202 4205 Menoch
2234 4171 2249 4208 :
2279 4151 2459 4210 Gratia
2508 4156 2600 4212 tibi
2639 4166 2695 4213 et
2722 4160 2914 4217 salusa
2944 4161 3059 4218 Deo
3103 4175 3306 4235 nostro,
3356 4173 3445 4241 qui
3486 4183 3572 4229 est

1982 4257 2167 4299 revera
2195 4259 2356 4301 verus
2382 4246 2541 4314 Deus,
2573 4250 2849 4318 tribuatur,
2894 4253 3113 4324 ipseque
3145 4266 3287 4314 tuam
3332 4274 3569 4319 mentem

1985 4333 2231 4403 illustret,
2276 4346 2331 4393 et
2351 4337 2611 4408 justitiam
2642 4354 2792 4396 suam
2828 4343 3036 4399 tibimet
3056 4348 3256 4404 revelet
3298 4391 3313 4414 ,
3361 4357 3481 4422 quia
3510 4370 3575 4409 es

1984 4425 2177 4482 divina:
2208 4429 2390 4501 stirpis
2428 4429 2650 4487 fructus.
2692 4452 2713 4486 ι
2763 4434 2826 4487 Et
2855 4444 2975 4503 post
3018 4451 3221 4505 pauca:
3251 4459 3270 4492 ι
3297 4441 3401 4496 Per
3433 4460 3574 4513 quos

1985 4526 2040 4572 et
2082 4526 2138 4572 ut
2180 4519 2481 4588 splendida,
2510 4541 2528 4574 ι
2556 4522 2746 4592 inquit,
2794 4542 2813 4576 ι
2848 4524 3052 4580 reddita
3094 4543 3174 4595 es,
3228 4535 3571 4603 agnoscendo

1986 4608 2212 4679 qualiter
2238 4611 2389 4682 prius
2416 4609 2601 4682 lucris,
2641 4629 2706 4668 ex
2737 4630 2843 4685 quo
2871 4632 3066 4686 genere
3092 4622 3388 4679 animarum
3417 4642 3571 4681 ema-

1988 4700 2219 4782 naveris,
2270 4701 2412 4771 quod
2454 4710 2537 4758 est
2575 4704 2855 4761 confusum
2902 4711 3150 4765 omnibus
3178 4716 3492 4782 corporibus
3518 4726 3575 4773 et

1988 4770 2287 4861 sapbribus,
2329 4800 2384 4848 et
2424 4795 2706 4865 speciebus
2749 4799 2913 4854 variis
2956 4802 3214 4858 coluerat.
3257 4804 3389 4861 Nam
3435 4810 3573 4864 sicut

1987 4882 2181 4936 anima:
2207 4882 2495 4952 gignuntur
2523 4885 2593 4941 ab
2615 4886 2918 4955 animabus,
2942 4891 3012 4944 ita
3040 4891 3347 4962 ﬁgmentum
3373 4914 3569 4970 corpu-

1989 4970 2064 5025 ris
2089 4986 2119 5026 a
2139 4973 2377 5043 corporis
2406 4984 2594 5031 natura
2613 4977 2890 5046 digeritur.
2939 4979 3087 5046 Quod
3107 4997 3236 5053 ergo
3262 4989 3488 5041 nascitur
3509 4990 3572 5043 de

1990 5076 2158 5127 carne,
2186 5078 2304 5116 caro
2329 5073 2434 5129 est;
2482 5074 2528 5118 ct
2555 5067 2690 5135 quod
2712 5066 2776 5120 de
2799 5069 3000 5139 spiritu,
3029 5072 3239 5142 spiritus
3271 5090 3345 5132 est
3369 5095 3390 5133 :
3410 5082 3566 5149 spiri-

1993 5160 2101 5207 tum
2129 5163 2307 5209 autcm
2330 5156 2562 5209 animam
2591 5156 2844 5228 intellige,
2895 5161 3071 5219 anima
3094 5165 3161 5221 de
3201 5168 3396 5236 anima,
3445 5186 3571 5225 caro

1991 5245 2061 5300 d‘e
2080 5256 2247 5301 carne
2275 5262 2297 5299 ι
2327 5244 2624 5317 (Ham'cltwi
2649 5246 2927 5324 Epistola).

2065 5337 2200 5394 Anc.
2231 5335 2288 5394 Si
2313 5337 2489 5393 dicam
2516 5339 2632 5407 tibi,
2667 5340 2822 5396 istam
2854 5341 3133 5402 Manicbzei
3169 5347 3446 5418 epistolam
3483 5366 3572 5405 me

1990 5428 2213 5481 θυηπίῇο
2240 5428 2478 5493 nescire;
2519 5430 2760 5499 quamvis
2784 5447 2964 5488 verum
2995 5433 3189 5502 dicam,
3220 5434 3436 5492 omnino
3467 5454 3572 5493 non

1994 5519 2202 5584 credes,
2234 5527 2286 5573 et
2317 5534 2551 5586 mecum,
2583 5530 2643 5576 ut
2667 5523 2833 5590 soles,
2869 5540 2997 5579 rana
3026 5527 3341 5596 loquacitate
3360 5541 3576 5586 conten-

1996 5656 2294 5769 ”;dex
2328 5661 2434 5706 Mss.
2458 5656 2734 5722 adjecimus,
2760 5660 2845 5711 sed
2883 5656 3060 5710 Malam
3092 5637 3402 5713 “Dalmatiam
3442 5675 3576 5727 sepa-
