3962 6180
1745 174 1853 183 -.-υ-ο-

329 314 461 372 i319

319 431 433 487 des.
476 426 581 483 Sed
611 425 657 481 si
705 424 806 478 hac
834 422 967 476 dixit
1009 417 1362 482 Manichacus;
1405 415 1532 486 quid
1566 414 1760 468 mirum
1803 419 1908 478 est,

318 519 459 592 quod
484 532 542 573 se
585 517 699 587 ipse
726 511 1021 569 destruxit?
1068 509 1125 564 Si
1149 508 1294 563 enim
1341 509 1480 564 sicut
1505 505 1736 561 hominis
1760 519 1907 569 caro,

318 625 477 667 etiam
518 607 752 664 hominis
781 605 956 658 anima
987 602 1220 658 nascitur
1244 603 1359 657 sive
1406 600 1547 654 bona
1582 600 1695 654 sive
1737 597 1908 662 mala;

317 702 449 756 duas
479 698 619 755 enim
647 693 1028 750 simulanimas
1052 693 1107 747 in
1139 691 1355 747 homine
1385 705 1491 745 uno
1519 703 1638 745 esse
1657 688 1904 753 delirant,

320 805 478 845 unam
519 787 734 851 malam,
771 785 991 840 alteram
1035 783 1252 846 bonam,
1295 781 1363 837 de
1391 781 1502 836 suis
1529 779 1802 850 principiis
1829 778 1908 833 di-

316 879 488 936 versis
531 886 840 932 emanantes
867 893 880 929 :
911 858 960 929 si
985 888 1113 944 ergo
1165 872 1404 928 nascitur
1445 871 1644 934 anima,
1695 869 1908 942 quando

317 972 552 1027 nascitur
588 984 750 1035 caro;
792 967 1032 1039 profecto
1076 981 1176 1022 nec
1215 966 1350 1021 mala
1397 965 1485 1020 illa
1533 973 1617 1020 est
1658 965 1770 1021 Deo
1811 979 1908 1020 co-

316 1073 536 1127 aeterna,
564 1076 665 1117 nec
684 1069 868 1115 contra
898 1058 1164 1130 principes
1197 1058 1538 1113 tenebrarum
1579 1056 1740 1122 bona,
1769 1055 1910 1110 sicut

315 1157 431 1225 ejus
459 1163 602 1210 secta
636 1152 851 1222 desipit,
884 1151 950 1205 ab
980 1159 1184 1206 aeterno
1220 1149 1377 1205 Patre
1403 1149 1611 1219 prolata
1652 1155 1758 1202 est.
1797 1145 1906 1202 Sed

315 1260 531 1317 quoquo
551 1243 712 1300 modo
737 1243 881 1298 dicat
914 1241 1237 1296 Manichzeus
1263 1240 1468 1295 animas
1497 1241 1666 1308 nasci,
1705 1239 1771 1295 ad
1811 1255 1908 1296 nos

316 1337 441 1405 quid
474 1336 724 1406 pertinet,
757 1333 848 1403 qui
874 1334 1036 1388 verba
1066 1332 1155 1386 illa
1184 1331 1433 1399 Domini,
1466 1331 1617 1396 Quod
1643 1341 1816 1385 natum
1837 1339 1908 1385 est

316 1443 380 1480 ea:
403 1441 578 1490 carne,
600 1440 719 1478 caro
739 1432 843 1488 est;
887 1431 931 1476 et
951 1421 1084 1493 quod
1111 1431 1288 1476 natum
1325 1430 1398 1474 est
1425 1420 1488 1476 de
1507 1421 1714 1492 spiritu,
1749 1422 1907 1492 spiri-

319 1527 398 1569 tus
425 1524 500 1569 est
523 1513 701 1586 (Joau.
735 1528 813 1579 ιιι,
845 1511 939 1580 ϐ);
986 1527 1091 1566 non
1117 1526 1238 1564 cum
1270 1510 1432 1564 homo
1469 1525 1535 1565 ex
1565 1509 1780 1566 homine
1808 1525 1907 1565 na-

317 1609 504 1671 scitur,
522 1604 617 1661 sed
633 1619 753 1659 cum
767 1619 832 1658 ex
857 1603 949 1658 Dei
968 1601 1156 1672 spiritu
1181 1605 1497 1665 renascitur,
1529 1600 1645 1655 ﬁeri
1666 1602 1910 1656 novimus

319 1707 374 1750 et
399 1695 677 1751 tenemus?
721 1692 838 1748 Non
867 1693 1011 1746 enim
1042 1691 1402 1762 evangelicus,
1453 1692 1568 1760 ipse
1598 1699 1740 1745 totus
1763 1690 1910 1746 locus

318 1786 462 1841 aliud
507 1785 766 1854 permittit
809 1783 1052 1855 intelligi.
1099 1783 1291 1850 Qua-re
1330 1798 1458 1854 ergo
1497 1783 1689 1852 quibus
1739 1785 1910 1853 possis

321 1878 598 1934 Maniehtei
621 1878 717 1933 has
748 1877 952 1932 fabulas
976 1877 1243 1944 vendere;
1279 1886 1335 1932 et
1363 1877 1538 1947 potius
1564 1885 1781 1946 propter
1819 1877 1910 1931 illa

320 1986 437 2040 qua:
467 1969 714 2040 superius
754 1969 880 2034 dixi,
916 1967 1185 2039 quomodo
1229 1967 1644 2022 blanichteorum
1695 1983 1800 2022 non
1837 1967 1910 2022 sis

319 2059 533 2129 adjutor
555 2058 802 2114 ostende.

388 2147 668 2204 CLXXIII.
696 2147 817 2204 JUL.
845 2146 1138 2218 Cognoscis
1177 2161 1395 2216 nempe,
1434 2145 1703 2217 quomodo
1730 2146 1910 2216 signa-

319 2244 525 2298 tissime
546 2241 870 2298 Manichatus
900 2240 1173 2295 traducem
1203 2239 1486 2294 conﬁrmet
1509 2239 1828 2305 animarum,
1856 2246 1912 2292 ct

318 2352 424 2404 qtto
453 2333 758 2389 testimonio
787 2340 964 2387 utatur
991 2330 1059 2386 ad
1087 2331 1529 2400 vituperationem
1572 2329 1770 2392 carnis,
1821 2328 1911 2383 illo

319 2428 561 2482 videlicet
593 2425 732 2496 quod
765 2425 816 2478 in
861 2439 955 2478 ore
997 2431 1178 2477 vestro
1221 2430 1482 2485 versatur,
1512 2419 1563 2474 id
1605 2429 1708 2487 est,
1761 2419 1913 2486 Quod

321 2519 544 2572 nascitur
570 2517 632 2570 de
656 2533 828 2583 carne,
859 2531 976 2568 caro
999 2523 1108 2577 est;
1133 2523 1178 2566 et
1207 2512 1341 2583 quod
1373 2512 1435 2566 de
1453 2513 1634 2582 spiritu
1659 2552 1674 2579 ,
1704 2512 1911 2581 spiritus

320 2621 390 2662 est
427 2606 602 2677 (Joau.
628 2622 707 2673 ttt,
733 2603 812 2678 6).

392 2703 528 2756 Asc.
555 2698 672 2754 Jam
695 2697 805 2752 dixi
831 2695 1100 2767 quomodo
1131 2709 1227 2749 nos
1252 2694 1574 2763 accipiamus
1606 2694 1722 2748 bare
1747 2693 1906 2749 verba

320 2790 664 2862 evangelica;
696 2787 945 2859 quoniam
979 2803 1082 2840 non
1108 2786 1528 2856 generationem,
1564 2785 1658 2840 scd
1687 2801 1911 2854 regene—

321 2886 583 2939 rationem
635 2879 850 2935 docent.
898 2879 977 2933 Tu
1020 2878 1128 2945 die,
1173 2878 1218 2932 si
1274 2885 1444 2947 potus,
1489 2875 1756 2948 quomodo
1805 2892 1909 2931 non

322 2975 544 3044 adjuves
569 2972 848 3027 Manicltmi
878 2971 1036 3026 verba
1079 2970 1331 3040 sacrilega
1377 2969 1445 3024 de
1479 2969 1911 3039 concupiscentia

319 3067 517 3132 carnis,
541 3081 698 3136 quam
722 3075 1002 3134 propterea
1035 3071 1090 3116 tu
1130 3076 1291 3132 negas
1313 3060 1380 3116 de
1408 3069 1595 3116 natura
1625 3061 1782 3130 primi
1809 3059 1911 3114 ho-

318 3157 478 3212 minis
507 3154 938 3225 pnevaricatione
959 3153 1134 3206 vitiata
1167 3152 1218 3206 in
1251 3161 1490 3206 nostram
1516 3163 1762 3205 naturam
1787 3165 1912 3221 pro-

320 3248 601 3318 pagatioue
661 3244 1028 3309 descendere,
1103 3251 1161 3297 ut
1219 3249 1338 3298 eam
1400 3251 1614 3313 putetur
1661 3242 1752 3298 ille
1803 3242 1914 3297 Deo

319 3354 599 3394 ceteternre
623 3337 962 3393 tenebrarnm
983 3335 1126 3405 genti
1154 3334 1449 3390 rectissime
1473 3333 1747 3404 deputare.
1780 3331 1914 3387 Insi-

321 3427 651 3498 picutissime
681 3427 878 3496 quippe
907 3434 960 3480 et
987 3424 1444 3494 impudentissime
1473 3422 1568 3477 abs
1599 3431 1650 3476 te
1690 3431 1914 3492 negatur

323 3520 539 3583 malum,
569 3534 674 3586 quo
698 3530 824 3570 caro
869 3514 1199 3583 concupiscit
1242 3513 1496 3568 adversus
1540 3512 1807 3581 spiritum,
1857 3518 1913 3565 ct

323 3619 505 3663 COltlla
532 3605 672 3675 quod
697 3613 951 3675 geruntur
979 3603 1230 3657 interiora
1259 3602 1397 3657 bella
1423 3610 1716 3657 castorum.

393 3695 669 3752 CLXXIV.
729 3694 848 3750 Jun.
895 3693 1023 3748 Ideo
1075 3707 1181 3746 non
1229 3692 1404 3746 solum
1449 3691 1767 3762 eloquendo,
1815 3689 1910 3745 sed

322 3791 482 3845 etiam
532 3785 821 3858 repetendo
879 3784 1126 3850 inculcat,
1173 3783 1436 3853 dogmatis
1482 3782 1563 3836 sui
1613 3796 1732 3836 esse
1781 3797 1910 3854 pro-

326 3881 524 3950 prium,
552 3878 823 3933 traducem
853 3876 1154 3930 animarum
1192 3885 1378 3944 putare
1409 3872 1584 3944 :quod
1611 3873 1771 3927 etiam
1817 3888 1912 3941 per

324 3970 724 4026 similitudinem
759 3966 1128 4038 generantium
1157 3980 1442 4036 corporum
1490 3963 1788 4034 approbare
1816 3977 1911 4018 co-

328 4073 501 4121 natui.
539 4079 556 4113 ι
593 4060 742 4116 Sicut
779 4059 992 4124 animat,
1031 4076 1049 4109 ι
1083 4057 1272 4127 inquit,
1311 4075 1328 4108 ι
1362 4057 1648 4126 gignuntur
1687 4056 1754 4109 ab
1792 4054 1908 4108 aui-

327 4152 533 4216 mahus,
566 4151 636 4205 ita
677 4149 983 4220 ﬁgmentum
1013 4148 1253 4216 corporis
1276 4163 1304 4198 a
1331 4148 1570 4214 corporis
1597 4155 1782 4200 natura
1824 4145 1909 4199 di-

326 4247 560 4316 geritur;
584 4253 637 4298 et
658 4244 794 4298 sicut
819 4257 944 4296 caro
968 4239 1036 4294 de
1061 4254 1241 4303 carne,
1266 4239 1336 4290 ita
1362 4239 1536 4292 anima
1564 4237 1631 4291 de
1659 4237 1856 4291 anima.
1884 4255 1904 4288 ι

323 4338 426 4395 Sed
458 4349 738 4411 pergamus
764 4332 831 4388 ad
857 4331 1079 4402 reliqua.
1101 4347 1118 4380 ‹
1149 4329 1295 4384 Sicut
1319 4343 1447 4398 ergo
1485 4335 1668 4381 auctor
1703 4327 1910 4382 anima-

326 4446 440 4483 rum
458 4430 597 4484 Deus
612 4435 713 4492 est,
730 4425 798 4479 ita
815 4437 1095 4493 corporum
1113 4431 1296 4474 auctor
1314 4434 1407 4489 per
1423 4420 1908 4488 concupiscentiam

325 4517 567 4572 diabolus
592 4526 692 4580 est,
720 4525 774 4569 ut
802 4516 852 4568 iu
873 4514 1158 4568 viscatorio
1179 4510 1375 4566 diaboli
1408 4524 1505 4579 per
1523 4510 1910 4577 concupiscen-

327 4609 452 4661 tiam
483 4605 739 4671 mulieris,
767 4605 906 4659 unde
931 4603 1174 4658 diabolus
1203 4609 1515 4671 aucupatur,
1549 4615 1654 4654 non
1681 4598 1906 4666 animas,

325 4698 418 4754 sed
447 4710 692 4766 corpora.
729 4713 748 4747 ι

401 4791 535 4845 Avo.
562 4787 678 4843 Non
706 4800 950 4855 corpora,
976 4783 1070 4838 sed
1113 4784 1318 4838 animas
1356 4783 1606 4854 aucupari
1638 4781 1908 4838 diabohtm

333 4882 504 4953 potuit
531 4879 707 4936 dicere
733 4875 1054 4932 Manichazus
1078 4893 1091 4928 :
1117 4890 1337 4945 corpora
1363 4875 1504 4929 enim
1533 4875 1662 4929 dicit
1691 4873 1757 4929 ad
1783 4889 1914 4946 gen-

331 4974 399 5028 tis
429 4972 761 5026 tenebrarum
787 4979 1051 5033 naturam,
1075 4966 1214 5022 unde
1239 4976 1319 5022 est
1343 4975 1397 5022 ct
1423 4966 1687 5030 diabolus,
1742 4967 1911 5036 perti-

328 5080 474 5121 nere.
493 5059 718 5118 l’roinde
738 5061 1026 5118 secundum
1045 5059 1415 5124 Manieliteum,
1434 5076 1536 5114 non
1555 5075 1776 5131 corpora
1794 5076 1911 5130 qua:

329 5159 494 5228 ipsius
516 5164 639 5210 sunt
658 5196 674 5224 ,
719 5155 813 5209 sed
844 5155 1050 5210 animas
1078 5154 1246 5210 bonas
1269 5170 1389 5225 qua:
1417 5155 1584 5224 ipsius
1623 5169 1730 5208 nun
1761 5165 1906 5221 sunt,

324 5252 509 5308 dicitur
559 5246 801 5303 diabolus
850 5246 1121 5314 aucupari.
1167 5245 1271 5302 Sed
1317 5245 1451 5301 ﬁdes
1494 5255 1678 5301 nostra
1708 5245 1911 5300 bonum

328 5345 492 5398 [leum
522 5349 816 5396 creatorem
847 5345 900 5390 et
926 5336 1583 5405 animarumetcorporum
1612 5336 1779 5390 novit.

393 5432 648 5490 CLXXV.
679 5430 795 5488 JUL.
831 5447 849 5481 ι
885 5427 1009 5484 Sive
1039 5443 1134 5497 per
1159 5429 1352 5494 visum,
1379 5431 1492 5485 sive
1521 5445 1616 5500 per
1637 5439 1833 5486 tactum
1866 5431 1909 5498 ⁸,

326 5526 438 5582 sive
485 5543 578 5597 per
620 5525 880 5588 auditum,
924 5519 1038 5576 sive
1062 5535 1158 5590 per
1185 5519 1483 5590 odoratum,
1529 5523 1644 5581 sive
1674 5538 1773 5596 per
1799 5539 1913 5594 ,ςυ-

390 5740 405 5771 ¹
442 5746 492 5790 ιιι
515 5741 656 5792 editis
681 5742 948 5804 exciderat,
972 5738 1071 5792 sive
1091 5751 1178 5805 per
1201 5745 1393 5790 tactum.

1000 305 1242 363 OPEIIIS
1281 301 1691 359 IMPERFECTI
1730 296 2005 356 CONTRA
2043 296 2408 371 JULIANUM,
2448 302 2507 360 S.
2551 301 2917 362 AUGUSTINI

3470 305 3610 362 I320

2015 423 2178 469 stum.
2209 414 2363 472 Tolle
2389 415 2622 488 denique
2648 415 2894 488 malignae
2924 414 3083 486 hujus
3112 414 3300 486 stirpis
3341 415 3607 488 radicem,

2015 513 2071 560 ct
2110 506 2288 561 statim
2327 517 2379 562 te
2420 507 2590 577 ipsam
2634 508 2963 579 spiritualem
3001 506 3408 579 contemplaris.
3436 509 3610 566 Radix

2013 597 2166 661 enim,
2204 597 2278 652 ait
2303 597 2596 668 Scriptura,
2624 597 2848 654 omnium
2869 599 3126 657 malorum
3146 601 3551 670 concupiscentia
3579 621 3605 654 ι

2013 686 2058 758 (Ι
2100 686 2236 742 Tim.
2268 705 2342 754 vi,
2395 689 2504 760 10).
2553 690 2709 744 \‘ides
2734 706 2840 760 quo
2859 690 3048 759 spiritu
3096 698 3150 746 ct
3191 701 3412 761 propter
3461 692 3610 762 quod

2013 777 2204 849 dogma
2235 779 2555 835 Maniclueus
2592 781 3077 851 concupiscentiam
3119 784 3300 838 carnis
3345 783 3607 850 incessat,

2013 868 2151 925 hanc
2174 869 2356 925 dicens
2380 885 2499 926 esse
2526 871 2697 942 legem
2729 873 2954 942 peccati,
2993 888 3114 944 qua:
3140 873 3183 927 si
3212 888 3244 927 a
3283 875 3606 945 corporibus

2012 958 2332 1027 auferretur,
2359 961 2686 1032 spiritualem
2711 977 2771 1018 se
2801 963 2905 1016 ﬁlia
2937 962 3073 1033 ejus,
3100 963 3168 1018 ad
3195 979 3356 1034 quam
3391 965 3603 1030 scribit,

2012 1047 2204 1104 factam
2244 1050 2466 1106 videret.
2495 1051 2664 1119 Quam
2695 1052 2998 1122 opinionem
3028 1054 3222 1125 quibus
3246 1054 3490 1124 Apostoli
3517 1055 3604 1110 ni-

2013 1149 2154 1193 tatur
2197 1140 2517 1197 conﬁrmare
2569 1142 2850 1198 sententiis
2888 1143 3167 1198 audiamus
3197 1162 3211 1198 :
3245 1162 3264 1198 t
3295 1141 3429 1200 Caro
3452 1145 3602 1202 enim

2011 1229 2307 1284 adversatur
2329 1232 2552 1302 spiritui,
2585 1233 2707 1303 quia
2748 1234 2855 1288 lilia
2898 1235 3346 1304 concupiscentia:
3388 1242 3506 1302 est;
3541 1247 3594 1289 et

2009 1321 2217 1392 spiritus
2234 1324 2374 1376 carni
2405 1321 2602 1393 (Galat.
2627 1339 2680 1391 v,
2714 1324 2823 1394 17),
2850 1325 2976 1396 quia
3006 1325 3143 1400 ﬁlius
3166 1323 3361 1381 anima:
3381 1333 3486 1382 est.
3522 1343 3543 1378 s

2083 1415 2218 1472 Ave.
2264 1415 2406 1470 Duas
2439 1416 2766 1472 substantias
2815 1417 2868 1472 in
2917 1417 3094 1472 verbis
3139 1417 3384 1489 Apostoli
3432 1417 3603 1473 Mani-

2011 1502 2191 1559 chacus
2215 1506 2487 1576 Opinatur,
2519 1521 2679 1561 uuam
2721 1507 2938 1574 bonam,
2961 1505 3186 1564 alteram
3225 1507 3420 1564 malam
3446 1523 3461 1564 :
3489 1523 3598 1564 non

2012 1609 2172 1648 unam
2197 1596 2388 1650 bonam
2412 1596 2761 1654 substantiam
2781 1639 2797 1662 ,
2837 1607 2891 1653 et
2915 1598 3140 1654 alteram
3165 1597 3323 1655 bona:
3346 1599 3599 1655 substan-

2013 1685 2100 1739 tize
2132 1685 2352 1752 vitium,
2402 1703 2470 1742 ex
2513 1687 2670 1758 primi
2710 1689 2941 1744 hominis
2984 1697 3203 1760 peccato
3252 1690 3601 1760 generatione

2013 1785 2364 1843 contractum,
2415 1777 2632 1832 secundi
2671 1777 2904 1834 hominis
2947 1779 3151 1849 justitia
3197 1781 3599 1851 regeneratione

2013 1867 2306 1922 sanandum
2341 1887 2354 1922 :
2387 1869 2528 1939 quod
2576 1878 2631 1924 et
2669 1881 2855 1925 contra
2914 1871 3255 1940 hlanichteos,
3307 1881 3363 1928 et
3413 1881 3600 1929 contra

2014 1972 2130 2022 vos,
2181 1967 2430 2028 tanquam
2482 1959 2886 2016 invictissimum
2928 1961 3117 2030 telum,
3158 1963 3420 2019 catholica
3467 1962 3602 2018 ﬁdes

2014 2046 2222 2102 fortiter
2241 2048 2392 2119 jacit,
2429 2059 2484 2105 et
2508 2060 2761 2122 utrosque
2787 2055 3098 2123 prosternit.

2045 2192 2051 2198 .
2085 2137 2365 2195 CLXXVI.
2405 2140 2525 2198 Jun.
2565 2140 2822 2214 Intelligis
2867 2155 3100 2201 rctcctas
3155 2161 3276 2202 esse
3324 2147 3603 2204 Manichci

2013 2230 2277 2301 dogmatis
2316 2233 2596 2304 medullas,
2643 2238 2836 2307 quibus
2879 2238 3012 2293 ﬁdes
3057 2250 3235 2294 vestra
3284 2243 3600 2297 concrescit.

2014 2322 2134 2378 Jam
2158 2340 2286 2380 vero
2330 2341 2450 2392 nos,
2500 2327 2552 2382 id
2600 2337 2711 2394 est,
2766 2328 3091 2397 Catltolicos,
3149 2333 3317 2404 pergit
3357 2349 3601 2404 arguere.

2022 2434 2037 2465 ι
2064 2415 2238 2484 Quare
2264 2417 2383 2474 vide
2409 2434 2568 2490 quam
2594 2421 2742 2474 stulti
2767 2431 2909 2486 sunt,
2934 2423 3025 2493 qui
3046 2423 3231 2480 dicunt
3254 2425 3354 2480 hoc
3378 2425 3603 2497 ﬁgmen-

2017 2517 2124 2561 tum
2153 2522 2184 2561 a
2227 2507 2338 2563 Deo
2377 2509 2516 2564 bono
2553 2526 2675 2567 esse
2712 2513 3020 2582 conditum,
3063 2514 3204 2586 quod
3246 2517 3376 2571 certi
3418 2526 3542 2570 sunt
3569 2531 3604 2575 ι

2013 2598 2202 2668 Spiritu
2229 2601 2676 2671 concupiscentia:
2706 2605 2868 2674 gigni.
2905 2623 2924 2657 ι

2085 2691 2221 2747 Auc.
2253 2691 2310 2746 In
2334 2693 2436 2747 hoc
2463 2707 2495 2748 a
2526 2693 2831 2752 Manicliaris
2853 2697 3010 2752 simul
3037 2699 3328 2768 arguimur,
3351 2709 3402 2756 ct
3431 2713 3526 2754 vos
3547 2710 3608 2758 et

2016 2797 2135 2849 nos,
2166 2784 2417 2853 quoniam
2452 2785 2759 2856 ﬁgmentum
2790 2793 2968 2845 carnis
3006 2806 3036 2845 a
3069 2792 3176 2846 lico
3215 2793 3357 2848 bono
3393 2794 3606 2865 utrique

2015 2875 2286 2930 conditum
2333 2876 2878 2950 dicimus:5piritum
2929 2897 3056 2938 vero
3110 2885 3605 2954 concupiscentia,

2015 2964 2289 3020 Manicltwi
2332 2967 2683 3024 substantiam
2713 2986 2834 3026 esse
2879 2970 3065 3028 dicunt
3112 2975 3332 3041 malam,
3379 2992 3486 3032 non
3525 2978 3607 3032 vi-

2019 3055 2148 3109 tium
2173 3057 2481 3114 substantiae
2504 3059 2675 3126 home,
2710 3077 2816 3132 quo
2840 3076 2966 3118 caro
2991 3066 3321 3136 concupiscit
3349 3065 3607 3123 adversus

2017 3146 2292 3215 spiritum;
2324 3148 2466 3218 quod
2493 3148 2558 3204 ad
2585 3166 2680 3206 eos
2710 3151 3108 3222 rcdarguendos
3138 3156 3362 3210 dicimus
3391 3171 3509 3223 nos,
3549 3166 3607 3212 ct

2016 3236 2082 3290 ad
2107 3252 2201 3292 eos
2227 3238 2556 3308 adjuvandus
2595 3241 2800 3310 negatis
2845 3257 2958 3296 vos.
3011 3242 3143 3297 Nam
3184 3245 3305 3314 quia
3349 3246 3603 3316 concupi-

2017 3329 2294 3396 scentiam,
2346 3345 2450 3400 qua
2495 3345 2620 3386 caro
2661 3334 2990 3404 concupiscit
3033 3335 3289 3391 adversus
3339 3337 3605 3407 spiritum,

2015 3420 2174 3472 etiam
2203 3419 2352 3475 vobis
2381 3422 2750 3478 resistentibus
2777 3425 2972 3479 malum
3000 3440 3120 3482 esse
3143 3427 3503 3494 convincunt;
3553 3428 3604 3484 si

2017 3525 2121 3564 non
2154 3519 2254 3574 est,
2307 3520 2367 3566 ut
2405 3513 2620 3582 putatis,
2667 3513 2822 3569 bona;
2861 3517 3170 3571 substantia:
3218 3518 3426 3583 viLium,
3467 3518 3607 3572 mala

1959 3675 1966 3679 _
2017 3601 2310 3656 substantia
2357 3603 2732 3672 deputabitur;
2769 3606 2910 3677 quod
2938 3616 3018 3662 est
3056 3606 3246 3677 dogma
3289 3608 3609 3664 Manichaeo-

2017 3709 2155 3759 rum,
2189 3694 2466 3751 catholicae
2489 3697 2609 3754 ﬁdei
2636 3698 2786 3754 vobis
2809 3699 3138 3769 adjutoribus
3165 3700 3458 3756 inimicum.

2085 3783 2383 3842 CLXXVII.
2415 3787 2532 3843 ,Ιυιη
2579 3809 2599 3842 r
2636 3789 2768 3844 Cum
2819 3793 3000 3846 animo
3044 3793 3258 3849 nolente
3288 3803 3499 3860 coeunt,
3549 3805 3611 3852 et

2015 3879 2234 3934 secretis
2253 3880 2546 3950 pudoribus
2589 3893 2813 3952 gerunt,
2863 3897 2970 3954 quo
2998 3897 3239 3957 tempore
3261 3887 3384 3943 odio
3410 3888 3610 3944 habent

2015 3972 2208 4038 lucem,
2242 3973 2317 4026 uti
2362 3987 2432 4027 ne
2469 3972 2876 4028 manifestentur
2907 3990 3067 4044 Opera
3094 3992 3299 4032 eorum.
3340 3978 3505 4047 Cujus
3529 3980 3609 4034 rei

2013 4063 2180 4132 gratia
2211 4063 2287 4116 ait
2311 4063 2617 4133 Apostolus,
2648 4063 2770 4118 Non
2799 4076 2870 4119 cst
2900 4068 3107 4123 volentis
3144 4067 3322 4138 (Rom.
3355 4085 3434 4136 ts,
3467 4070 3561 4140 16)
3586 4087 3606 4136 ;

2015 4163 2073 4208 ut
2098 4154 2466 4220 subaudiatur,
2499 4154 2601 4210 hoc
2620 4170 2769 4226 opus.
2797 4159 2919 4214 Sive
2948 4159 3088 4214 enim
3111 4161 3308 4216 bonum
3332 4177 3602 4232 geramus,

2016 4260 2123 4300 non
2148 4254 2230 4300 cst
2253 4245 2428 4300 carnis
2453 4261 2467 4311 ;
2497 4246 2619 4316 quia
2649 4249 2916 4316 manifesta
2943 4258 3058 4304 sunt
3090 4267 3246 4320 opera
3272 4253 3459 4316 carnis,
3488 4265 3601 4322 qua!

2015 4345 2129 4389 sunt
2154 4336 2445 4406 fornicatio,
2473 4347 2602 4405 etc.,
2655 4339 2767 4394 sive
2810 4342 3005 4395 malum
3045 4357 3294 4412 geramus
3316 4343 3356 4408 ⁸,
3391 4358 3495 4398 non
3521 4353 3608 4398 cst

2015 4427 2245 4492 anima);
2291 4428 2412 4498 quia
2437 4428 2631 4497 fructus
2659 4430 2903 4500 Spiritus,
2948 4449 3068 4502 pax,
3101 4435 3347 4505 gaudium
3372 4445 3445 4490 est
3477 4435 3606 4506 (Ga-

2015 4517 2107 4571 lat.
2139 4533 2192 4584 v,
2227 4519 2314 4584 I9,
2347 4519 2462 4589 29.).
2492 4520 2730 4591 Denique
2754 4523 2948 4577 clamat
2976 4533 3030 4579 et
3053 4525 3121 4578 ad
3161 4525 3434 4581 Romanos
3463 4529 3606 4597 Apo-

2016 4610 2184 4665 Stolus
2217 4629 2230 4665 :
2264 4612 2384 4666 Non
2423 4612 2606 4667 bonum
2633 4614 2768 4685 quod
2807 4616 2939 4682 volo,
2974 4633 3104 4686 ago;
3133 4617 3222 4671 sed
3248 4619 3438 4673 malum
3482 4635 3604 4690 ape-

2017 4720 2121 4769 ror,
2175 4705 2312 4774 quod
2359 4705 2603 4760 exltorreo
2659 4705 2679 4778 (
2712 4705 2860 4760 Rom.
2891 4723 2982 4773 vtt,
3014 4706 3142 4780 19).
3195 4707 3401 4765 Videtis
3420 4725 3604 4767 vocent

2015 4796 2207 4851 animtc
2265 4800 2630 4864 contumacis,
2714 4808 2897 4854 contra
2970 4801 3454 4871 concupiscentiam
3504 4803 3605 4858 de—

2018 4887 2321 4944 fendentem
2384 4890 2683 4945 libertatem
2755 4892 2967 4947 animm.
3027 4893 3251 4950 Dolebat
3308 4895 3452 4950 enim
3481 4896 3606 4966 quia

2016 4990 2314 5050 peccatum,
2345 4981 2397 5034 id
2425 4989 2528 5044 est,
2571 4981 2816 5038 diabolus
2858 4995 3171 5053 operaretur
3214 4986 3267 5040 in
3304 5001 3363 5042 sc
3391 5001 3605 5042 omnem

2015 5076 2517 5144 concupiscentiam.
2571 5075 2780 5146 chalis
2819 5077 3110 5134 auctoritas
3161 5079 3361 5134 indicat
3407 5079 3604 5134 malum

2015 5167 2151 5235 ejus,
2192 5181 2314 5220 cum
2344 5180 2533 5223 omnes
2552 5166 2668 5236 ejus
2712 5181 2840 5221 usus
2867 5168 3153 5238 vituperat,
3181 5183 3317 5239 quos
3343 5184 3470 5224 caro
3499 5170 3604 5222 mi-

2015 5267 2164 5313 ratur
2181 5267 2236 5314 et
2261 5257 2441 5313 laudat
2467 5273 2480 5310 :
2511 5258 2689 5313 omnis
2727 5259 2869 5314 enim
2900 5259 3198 5315 amaritudo
3219 5260 3601 5332 concupiscen-

2018 5347 2105 5404 tia:
2133 5347 2310 5404 suavis
2335 5357 2420 5404 est
2443 5347 2674 5414 animae;
2720 5362 2818 5419 per
2849 5364 3008 5420 quam
3050 5351 3282 5406 nutritur
3307 5351 3506 5416 anima,
3547 5358 3598 5407 et

2016 5439 2085 5496 ad
2117 5441 2352 5514 vigorem
2394 5441 2618 5497 accitur.
2677 5441 2914 5513 Denique
2943 5444 3240 5498 coercentis
3275 5459 3334 5498 se
3370 5445 3436 5498 ab
3459 5442 3600 5498 omni

2017 5547 2117 5589 usu
2157 5534 2602 5604 concupiscentiae
2642 5533 2853 5590 animus
2877 5535 3076 5605 vigilat,
3115 5533 3332 5601 ditatur,
3385 5544 3439 5590 et
3487 5548 3602 5593 crc-

2084 5691 2100 5721 ί
2137 5686 2265 5737 Prior
2308 5688 2535 5749 vignierti
2562 5688 2712 5739 editio
2745 5697 2795 5739 et
2817 5695 3070 5749 Mss-instar.
3098 5697 3149 5738 ct
3169 5687 3290 5736 dar.
3317 5700 3329 5735 :
3357 5685 3459 5738 sire
3480 5687 3614 5738 cuius

2025 5752 2191 5801 bonum
2215 5741 2599 5815 quaeramus..."
2629 5752 2722 5802 rit'c
2748 5741 3247 5816 malmn'ycncramus.
