3954 6178
290 332 408 398 ΙΒΩΙ

296 459 386 509 scit
431 477 443 514 :
491 469 581 522 per
626 459 781 506 usum
824 458 1000 505 autem
1055 441 1491 514 concupisce-mite
1535 437 1846 494 consuevit‘

294 548 615 598 decrescere.
655 558 674 591 ι
701 538 1040 607 l-ntelligisne,
1073 535 1156 589 vel
1177 547 1297 588 sero
1320 529 1730 601 deprehendisse
1754 541 1850 578 nos

293 631 424 684 unde
453 645 556 683 non
586 628 755 682 solum
777 639 1010 696 superes,
1039 622 1132 678 sed
1162 623 1319 676 etiam
1351 614 1679 687 loquereris?
1707 622 1851 667 tanto

291 732 427 776 etum
469 719 777 788 magistrum
819 725 963 770 tuum
1012 728 1194 768 amore
1235 705 1624 779 complecteris,
1665 712 1723 758 ut
1749 717 1852 756 non

294 814 456 867 solum
496 808 772 864 itineribus
817 807 951 876 ejus,
984 803 1076 859 sed
1125 803 1284 858 etiam
1319 799 1552 868 vestigiis
1596 795 1851 850 insistas:

291 904 425 974 quod
455 913 509 958 tu
535 902 780 955 omnibus
806 899 1016 967 scriptis
1041 896 1260 959 asseris,
1285 893 1419 946 sicut
1448 899 1502 944 et
1530 888 1605 942 illi
1633 901 1765 957 quos
1786 883 1864 943 ad,

292 993 573 1050 Marcellini
605 1005 794 1044 nomen
817 987 1052 1050 edidisti,
1083 985 1225 1047 libri,
1257 992 1312 1037 et
1336 981 1420 1034 isti
1439 985 1697 1033 testantur
1721 987 1856 1044 quos

293 1086 350 1136 ad
383 1083 649 1137 Valerium
681 1078 977 1142 destinasti,
1027 1077 1178 1130 istam
1204 1073 1448 1126 videlicet
1478 1065 1858 1135 concupiscen-

290 1179 414 1227 tiam
445 1174 640 1234 carnis.
681 1186 836 1240 quam
867 1169 1025 1222 etiam
1056 1165 1351 1235 pudendam
1398 1174 1576 1223 vocas,
1626 1172 1722 1228 per
1745 1155 1832 1210 dia

293 1266 467 1318 bolum
489 1263 770 1316 admixtam
799 1274 918 1314 esse
947 1256 1185 1311 humanis
1211 1252 1541 1323 corporibus.

361 1358 492 1409 Acc.
532 1354 612 1406 'l'u
650 1351 792 1405 enim
834 1364 935 1418 qua
977 1345 1296 1415 impudentia
1330 1339 1624 1411 pudendam
1672 1347 1854 1404 negas,

291 1453 472 1498 contra
518 1455 676 1512 quam
744 1454 903 1504 nunc,
959 1434 1383 1506 quandoquidem
1441 1431 1581 1484 illam
1635 1427 1859 1480 libenter

295 1533 495 1591 laudas.
527 1532 690 1584 miror
719 1529 764 1582 si
794 1526 1019 1581 fideliter
1038 1525 1278 1578 dimicas.
1305 1517 1527 1588 Quando
1544 1525 1726 1569 autem
1763 1513 1859 1566 mi-

293 1621 524 1677 seebaris
556 1619 728 1681 uxori,
758 1615 1001 1687 quamvis
1024 1613 1154 1668 nihil
1193 1609 1427 1666 timendo
1451 1608 1566 1661 usui
1592 1617 1860 1659 concessas

292 1711 576 1780 voluptatis
619 1709 900 1771 inhiabas,
955 1714 1220 1758 secretqu
1273 1709 1446 1754 tamen
1497 1692 1860 1751 erubescendo

287 1803 583 1871 quaerebas.
627 1796 855 1852 Proinde
895 1796 992 1848 ista
1024 1805 1111 1847 tua
1156 1799 1418 1856 suscepta,
1451 1787 1494 1839 si
1539 1783 1870 1853 in.p.radisn

293 1891 566 1945 hominum
615 1888 835 1943 felicitas
880 1891 1232 1954 permaneret,
1272 1888 1362 1932 aut
1400 1877 1540 1930 nulla
1585 1875 1652 1928 ibi
1698 1882 1857 1935 esset,

290 1990 378 2034 aut
409 1980 582 2033 nullos
612 1992 738 2030 suos
768 1984 940 2029 motus
965 1982 1147 2028 contra
1178 1981 1359 2023 nutum
1389 1966 1672 2020 voluntatis
1708 1979 1861 2016 exse-

287 2079 457 2136 reret,
489 2069 680 2139 quibus
707 2079 921 2120 necessc
951 2071 1092 2116 esset
1116 2061 1392 2122 obsistere,
1431 2065 1488 2109 ut
1524 2055 1596 2107 illi
1628 2051 1860 2135 felicitati

285 2161 544 2214 honestas
585 2171 813 2224 congrua
857 2152 1187 2207 redderetur.
1230 2148 1336 2202 Sed
1365 2145 1612 2215 quoniam
1655 2143 1708 2196 in
1747 2142 1864 2208 ejus

290 2251 538 2303 laudibus
578 2262 643 2301 co
681 2257 846 2313 usque
875 2253 1191 2311 progressus
1232 2252 1311 2301 es,
1357 2247 1414 2288 ut
1440 2233 1708 2287 libidinem
1736 2245 1864 2298 qna-

283 2339 394 2392 Iem
439 2351 580 2390 nunc
609 2349 727 2389 esse
764 2332 1042 2396 sentimus,
1085 2328 1243 2382 talem
1287 2326 1339 2379 in
1363 2323 1610 2396 paradiso
1636 2321 1862 2374 futuram

289 2427 456 2480 fuisse
506 2422 828 2486 contendas,
869 2420 968 2474 sibi
1021 2416 1394 2473 reluctantium
1444 2409 1862 2467 sollicitautem'

285 2517 453 2572 corda
481 2524 777 2578 castorum;
799 2510 915 2581 quis
941 2526 1044 2564 non
1073 2508 1270 2573 videat,
1293 2505 1431 2575 quod
1462 2519 1565 2556 non
1586 2499 1860 2571 sapientia,

289 2623 394 2662 noa
423 2603 745 2674 eloquentia,
774 2601 866 2655 sed
895 2597 1216 2668 impudentia
1247 2593 1375 2648 mihi
1405 2591 1627 2657 resistis,
1667 2591 1785 2658 quia
1813 2598 1866 2642 te

294 2698 493 2750 victum
541 2691 780 2748 confiteri
827 2701 1078 2759 perverso
1130 2685 1332 2755 pudore
1382 2679 1712 2753 prohiberis?
1759 2679 1866 2733 Nos

285 2803 422 2856 ergo
447 2783 621 2839 carnis
641 2777 1139 2849 concupiscentiam,
1170 2790 1268 2830 nec
1291 2771 1639 2828 substantiam
1667 2780 1866 2822 natura:

289 2878 450 2931 mala:
474 2891 593 2930 esse
613 2862 858 2937 dicimus,
887 2868 1026 2939 quod
1047 2867 1231 2922 dicunt
1248 2862 1549 2926 Manichzei;
1573 2874 1670 2915 nec
1692 2857 1870 2913 etmtis

287 2969 409 3038 ejus
433 2981 560 3021 usus
587 2963 900 3033 rcprobatur
922 2975 951 3013 a
976 2957 1148 3021 nobis,
1185 2957 1319 3010 sicut
1343 2969 1374 3007 a
1399 2949 1696 3006 Manichacis
1723 2966 1737 3000 :
1772 2961 1868 3004 nec

294 3037 412 3111 eam
454 3069 638 3110 rursus
681 3053 870 3108 bonam
897 3049 1144 3111 dicimus,
1174 3043 1313 3116 quod
1341 3042 1522 3097 dicunt
1563 3037 1863 3107 Pelagiani;

293 3165 392 3203 nec
417 3148 532 3216 ejus
560 3154 740 3199 contra
760 3143 1000 3213 spiritum
1031 3147 1205 3192 motus
1227 3135 1465 3189 laudatur
1484 3147 1512 3183 a
1534 3130 1706 3192 nobis,
1735 3129 1870 3181 sicut

297 3255 323 3291 a
354 3237 653 3306 Pelagianis
677 3254 690 3287 :
713 3232 808 3288 sed
836 3232 1060 3286 dicimus
1089 3244 1204 3282 eatn
1243 3240 1366 3280 esse
1399 3223 1580 3276 vitium
1621 3219 1868 3275 substan-

297 3331 378 3384 tiae
414 3329 588 3388 bomc,
624 3323 764 3396 quod
798 3323 850 3376 in
894 3331 1126 3374 nostram
1173 3327 1410 3371 naturam
1440 3330 1531 3382 per
1558 3312 1868 3381 praevarica-

295 3421 495 3473 tionem
525 3416 675 3485 primi
699 3411 927 3468 hominis
951 3423 1160 3463 versum
1183 3416 1286 3474 est,
1311 3404 1450 3472 quod
1481 3404 1659 3456 dicunt
1683 3401 1866 3456 catha-

295 3512 380 3566 iici
413 3510 733 3572 Christiani;
770 3507 987 3576 ejusque
1013 3503 1135 3558 mali
1177 3516 1301 3556 usus
1339 3500 1513 3553 licitus
1539 3508 1590 3551 et
1618 3496 1870 3549 honestus

297 3593 590 3656 liberorum
622 3597 1066 3670 procreandorum
1096 3608 1252 3648 causa
1292 3590 1612 3660 approbatur
1641 3603 1669 3639 a
1699 3586 1867 3648 nobis,

295 3694 437 3746 sicut
461 3707 489 3744 a
508 3691 788 3745 catholicis
811 3684 1143 3743 Christianis.
1167 3681 1240 3736 lta
1277 3691 1328 3736 et
1355 3680 1668 3732 Manichmos
1693 3687 1744 3730 et
1774 3675 1870 3729 Pe-

302 3777 538 3846 lagianos
575 3787 903 3844 superamus,
940 3781 1098 3840 atque
1135 3769 1388 3829 vitamus;
1417 3778 1638 3833 quorum
1669 3762 1744 3814 sic
1782 3777 1869 3813 ero

298 3882 472 3930 rores,
502 3875 846 3934 utrorumque
865 3861 1062 3916 diversi
1088 3870 1230 3921 sunt,
1253 3865 1310 3910 ut
1331 3855 1418 3924 qui
1447 3853 1652 3906 videtur
1679 3852 1869 3914 minor,

254 3944 419 4025 ‘ipse
464 3957 603 4010 illius
631 3956 718 4025 qui
749 3953 957 4008 videtur
998 3950 1183 4020 major,
1215 3947 1544 4002 demonstret
1565 3960 1608 3996 Il‘
1643 3941 1869 4011 adjutor.

305 4045 451 4112 Quod
479 4045 621 4099 enim
652 4045 845 4098 malum
870 4056 988 4096 esse
1017 4040 1146 4093 satis
1181 4035 1452 4092 evidenter
1479 4041 1716 4101 apparet,
1747 4030 1872 4084 dum

307 4134 572 4203 Pelagiani
605 4141 797 4203 negant
818 4145 934 4186 esse
957 4130 1137 4183 vilium
1169 4127 1321 4181 bona:
1347 4123 1674 4188 snbstantim,
1704 4121 1870 4174 Mani—

305 4223 482 4276 clueas
519 4222 784 4290 adjuvant,
814 4221 901 4288 (lui
929 4219 1109 4272 vitium
1141 4213 1526 4286 ipsum'tnalam
1551 4209 1731 4265 dicunt
1754 4225 1874 4265 esse

305 4311 674 4374 substantiam,
707 4312 828 4366 boni
859 4310 950 4363 Dei
983 4307 1286 4362 substantia:
1310 4313 1648 4360 comtcrnam.

374 4399 697 4456 CLXXVIII.
737 4400 856 4454 Jun.
897 4397 1043 4452 l-lanc
1083 4411 1200 4450 esse
1255 4393 1452 4463 peccati
1496 4393 1676 4457 tiliam,
1720 4400 1876 4459 atque

302 4493 528 4545 aliorum
561 4499 894 4560 peccaturum
932 4495 1176 4550 matrem,
1204 4493 1252 4538 et
1295 4485 1361 4536 de
1390 4497 1451 4536 ea
1477 4480 1723 4548 conqueri
1751 4494 1876 4548 apo-

308 4582 500 4634 stolum
542 4580 778 4642 Panl.:m,
811 4594 932 4632 cum
972 4577 1117 4639 dicit,
1158 4575 1279 4629 Scio
1312 4573 1428 4641 quia
1471 4588 1568 4624 non
1611 4571 1798 4624 habitat
1824 4572 1876 4624 in

307 4686 456 4724 carne
493 4686 601 4723 mea
645 4671 859 4731 bonum;
909 4677 981 4732 ct,
1035 4665 1150 4718 Non
1197 4664 1330 4733 quod
1377 4661 1489 4715 volo
1536 4665 1739 4724 bonum,
1785 4662 1877 4715 hoc

308 4779 438 4828 apio:
481 4762 570 4814 sed
597 4760 729 4829 quod
767 4760 903 4824 odio,
947 4758 1075 4811 illud
1107 4757 1237 4827 facio
1286 4753 1455 4825 (Rom.
1496 4755 1707 4819 tim-18,
1744 4755 1873 4823 15):

309 4855 446 4919 quod
487 4867 698 4921 semper
739 4867 768 4904 a
795 4849 1078 4904 Catholicis
1117 4849 1186 4900 ita
1228 4847 1522 4916 exiiositum
1554 4854 1656 4910 est,
1687 4855 1875 4897 utnon

311 4941 374 4992 ad
401 4949 598 4994 natu-rae
628 4939 918 5004 infamiam,
949 4938 1042 4994 sed
1066 4937 1132 4992 ad
1162 4935 1556 4992 consuetudinis
1591 4933 1878 4988 referretur

312 5029 580 5084 invidiam.

381 5122 512 5176 Aac.
554 5121 630 5175 Ita
659 5136 787 5176 vero
813 5119 1106 5174 catholicus
1143 5125 1200 5171 tu
1229 5131 1308 5181 es,
1350 5123 1404 5170 et
1440 5112 1750 5168 Ambrosius
1790 5127 1879 5166 ca-

312 5209 538 5266 tholicus
556 5227 660 5265 non
682 5223 762 5266 est
775 5212 801 5264 ἲ
819 5211 934 5264 Non
962 5223 1126 5278 usque
1143 5209 1276 5262 adeo
1296 5213 1620 5260 evanuerunt
1639 5204 1879 5257 homines

312 5311 498 5356 vestr.e
533 5305 778 5373 contagio
803 5303 1067 5366 vanitatis,
1107 5313 1468 5370 quoscumque
1506 5297 1751 5365 decipere
1780 5309 1876 5363 po-

312 5391 503 5457 tuistis,
535 5403 592 5445 ut
631 5392 730 5446 hoc
761 5391 989 5445 audeant
1018 5391 1068 5443 in
1096 5388 1326 5442 animum
1359 5387 1623 5441 inducere.
1651 5385 1881 5440 Proinde

314 5479 582 5549 pauliSper
607 5481 840 5534 attende.
885 5479 1209 5533 Discordiam
1242 5476 1417 5531 carnis
1459 5486 1514 5530 et
1550 5473 1786 5544 spiritus,
1813 5473 1878 5527 de

375 5615 392 5646 ³
427 5616 558 5674 ultu,
584 5615 807 5666 desueuit.
831 5614 1148 5664 Emendantur
1171 5626 1234 5662 ex
1258 5612 1601 5674 manuscriptts.

376 5675 398 5708 ⁸
431 5681 489 5726 ει
511 5672 934 5740 manuscriptorum
958 5677 1052 5725 fite
1075 5676 1290 5729 addimus
1310 5709 1323 5734 ,
1349 5672 1689 5722 sollicitantem»

595 5774 848 5825 t'AtttoL
905 5763 1094 5826 XLV.

1619 322 1818 381 LIBER
1857 320 2167 375 TERTIUS.

3394 319 3524 372 I31!

1956 449 2058 502 qua
2079 434 2329 502 scriptum
2359 444 2460 496 est,
2493 433 2610 485 Scio
2634 434 2752 502 quia
2781 449 2876 486 non
2909 433 3096 485 habitat
3126 435 3176 485 in
3207 449 3302 495 me,
3331 434 3421 486 hoc
3453 445 3524 488 est

1957 524 2007 575 in
2032 539 2183 578 carne
2210 540 2336 583 nica,
2370 523 2552 577 bonum
2576 540 2593 577 :
2619 524 2744 578 velle
2779 525 2909 578 enim
2949 524 3142 592 adjacet
3182 525 3338 588 mihi;
3369 527 3522 594 per/i-

1956 630 2067 668 cere
2102 624 2266 668 autem
2302 617 2505 680 bonum,
2537 631 2654 679 non,
2689 627 2742 670 et
2782 626 2971 670 caetera
3005 615 3300 696 hujusmodi
3323 658 3337 680 ,
3371 627 3527 685 atque

1959 703 2084 755 illud
2139 704 2306 757 multo
2352 704 2708 768 manifestius,
2758 704 2887 758 Caro
2935 707 3238 773 concupiscit
3287 708 3524 761 adversus

1957 793 2208 861 spiritum,
2258 794 2462 863 spiritus
2501 802 2668 847 autern
2711 795 2947 848 adversus
2987 811 3186 848 carnem
3210 811 3228 848 :
3256 796 3362 850 lucc
3385 799 3529 850 enim

1957 884 2168 938 invicem
2221 885 2582 949 adversantur;
2624 893 2677 938 ut
2723 900 2824 937 non
2859 899 2922 937 ea
2975 901 3088 954 qua:
3130 885 3280 940 vultis
3334 887 3532 954 faciatis

1961 971 2156 1043 (Galat.
2186 989 2238 1036 v,
2271 973 2360 1045 I7)
2389 992 2404 1028 :
2429 989 2548 1029 esse
2595 975 2646 1028 in
2690 973 2986 1028 hominibus
3035 990 3136 1028 nec
3181 990 3277 1029 nos
3315 977 3530 1030 dubita-

1962 1079 2098 1131 mus,
2129 1080 2369 1126 nec'vos,
2397 1081 2495 1120 nec
2522 1065 2793 1119 Manichaei
2821 1083 2833 1118 :
2861 1064 2953 1120 sed
2983 1066 3123 1119 unde
3149 1067 3216 1119 sit
3239 1067 3289 1120 in
3319 1067 3533 1122 homine

1963 1167 2068 1206 uno
2107 1155 2204 1208 ista
2224 1154 2507 1218 discordia,
2538 1154 2662 1208 inde
2698 1154 2957 1208 disseusm
2984 1164 3088 1221 est,
3129 1166 3182 1209 et
3214 1165 3325 1211 tres
3357 1159 3532 1226 profe-

1960 1253 2150 1298 runtur
2172 1245 2223 1298 in
2253 1245 2350 1299 hac
2374 1245 2704 1299 dissensione
2729 1246 3032 1310 sententiae;
3074 1261 3177 1300 una
3204 1256 3405 1312 nostra,
3441 1265 3534 1302 ve-

1962 1345 2072 1389 stra
2097 1337 2285 1401 altera,
2309 1337 2462 1392 tertia
2502 1336 2928 1390 Mauiclueorum.
2966 1337 3070 1392 Sed
3096 1353 3164 1392 ne
3201 1352 3530 1408 armgnuter,

1963 1425 2047 1479 vel
2092 1426 2348 1481 fallaciter
2391 1427 2544 1480 vobis
2591 1427 2768 1481 dicere
2815 1426 3084 1480 videamur
3133 1438 3365 1482 nostrain
3412 1443 3530 1483 esse

1959 1516 2294 1582 catholicam,
2345 1517 2430 1572 ille
2473 1533 2591 1572 eam
2637 1504 2889 1587 proferat,
2937 1519 3087 1585 cujus
3131 1519 3287 1573 fidem
3334 1529 3388 1573 et
3426 1535 3529 1588 pu-

1963 1607 2227 1661 rissimum
2255 1608 2310 1662 in
2347 1607 2636 1677 Scripturis
2675 1622 2912 1671 seu-sum,
2957 1608 3092 1662 sicut
3132 1623 3252 1662 eum
3283 1610 3535 1677 prmdicat

1963 1708 2138 1753 vester
2165 1699 2275 1767 ipse
2319 1699 2578 1768 Pelagius.
2619 1711 2686 1752 ne
2726 1697 2970 1751 inimicus
3006 1698 3216 1766 quidem
3254 1713 3414 1753 ausus
3453 1710 3537 1752 e~t

1963 1789 2354 1858 reprehendere
2366 1789 2474 1861 '(a).
2507 1790 2639 1842 Dicit
2659 1803 2788 1857 ergo
2805 1789 3138 1854 Ambrosius,
3168 1792 3303 1843 hanc
3331 1790 3536 1844 discor-

1963 1879 2103 1932 diam
2132 1879 2308 1934 carnis
2331 1889 2403 1937 ,et
2443 1880 2678 1948 spiritus,
2724 1893 2818 1947 per
2856 1878 3340 1948 praevaricationem
3381 1880 3534 1948 primi

1965 1968 2193 2022 hominis
2217 1968 2472 2022 accidisse
2495 1978 2688 2022 nostra:
2713 1977 2914 2021 naturae
2938 1968 3070 2039 (Lib.
3099 1968 3130 2022 7
3153 1969 3210 2021 in
3236 1967 3360 2022 Luc.
3393 1972 3488 2037 xu)
3520 1987 3532 2020 :

1965 2073 2060 2110 vos
2079 2067 2252 2112 autem
2286 2058 2480 2120 dicitis,
2508 2074 2571 2112 ex
2597 2059 2648 2111 vi
2674 2059 3070 2112 consuetudinis
3098 2075 3113 2111 :
3151 2059 3422 2113 Manicluci
3449 2060 3534 2114 di-

1965 2159 2111 2212 cunt,
2144 2163 2210 2201 ex
2236 2149 2609 2202 commixtione
2637 2147 2858 2201 duarum
2901 2157 3204 2201 naturarum
3228 2159 3532 2204 coteterna—

1963 2254 2105 2304 rum,
2138 2238 2260 2292 boni
2305 2239 2506 2293 scilicet
2551 2248 2605 2294 et
2643 2239 2786 2292 ntali.
2826 2219 3070 2293 Poteram
3093 2239 3201 2308 jam
3235 2238 3433 2306 dicere,
3480 2252 3538 2307 ut

1965 2330 2126 2398 eligat
2149 2330 2338 2384 horum
2369 2331 2526 2384 trium
2547 2330 2684 2400 quod
2708 2319 2949 2393 voluerit.
2976 2333 3064 2400 qui
3094 2318 3204 2386 vult
3239 2333 3534 2388 catholicus

1967 2433 2302 2488 permanere.
2332 2419 2516 2488 Neque
2542 2421 2682 2474 enim
2706 2422 2892 2476 timere
2909 2421 3098 2487 debeo,
3131 2437 3197 2478 ne
3217 2423 3533 2478 Manicbmos

1967 2508 2191 2578 quisque
2229 2509 2434 2578 fugiens
2475 2524 2571 2562 vos
2625 2520 2896 2578 praeponat
2940 2511 3238 2566 Ambrosio.
3283 2514 3398 2568 Sed
3444 2530 3539 2569 ve-

1967 2606 2131 2654 stram
2159 2599 2495 2665 senteutiam,
2536 2615 2637 2669 qua
2673 2600 2848 2655 dicitis
2878 2600 2978 2655 hoc
3007 2602 3202 2656 malum
3233 2605 3284 2658 vi
3314 2619 3539 2661 consue-

1971 2688 2164 2743 tudinis
2189 2689 2496 2755 inolescerc,
2530 2703 2652 2746 esse
2686 2692 3024 2746 vanissimam
3055 2693 3310 2762 jndicat‘,
3343 2699 3430 2766 qui
3463 2703 3539 2751 vi-

1968 2776 2059 2832 det
2077 2779 2191 2833 sine
2210 2778 2313 2833 Itoc
2339 2780 2477 2834 malo
2502 2783 2766 2835 neminem
2808 2783 2972 2836 nasci.
3005 2783 3124 2836 Mox
3149 2785 3293 2838 enim
3319 2794 3374 2838 ut
3399 2790 3538 2855 quis-

1968 2883 2072 2937 que
2101 2870 2306 2925 ratione
2349 2871 2420 2924 uti
2465 2872 2702 2939 cmperit,
2738 2872 2780 2924 si
2820 2871 3179 2942 concupiverit
3219 2885 3532 2935 castitatem.

1967 2962 2444 3030 concupiscentiam
2464 2963 2656 3026 carnis,
2685 2979 2802 3031 qua:
2816 2963 2994 3017 fuerat
3021 2972 3178 3018 actate
3207 2968 3397 3034 sspitt,
3429 2971 3533 3020 vel-

1971 3058 2030 3104 ut
2073 3051 2412 3120 evigilantem
2444 3061 2928 3120 repugnantemque
2971 3053 3079 3120 jam
3122 3056 3313 3118 sentit;
3358 3066 3412 3107 et
3447 3067 3539 3111 aut

1968 3140 2139 3194 victus
2167 3141 2503 3205 abstrahitur,
2551 3152 2640 3195 ant
2677 3158 2742 3196 ne
2778 3143 2827 3195 in
2858 3144 2976 3210 ejus
3001 3145 3208 3198 labatur
3235 3163 3532 3210 assertum,

1909 3305 1911 3307 ι
1970 3231 2222 3284 adversus
2257 3247 2396 3293 eam,
2426 3233 2468 3284 si
2500 3232 2618 3301 pius
2650 3241 2753 3298 est,
2788 3233 3009 3286 Domino
3035 3235 3316 3303 adiuvante
3353 3239 3540 3293 conﬂi-

1970 3323 2066 3390 git.
2115 3322 2264 3388 Quod
2309 3323 2353 3375 si
2395 3338 2500 3375 non
2551 3323 2706 3384 vultis
2741 3323 3002 3391 accipere,
3050 3325 3173 3394 quid
3215 3327 3266 3380 in
3317 3345 3400 3382 tne
3443 3345 3541 3384 sa:-

1973 3412 2132 3466 vitis?
2171 3411 2510 3477 Manichteos,
2553 3412 2996 3482 Ambrosiumque
3025 3411 3355 3480 comniittite,
3387 3428 3542 3488 atque

1976 3503 2025 3555 in
2057 3504 2358 3571 spectaculo
2381 3503 2543 3572 hujus
2565 3505 2890 3570 certaminis,
2918 3505 2960 3559 si
2989 3507 3238 3562 catltoliei
3271 3511 3418 3574 estis,
3460 3513 3541 3564 cui

1975 3594 2110 3662 parti
2150 3592 2370 3646 faventis
2411 3595 2608 3664 eligite.
2656 3595 2788 3648 Puto
2814 3595 2954 3664 quod
2984 3611 3013 3648 a
3045 3597 3194 3650 vobis
3218 3599 3386 3653 victor
3411 3603 3540 3654 Am-

1974 3687 2182 3740 brosius
2202 3686 2470 3754 judicatur
2493 3704 2506 3739 :
2537 3687 2627 3741 sed
2655 3687 2776 3755 quia
2804 3701 2906 3740 non
2935 3691 3065 3742 estis
3090 3688 3354 3755 catholici,
3385 3693 3542 3746 etiam

1973 3777 2052 3830 sic
2075 3777 2244 3830 securi
2273 3787 2608 3843 spectntttns;
2639 3787 2690 3830 et
2713 3792 2810 3830 vos
2835 3777 2975 3831 enim
3009 3787 3063 3832 et
3091 3778 3406 3833 Manichacus
3429 3782 3544 3836 sine

1975 3867 2134 3920 dubio
2162 3869 2321 3920 vincit
2345 3868 2673 3920 Ambrosius.

2044 3954 2320 4010 CLXXIX.
2360 3956 2476 4010 Jun.
2512 3955 2590 4008 'l‘u
2630 3964 2806 4009 tamen
2832 3957 3268 4024 argumentando,
3310 3968 3366 4013 et
3396 3961 3542 4012 testi-

1977 4047 2150 4099 monia
2189 4046 2577 4112 Scripturarum
2604 4043 2925 4112 usurpando,
2947 4045 3015 4098 de
3040 4044 3312 4100 bacillum
3346 4061 3543 4103 concu-

1977 4135 2251 4204 piscentia,
2277 4148 2434 4203 quam
2465 4133 2633 4204 legem
2655 4134 2857 4202 peccati
2883 4149 3060 4200 vocas,
3088 4138 3176 4188 ρι’
3201 4151 3388 4192 omnes
3424 4153 3545 4193 san-

1976 4237 2091 4280 ctos
2114 4236 2217 4278 tam
2249 4225 2475 4293 pollutos
2504 4237 2661 4293 quam
2686 4234 3005 4293 conquestos
3039 4224 3202 4280 fuisse
3237 4225 3541 4281 confirmas.

2047 4317 2180 4371 Aes.
2220 4315 2334 4369 Non
2371 4315 2675 4383 polluuntur
2702 4314 2806 4370 hoc
2842 4316 2981 4370 malo
3015 4317 3203 4382 sancti,
3243 4332 3376 4386 quos
3413 4334 3543 4372 con-

1978 4414 2083 4460 stat
2125 4420 2243 4460 esse
2273 4406 2355 4460 vel
2385 4405 2545 4460 fuisse
2581 4404 2902 4459 fortissimos
2947 4405 3106 4475 hujus
3145 4409 3265 4460 mali
3310 4407 3546 4462 debella.

1981 4509 2123 4552 tores
2159 4515 2172 4551 :
2202 4498 2292 4552 sed
2335 4512 2400 4551 ne
2443 4498 2544 4551 isto
2595 4497 2734 4550 malo
2785 4496 3170 4566 inexpiabiiiter
3221 4500 3546 4567 polluantur.

1981 4588 2200 4642 timeant
2229 4587 2400 4656 potius
2433 4586 2548 4651 ejus
2576 4585 3015 4653 impudentisslmi
3045 4586 3367 4642 laudatores.

2049 4675 2304 4731 CLXXX.
2343 4675 2463 4730 101..
2503 4674 2640 4741 Quid
2679 4673 2999 4728 Manichteus
3030 4674 3191 4730 dicit?
3231 4693 3252 4727 ι
3284 4677 3385 4731 Per
3422 4693 3546 4733 cuu-

1979 4766 2354 4835 cupiscentiam
2381 4779 2662 4834 corporum
2687 4773 2870 4820 auctor
2889 4765 3127 4821 diabolus
3153 4776 3236 4822 est
3261 4785 3273 4820 :
3294 4783 3389 4836 per
3413 4768 3548 4824 hanc

1979 4857 2219 4912 diabolus
2242 4871 2486 4926 corpora,
2517 4871 2624 4911 non
2654 4858 2856 4911 animas
2877 4869 3186 4926 aucupatur.
3214 4859 3384 4923 Tolle.
3417 4880 3436 4914 ι
3473 4864 3541 4915 in-

1981 4949 2115 5016 quit,
2157 4947 2442 5016 «maligna:
2487 4947 2668 5014 stirpis
2709 4947 2964 5009 radicem,
3010 4957 3065 5002 et
3103 4950 3392 5016 spiritualis
3433 4951 3545 5005 lies.

1984 5041 2055 5092 De
2094 5039 2192 5092 hac
2216 5037 2498 5106 Apes-talus
2534 5037 2728 5091 clamat
2772 5035 2838 5089 ad
2873 5036 3179 5090 Romanos:
3217 5036 3331 5093 Non
3363 5042 3545 5093 bonum

1982 5130 2114 5198 quod
2142 5129 2273 5194 volo,
2292 5127 2378 5182 sed
2398 5127 2584 5180 malum
2601 5142 2782 5194 aperor
2796 5128 2929 5191 quod
2947 5126 3187 5179 eat/torreo
3214 5147 3232 5179 ι
3263 5127 3435 5195 (Rom.
3456 5146 3520 5182 vn
3543 5141 3555 5190 δ

1984 5221 2091 5274 Nos
2148 5217 2307 5272 etiam
2371 5216 2560 5269 stultos
2625 5223 2798 5276 vocat,
2861 5214 2948 5284 qui
3026 5215 3263 5271 dicamus
3335 5217 3523 5286 figmen

1986 5321 2094 5364 tum
2124 5309 2225 5361 hoc
2248 5306 2488 5375 corporis.
2519 5305 2584 5357 ad
2615 5305 2776 5360 Deam
2813 5305 3098 5373 pertinere,
3129 5306 3265 5375 quod
3298 5287 3389 5374 per
3417 5321 3546 5358 cos:-

2048 5423 2064 5455 ι
2080 5422 2172 5490 sic
2205 5427 2312 5490 Mss.
2345 5418 2630 5490 vlignierius,
2668 5415 2715 5466 vi
2749 5415 3097 5468 consuetudinis
3124 5415 3393 5466 mitescere
3406 5450 3421 5475 ,
3451 5430 3550 5468 esse

1985 5481 2284 5536 vmdvsilnam
2295 5480 2493 5530 indicat.

2048 5547 2066 5575 ι
2104 5543 2387 5604 \‘igniet'ius,
2421 5536 2603 5604 peccati
2633 5551 2786 5597 vocas,
2811 5551 2968 5604 anates
2989 5543 3189 5594 sanctas,
3207 5537 3380 5587 enim
3405 5536 3552 5600 parti.

1985 5604 2110 5659 cuia.
2133 5600 2176 5652 et
2194 5636 2208 5656 ,
2233 5616 2372 5664 qmm
2398 5600 2696 5664 restituimus
2717 5613 2780 5649 ex
2802 5600 2966 5664 codice
2989 5605 3243 5664 Portamm.

2051 5657 2124 5725 (α)
2159 5657 2268 5712 Vide
2292 5676 2435 5726 supra
2459 5661 2631 5710 librum
2653 5661 2716 5708 de
2737 5661 2889 5708 Gratia
2909 5657 3094 5714 Christi,
3120 5671 3201 5705 nn.
3227 5657 3306 5719 46,
3331 5658 3406 5708 ιγ.

2631 5740 3232 5821 ίΟυω-ωηιε-ᾱευατ.)
