3954 6178
461 311 595 370 ἱᾚῦ

453 424 830 492 cupiscentiam
869 431 1171 490 generatum
1219 434 1339 475 esse
1383 419 1654 472 fateamur.
1700 416 1858 470 Vides
1897 429 2022 483 ergo

455 526 649 584 quanta
687 513 776 565 tibi
817 512 885 565 sit
917 520 967 566 et
1004 509 1290 564 Manichaee
1331 510 1382 562 in
1427 509 1592 563 nostri
1635 506 2025 575 impugnatione

455 603 767 666 concordia;
815 604 931 669 ejus
958 600 1177 655 dimicas
1222 600 1420 663 verbis,
1473 599 1589 666 ejus
1636 597 1819 652 niteris
1868 610 2025 664 argu—

455 695 646 750 mentis
678 702 768 746 :et
793 707 889 746 nos
918 693 1128 746 mentiri
1155 691 1310 757 dicis,
1346 691 1434 759 qui
1465 699 1516 744 te
1544 689 1861 758 discipulum
1888 687 2027 741 illius

454 800 558 838 non
587 783 757 838 solum
785 781 968 846 fuisse,
1001 791 1062 837 ιιι
1086 782 1198 850 ipse
1235 781 1445 847 scribis,
1475 779 1566 835 sed
1607 780 1768 834 etiam
1807 793 1928 832 esse
1957 777 2028 830 di-

450 889 654 929 camus.
696 874 764 928 Et
810 873 861 926 in
907 873 1010 927 hoc
1042 881 1220 927 tamen
1265 872 1352 926 ille
1400 871 1730 941 prudentior,
1775 870 1865 939 qui
1906 884 2025 924 cum

453 966 589 1020 hanc
639 963 1121 1034 concupiscentiam
1168 962 1345 1017 carnis
1388 978 1416 1014 a
1460 961 1669 1016 diabolo
1719 959 2031 1017 credidisset

451 1055 764 1119 immissum,
795 1055 1008 1124 collegit
1033 1053 1388 1107 confitendum
1424 1067 1542 1106 esse
1579 1051 1644 1106 ad
1686 1052 1774 1106 Dei
1813 1065 2027 1118 operam

451 1163 557 1200 non
591 1147 878 1217 pertinere,
908 1146 1158 1216 quidquid
1199 1142 1266 1199 de
1305 1145 1562 1199 diabolica
1600 1144 2028 1214 concupiscentia

449 1244 731 1305 appareret
757 1236 1044 1304 prolatum.

519 1326 656 1381 Anc.
695 1323 890 1379 Contra
925 1326 1026 1379 hoc
1064 1333 1229 1379 totum
1269 1324 1409 1378 valet
1451 1323 1693 1392 superior
1718 1332 1896 1377 nostra
1941 1338 2029 1377 re-

452 1418 688 1488 sponsio,
716 1426 769 1471 et
796 1418 952 1472 cum‘
996 1417 1094 1470 hac
1120 1416 1235 1470 alia:
1263 1415 1584 1485 superiores,
1617 1430 1748 1485 quas
1778 1415 1916 1485 legat
1942 1415 2030 1484 qui

453 1507 612 1561 volet.

522 1595 802 1653 CLXXXI.
855 1587 973 1652 Jun.
1022 1596 1100 1649 Tu
1150 1603 1326 1650 autem
1379 1595 1617 1650 hebetior
1666 1595 1755 1664 qui
1801 1594 2030 1650 fructum

452 1686 899 1754 concupiscentia:
939 1685 1214 1740 diabolica:
1257 1684 1526 1740 hominem
1565 1685 1766 1746 dicens,
1816 1685 1910 1740 Dei
1959 1695 2035 1738 ta-

455 1791 574 1829 men
605 1791 725 1829 eum
755 1775 1014 1831 adscribis
1041 1775 1324 1844 operibus;
1367 1789 1470 1828 non
1497 1776 1645 1844 quasi
1671 1775 1740 1829 de
1768 1775 1909 1830 malo
1935 1775 2030 1828 bo-

456 1880 578 1918 num
610 1865 825 1930 factum,
861 1865 953 1920 sed
984 1865 1178 1918 malum
1207 1873 1260 1918 et
1286 1864 1352 1920 de
1383 1865 1519 1918 mala
1547 1864 1727 1920 radice
1749 1865 2028 1934 prolatum,

457 1953 652 2008 habere
683 1963 855 2008 tamen
887 1963 1154 2009 auctorem
1190 1954 1412 2022 bonum,
1439 1969 1599 2025 quem
1635 1954 1867 2010 fructum
1898 1955 2034 2010 radi-

455 2043 532 2098 cis
561 2059 669 2097 sua:
697 2043 940 2098 diabolus
960 2044 1058 2097 sibi
1089 2043 1342 2098 vindicet.

526 2137 662 2192 Anc.
704 2136 908 2190 Bonum
959 2135 1172 2205 aliquod
1214 2145 1298 2190 est
1344 2135 1535 2202 homo,
1589 2137 1750 2191 etiam
1801 2137 2037 2206 quisquis

455 2226 670 2296 majoris
689 2227 860 2281 aetatis
886 2235 968 2282 est
995 2227 1165 2280 malus
1193 2226 1372 2280 homo.
1397 2226 1511 2280 Non
1535 2228 1676 2282 enim
1699 2227 1840 2297 quod
1867 2227 2038 2280 malus

457 2320 616 2374 homo
652 2329 753 2383 est,
787 2318 962 2373 aufert
1001 2319 1050 2373 ei
1085 2321 1104 2351 ²
1126 2319 1268 2388 quod
1311 2320 1506 2373 bonum
1533 2319 1748 2389 aliquod
1787 2328 1888 2384 est,
1917 2321 2036 2388 quia

459 2411 617 2465 homo
645 2419 762 2465 est:
791 2409 943 2480 cujus
990 2419 1209 2470 natum,
1263 2409 1314 2464 id
1359 2419 1471 2476 est,
1494 2410 1617 2464 boni
1660 2411 1816 2480 hujus
1855 2421 2039 2466 auctor

458 2513 540 2557 est
563 2503 727 2567 Deus,
767 2515 1114 2570 qumcumque
1155 2501 1291 2554 mala
1325 2500 1405 2554 vel
1434 2501 1651 2570 originis
1676 2501 1926 2564 attrahat,
1955 2502 2038 2555 vcl

461 2593 747 2648 voluntatis
785 2591 1042 2661 adjiciat:
1071 2605 1174 2646 non
1212 2591 1354 2646 enim
1384 2591 1696 2646 substantia:
1733 2601 2040 2661 natura:qu

459 2693 584 2738 sunt
622 2684 776 2746 vitia;
827 2683 894 2738 ab
937 2696 1002 2738 eo
1045 2682 1309 2736 salvatore
1353 2681 1607 2748 sananda,
1657 2698 1762 2749 quo
1799 2690 2040 2737 creatore

457 2774 668 2830 condita
693 2782 794 2839 est,
821 2773 1022 2828 eisdem
1052 2773 1194 2827 vitiis
1216 2772 1396 2826 vitiata
1421 2781 1626 2827 natura.
1656 2773 1767 2828 Hoc
1791 2781 1873 2827 est
1899 2773 2039 2843 quod

457 2875 511 2920 et
547 2864 860 2920 Mauichaeos
888 2863 1098 2926 evertit,
1134 2871 1188 2918 et
1229 2878 1323 2916 vos
1350 2880 1363 2915 :
1392 2863 1480 2931 qui
1532 2878 1634 2916 non
1676 2878 1904 2928 mecum,
1945 2862 2040 2917 sed

457 2971 578 3012 cum
609 2955 893 3010 Ambrosio
917 2954 1168 3017 certatis;
1197 2969 1353 3023 quem
1385 2952 1687 3008 Manichaeis
1715 2953 1765 3007 in
1795 2953 1896 3009 hoc
1922 2968 2039 3008 cer-

461 3046 659 3101 tamine
688 3044 932 3114 opposui,
962 3044 1012 3098 in
1035 3058 1142 3113 quo
1165 3052 1220 3097 et
1245 3044 1388 3112 ipsos
1415 3043 1637 3109 vincit’,
1659 3052 1715 3098 et
1743 3058 1858 3098 vos.

428 3205 430 3207 ,
526 3135 832 3192 CLXXXII.
871 3135 988 3190 Jun.
1032 3135 1158 3189 Tuis
1189 3135 1330 3190 enim
1368 3134 1727 3198 sermonibus,
1759 3150 1948 3190 omnes
1974 3134 2042 3191 de

457 3227 884 3296 concupiscentia
924 3235 1074 3280 natos
1098 3225 1342 3279 diabolus
1369 3224 1518 3293 quasi
1547 3238 1656 3277 sua:
1695 3225 1903 3278 arboris
1929 3225 2041 3278 fru~

456 3332 574 3374 ctus
618 3322 738 3387 jure
773 3319 1010 3386 decerpit
1047 3316 1141 3388 (α).
1193 3304 1366 3384 {Eque
1405 3315 1562 3384 igitur
1607 3314 1943 3383 blasphemas
1987 3325 2042 3368 ut

458 3409 800 3472 Manichazus,
829 3408 917 3476 qui
957 3406 1434 3476 concupiscentiam
1463 3405 1636 3458 carnis
1661 3421 1690 3458 a
1720 3405 1832 3460 Deo
1860 3404 2042 3460 condi-

461 3509 566 3552 tam
597 3496 942 3550 vindicemns.

532 3589 667 3641 Anc.
707 3585 760 3640 Si
787 3585 853 3637 ad
880 3598 1095 3638 causam
1117 3585 1298 3639 venire
1326 3584 1602 3649 voluisses,
1629 3597 1722 3638 cur
1742 3584 2042 3654 baptizandi

461 3686 514 3731 et
541 3673 907 3738 exsuﬂlentur,
936 3680 990 3728 et
1017 3674 1318 3728 exorcismo
1350 3673 1670 3729 mundeutur
1695 3673 1940 3738 infantes,
1970 3676 2042 3731 ibi

462 3766 796 3838 apertissime
826 3780 929 3820 non
969 3764 1143 3820 solum
1172 3763 1414 3829 eruditis,
1455 3779 1637 3819 verum
1663 3765 1824 3819 etiam
1865 3765 2043 3820 idiotis

461 3856 734 3910 catholicis
759 3854 1072 3909 Christianis
1099 3870 1267 3908 novus
1295 3853 1572 3909 liaareticus
1599 3869 1906 3924 appareres.
1936 3854 2040 3910 Sed

458 3949 580 4019 quia
623 3948 672 4002 id
713 3963 780 4003 ex
822 3947 957 4018 libro
987 3962 1107 4002 meo
1156 3947 1249 4002 tibi
1289 3946 1502 4016 quidem
1535 3948 1853 4018 proposuisti
1891 3949 2038 4018 quasi

459 4039 831 4107 refellendum,
875 4039 970 4096 sed
1010 4049 1334 4109 pertractare
1378 4040 1447 4094 ita
1491 4041 1730 4105 timuisu,
1779 4051 1836 4096 ut
1871 4042 2038 4098 fallaci

460 4133 775 4203 IOquacitate
818 4131 1032 4196 vitares,
1075 4141 1132 4185 et
1160 4131 1320 4186 multa
1357 4131 1602 4195 dicendo,
1647 4133 1774 4202 quid
1815 4134 2041 4189 tacueris

458 4223 732 4293 aperires;
766 4222 1076 4290 Apostolum
1122 4221 1212 4276 tibi
1255 4221 1474 4290 replico,
1519 4223 1648 4277 velis
1681 4224 1834 4289 nolis,
1868 4233 1922 4279 et
1959 4225 2038 4278 in-

457 4315 612 4370 colco
644 4314 909 4369 dicentem
947 4312 1012 4366 de
1043 4313 1150 4367 Deo
1178 4312 1356 4376 Patre,
1390 4314 1488 4377 Qui
1527 4314 1655 4366 eruit
1695 4330 1787 4366 nos
1814 4314 1876 4366 de
1903 4324 2038 4384 pote-

457 4417 586 4461 state
613 4407 947 4473 tencbrarum,
980 4414 1026 4458 et
1055 4405 1309 4459 transtulit
1352 4405 1404 4458 in
1435 4421 1642 4475 regnum
1672 4405 1796 4459 Filii
1819 4407 2040 4461 charito-

459 4500 521 4551 tis
563 4513 671 4551 sua:
717 4495 936 4569 (Coloss.
989 4512 1025 4563 ι,
1074 4496 1182 4566 15).
1240 4495 1370 4551 llinc
1409 4495 1674 4566 parvulos,
1717 4498 1760 4550 si
1799 4501 2034 4567 potestis,

458 4588 719 4656 excipite;
758 4596 810 4642 ct
854 4588 1045 4642 audete
1085 4587 1286 4651 dicere,
1329 4603 1421 4642 eos
1467 4587 1517 4640 in
1563 4602 1782 4657 regnum
1825 4589 2036 4658 quidem

458 4679 652 4735 Christi
695 4681 1092 4749 regeneratione
1127 4679 1424 4744 transferri,
1465 4679 1556 4734 scd
1589 4678 1656 4734 de
1705 4680 2037 4735 tenebrarum

463 4779 723 4840 potestate
751 4786 856 4825 non
884 4770 1022 4826 erui.
1058 4770 1427 4824 Verumtamen
1461 4779 1638 4838 parate
1656 4787 1770 4836 vos,
1798 4773 1848 4826 in
1881 4771 2039 4826 facies

461 4875 666 4919 vestras
713 4861 925 4916 easdem
979 4859 1373 4916 cxsufllationes
1418 4860 1724 4929 dignissime
1769 4863 2033 4931 excipere,

459 4972 577 5022 qua:
619 4957 669 5010 in
703 4955 937 5010 Ecclesia
970 4952 1166 5007 Christi
1211 4962 1265 5007 et
1300 4952 1588 5020 majoribus
1629 4953 1946 5009 adhibentur
1985 4963 2038 5008 et

460 5047 708 5113 parvulis.
748 5045 962 5100 Talibus
1005 5044 1201 5114 quippe
1231 5043 1685 5099 exsufflationihus
1719 5042 2033 5100 exsufflandi

457 5137 618 5198 estis,
669 5136 915 5205 qualibus
963 5135 1296 5204 apertissime
1345 5149 1526 5188 verum
1570 5148 1689 5188 esse
1741 5134 2037 5188 ostenditur

457 5228 596 5298 quod
627 5227 849 5300 uagatis.

521 5424 535 5453 ι
578 5420 875 5484 t'ignierlus,
899 5424 943 5469 et
957 5417 1048 5484 hac
1069 5417 1573 5484 aliie_superiores_._Ex
1599 5425 1722 5467 Fort.
1759 5418 2034 5484 adjecimus,

453 5496 580 5539 tuin.
597 5479 688 5532 nec
711 5495 803 5532 non
821 5497 883 5531 ex
905 5481 1079 5530 eodem
1097 5479 1267 5528 codice
1281 5487 1331 5529 et
1345 5492 1406 5527 ex
1429 5479 1535 5527 aliis
1555 5479 1904 5542 manuscriptis,
1919 5494 2036 5540 quas

458 5543 844 5617 lt'gptquipolct.
916 5607 931 5617 Δ
975 5601 1090 5617 LL
1125 5616 1128 5617 ν
1158 5609 1260 5617 *Α

525 5607 543 5672 ξ
578 5601 864 5672 tignierius,
885 5607 948 5672 et.
971 5601 1132 5672 Codex
1158 5609 1302 5672 P_ort.,
1327 5601 1388 5651 ei.

521 5665 541 5695 ⁸
570 5665 652 5715 Sic
664 5674 769 5714 Mss.
799 5673 850 5714 tn
868 5666 1028 5726 vign.,
1046 5665 1214 5714 vincet.

519 5728 589 5786 ια)
621 5728 717 5774 Lib.
747 5728 765 5774 ι
793 5727 856 5776 de
880 5727 1061 5788 Nuptiis
1083 5731 1134 5775 et
1153 5730 1323 5787 Concuj
1340 5726 1556 5785 isccntia,
1591 5741 1638 5775 η.
1659 5727 1734 5778 26.

1124 303 1358 359 OPEIIIS
1389 301 1792 356 IMPI‘ZRFECTI
1831 299 2098 353 CONTRA
2139 297 2500 364 JUIJANUH,
2533 299 2586 354 S.
2631 299 2990 356 AUGUSTINI

3576 302 3708 356 052$

2203 411 2519 466 CLXXXIII.
2566 413 2680 468 JUL.
2720 413 2834 469 .lam
2868 430 2992 468 vero
3020 413 3148 468 illud
3171 420 3334 478 tuum,
3365 415 3505 485 quod
3533 417 3714 484 priore

2132 518 2291 571 opere
2319 503 2564 556 ventilavi
2591 503 2780 574 (Opere
2797 506 2983 574 scripto
3006 505 3072 556 ad
3095 503 3477 574 .Turbantium),
3508 504 3596 560 ubi
3625 505 3709 560 di-

2132 595 2230 658 cis,
2263 613 2282 645 ι
2319 595 2614 663 Aliquando
2649 611 2751 648 non
2783 595 2908 650 facit
2935 595 3095 650 libido
3119 595 3298 649 animo
3328 596 3562 662 volente,
3589 612 3711 651 cum

2133 683 2416 752 aliquando
2432 683 2652 738 faciatet
2674 685 2884 739 nolente
2904 703 2923 736 ι
2953 684 3053 753 (De
3066 683 3275 754 Nuptiis
3287 695 3329 738 et
3344 684 3710 757 Concupiscet:-

2134 775 2224 839 tia,
2275 775 2363 827 lib.
2415 775 2465 840 I,
2509 791 2562 827 η.
2595 773 2672 841 7),
2711 783 2868 844 atque
2909 774 3046 829 hanc
3087 774 3203 844 ejus
3241 776 3570 843 superbiam,
3610 792 3712 846 qua

2134 865 2344 920 nolente
2369 865 2548 939 animo
2579 875 2962 928 commovetur,
2995 880 3215 926 accusas
3240 883 3253 918 :
3282 865 3580 930 Manichaei,
3611 882 3707 919 non

2133 957 2303 1011 solum
2348 957 2609 1021 sensibus,
2644 958 2736 1012 sed
2784 958 2940 1012 etiam
2987 957 3210 1026 eloquiis
3250 957 3573 1027 explicatum
3612 968 3709 1012 est.

2134 1047 2264 1101 Nam
2310 1063 2430 1103 eum
2470 1062 2568 1102 nos
2609 1048 2886 1116 arguisset,
2916 1048 3037 1116 quia
3063 1047 3360 1102 diceremus
3385 1062 3416 1101 a
3457 1048 3569 1102 Deo
3605 1046 3714 1102 fieri

2137 1137 2398 1202 homines,
2430 1151 2562 1207 quos
2587 1137 2836 1192 seminari
2865 1137 3152 1192 fateremur
3173 1153 3267 1208 per
3286 1138 3593 1194 coeuntium
3620 1154 3716 1192 vo-

2136 1229 2388 1297 luptatem
2419 1247 2431 1283 :
2467 1247 2484 1280 ι
2519 1228 2692 1295 Stulti,
2730 1248 2747 1282 ι
2776 1230 2962 1300 inquit,
2992 1249 3010 1280 ι
3041 1245 3070 1282 a
3099 1230 3212 1284 Deo
3233 1230 3415 1284 dicunt
3440 1245 3562 1285 esse
3587 1246 3684 1285 con
3709 1262 3718 1270 -

2135 1317 2323 1384 ditum,
2355 1318 2494 1388 quod
2535 1321 2662 1372 certi
2694 1329 2815 1372 sunt
2843 1334 2874 1373 a
2915 1319 3342 1390 concupiscentia
3385 1319 3553 1389 gigni,
3595 1334 3715 1374 cum

2136 1409 2313 1462 animo
2341 1408 2554 1462 nolente
2580 1416 2792 1462 coeunt.
2829 1427 2846 1459 ι

2206 1497 2340 1550 Auc.
2382 1495 2484 1549 Sed
2523 1495 2840 1551 Maniclueus
2869 1511 2970 1550 non
3003 1496 3281 1566 intelligit,
3322 1497 3481 1553 etiam
3520 1497 3588 1552 de
3626 1498 3718 1551 ho-

2141 1588 2301 1642 minis
2331 1589 2470 1641 malo
2500 1603 2655 1656 posse
2696 1588 2856 1642 Deum
2897 1603 3079 1643 creare
3118 1587 3257 1656 quod
3293 1589 3489 1642 bonum
3529 1598 3632 1653 est,
3668 1599 3720 1642 et

2145 1677 2412 1732 hominem
2440 1679 2608 1746 ipsum
2640 1678 2779 1732 malo
2809 1679 2946 1732 bene
2975 1679 3046 1730 uti
3077 1693 3172 1746 per
3200 1677 3502 1746 pudicitiam
3530 1678 3717 1746 conju-

2136 1769 2337 1838 galem,
2381 1768 2464 1821 cui
2506 1769 2644 1822 malo
2673 1767 2963 1822 reluctatur
2991 1767 3225 1821 illicienti
3255 1766 3320 1820 ad
3351 1767 3710 1822 damnabilem

2142 1856 2539 1926 turpitudinem.
2568 1856 2674 1911 Sed
2701 1867 2754 1910 ιιι
2778 1857 2864 1925 qui
2895 1856 2994 1911 hoc
3014 1856 3152 1926 quod
3177 1857 3369 1909 malum
3391 1865 3494 1920 est,
3519 1857 3714 1910 malum

2139 1961 2257 2002 esse
2281 1961 2462 2016 negas,
2487 1962 2581 2001 cur
2605 1947 2654 2002 ei
2681 1961 2964 2016 repugnas,
2993 1961 3059 2000 ne
3086 1947 3308 2014 turpiter
3333 1947 3516 2011 vivas;
3545 1955 3603 2001 et
3625 1962 3716 2002 cur

2139 2037 2190 2091 ei
2217 2036 2262 2092 si
2289 2038 2610 2101 consentias,
2643 2051 2861 2091 necesse
2885 2044 2967 2091 est
2998 2045 3053 2089 ut
3083 2037 3305 2105 turpiter
3330 2036 3511 2089 vivas?

2208 2126 2536 2181 CLXXXIV.
2563 2127 2680 2181 JUL.
2711 2126 2860 2194 Quod
2889 2141 3018 2180 vero
3042 2136 3094 2178 tu
3134 2126 3386 2194 posuisti,
3416 2145 3434 2178 ι
3464 2127 3716 2195 concitpi-

2146 2200 2361 2252 scentia:
2389 2198 2582 2251 malum
2608 2206 2707 2261 est,
2734 2195 2875 2266 quod
2906 2197 3033 2249 vitat
3061 2195 3250 2265 ubique
3277 2205 3643 2263 conspectum,
3670 2208 3719 2252 et

2141 2290 2330 2358 quaerit
2368 2288 2612 2359 pudendo
2639 2300 2897 2344 secretum
2936 2307 2955 2340 ι
2992 2288 3010 2361 (
3029 2289 3186 2354 lbid.,
3218 2306 3271 2342 η.
3304 2289 3359 2360 8)
3388 2306 3404 2342 :
3430 2289 3500 2342 ita
3524 2297 3579 2343 et
3609 2290 3718 2343 Ila-

2143 2381 2398 2448 nichazus,
2433 2399 2451 2432 ι
2484 2381 2735 2447 Secretis,
2771 2400 2790 2434 ι
2823 2381 3009 2450 inquit,
3039 2400 3058 2432 ι
3088 2380 3374 2449 pudoribus
3397 2389 3582 2450 agunt,
3615 2396 3719 2450 quo

2144 2483 2380 2543 tempore
2401 2475 2524 2529 odio
2543 2475 2740 2531 habent
2762 2476 2953 2543 lucem,
2983 2476 3058 2530 uti
3077 2491 3146 2531 ne
3167 2474 3573 2531 manifeste-tur
3591 2493 3719 2546 Ope-

2147 2581 2204 2618 ra
2233 2581 2415 2619 εονιιιιι
2425 2605 2438 2618 .
2479 2586 2497 2618 θ

2214 2654 2348 2709 Auc.
2390 2653 2535 2709 Sicut
2558 2655 2879 2711 illanicharus
2905 2657 3072 2712 nescit
3095 2656 3218 2727 quid
3245 2659 3367 2713 boni
3396 2668 3582 2729 agatur
3623 2674 3718 2729 per

2143 2745 2371 2798 carnalis
2416 2747 2862 2815 Concupiscentim
2893 2748 3087 2801 malum
3113 2765 3128 2813 ;
3159 2749 3237 2803 sic
3268 2758 3321 2803 et
3349 2757 3403 2803 tu
3435 2751 3608 2804 nescis
3636 2751 3720 2805 cui

2145 2833 2291 2955 mal?
2325 2834 2493 2902 pudor
2533 2846 2734 2904 qumrat
2763 2848 3054 2903 secretum,
3097 2837 3256 2893 etiam
3293 2839 3345 2892 in
3382 2839 3524 2894 bono
3558 2855 3721 2910 Opere

2146 2917 2254 2955 nun
2282 2919 2467 2955 tarum.

2146 2917 2467 2971 nuptiarum.

2213 2989 2514 3048 CLXXXV.
2555 2993 2674 3050 Jun.
2707 2995 2857 3062 Quod
2882 3012 3008 3052 vero
3029 2996 3129 3060 ais,
3158 3015 3176 3049 ι
3204 2998 3324 3068 quia
3347 2999 3723 3068 concupiscen-

2146 3081 2217 3136 tia
2240 3083 2327 3152 qui
2351 3083 2489 3138 licite
2509 3086 2901 3152 commiscetur,
2921 3087 3060 3140 malo
3083 3086 3218 3142 bene
3239 3088 3402 3142 utitur
3425 3109 3444 3140 ι
3469 3087 3607 3158 (ld.,
3634 3091 3723 3162 lib.

2143 3173 2199 3239 2,
2227 3191 2341 3244 cap.
2365 3174 2478 3244 2|),
2517 3184 2572 3230 ut
2606 3177 2773 3248 magis
2807 3177 2952 3232 credi
2986 3179 3239 3248 Apostolo
3271 3195 3659 3234 commemores
3682 3182 3720 3246 ¹,

2148 3266 2234 3334 qui
2261 3265 2499 3331 dixisset,
2526 3268 2656 3335 Quia
2684 3285 2787 3322 non
2816 3269 3016 3324 habitat
3040 3271 3090 3324 in
3118 3285 3276 3326 carne
3300 3287 3392 3325 sua
3420 3273 3640 3339 bonum,
3669 3283 3722 3326 cl

2147 3354 2248 3410 hoc
2277 3371 2378 3411 non
2407 3358 2623 3423 bonum,
2655 3358 2703 3413 id
2731 3369 2811 3413 est
2838 3359 3052 3424 malum,
3085 3360 3136 3413 in
3165 3376 3324 3416 carne
3353 3362 3594 3431 Apostoli
3627 3365 3718 3415 ha-

2145 3443 2341 3510 bitans,
2370 3446 2450 3499 vis
2475 3448 2950 3516 concupiscentiam
2987 3449 3161 3504 carnis
3181 3450 3381 3505 videri:
3403 3451 3722 3506 Maniulncus

2146 3549 2252 3588 non
2281 3535 2433 3588 aliter
2457 3552 2609 3604 quam
2643 3547 2695 3590 tu
2725 3540 2916 3607 posuit.
2944 3537 3075 3592 Nam
3106 3549 3383 3611 postquam
3410 3542 3560 3609 dixit,
3592 3561 3613 3595 ‹
3642 3542 3720 3597 Ne

2145 3623 2547 3687 manifestentur
2585 3641 2745 3695 opera
2785 3643 3007 3694 eorum;
3049 3629 3270 3700 Propter
3308 3631 3448 3701 quod
3487 3633 3722 3702 Aposto—

2145 3715 2250 3784 lus,
2289 3735 2307 3768 ι
2345 3717 2532 3787 inquit,
2568 3737 2586 3769 ι
2622 3719 2814 3772 clamat
2839 3719 2903 3773 ad
2934 3719 3222 3788 Romanos,
3257 3739 3356 3775 non
3383 3723 3564 3777 bonum
3590 3727 3724 3793 quod

2145 3806 2254 3858 volo
2271 3848 2284 3873 ,
2317 3823 2412 3878 ago
2434 3824 2452 3872 ;
2480 3807 2568 3860 sed
2591 3808 2778 3861 malum
2807 3826 3006 3879 oreror,
3039 3813 3173 3880 quod
3196 3813 3431 3867 exltorreo
3458 3830 3476 3866 :
3505 3814 3724 3872 Dolebat

2147 3895 2304 3960 enim,
2343 3915 2360 3947 ι
2392 3897 2580 3965 inquit,
2611 3916 2630 3948 ι
2657 3897 2776 3966 quia
2801 3909 3090 3968 peccatum,
3120 3901 3170 3956 id
3194 3912 3295 3969 est,
3321 3903 3582 3968 diabolus,
3607 3921 3726 3974 ope-

2146 3985 2360 4039 rabatur
2400 3986 2451 4040 in
2479 4002 2542 4041 eo
2584 4003 2795 4042 omnem
2841 3991 3345 4061 concupiscentiam.
3389 3992 3598 4064 chalis
3627 4011 3722 4048 au-

2144 4076 2360 4130 ctoritas
2391 4076 2584 4130 indicat
2612 4079 2808 4132 malum
2833 4082 3276 4150 concupiscentia:
3295 4126 3310 4150 ,
3347 4077 3470 4140 cum
3500 4103 3717 4142 omnem

2143 4166 2256 4234 ejus
2281 4181 2428 4221 usum
2458 4167 2736 4237 vituperat,
2767 4185 2924 4238 quem
2950 4187 3075 4226 caro
3104 4174 3322 4230 miratur
3338 4185 3392 4231 et
3420 4176 3620 4231 laudat.
3652 4197 3671 4229 ι

2216 4259 2345 4313 Avo.
2395 4257 2659 4328 Numquid
2703 4261 2991 4330 Apostolus
3027 4279 3237 4320 onmem
3279 4269 3724 4338 concupiscentizc

2144 4349 2368 4402 carnalis
2396 4364 2546 4404 usum
2574 4350 2854 4420 vituperat,
2883 4353 2973 4423 qui
3009 4355 3167 4419 dicit,
3199 4355 3261 4408 Et
3287 4358 3331 4410 si
3358 4361 3608 4428 acceperis
3635 4378 3724 4412 ux-

2143 4427 2278 4493 orem
2297 4481 2311 4504 ,
2341 4458 2438 4495 non
2467 4445 2713 4510 peccasti;
2739 4455 2784 4497 et
2811 4446 2854 4497 si
2877 4447 3102 4514 nupserit
3127 4432 3302 4517 virgo,
3331 4466 3432 4502 non
3473 4462 3646 4520 peccat
3683 4453 3721 4518 (I

2142 4529 2258 4586 Cor.
2289 4548 2375 4598 vn,
2401 4531 2531 4603 28)?
2561 4534 2699 4602 Ergo
2722 4534 3044 4590 Manichmus
3069 4537 3190 4606 quid
3221 4539 3469 4608 loquatur
3495 4541 3721 4609 ignorat.

2141 4621 2244 4674 Sed
2274 4637 2368 4676 nec
2398 4631 2451 4676 tu
2479 4622 2602 4692 quid
2629 4623 2866 4692 loquaris
2899 4625 3166 4694 intelligis,
3196 4628 3283 4696 qui
3315 4636 3467 4696 putas
3493 4629 3635 4683 aliud
3667 4634 3709 4684 si

2141 4713 2420 4780 gnificassc
2452 4713 2760 4780 Apostolum
2792 4729 2950 4782 quam
2983 4716 3157 4770 carnis
3187 4718 3677 4786 concupiscentiam
3713 4741 3724 4770 :

2143 4801 2210 4856 de
2239 4817 2339 4872 qua
2368 4803 2501 4856 alius
2529 4803 2831 4873 apostolus,
2864 4805 3004 4874 quod
3033 4821 3136 4859 non
3165 4807 3232 4860 sit
3256 4823 3286 4860 a
3318 4807 3474 4862 Patre.
3494 4851 3508 4871 ,
3539 4809 3632 4864 sed
3667 4794 3727 4861 ι’·νε

2144 4897 2338 4946 mundo
2367 4894 2464 4957 sit,
2498 4893 2624 4949 dicit
2653 4894 2694 4966 (I
2724 4893 2880 4948 Joan.
2921 4912 2986 4960 ιι,
3023 4897 3108 4966 16)
3139 4915 3151 4950 :
3181 4913 3284 4967 qua
3307 4899 3327 4930 ¹
3355 4909 3411 4952 ιιι
3437 4915 3562 4955 caro
3590 4914 3723 4954 cou-

2143 4982 2378 5050 cupiscat
2405 4982 2655 5037 adversus
2694 4983 2957 5052 spiritum,
2984 5001 3046 5039 ex
3080 4986 3232 5054 primi
3260 4987 3489 5044 hominis
3522 5004 3694 5056 prmva
3719 5021 3722 5023 λ

2149 5073 2408 5128 ricationc
2447 5073 2792 5141 descendere,
2835 5077 3125 5131 catholicus
3153 5077 3341 5132 doctus
3374 5087 3430 5132 et
3458 5078 3647 5132 doctor
3675 5087 3726 5132 et

2143 5162 2323 5218 didicit
2354 5163 2408 5217 in
2445 5162 2712 5218 Catholica
2753 5165 2773 5195 ³
2813 5175 2865 5219 ct
2902 5166 3078 5221 docuit
3108 5167 3417 5237 (Ambrosius
3441 5210 3455 5234 ,
3487 5169 3575 5222 lib.
3611 5169 3641 5220 7
3676 5173 3731 5225 in

2143 5251 2270 5306 Luc.
2301 5252 2394 5324 xu)
2407 5295 2418 5306 .
3593 5302 3597 5305 .

2212 5343 2537 5400 CLXXXVI.
2587 5344 2702 5400 JUL.
2743 5345 2892 5411 Quod
2939 5357 3114 5402 autem
3151 5350 3374 5404 multum
3414 5349 3480 5402 ad
3529 5349 3724 5403 distin—

2143 5437 2369 5490 ctionem
2400 5435 2534 5500 inter
2563 5444 2612 5490 te
2640 5445 2692 5490 et
2719 5436 3066 5492 Manichazum
3099 5439 3382 5494 tenendam
3409 5439 3588 5494 valere
3614 5439 3727 5494 exi-

2207 5548 2220 5576 ι
2259 5553 2340 5594 Ms.
2383 5552 2527 5603 πνοι-ιη
2574 5557 2907 5597 commoneres.

2204 5609 2224 5678 ἶ
2258 5607 2694 5678 ξῖίὸηίεετίμςνριίέα.
2740 5615 2871 5678 Mss...
2891 5622 2998 5672 qua.

2207 5669 2225 5698 ³
2260 5669 2371 5716 mm
2390 5705 2402 5727 ,
2454 5669 2662 5720 Ecclesia
2700 5669 2946 5720 catholica.
2989 5675 3147 5735 Abest,
3196 5672 3436 5733 Ecclesia,
3480 5685 3505 5724 3
3552 5683 3720 5722 manu-

2149 5735 2349 5793 scrtptis.
3007 5759 3048 5792 ο
