3954 6178
314 291 440 358 13εῶ

316 409 558 472 stitnasti,
593 418 648 461 ut
694 403 900 460 diceres
941 405 1128 457 bunum
1173 399 1424 469 quidem,
1458 396 1550 451 sed
1594 396 1884 464 primorum

320 500 580 555 hominum
629 502 830 548 tantum
880 492 1065 546 factam
1117 500 1399 548 naturam,
1450 501 1660 538 omnem
1710 494 1886 537 τιιιιριιι

318 591 559 654 deinceps
612 602 708 656 per
755 582 1232 651 concupiscentiam
1303 578 1461 632 fuisse
1525 577 1832 630 subversam
1875 592 1886 625 :

320 680 468 734 etiam
497 676 817 729 Manichacus
851 675 918 726 ita
951 671 1204 726 disseruit
1237 689 1247 722 :
1289 690 1305 720 ι
1342 668 1528 736 Opera:
1553 707 1568 731 ,
1623 683 1640 716 ι
1685 664 1889 733 inquit,

323 789 341 820 ‹
368 768 584 838 pretitun
611 777 689 820 est
716 764 1009 825 advertere,
1038 763 1158 832 quia
1185 762 1348 830 prima
1390 761 1562 812 anima
1590 773 1706 826 qua:
1731 770 1760 806 a
1788 755 1897 821 Deo

320 857 529 912 luminis
559 858 812 921 manavit,
843 855 1051 923 accepit
1084 852 1334 906 fabricam
1367 851 1518 904 istam
1549 847 1809 916 corporis,
1843 853 1900 898 ut

316 964 428 1002 eam
463 945 615 1002 freno
657 961 755 999 suo
787 953 1010 1010 regeret.
1051 943 1209 997 Venit
1248 939 1552 994 mandatum
1575 977 1590 1001 ,
1625 942 1900 1006 peccatum

321 1042 506 1096 revixit
529 1081 544 1105 ,
593 1037 734 1109 quod
775 1036 1050 1090 videbatur
1079 1034 1341 1102 captivum
1374 1047 1388 1086 :
1422 1030 1622 1084 invenit
1650 1026 1902 1082 articulos

321 1147 444 1186 suos
496 1130 784 1185 diabolus‘
818 1169 833 1190 ,
867 1126 1141 1181 tnateriam
1190 1121 1634 1192 concupiscentia:
1688 1119 1738 1171 iu
1786 1132 1902 1171 eam

321 1223 552 1286 seduxit,
585 1231 637 1276 ct
668 1236 763 1290 per
793 1220 934 1273 illam
962 1217 1171 1271 occidit.
1200 1216 1307 1269 Lex
1338 1212 1550 1282 quidem
1578 1219 1783 1274 sancta,
1811 1206 1905 1261 sed

320 1322 499 1366 sancta
533 1322 766 1373 sanene;
806 1319 859 1364 et
898 1308 1202 1362 mandatam
1245 1315 1299 1358 et
1337 1305 1529 1374 justum
1575 1310 1630 1356 et
1668 1301 1903 1361 bonmn;

322 1406 414 1458 sed
437 1405 594 1472 justas
633 1414 686 1456 et
727 1403 897 1456 bonae.
931 1421 948 1452 ο
980 1400 1066 1453 Sic
1095 1401 1252 1453 etiam
1292 1398 1343 1450 itt
1387 1397 1471 1450 illa
1512 1394 1580 1447 ad
1621 1393 1906 1447 Patrieitun

325 1495 574 1564 epistola,
608 1513 625 1543 ι
665 1493 813 1562 quasi
859 1492 926 1546 de
971 1491 1152 1561 primae
1196 1489 1388 1544 factum
1436 1485 1566 1539 flore
1603 1481 1911 1538 substantia:

332 1585 612 1639 meliorem
635 1584 762 1637 dicit
787 1583 981 1637 secutis
998 1584 1017 1613 ’
1039 1619 1051 1632 .
1083 1600 1101 1632 ι
1131 1581 1242 1634 Νοιι
1267 1594 1393 1648 ergo
1417 1592 1664 1647 magnum
1688 1584 1789 1640 est,
1815 1588 1912 1628 nec

324 1677 524 1746 aliquid
554 1675 620 1730 ad
649 1674 1014 1728 defensionem
1047 1673 1118 1727 tui
1155 1679 1466 1740 promovet,
1498 1666 1638 1737 quod
1666 1683 1694 1718 a
1731 1664 1910 1718 crimi-

325 1766 542 1818 natione
571 1775 772 1817 natura!
802 1764 1046 1816 humana:
1072 1762 1241 1815 Adam
1288 1757 1724 1828 scquestrandum
1761 1763 1913 1824 puta-

310 1857 418 1921 ,sti,
471 1871 631 1924 super
670 1854 822 1923 cujus
861 1863 998 1908 statu
1029 1849 1150 1906 mox
1190 1851 1398 1920 plenius
1435 1848 1778 1903 disseremus.
1823 1845 1916 1898 llic

328 1955 659 2000 monstrasse
697 1944 957 2008 sufficiat,
990 1943 1119 1996 nihil
1162 1943 1232 1994 ita
1271 1940 1402 1995 rude
1441 1937 1493 1994 in
1539 1938 1642 1992 tuis
1676 1935 1919 1990 sensibus

327 2035 558 2091 inveniri
583 2077 598 2102 ,
641 2044 696 2089 ut
726 2051 831 2088 non
861 2034 931 2088 sit
953 2033 1064 2102 jam
1094 2030 1366 2085 Maniclnmi
1393 2027 1719 2083 volutatione
1747 2025 1918 2080 detri-

328 2137 467 2180 tum.

403 2221 542 2270 Anc.
588 2212 908 2267 Manichacus
947 2227 1012 2266 ex
1051 2209 1428 2264 commixtione
1453 2206 1676 2260 duarum
1705 2214 1921 2258 natura-

330 2321 462 2358 rum
499 2312 886 2358 coa'ternarum
909 2343 923 2367 ,
957 2300 1080 2353 boni
1115 2299 1321 2354 scilicet
1349 2307 1407 2352 ct
1431 2296 1589 2359 mali,
1622 2309 1725 2349 non
1755 2294 1924 2348 solum

330 2399 613 2453 hominem
639 2435 654 2461 ,
687 2395 780 2451 sed
825 2395 1128 2449 universum
1169 2389 1433 2444 mundum'
1473 2395 1719 2442 constare
1759 2385 1924 2448 dicit,

338 2499 396 2543 et
425 2489 496 2542 ad
525 2503 646 2557 eum
676 2487 852 2541 omnia
885 2483 1198 2555 pertinentia
1223 2498 1239 2547 ;
1269 2482 1338 2535 ita
1369 2495 1498 2534 sane
1517 2520 1533 2545 ,
1576 2487 1632 2537 ιιι
1662 2479 1826 2546 ipsam
1856 2477 1929 2530 la-

339 2581 552 2635 bricam
579 2579 782 2643 mundi,
808 2577 1051 2646 quamvis
1074 2590 1138 2628 ex
1163 2571 1538 2628 commixtione
1563 2570 1686 2624 boui
1710 2578 1763 2622 ct
1784 2567 1926 2634 mali,

337 2672 452 2724 Deo
484 2671 628 2724 bono
656 2667 852 2722 artifici
883 2665 1079 2719 tribuat
1111 2680 1126 2717 :
1158 2661 1403 2717 animalia
1447 2674 1608 2722 vero,
1648 2667 1704 2714 et
1743 2667 1930 2712 cuncta

331 2778 456 2832 quae
500 2769 789 2816 nascuntur
828 2773 859 2813 e
902 2766 1038 2811 terra
1065 2795 1081 2820 ,
1127 2764 1180 2809 et
1221 2754 1389 2822 ipsum
1424 2750 1728 2814 hominem,
1769 2763 1929 2818 opera

336 2867 463 2906 esse
490 2851 634 2906 dicat
657 2850 900 2920 malignae
927 2846 1140 2910 mentis,
1169 2861 1325 2915 quam
1351 2844 1495 2914 genti
1521 2841 1762 2896 attribuit
1787 2851 1934 2894 tene-

333 2942 581 2994 brarum.
614 2939 744 2994 Ilinc
773 2948 871 3003 est,
903 2935 1043 3007 quod
1076 2953 1093 2985 ι
1128 2935 1356 2990 animam
1389 2933 1610 3002 primam
1646 2949 1665 2982 ι
1697 2929 1824 2985 dicit
1855 2949 1876 2982 ι
1903 2945 1932 2983 a

342 3035 458 3087 Deo
490 3032 627 3086 lucis
661 3043 903 3083 manasse
928 3067 942 3092 ,
972 3036 1025 3082 et
1052 3026 1317 3093 accepisse
1348 3024 1499 3077 istam
1531 3021 1782 3075 fabricam
1811 3036 1934 3074 cor-

339 3125 495 3193 poris
515 3165 532 3190 ,
565 3131 623 3178 ut
651 3137 769 3178 eam
801 3122 950 3175 freno
973 3134 1076 3174 suo
1104 3124 1331 3186 regeret.
1372 3134 1389 3164 ι
1423 3114 1537 3168 Non
1569 3113 1710 3167 enim
1739 3111 1844 3166 hoc
1871 3111 1937 3164 de

343 3213 595 3279 homine,
625 3210 718 3265 sed
748 3210 816 3264 de
841 3209 1015 3262 anima
1046 3207 1180 3260 bona
1216 3204 1375 3266 dicit,
1417 3217 1571 3273 quam
1604 3202 1696 3256 Dei
1735 3209 1936 3270 partem

337 3312 512 3372 atque
551 3309 792 3354 naturam
836 3297 1083 3352 universo
1120 3292 1337 3358 mundo,
1371 3302 1426 3346 et
1458 3290 1702 3345 omnibus
1730 3306 1848 3360 qua:
1886 3290 1936 3342 in

341 3409 410 3446 co
437 3401 602 3458 sunt,
633 3391 881 3460 opinatur
907 3403 1026 3442 esse
1055 3385 1367 3457 permixtam
1392 3399 1408 3448 ;
1443 3384 1492 3436 in
1521 3382 1737 3436 homine
1761 3389 1937 3434 autem

343 3471 444 3553 per
474 3481 964 3556 concupiscentiam
995 3477 1186 3546 decipi.
1216 3477 1388 3542 Quam.
1413 3473 1894 3544 concupiscentiam
1921 3513 1935 3536 ,

340 3578 496 3647 quod
539 3590 682 3645 sazpc
720 3571 1090 3628 ineuleaudum
1119 3577 1230 3629 est,
1273 3584 1377 3621 non
1417 3567 1598 3620 vitium
1633 3563 1942 3632 substantiae

347 3670 514 3724 bona:
539 3709 555 3734 ,
598 3667 691 3722 scd
736 3666 926 3721 malam
963 3664 1073 3717 vult
1100 3676 1220 3716 esse
1256 3661 1626 3714 substantiam.
1670 3658 1805 3710 Mala
1837 3672 1942 3710 non

350 3775 592 3815 vacuum
622 3759 781 3812 fuisse
809 3757 937 3811 dicit
965 3755 1163 3815 Adam,
1195 3752 1288 3807 sed
1318 3752 1433 3819 ejus
1463 3751 1634 3803 minus
1663 3749 1908 3802 habuisse
1927 3790 1942 3812 ,

347 3851 630 3918 multoque
658 3849 772 3917 plus
799 3847 950 3900 lucis.
978 3845 1214 3899 Videsne
1240 3843 1362 3896 huic
1386 3840 1689 3904 dementiat,
1715 3855 1831 3908 qua:
1854 3839 1944 3892 Dei

345 3953 607 3998 naturam
652 3937 1052 4007 corruptibilcm
1096 3935 1241 3997 dicit,
1287 3947 1510 4002 eamque
1553 3930 1704 3984 mala:
1747 3937 1946 3982 natura:

349 4033 744 4090 commixtione
771 4018 1096 4097 corrumpit,
1126 4033 1380 4095 quantum
1409 4021 1668 4077 catholica
1697 4019 1830 4074 ﬁdes
1857 4017 1950 4072 ad-

349 4139 518 4179 versa
551 4123 654 4187 sit,
685 4135 803 4188 qua}
832 4118 1007 4172 omnia
1035 4116 1172 4170 mala
1203 4113 1416 4186 generis
1447 4110 1662 4166 humani
1681 4152 1696 4173 ,
1725 4125 1948 4180 quorum

356 4230 472 4267 non
505 4225 718 4280 parvam
745 4218 949 4279 partem
973 4205 1220 4276 parvulos
1241 4204 1402 4260 etiam
1429 4201 1696 4256 cemimus
1723 4200 1948 4268 perpeti,

359 4315 417 4356 et
445 4304 619 4372 ipsam
646 4296 1132 4367 concupiscentiam
1154 4309 1254 4363 qua
1278 4307 1402 4347 caro
1421 4290 1747 4358 concupiscit
1767 4289 1954 4342 adver-

354 4408 456 4447 sus
479 4392 746 4461 spiritum,
769 4388 960 4458 quibus
985 4386 1140 4440 malis
1162 4383 1410 4438 omnibus
1433 4380 1708 4450 paradisus
1728 4395 1757 4432 a
1779 4378 1949 4444 vobis,

355 4485 460 4538 sed
509 4491 720 4547 vester,
765 4479 1048 4547 impletur,
1089 4491 1194 4528 non
1223 4473 1352 4528 dicit
1381 4485 1500 4526 csse
1528 4471 1628 4524 nisi
1665 4485 1729 4524 ex
1767 4477 1952 4522 natura

360 4576 510 4628 bona
531 4614 547 4634 ,
578 4582 629 4626 et
658 4587 687 4624 a
720 4571 829 4624 Deo
859 4569 997 4622 bono
1027 4567 1161 4620 bene
1192 4562 1429 4617 instituta
1451 4601 1464 4624 ,
1495 4560 1588 4615 scd
1618 4560 1826 4628 propria
1858 4573 1954 4612 vo—

361 4667 582 4719 luntate
604 4674 658 4719 et
685 4663 834 4732 primi
860 4659 1092 4714 hominis
1113 4654 1544 4725 prmvaricatione
1565 4651 1781 4706 vitiata?
1805 4650 1956 4717 Quod

361 4772 470 4810 vos
501 4764 756 4824 negantes
781 4796 794 4818 ,
826 4751 952 4821 quid
983 4749 1138 4818 agitis
1161 4786 1177 4812 ,
1212 4747 1311 4800 nisi
1342 4753 1400 4799 ut
1428 4744 1542 4799 htec
1570 4743 1748 4797 omnia
1778 4741 1912 4795 mala
1938 4781 1954 4805 ,

361 4863 494 4914 qua:
523 4846 590 4898 de
621 4852 838 4912 peccato
865 4853 1068 4896 natura:
1098 4839 1248 4892 bona!
1279 4837 1330 4890 in
1363 4834 1608 4905 parvulos
1637 4834 1820 4887 venire
1849 4848 1954 4885 non

363 4935 571 4996 vultis,
612 4931 976 4988 couunixtioni
1006 4929 1159 4983 mala)
1191 4935 1391 4980 natura:
1423 4926 1720 4979 tribuantur
1742 4965 1757 4988 ,
1801 4937 1958 4992 quam

365 5026 792 5080 Maniehmornm
823 5024 1052 5078 furiosus
1078 5035 1228 5075 error
1258 5018 1500 5074 inducit?
1533 5017 1732 5071 Videtis
1763 5016 1918 5085 igitur
1941 5055 1956 5081 ,

362 5115 479 5169 etsi
508 5116 688 5170 videre
716 5131 820 5169 non
848 5114 1025 5176 vultis,
1052 5113 1267 5166 insanos
1286 5119 1339 5164 et
1361 5109 1596 5179 perditos
1617 5107 1958 5170 Manichaaos,

367 5223 444 5262 ne
472 5208 624 5261 vobis
653 5206 1023 5274 adjuvantibus
1048 5205 1279 5265 vincant,
1306 5201 1576 5254 vobiscum
1604 5213 1722 5253 esse
1748 5197 1962 5251 vincen-

365 5299 482 5352 dos
506 5313 521 5360 ;
549 5299 656 5349 imo
707 5297 990 5365 adjuvaute
1023 5294 1244 5348 Domino
1278 5291 1548 5345 vobiscum
1587 5304 1704 5343 esse
1731 5287 1840 5356 jam
1882 5287 1960 5340 vi-

363 5399 519 5441 ειυς.

447 5475 803 5531 CLXXXVII.
843 5476 961 5531 Jun.
1005 5475 1245 5530 Persistit
1285 5489 1415 5528 sane
1458 5471 1632 5526 invehi
1664 5471 1714 5524 in
1751 5485 1867 5537 nos,
1909 5477 1963 5522 et

441 5632 460 5662 ί
492 5629 648 5677 Codex
676 5637 935 5682 Portarum.
962 5627 1134 5677 invenit
1158 5626 1441 5679 articulosus
1465 5623 1698 5676 diabolus.

439 5694 462 5724 ³
494 5691 621 5740 tdem
638 5693 790 5741 codex
818 5699 961 5753 t'ort.,
982 5697 1185 5740 secutus.

1646 279 1845 337 LIBER
1888 275 2197 334 TERTIUS.

3429 275 3564 333 εδειδ

1996 392 2268 460 adjuugit:
2299 409 2315 440 ι
2351 389 2412 444 Ili
2441 398 2613 444 autent
2640 390 2726 458 qui
2753 388 3230 457 concupiscentiam
3259 391 3412 445 istam
3435 407 3563 446 cou-

2000 493 2075 534 tra
2103 481 2435 550 evangelicos
2466 491 2520 534 et
2543 481 2862 548 apostolicos
2889 479 3076 536 Libros
3099 522 3112 544 ,
3142 496 3275 549 quos
3299 497 3467 536 vacuo
3491 493 3539 538 te

1999 575 2202 638 ctitant,
2235 573 2430 627 bonum
2470 573 2582 626 ausi
2613 581 2734 625 sunt
2777 571 2991 635 dicere;
3038 570 3214 626 videas
3240 613 3256 637 ,
3307 589 3326 624 ι
3363 573 3570 642 inquit.

2006 682 2024 713 ι
2057 673 2266 717 sanctos
2302 677 2483 716 eorum
2523 677 2663 715 nunc
2695 677 2816 730 eum
2854 660 3059 714 filiabus
3097 660 3390 726 dormisse,
3433 677 3573 715 nunc

2000 768 2119 806 cum
2149 753 2384 822 pluribus
2412 760 2464 806 et
2492 752 2796 806 concubinis
2821 761 2875 806 et
2904 750 3156 805 uxoribus
3181 752 3457 804 miscuisse
3485 768 3577 805 ne-

2001 845 2222 913 gotium.
2254 843 2361 898 Nec
2389 843 2489 897 hoc
2516 842 2752 911 Apostoli
2784 842 2990 896 vident:
3014 841 3141 906 Quae
3167 843 3376 896 societas
3401 842 3503 896 luci
3537 859 3580 894 ιιι

2004 933 2214 986 tenebris
2235 974 2248 995 ,
2277 933 2414 1000 fideli
2441 942 2484 984 et
2511 932 2702 1000 inﬁdeli
2719 969 2734 995 ,
2764 930 2962 986 Christo
2990 941 3037 984 et
3065 931 3228 984 Belial
3256 932 3318 1003 (ΙΙ
3347 931 3463 988 Cor.
3496 949 3544 987 Vl
3568 977 3580 995 ,

2008 1025 2075 1078 I4
2098 1065 2112 1090 ,
2147 1023 2278 1095 15)?
2317 1025 2509 1078 Errant
2535 1025 2812 1094 glomerati
2843 1025 3023 1078 nubilo
3051 1027 3068 1058 ί
3098 1028 3545 1096 concupiscentia:

2008 1114 2158 1183 cujus
2186 1129 2393 1169 veneno
2423 1115 2490 1168 ita
2521 1115 2779 1180 fruuntur,
2809 1125 2864 1168 ut
2888 1118 3117 1171 amentia
3148 1120 3306 1187 capti,
3335 1134 3454 1173 cum
3484 1122 3585 1173 hm-

2008 1214 2200 1274 gerunt
2223 1246 2237 1270 ,
2274 1222 2305 1260 a
2336 1207 2445 1260 Deo
2475 1206 2525 1260 id
2555 1221 2864 1261 concessqu
2895 1217 3073 1278 putent
3099 1226 3114 1275 ;
3153 1213 3303 1282 quasi
3345 1214 3587 1283 ignorent

2012 1297 2322 1366 Apostolum
2361 1297 2591 1362 dixisse,
2633 1299 2758 1364 Qua:
2785 1311 3026 1368 geruntur
3063 1301 3124 1355 ab
3157 1304 3229 1357 eis
3256 1305 3308 1357 in
3338 1307 3582 1368 latebris,

2014 1395 2159 1455 turpe
2191 1395 2260 1440 est
2296 1390 2445 1440 etiam
2470 1388 2633 1441 dicere
2671 1408 2688 1437 ι
2723 1388 2933 1460 (Epltes.
2965 1407 2995 1442 v
3018 1433 3033 1457 ,
3063 1392 3175 1462 Ii).
3213 1394 3370 1450 Vides
3399 1412 3589 1466 nempe.

2018 1480 2287 1550 quomodo
2317 1481 2582 1550 negotium
2611 1491 2764 1536 vexat
2800 1483 3015 1552 pudoris
3035 1527 3048 1551 ,
3087 1493 3246 1554 atque
3283 1498 3464 1541 contra
3496 1506 3591 1544 nos

2019 1570 2069 1622 id
2104 1570 2285 1625 valere
2310 1571 2590 1639 plurimum
2619 1581 2792 1640 putat,
2823 1573 2913 1642 qui
2938 1562 3040 1628 non
3071 1576 3265 1628 malum
3291 1576 3470 1632 dicere
3496 1594 3561 1630 au

2018 1660 2260 1725 deamus,
2281 1662 2422 1731 quod
2446 1663 2726 1718 velandum
2749 1672 2922 1720 tamen
2948 1666 3148 1734 pudore
3172 1669 3447 1723 fateamur.
3472 1671 3596 1725 Nul-

2024 1752 2131 1806 lum
2163 1754 2534 1808 vestimentum
2563 1770 2687 1824 ergo
2715 1757 2948 1823 texuisti,
2980 1774 3084 1826 quo
3109 1759 3496 1816 deformitatem
3525 1766 3594 1815 tui

2020 1843 2282 1913 dogmatis
2309 1845 2546 1914 operires
2567 1887 2581 1909 ,
2612 1855 2804 1914 praeter
2833 1862 3038 1916 pannos
3065 1850 3256 1918 quibus
3283 1852 3332 1904 iu
3365 1855 3601 1922 parentis

2023 1935 2100 1989 tui
2125 1944 2180 1989 et
2204 1937 2437 2004 magistri
2467 1935 2774 1991 ltmreditate
2793 1939 3022 1991 crevisti.
3051 1939 3196 1993 Persi
3231 1942 3292 1994 tit
3313 1943 3471 2010 igitur
3490 1945 3594 1996 cri-

2023 2025 2075 2094 gi
2104 2026 2153 2078 in
2183 2041 2298 2089 nos,
2325 2027 2623 2096 faciensque
2649 2028 3004 2096 apostrophen
3032 2048 3044 2083 :
3075 2049 3093 2081 ι
3123 2032 3232 2100 Age
3257 2039 3332 2094 tu,
3365 2053 3382 2084 ι
3409 2032 3598 2102 inquit,

2034 2135 2052 2165 ι
2099 2116 2349 2172 defensor
2398 2119 2876 2187 concupiscentire,
2921 2130 3106 2188 aperto
3153 2136 3401 2176 sermone
3445 2138 3601 2176 narra

2029 2207 2233 2264 fructus
2255 2219 2309 2262 et
2331 2224 2491 2278 opera
2514 2211 2647 2278 ejus.
2673 2210 2812 2266 Ecce
2836 2225 2935 2280 ego
2953 2219 3135 2266 contra
3158 2227 3297 2278 eam,
3319 2228 3423 2267 non
3447 2215 3604 2268 timeo

2032 2301 2238 2365 lucem,
2281 2317 2436 2370 quant
2477 2302 2564 2355 illa
2609 2301 2870 2371 trepidat,
2911 2318 3068 2372 quam
3115 2303 3202 2356 illa
3244 2304 3378 2358 odit.
3420 2304 3611 2360 Omnis

2031 2393 2174 2448 enim
2205 2393 2295 2461 qui
2324 2393 2461 2447 male
2487 2393 2627 2462 agit,
2656 2393 2769 2446 odit
2792 2394 2964 2446 lucem
2988 2435 3001 2458 ,
3029 2403 3083 2448 et
3109 2409 3212 2448 non
3241 2395 3382 2449 venit
3417 2395 3483 2449 ad
3522 2395 3605 2449 lu-

2033 2497 2169 2549 cem,
2200 2497 2268 2536 ne
2297 2483 2700 2537 manifesteutur
2726 2497 2886 2551 opera
2913 2483 3027 2551 ejus
3054 2482 3230 2554 (Joan.
3262 2499 3339 2549 ut,
3365 2484 3479 2554 20).
3512 2485 3606 2540 Vi-

2033 2574 2197 2628 desne
2224 2574 2706 2643 concupiscentiam
2733 2575 2852 2628 mali
2881 2590 2998 2630 esse
3025 2576 3302 2646 originem,
3331 2592 3426 2646 per
3450 2593 3606 2647 quam

2036 2665 2245 2720 misera:
2267 2665 2460 2718 anima:
2486 2663 2691 2718 libidini
2715 2665 2973 2732 serviunt,
3001 2681 3108 2720 non
3129 2676 3339 2736 sponte,
3367 2669 3488 2736 quia
3513 2670 3611 2722 hoc

2036 2766 2118 2810 est
2151 2757 2292 2826 quod
2322 2757 2534 2811 nolente
2574 2757 2754 2812 animo
2791 2759 3024 2826 gerimus
3062 2759 3278 2814 solum?
3313 2779 3332 2812 ›
3363 2759 3494 2815 Iliuc
3533 2773 3613 2815 est

2037 2847 2181 2917 quod
2211 2856 2264 2918 et
2295 2858 2347 2902 tu
2379 2865 2392 2901 :
2427 2867 2445 2900 ι
2478 2848 2609 2902 Nam
2637 2849 2762 2919 quid
2789 2858 2897 2916 est,
2935 2869 2954 2902 ι
2986 2851 3188 2920 inquis,
3225 2870 3244 2902 ι
3275 2851 3414 2921 quod
3444 2849 3612 2916 labia,

2040 2937 2236 3006 lingua,
2267 2954 2476 3002 manus,
2502 2938 2812 2992 iullexiones
2833 2939 2999 3004 dorsi,
3025 2940 3269 3005 cervicis,
3295 2951 3347 2994 et
3368 2941 3614 3004 laterum,

2043 3038 2100 3083 ut
2125 3029 2188 3082 ad
2215 3045 2374 3100 opera
2402 3045 2632 3099 congrua
2658 3040 2990 3094 moveantur,
3020 3033 3247 3098 positum
3277 3032 3328 3084 in
3358 3041 3618 3100 potestazc

2041 3129 2161 3183 est;
2209 3133 2327 3173 cum
2374 3134 2503 3173 vero
2550 3127 2763 3173 ventum
2811 3118 2969 3173 fuerit
3011 3128 3066 3172 ut
3111 3121 3199 3174 lilii
3248 3122 3615 3184 seminantur,

2043 3211 2278 3266 membra
2319 3211 2369 3263 in
2412 3211 2514 3264 hoc
2550 3224 2684 3279 opus
2713 3218 2889 3264 creata
2929 3225 3032 3263 non
3064 3211 3344 3274 serviunt;
3384 3213 3482 3266 sed
3524 3228 3619 3267 ex-

2043 3311 2314 3371 spectatur
2342 3310 2400 3356 nt
2429 3318 2489 3357 ea
2519 3301 2664 3356 velut
2693 3303 2774 3356 sui
2803 3301 2939 3372 juris
2972 3302 3134 3356 libido
3161 3314 3495 3358 commoveat
3520 3347 3534 3370 ,
3567 3317 3619 3357 ct

2045 3394 2328 3463 aliquando
2368 3409 2472 3448 non
2516 3393 2639 3448 facit
2677 3394 2856 3448 animo
2897 3393 3128 3458 volente,
3175 3409 3294 3448 cum
3337 3394 3622 3464 aliquando

2047 3485 2273 3540 faciatet
2295 3485 2512 3539 nolente
2537 3504 2554 3536 ι
2583 3483 2688 3554 (De
2709 3483 2916 3553 Nuptiis
2932 3493 2977 3538 et
2997 3484 3430 3554 Concupiscentia,
3454 3486 3540 3540 lib.
3572 3489 3622 3546 l,

2049 3594 2100 3630 η.
2134 3579 2230 3647 7)?
2273 3576 2607 3631 Enumerasti
2638 3586 2689 3629 tu
2717 3592 2908 3646 nempe
2940 3577 3115 3630 omnia
3155 3576 3328 3631 ofﬁcia
3361 3577 3624 3632 membro

2047 3682 2188 3733 rum,
2215 3683 2383 3738 eaque
2406 3667 2784 3722 commendans
2805 3668 3006 3722 servire
3029 3667 3320 3722 voluntatis
3340 3670 3360 3700 ‘
3384 3669 3626 3738 imperio,

2050 3759 2284 3814 libidinis
2311 3759 2579 3828 negotium
2609 3759 2762 3823 dicis,
2795 3757 2934 3827 quod
2963 3757 3063 3812 hoc
3088 3759 3258 3812 solum
3289 3759 3503 3814 uolente
3527 3759 3628 3812 at-i-

2053 3865 2140 3904 mo
2171 3849 2443 3905 faciamus.
2476 3851 2611 3918 Quid
2644 3850 3010 3905 lllaniehaius?
3042 3869 3060 3902 ι
3095 3849 3345 3916 Videsne,
3383 3869 3400 3902 ι
3434 3852 3626 3921 inquit,

2059 3963 2077 3996 ι
2108 3942 2589 4010 concupiscentiam
2618 3939 2741 3992 mali
2771 3954 2889 3993 esse
2916 3940 3194 4008 originem,
3225 3954 3321 4008 per
3344 3955 3501 4008 quam
3533 3943 3626 3993 mi-

2054 4048 2187 4088 serie
2221 4033 2412 4086 anima:
2443 4029 2645 4085 libidini
2681 4030 2916 4084 serviunt
2942 4072 2956 4094 ,
2990 4045 3095 4084 non
3125 4041 3350 4099 sponte,
3380 4031 3501 4100 quia
3535 4032 3634 4084 hoc

2054 4137 2136 4181 est
2164 4125 2302 4195 quod
2331 4124 2546 4178 uolente
2572 4122 2749 4176 animo
2775 4122 3010 4190 gerimus
3036 4122 3206 4175 solum
3233 4121 3258 4174 Ρ
3292 4139 3310 4172 ι
3341 4120 3447 4175 Sed
3479 4122 3623 4173 vide-

2056 4235 2206 4273 amus
2232 4217 2355 4288 quid
2386 4217 2528 4270 aliud
2555 4215 2827 4285 adjuugat.
2861 4232 2878 4265 ι
2916 4214 3152 4282 Denique
3176 4228 3334 4265 Omtte
3359 4223 3628 4280 peccatum

2057 4322 2202 4364 extra
2234 4323 2427 4377 eorpus
2463 4317 2576 4372 est,
2605 4304 2726 4376 quia
2757 4305 2961 4358 actualc
2989 4313 3072 4358 est
3102 4322 3116 4357 :
3144 4304 3230 4372 qtti
3262 4311 3436 4356 autem
3469 4301 3631 4356 forni-

2058 4410 2209 4453 catur
2232 4439 2245 4459 ,
2279 4398 2330 4451 in
2361 4412 2553 4466 corpus
2581 4410 2733 4449 suunt
2779 4403 2958 4462 peccat
2996 4393 3036 4463 (Ι
3067 4391 3184 4446 Cor.
3214 4408 3287 4454 vt,
3321 4391 3434 4461 IS).
3465 4391 3636 4447 Omne

2059 4491 2200 4544 enim
2235 4499 2508 4557 peccatum
2547 4494 2826 4553 antequam
2860 4484 2982 4548 fiat,
3013 4496 3117 4536 non
3150 4491 3264 4546 est;
3296 4489 3351 4535 et
3381 4490 3497 4550 post
3529 4480 3637 4536 fae-

2062 4592 2192 4642 tum,
2227 4580 2480 4634 memoria
2512 4577 2624 4632 sola
2652 4576 2765 4644 ejus
2793 4575 2991 4644 operis,
3021 4589 3127 4628 non
3161 4574 3271 4642 ipsa
3299 4574 3503 4642 species
3530 4591 3642 4626 ma-

2062 4682 2151 4726 uct
2175 4690 2188 4724 :
2213 4671 2408 4724 mahutt
2433 4678 2606 4721 autem
2635 4665 3094 4734 concupiscentia},
3125 4665 3247 4734 quia
3275 4665 3514 4718 naturale
3535 4675 3636 4727 est,

2063 4771 2343 4830 antequam
2384 4759 2504 4822 fiat,
2534 4767 2654 4820 est;
2685 4771 2802 4810 cum
2837 4755 2925 4816 fit,
2961 4762 3221 4823 augetur;
3256 4764 3375 4822 post
3404 4753 3638 4810 factum.

2063 4864 2117 4909 et
2141 4853 2348 4907 videtur
2369 4861 2417 4905 ct
2444 4858 2734 4920 permanet.
2767 4868 2784 4900 ι
2810 4847 2945 4914 Quid
2970 4848 3126 4916 igitur
3147 4846 3418 4900 nobiscum
3439 4845 3641 4915 μιγείης,

2063 4946 2184 5015 quia
2215 4953 2266 4998 te
2287 4943 2628 4997 Mauichmum
2668 4953 2958 4997 vocemus;
2986 4954 3105 4992 cum
3134 4953 3231 4990 nec
3255 4938 3306 4990 in
3348 4939 3489 4992 illius
3517 4941 3646 4992 scri-

2065 5039 2169 5107 ptis
2198 5035 2338 5090 aliud
2362 5050 2516 5103 quam
2548 5033 2688 5102 quod
2722 5043 2776 5084 tu
2802 5030 2956 5097 dicis,
2979 5045 3074 5084 ucc
3103 5031 3152 5083 in
3187 5030 3289 5084 tuis
3319 5031 3458 5085 aliud
3488 5047 3645 5100 quam

2055 5127 2204 5198 mind
2245 5127 2333 5180 ille
2363 5127 2476 5179 vult
2518 5122 2867 5193 persuadere,
2911 5130 3171 5175 teneatur.
3206 5120 3320 5176 lam
3361 5137 3488 5175 vero
3522 5121 3647 5173 illud

2067 5218 2205 5289 quod
2236 5231 2327 5288 per
2353 5215 2577 5285 plebeia.
2605 5232 2632 5267 a
2662 5213 2810 5266 vobis
2837 5221 3010 5267 tamen
3039 5211 3290 5278 infusum,
3323 5227 3414 5264 ora
3442 5210 3645 5264 discur-

2069 5310 2175 5373 rit,
2211 5308 2260 5360 in
2293 5307 2478 5361 eadem
2509 5304 2786 5358 Mauiclnei
2818 5304 3042 5373 cpistola
3073 5303 3408 5363 continetur,
3444 5300 3492 5353 id
3524 5311 3603 5355 est
3631 5342 3643 5363 ,

2077 5419 2095 5451 ι
2141 5400 2196 5454 Si
2229 5407 2506 5471 peccatum
2538 5398 2776 5451 naturale
2817 5412 2924 5451 non
2961 5404 3044 5450 est
3067 5435 3081 5460 ,
3121 5409 3284 5464 quare
3321 5391 3647 5461 baptizantnr

2136 5560 2152 5589 ι
2190 5556 2480 5619 Vignicrius,
2541 5551 2790 5619 glomerati
2825 5550 3019 5619 nubium
3080 5540 3487 5619 concupiscentia'.
3537 5550 3630 5592 Its;

2075 5628 2182 5667 Mar.
2232 5610 2283 5667 «ᾗ.
2318 5610 2472 5672 (Ziata,
2499 5610 2749 5676 glomerati
2791 5612 2950 5662 nubilo
2969 5610 3375 5672 COﬁClllJi.S€t'ltlfa3.

2143 5683 2158 5711 ³
2193 5682 2263 5728 sic
2287 5687 2389 5726 Mss.
2418 5685 2462 5725 tu
2487 5681 2645 5741 \‘igu.,
2678 5675 2940 5738 voluptatis.
