  <div class='ocr_page' id='page_1' title='image "/cluster/home/n/w/nwhite01/storage/ocr_20150623/45/hvd.32044096580667/177.png"; bbox 0 0 3934 6178; ppageno 0'>
   <div class='ocr_carea' id='block_1_1' title="bbox 383 342 516 399">
    <p class='ocr_par' dir='ltr' id='par_1_1' title="bbox 383 342 516 399">
     <span class='ocr_line' id='line_1_1' title="bbox 383 342 516 399; baseline -0.053 1"><span class='ocrx_word' id='word_1_1' title='bbox 383 342 516 399; x_wconf 62' lang='grc'><strong>1387</strong></span> 
     </span>
    </p>
   </div>
   <div class='ocr_carea' id='block_1_2' title="bbox 377 445 1940 517">
    <p class='ocr_par' dir='ltr' id='par_1_2' title="bbox 377 445 1940 517">
     <span class='ocr_line' id='line_1_2' title="bbox 377 445 1940 517; baseline -0.008 -9"><span class='ocrx_word' id='word_1_2' title='bbox 377 453 641 512; x_wconf 81' lang='lat' dir='ltr'><strong>infantes;</strong></span> <span class='ocrx_word' id='word_1_3' title='bbox 687 464 820 517; x_wconf 91' lang='lat' dir='ltr'><strong>quos</strong></span> <span class='ocrx_word' id='word_1_4' title='bbox 861 447 989 501; x_wconf 81' lang='lat' dir='ltr'><strong>nihil</strong></span> <span class='ocrx_word' id='word_1_5' title='bbox 1042 465 1134 515; x_wconf 83' lang='lat' dir='ltr'><strong>per</strong></span> <span class='ocrx_word' id='word_1_6' title='bbox 1171 464 1228 502; x_wconf 87' lang='lat' dir='ltr'><strong>sc</strong></span> <span class='ocrx_word' id='word_1_7' title='bbox 1277 449 1397 501; x_wconf 90' lang='lat' dir='ltr'><strong>mali</strong></span> <span class='ocrx_word' id='word_1_8' title='bbox 1428 449 1600 516; x_wconf 78' lang='lat' dir='ltr'><strong>egisse</strong></span> <span class='ocrx_word' id='word_1_9' title='bbox 1635 445 1884 500; x_wconf 84' lang='lat' dir='ltr'><strong>constat?</strong></span> <span class='ocrx_word' id='word_1_10' title='bbox 1923 464 1940 496; x_wconf 74' lang='grc' dir='ltr'><strong>ι</strong></span> 
     </span>
    </p>
   </div>
   <div class='ocr_carea' id='block_1_3' title="bbox 379 537 1943 604">
    <p class='ocr_par' dir='ltr' id='par_1_3' title="bbox 379 537 1943 604">
     <span class='ocr_line' id='line_1_3' title="bbox 379 537 1943 604; baseline -0.006 -8"><span class='ocrx_word' id='word_1_11' title='bbox 379 545 500 597; x_wconf 89' lang='lat' dir='ltr'><strong>Ideo</strong></span> <span class='ocrx_word' id='word_1_12' title='bbox 524 551 697 595; x_wconf 87' lang='lat' dir='ltr'><strong>autem</strong></span> <span class='ocrx_word' id='word_1_13' title='bbox 727 540 834 592; x_wconf 81' lang='lat' dir='ltr'><strong>dixi</strong></span> <span class='ocrx_word' id='word_1_14' title='bbox 866 537 992 590; x_wconf 90' lang='lat' dir='ltr'><strong>illud</strong></span> <span class='ocrx_word' id='word_1_15' title='bbox 1022 553 1113 604; x_wconf 85' lang='lat' dir='ltr'><strong>per</strong></span> <span class='ocrx_word' id='word_1_16' title='bbox 1140 539 1423 590; x_wconf 87' lang='lat' dir='ltr'><strong>multorum</strong></span> <span class='ocrx_word' id='word_1_17' title='bbox 1450 537 1670 591; x_wconf 82' lang='lat' dir='ltr'><strong>volitare</strong></span> <span class='ocrx_word' id='word_1_18' title='bbox 1697 537 1899 604; x_wconf 88' lang='lat' dir='ltr'><strong>linguas</strong></span> <span class='ocrx_word' id='word_1_19' title='bbox 1929 575 1943 597; x_wconf 86' lang='lat'><strong>,</strong></span> 
     </span>
    </p>
   </div>
   <div class='ocr_carea' id='block_1_4' title="bbox 375 623 1946 700">
    <p class='ocr_par' dir='ltr' id='par_1_4' title="bbox 375 623 1946 700">
     <span class='ocr_line' id='line_1_4' title="bbox 375 623 1946 700; baseline -0.005 -16"><span class='ocrx_word' id='word_1_20' title='bbox 375 633 495 700; x_wconf 87' lang='lat' dir='ltr'><strong>quia</strong></span> <span class='ocrx_word' id='word_1_21' title='bbox 523 629 786 698; x_wconf 84' lang='lat' dir='ltr'><strong>vulgarius</strong></span> <span class='ocrx_word' id='word_1_22' title='bbox 812 635 1176 694; x_wconf 90' lang='lat' dir='ltr'><strong>argumentum</strong></span> <span class='ocrx_word' id='word_1_23' title='bbox 1207 628 1364 679; x_wconf 84' lang='lat' dir='ltr'><strong>etiam</strong></span> <span class='ocrx_word' id='word_1_24' title='bbox 1395 641 1425 679; x_wconf 89' lang='lat' dir='ltr'><strong>a</strong></span> <span class='ocrx_word' id='word_1_25' title='bbox 1458 625 1622 678; x_wconf 82' lang='lat' dir='ltr'><strong>tardis</strong></span> <span class='ocrx_word' id='word_1_26' title='bbox 1648 623 1946 692; x_wconf 82' lang='lat' dir='ltr'><strong>quibusque</strong></span> 
     </span>
    </p>
   </div>
   <div class='ocr_carea' id='block_1_5' title="bbox 374 713 1946 789">
    <p class='ocr_par' dir='ltr' id='par_1_5' title="bbox 374 713 1946 789">
     <span class='ocr_line' id='line_1_5' title="bbox 374 713 1946 789; baseline -0.007 -13"><span class='ocrx_word' id='word_1_27' title='bbox 374 721 815 789; x_wconf 82' lang='lat' dir='ltr'><strong>comprehensum</strong></span> <span class='ocrx_word' id='word_1_28' title='bbox 843 726 964 770; x_wconf 89' lang='lat' dir='ltr'><strong>est:</strong></span> <span class='ocrx_word' id='word_1_29' title='bbox 992 725 1241 771; x_wconf 69' lang='lat' dir='ltr'><strong>cmterum</strong></span> <span class='ocrx_word' id='word_1_30' title='bbox 1285 725 1338 770; x_wconf 90' lang='lat' dir='ltr'><strong>tu</strong></span> <span class='ocrx_word' id='word_1_31' title='bbox 1375 717 1427 769; x_wconf 92' lang='lat' dir='ltr'><strong>in</strong></span> <span class='ocrx_word' id='word_1_32' title='bbox 1465 716 1567 768; x_wconf 89' lang='lat' dir='ltr'><strong>tuis</strong></span> <span class='ocrx_word' id='word_1_33' title='bbox 1604 714 1753 769; x_wconf 90' lang='lat' dir='ltr'><strong>libris</strong></span> <span class='ocrx_word' id='word_1_34' title='bbox 1791 713 1842 766; x_wconf 92' lang='lat' dir='ltr'><strong>in</strong></span> <span class='ocrx_word' id='word_1_35' title='bbox 1881 727 1946 766; x_wconf 93' lang='lat' dir='ltr'><strong>eo</strong></span> 
     </span>
    </p>
   </div>
   <div class='ocr_carea' id='block_1_6' title="bbox 373 800 1946 880">
    <p class='ocr_par' dir='ltr' id='par_1_6' title="bbox 373 800 1946 880">
     <span class='ocr_line' id='line_1_6' title="bbox 373 800 1946 880; baseline -0.008 -16"><span class='ocrx_word' id='word_1_36' title='bbox 373 827 521 880; x_wconf 84' lang='lat' dir='ltr'><strong>spem</strong></span> <span class='ocrx_word' id='word_1_37' title='bbox 567 819 730 862; x_wconf 87' lang='lat' dir='ltr'><strong>totam</strong></span> <span class='ocrx_word' id='word_1_38' title='bbox 772 807 1006 876; x_wconf 77' lang='lat' dir='ltr'><strong>reponis.</strong></span> <span class='ocrx_word' id='word_1_39' title='bbox 1054 805 1122 860; x_wconf 87' lang='lat' dir='ltr'><strong>Et</strong></span> <span class='ocrx_word' id='word_1_40' title='bbox 1157 803 1257 859; x_wconf 89' lang='lat' dir='ltr'><strong>hoc</strong></span> <span class='ocrx_word' id='word_1_41' title='bbox 1283 818 1410 875; x_wconf 84' lang='lat' dir='ltr'><strong>ergo</strong></span> <span class='ocrx_word' id='word_1_42' title='bbox 1455 805 1625 873; x_wconf 87' lang='lat' dir='ltr'><strong>ipsum</strong></span> <span class='ocrx_word' id='word_1_43' title='bbox 1658 803 1760 856; x_wconf 91' lang='lat' dir='ltr'><strong>hoc</strong></span> <span class='ocrx_word' id='word_1_44' title='bbox 1788 800 1946 854; x_wconf 89' lang='lat' dir='ltr'><strong>modo</strong></span> 
     </span>
    </p>
   </div>
   <div class='ocr_carea' id='block_1_7' title="bbox 375 891 1946 967">
    <p class='ocr_par' dir='ltr' id='par_1_7' title="bbox 375 891 1946 967">
     <span class='ocr_line' id='line_1_7' title="bbox 375 891 1946 967; baseline -0.007 -14"><span class='ocrx_word' id='word_1_45' title='bbox 375 913 495 953; x_wconf 86' lang='lat' dir='ltr'><strong>tuus</strong></span> <span class='ocrx_word' id='word_1_46' title='bbox 523 907 819 967; x_wconf 64' lang='lat' dir='ltr'><strong>praeceptor</strong></span> <span class='ocrx_word' id='word_1_47' title='bbox 846 896 1151 964; x_wconf 84' lang='lat' dir='ltr'><strong>exsequitur</strong></span> <span class='ocrx_word' id='word_1_48' title='bbox 1178 913 1191 947; x_wconf 88' lang='lat'><strong>:</strong></span> <span class='ocrx_word' id='word_1_49' title='bbox 1223 913 1242 945; x_wconf 80' lang='grc' dir='ltr'><strong>ι</strong></span> <span class='ocrx_word' id='word_1_50' title='bbox 1273 893 1373 961; x_wconf 83' lang='lat' dir='ltr'><strong>Qui</strong></span> <span class='ocrx_word' id='word_1_51' title='bbox 1403 893 1484 947; x_wconf 91' lang='lat' dir='ltr'><strong>his</strong></span> <span class='ocrx_word' id='word_1_52' title='bbox 1509 892 1682 947; x_wconf 83' lang='lat' dir='ltr'><strong>verbis</strong></span> <span class='ocrx_word' id='word_1_53' title='bbox 1712 891 1838 944; x_wconf 92' lang='lat' dir='ltr'><strong>mihi</strong></span> <span class='ocrx_word' id='word_1_54' title='bbox 1865 891 1946 943; x_wconf 83' lang='lat' dir='ltr'><strong>in-</strong></span> 
     </span>
    </p>
   </div>
   <div class='ocr_carea' id='block_1_8' title="bbox 375 983 1943 1058">
    <p class='ocr_par' dir='ltr' id='par_1_8' title="bbox 375 983 1943 1058">
     <span class='ocr_line' id='line_1_8' title="bbox 375 983 1943 1058; baseline -0.007 -14"><span class='ocrx_word' id='word_1_55' title='bbox 375 988 674 1058; x_wconf 84' lang='lat' dir='ltr'><strong>terrogandi</strong></span> <span class='ocrx_word' id='word_1_56' title='bbox 705 992 864 1050; x_wconf 87' lang='lat' dir='ltr'><strong>sunt,</strong></span> <span class='ocrx_word' id='word_1_57' title='bbox 895 985 951 1040; x_wconf 92' lang='lat' dir='ltr'><strong>Si</strong></span> <span class='ocrx_word' id='word_1_58' title='bbox 991 999 1147 1039; x_wconf 86' lang='lat' dir='ltr'><strong>omne</strong></span> <span class='ocrx_word' id='word_1_59' title='bbox 1175 984 1373 1038; x_wconf 89' lang='lat' dir='ltr'><strong>malum</strong></span> <span class='ocrx_word' id='word_1_60' title='bbox 1401 983 1606 1037; x_wconf 88' lang='lat' dir='ltr'><strong>actuale</strong></span> <span class='ocrx_word' id='word_1_61' title='bbox 1631 991 1749 1045; x_wconf 90' lang='lat' dir='ltr'><strong>est;</strong></span> <span class='ocrx_word' id='word_1_62' title='bbox 1790 990 1943 1034; x_wconf 87' lang='lat' dir='ltr'><strong>ante-</strong></span> 
     </span>
    </p>
   </div>
   <div class='ocr_carea' id='block_1_9' title="bbox 369 1061 1945 1148">
    <p class='ocr_par' dir='ltr' id='par_1_9' title="bbox 369 1061 1945 1148">
     <span class='ocr_line' id='line_1_9' title="bbox 369 1061 1945 1148; baseline -0.005 -18"><span class='ocrx_word' id='word_1_63' title='bbox 369 1094 528 1148; x_wconf 82' lang='lat' dir='ltr'><strong>quam</strong></span> <span class='ocrx_word' id='word_1_64' title='bbox 555 1077 749 1131; x_wconf 81' lang='lat' dir='ltr'><strong>maluin</strong></span> <span class='ocrx_word' id='word_1_65' title='bbox 775 1073 1036 1144; x_wconf 76' lang='lat' dir='ltr'><strong>quispiam</strong></span> <span class='ocrx_word' id='word_1_66' title='bbox 1063 1085 1184 1144; x_wconf 97' lang='lat' dir='ltr'><strong>agat</strong></span> <span class='ocrx_word' id='word_1_67' title='bbox 1211 1087 1372 1141; x_wconf 90' lang='lat' dir='ltr'><strong>quare</strong></span> <span class='ocrx_word' id='word_1_68' title='bbox 1399 1071 1590 1139; x_wconf 87' lang='lat' dir='ltr'><strong>accipit</strong></span> <span class='ocrx_word' id='word_1_69' title='bbox 1621 1061 1945 1139; x_wconf 51' lang='lat' dir='ltr'><strong>pnrilicatioé</strong></span> 
     </span>
    </p>
   </div>
   <div class='ocr_carea' id='block_1_10' title="bbox 374 1156 1942 1235">
    <p class='ocr_par' dir='ltr' id='par_1_10' title="bbox 374 1156 1942 1235">
     <span class='ocr_line' id='line_1_10' title="bbox 374 1156 1942 1235; baseline -0.008 -13"><span class='ocrx_word' id='word_1_70' title='bbox 374 1184 494 1222; x_wconf 90' lang='lat' dir='ltr'><strong>nem</strong></span> <span class='ocrx_word' id='word_1_71' title='bbox 524 1181 695 1235; x_wconf 66' lang='lat' dir='ltr'><strong>aqum,</strong></span> <span class='ocrx_word' id='word_1_72' title='bbox 726 1179 845 1218; x_wconf 88' lang='lat' dir='ltr'><strong>cum</strong></span> <span class='ocrx_word' id='word_1_73' title='bbox 876 1164 1079 1217; x_wconf 91' lang='lat' dir='ltr'><strong>nullum</strong></span> <span class='ocrx_word' id='word_1_74' title='bbox 1108 1162 1300 1216; x_wconf 89' lang='lat' dir='ltr'><strong>malum</strong></span> <span class='ocrx_word' id='word_1_75' title='bbox 1327 1162 1494 1231; x_wconf 87' lang='lat' dir='ltr'><strong>egerit</strong></span> <span class='ocrx_word' id='word_1_76' title='bbox 1523 1175 1616 1227; x_wconf 89' lang='lat' dir='ltr'><strong>per</strong></span> <span class='ocrx_word' id='word_1_77' title='bbox 1639 1158 1740 1214; x_wconf 86' lang='lat' dir='ltr'><strong>se?</strong></span> <span class='ocrx_word' id='word_1_78' title='bbox 1769 1159 1874 1210; x_wconf 84' lang='lat' dir='ltr'><strong>Aut</strong></span> <span class='ocrx_word' id='word_1_79' title='bbox 1899 1156 1942 1210; x_wconf 89' lang='lat' dir='ltr'><strong>si</strong></span> 
     </span>
    </p>
   </div>
   <div class='ocr_carea' id='block_1_11' title="bbox 372 1250 1946 1326">
    <p class='ocr_par' dir='ltr' id='par_1_11' title="bbox 372 1250 1946 1326">
     <span class='ocr_line' id='line_1_11' title="bbox 372 1250 1946 1326; baseline -0.008 -13"><span class='ocrx_word' id='word_1_80' title='bbox 372 1259 596 1314; x_wconf 89' lang='lat' dir='ltr'><strong>necdum</strong></span> <span class='ocrx_word' id='word_1_81' title='bbox 625 1257 766 1326; x_wconf 89' lang='lat' dir='ltr'><strong>egit,</strong></span> <span class='ocrx_word' id='word_1_82' title='bbox 798 1265 848 1308; x_wconf 90' lang='lat' dir='ltr'><strong>et</strong></span> <span class='ocrx_word' id='word_1_83' title='bbox 881 1253 1235 1322; x_wconf 88' lang='lat' dir='ltr'><strong>purilicandus</strong></span> <span class='ocrx_word' id='word_1_84' title='bbox 1263 1260 1382 1315; x_wconf 89' lang='lat' dir='ltr'><strong>est;</strong></span> <span class='ocrx_word' id='word_1_85' title='bbox 1417 1251 1541 1305; x_wconf 92' lang='lat' dir='ltr'><strong>licet</strong></span> <span class='ocrx_word' id='word_1_86' title='bbox 1569 1250 1584 1280; x_wconf 82' lang='grc'>¹</span> <span class='ocrx_word' id='word_1_87' title='bbox 1611 1263 1704 1302; x_wconf 91' lang='lat' dir='ltr'><strong>eos</strong></span> <span class='ocrx_word' id='word_1_88' title='bbox 1734 1257 1946 1302; x_wconf 81' lang='lat' dir='ltr'><strong>natura-</strong></span> 
     </span>
    </p>
   </div>
   <div class='ocr_carea' id='block_1_12' title="bbox 373 1338 1945 1413">
    <p class='ocr_par' dir='ltr' id='par_1_12' title="bbox 373 1338 1945 1413">
     <span class='ocr_line' id='line_1_12' title="bbox 373 1338 1945 1413; baseline -0.008 -11"><span class='ocrx_word' id='word_1_89' title='bbox 373 1351 492 1404; x_wconf 86' lang='lat' dir='ltr'><strong>liter</strong></span> <span class='ocrx_word' id='word_1_90' title='bbox 539 1347 693 1402; x_wconf 69' lang='lat' dir='ltr'><strong>malae</strong></span> <span class='ocrx_word' id='word_1_91' title='bbox 738 1345 917 1413; x_wconf 88' lang='lat' dir='ltr'><strong>stirpis</strong></span> <span class='ocrx_word' id='word_1_92' title='bbox 958 1343 1356 1413; x_wconf 75' lang='lat' dir='ltr'><strong>pullulationem</strong></span> <span class='ocrx_word' id='word_1_93' title='bbox 1399 1339 1682 1395; x_wconf 89' lang='lat' dir='ltr'><strong>ostendere</strong></span> <span class='ocrx_word' id='word_1_94' title='bbox 1719 1342 1740 1372; x_wconf 84' lang='grc'>³</span> <span class='ocrx_word' id='word_1_95' title='bbox 1780 1379 1794 1403; x_wconf 89' lang='grc'><strong><em>,</em></strong></span> <span class='ocrx_word' id='word_1_96' title='bbox 1829 1338 1945 1392; x_wconf 90' lang='lat' dir='ltr'><strong>illos</strong></span> 
     </span>
    </p>
   </div>
   <div class='ocr_carea' id='block_1_13' title="bbox 372 1429 1946 1509">
    <p class='ocr_par' dir='ltr' id='par_1_13' title="bbox 372 1429 1946 1509">
     <span class='ocr_line' id='line_1_13' title="bbox 372 1429 1946 1509; baseline -0.008 -15"><span class='ocrx_word' id='word_1_97' title='bbox 372 1441 514 1508; x_wconf 86' lang='lat' dir='ltr'><strong>ipsos</strong></span> <span class='ocrx_word' id='word_1_98' title='bbox 533 1454 664 1509; x_wconf 90' lang='lat' dir='ltr'><strong>quos</strong></span> <span class='ocrx_word' id='word_1_99' title='bbox 683 1436 912 1492; x_wconf 89' lang='lat' dir='ltr'><strong>amentia</strong></span> <span class='ocrx_word' id='word_1_100' title='bbox 934 1450 1039 1490; x_wconf 92' lang='lat' dir='ltr'><strong>non</strong></span> <span class='ocrx_word' id='word_1_101' title='bbox 1059 1434 1186 1488; x_wconf 92' lang='lat' dir='ltr'><strong>sinit</strong></span> <span class='ocrx_word' id='word_1_102' title='bbox 1205 1433 1518 1500; x_wconf 73' lang='lat' dir='ltr'><strong>intelligere,</strong></span> <span class='ocrx_word' id='word_1_103' title='bbox 1539 1447 1709 1501; x_wconf 89' lang='lat' dir='ltr'><strong>neque</strong></span> <span class='ocrx_word' id='word_1_104' title='bbox 1727 1445 1847 1500; x_wconf 64' lang='lat' dir='ltr'><strong>quae</strong></span> <span class='ocrx_word' id='word_1_105' title='bbox 1866 1429 1946 1482; x_wconf 85' lang='lat' dir='ltr'><strong>di-</strong></span> 
     </span>
    </p>
   </div>
   <div class='ocr_carea' id='block_1_14' title="bbox 370 1517 1940 1598">
    <p class='ocr_par' dir='ltr' id='par_1_14' title="bbox 370 1517 1940 1598">
     <span class='ocr_line' id='line_1_14' title="bbox 370 1517 1940 1598; baseline -0.01 -14"><span class='ocrx_word' id='word_1_106' title='bbox 370 1541 514 1591; x_wconf 88' lang='lat' dir='ltr'><strong>cunt,</strong></span> <span class='ocrx_word' id='word_1_107' title='bbox 541 1543 710 1598; x_wconf 89' lang='lat' dir='ltr'><strong>neque</strong></span> <span class='ocrx_word' id='word_1_108' title='bbox 726 1527 792 1582; x_wconf 90' lang='lat' dir='ltr'><strong>de</strong></span> <span class='ocrx_word' id='word_1_109' title='bbox 811 1527 1000 1596; x_wconf 85' lang='lat' dir='ltr'><strong>quibus</strong></span> <span class='ocrx_word' id='word_1_110' title='bbox 1017 1523 1288 1578; x_wconf 89' lang='lat' dir='ltr'><strong>aflirmant</strong></span> <span class='ocrx_word' id='word_1_111' title='bbox 1314 1541 1331 1573; x_wconf 76' lang='lat' dir='ltr'><strong>i</strong></span> <span class='ocrx_word' id='word_1_112' title='bbox 1357 1519 1612 1593; x_wconf 84' lang='lat' dir='ltr'><strong>(Epistola</strong></span> <span class='ocrx_word' id='word_1_113' title='bbox 1628 1517 1940 1590; x_wconf 74' lang='lat' dir='ltr'><strong>Manichwi).</strong></span> 
     </span>
    </p>
   </div>
   <div class='ocr_carea' id='block_1_15' title="bbox 371 1614 1940 1689">
    <p class='ocr_par' dir='ltr' id='par_1_15' title="bbox 371 1614 1940 1689">
     <span class='ocr_line' id='line_1_15' title="bbox 371 1614 1940 1689; baseline -0.008 -13"><span class='ocrx_word' id='word_1_114' title='bbox 371 1622 539 1676; x_wconf 80' lang='lat' dir='ltr'><strong>Audis</strong></span> <span class='ocrx_word' id='word_1_115' title='bbox 577 1618 842 1689; x_wconf 89' lang='lat' dir='ltr'><strong>quomodo</strong></span> <span class='ocrx_word' id='word_1_116' title='bbox 878 1618 1206 1673; x_wconf 69' lang='lat' dir='ltr'><strong>conviciatur</strong></span> <span class='ocrx_word' id='word_1_117' title='bbox 1235 1614 1431 1670; x_wconf 80' lang='lat' dir='ltr'><strong>nobis?</strong></span> <span class='ocrx_word' id='word_1_118' title='bbox 1465 1616 1717 1668; x_wconf 85' lang='lat' dir='ltr'><strong>Amentes</strong></span> <span class='ocrx_word' id='word_1_119' title='bbox 1753 1619 1940 1676; x_wconf 87' lang='lat' dir='ltr'><strong>vocat,</strong></span> 
     </span>
    </p>
   </div>
   <div class='ocr_carea' id='block_1_16' title="bbox 373 1703 1946 1780">
    <p class='ocr_par' dir='ltr' id='par_1_16' title="bbox 373 1703 1946 1780">
     <span class='ocr_line' id='line_1_16' title="bbox 373 1703 1946 1780; baseline -0.005 -16"><span class='ocrx_word' id='word_1_120' title='bbox 373 1728 471 1767; x_wconf 83' lang='lat' dir='ltr'><strong>nec</strong></span> <span class='ocrx_word' id='word_1_121' title='bbox 501 1712 854 1780; x_wconf 87' lang='lat' dir='ltr'><strong>intelligentes</strong></span> <span class='ocrx_word' id='word_1_122' title='bbox 890 1710 972 1763; x_wconf 90' lang='lat' dir='ltr'><strong>vel</strong></span> <span class='ocrx_word' id='word_1_123' title='bbox 997 1724 1114 1778; x_wconf 57' lang='lat' dir='ltr'><strong>qua}</strong></span> <span class='ocrx_word' id='word_1_124' title='bbox 1138 1708 1380 1762; x_wconf 86' lang='lat' dir='ltr'><strong>dicamus</strong></span> <span class='ocrx_word' id='word_1_125' title='bbox 1403 1747 1419 1772; x_wconf 93' lang='lat'><strong>,</strong></span> <span class='ocrx_word' id='word_1_126' title='bbox 1449 1706 1531 1760; x_wconf 92' lang='lat' dir='ltr'><strong>vel</strong></span> <span class='ocrx_word' id='word_1_127' title='bbox 1560 1719 1679 1775; x_wconf 67' lang='lat' dir='ltr'><strong>quae</strong></span> <span class='ocrx_word' id='word_1_128' title='bbox 1706 1703 1946 1758; x_wconf 75' lang='lat' dir='ltr'><strong>afﬁrme-</strong></span> 
     </span>
    </p>
   </div>
   <div class='ocr_carea' id='block_1_17' title="bbox 374 1797 1943 1870">
    <p class='ocr_par' dir='ltr' id='par_1_17' title="bbox 374 1797 1943 1870">
     <span class='ocr_line' id='line_1_17' title="bbox 374 1797 1943 1870; baseline -0.005 -16"><span class='ocrx_word' id='word_1_129' title='bbox 374 1817 512 1866; x_wconf 86' lang='lat' dir='ltr'><strong>iuus,</strong></span> <span class='ocrx_word' id='word_1_130' title='bbox 543 1801 631 1870; x_wconf 89' lang='lat' dir='ltr'><strong>qui</strong></span> <span class='ocrx_word' id='word_1_131' title='bbox 670 1801 821 1854; x_wconf 67' lang='lat' dir='ltr'><strong>malae</strong></span> <span class='ocrx_word' id='word_1_132' title='bbox 851 1799 1030 1867; x_wconf 87' lang='lat' dir='ltr'><strong>stirpis</strong></span> <span class='ocrx_word' id='word_1_133' title='bbox 1067 1797 1466 1866; x_wconf 79' lang='lat' dir='ltr'><strong>pullulationem</strong></span> <span class='ocrx_word' id='word_1_134' title='bbox 1496 1809 1750 1865; x_wconf 88' lang='lat' dir='ltr'><strong>negemus</strong></span> <span class='ocrx_word' id='word_1_135' title='bbox 1775 1809 1790 1857; x_wconf 90' lang='lat'><strong>;</strong></span> <span class='ocrx_word' id='word_1_136' title='bbox 1821 1807 1943 1847; x_wconf 90' lang='lat' dir='ltr'><strong>cum</strong></span> 
     </span>
    </p>
   </div>
   <div class='ocr_carea' id='block_1_18' title="bbox 374 1887 1944 1963">
    <p class='ocr_par' dir='ltr' id='par_1_18' title="bbox 374 1887 1944 1963">
     <span class='ocr_line' id='line_1_18' title="bbox 374 1887 1944 1963; baseline -0.004 -17"><span class='ocrx_word' id='word_1_137' title='bbox 374 1895 698 1963; x_wconf 84' lang='lat' dir='ltr'><strong>baptizemus</strong></span> <span class='ocrx_word' id='word_1_138' title='bbox 734 1893 892 1948; x_wconf 89' lang='lat' dir='ltr'><strong>etiam</strong></span> <span class='ocrx_word' id='word_1_139' title='bbox 933 1907 1027 1946; x_wconf 89' lang='lat' dir='ltr'><strong>eos</strong></span> <span class='ocrx_word' id='word_1_140' title='bbox 1063 1891 1372 1962; x_wconf 82' lang='lat' dir='ltr'><strong>puriﬁcante</strong></span> <span class='ocrx_word' id='word_1_141' title='bbox 1400 1904 1534 1960; x_wconf 87' lang='lat' dir='ltr'><strong>aqua</strong></span> <span class='ocrx_word' id='word_1_142' title='bbox 1557 1927 1574 1954; x_wconf 95' lang='lat'><strong>,</strong></span> <span class='ocrx_word' id='word_1_143' title='bbox 1616 1887 1708 1959; x_wconf 91' lang='lat' dir='ltr'><strong>qui</strong></span> <span class='ocrx_word' id='word_1_144' title='bbox 1747 1887 1944 1942; x_wconf 90' lang='lat' dir='ltr'><strong>malum</strong></span> 
     </span>
    </p>
   </div>
   <div class='ocr_carea' id='block_1_19' title="bbox 374 1981 1947 2055">
    <p class='ocr_par' dir='ltr' id='par_1_19' title="bbox 374 1981 1947 2055">
     <span class='ocr_line' id='line_1_19' title="bbox 374 1981 1947 2055; baseline -0.006 -15"><span class='ocrx_word' id='word_1_145' title='bbox 374 1987 570 2040; x_wconf 89' lang='lat' dir='ltr'><strong>nullum</strong></span> <span class='ocrx_word' id='word_1_146' title='bbox 601 1985 836 2055; x_wconf 87' lang='lat' dir='ltr'><strong>egerint,</strong></span> <span class='ocrx_word' id='word_1_147' title='bbox 871 1983 920 2036; x_wconf 92' lang='lat' dir='ltr'><strong>id</strong></span> <span class='ocrx_word' id='word_1_148' title='bbox 951 1993 1067 2048; x_wconf 88' lang='lat' dir='ltr'><strong>est,</strong></span> <span class='ocrx_word' id='word_1_149' title='bbox 1099 1983 1367 2051; x_wconf 88' lang='lat' dir='ltr'><strong>parvulos.</strong></span> <span class='ocrx_word' id='word_1_150' title='bbox 1401 1981 1574 2035; x_wconf 86' lang='lat' dir='ltr'><strong>Posita</strong></span> <span class='ocrx_word' id='word_1_151' title='bbox 1605 1987 1729 2034; x_wconf 89' lang='lat' dir='ltr'><strong>sunt</strong></span> <span class='ocrx_word' id='word_1_152' title='bbox 1755 1993 1947 2048; x_wconf 87' lang='lat' dir='ltr'><strong>nempe</strong></span> 
     </span>
    </p>
   </div>
   <div class='ocr_carea' id='block_1_20' title="bbox 371 2068 1949 2144">
    <p class='ocr_par' dir='ltr' id='par_1_20' title="bbox 371 2068 1949 2144">
     <span class='ocr_line' id='line_1_20' title="bbox 371 2068 1949 2144; baseline -0.005 -15"><span class='ocrx_word' id='word_1_153' title='bbox 371 2077 437 2129; x_wconf 86' lang='lat' dir='ltr'><strong>de</strong></span> <span class='ocrx_word' id='word_1_154' title='bbox 462 2077 577 2144; x_wconf 86' lang='lat' dir='ltr'><strong>ejus</strong></span> <span class='ocrx_word' id='word_1_155' title='bbox 605 2074 766 2128; x_wconf 87' lang='lat' dir='ltr'><strong>multa</strong></span> <span class='ocrx_word' id='word_1_156' title='bbox 797 2074 1074 2128; x_wconf 65' lang='lat' dir='ltr'><strong>sententiis</strong></span> <span class='ocrx_word' id='word_1_157' title='bbox 1098 2072 1119 2103; x_wconf 82' lang='grc'>³</span> <span class='ocrx_word' id='word_1_158' title='bbox 1145 2091 1157 2125; x_wconf 89' lang='lat'><strong>:</strong></span> <span class='ocrx_word' id='word_1_159' title='bbox 1182 2071 1274 2126; x_wconf 89' lang='lat' dir='ltr'><strong>sed</strong></span> <span class='ocrx_word' id='word_1_160' title='bbox 1302 2071 1401 2125; x_wconf 88' lang='lat' dir='ltr'><strong>nisi</strong></span> <span class='ocrx_word' id='word_1_161' title='bbox 1431 2068 1654 2126; x_wconf 72' lang='lat' dir='ltr'><strong>uenoch</strong></span> <span class='ocrx_word' id='word_1_162' title='bbox 1683 2068 1862 2130; x_wconf 84' lang='lat' dir='ltr'><strong>tiliam,</strong></span> <span class='ocrx_word' id='word_1_163' title='bbox 1891 2075 1949 2122; x_wconf 90' lang='lat' dir='ltr'><strong>et</strong></span> 
     </span>
    </p>
   </div>
   <div class='ocr_carea' id='block_1_21' title="bbox 372 2158 1944 2234">
    <p class='ocr_par' dir='ltr' id='par_1_21' title="bbox 372 2158 1944 2234">
     <span class='ocr_line' id='line_1_21' title="bbox 372 2158 1944 2234; baseline -0.008 -13"><span class='ocrx_word' id='word_1_164' title='bbox 372 2167 716 2221; x_wconf 76' lang='lat' dir='ltr'><strong>Mauichmum</strong></span> <span class='ocrx_word' id='word_1_165' title='bbox 739 2164 828 2234; x_wconf 85' lang='lat' dir='ltr'><strong>qui</strong></span> <span class='ocrx_word' id='word_1_166' title='bbox 849 2178 908 2218; x_wconf 90' lang='lat' dir='ltr'><strong>se</strong></span> <span class='ocrx_word' id='word_1_167' title='bbox 927 2164 1120 2218; x_wconf 85' lang='lat' dir='ltr'><strong>Christi</strong></span> <span class='ocrx_word' id='word_1_168' title='bbox 1141 2162 1438 2232; x_wconf 82' lang='lat' dir='ltr'><strong>apostolum</strong></span> <span class='ocrx_word' id='word_1_169' title='bbox 1461 2160 1700 2215; x_wconf 87' lang='lat' dir='ltr'><strong>nominat</strong></span> <span class='ocrx_word' id='word_1_170' title='bbox 1724 2158 1944 2230; x_wconf 84' lang='lat' dir='ltr'><strong>(Supra,</strong></span> 
     </span>
    </p>
   </div>
   <div class='ocr_carea' id='block_1_22' title="bbox 377 2249 1948 2327">
    <p class='ocr_par' dir='ltr' id='par_1_22' title="bbox 377 2249 1948 2327">
     <span class='ocr_line' id='line_1_22' title="bbox 377 2249 1948 2327; baseline -0.006 -17"><span class='ocrx_word' id='word_1_171' title='bbox 377 2275 490 2326; x_wconf 78' lang='lat' dir='ltr'><strong>mp.</strong></span> <span class='ocrx_word' id='word_1_172' title='bbox 530 2255 676 2327; x_wconf 71' lang='lat' dir='ltr'><strong>I72),</strong></span> <span class='ocrx_word' id='word_1_173' title='bbox 707 2255 886 2310; x_wconf 84' lang='lat' dir='ltr'><strong>titulus</strong></span> <span class='ocrx_word' id='word_1_174' title='bbox 917 2253 1192 2316; x_wconf 84' lang='lat' dir='ltr'><strong>indicaret,</strong></span> <span class='ocrx_word' id='word_1_175' title='bbox 1227 2261 1277 2306; x_wconf 91' lang='lat' dir='ltr'><strong>te</strong></span> <span class='ocrx_word' id='word_1_176' title='bbox 1307 2252 1524 2306; x_wconf 90' lang='lat' dir='ltr'><strong>omnino</strong></span> <span class='ocrx_word' id='word_1_177' title='bbox 1549 2265 1702 2304; x_wconf 87' lang='lat' dir='ltr'><strong>suum</strong></span> <span class='ocrx_word' id='word_1_178' title='bbox 1731 2249 1948 2317; x_wconf 87' lang='lat' dir='ltr'><strong>pollice-</strong></span> 
     </span>
    </p>
   </div>
   <div class='ocr_carea' id='block_1_23' title="bbox 375 2338 1944 2411">
    <p class='ocr_par' dir='ltr' id='par_1_23' title="bbox 375 2338 1944 2411">
     <span class='ocr_line' id='line_1_23' title="bbox 375 2338 1944 2411; baseline -0.007 -11"><span class='ocrx_word' id='word_1_179' title='bbox 375 2356 553 2400; x_wconf 76' lang='lat' dir='ltr'><strong>rentur</strong></span> <span class='ocrx_word' id='word_1_180' title='bbox 577 2356 866 2400; x_wconf 83' lang='lat' dir='ltr'><strong>auctorem.</strong></span> <span class='ocrx_word' id='word_1_181' title='bbox 897 2343 1025 2398; x_wconf 79' lang='lat' dir='ltr'><strong>Cum</strong></span> <span class='ocrx_word' id='word_1_182' title='bbox 1058 2357 1184 2411; x_wconf 87' lang='lat' dir='ltr'><strong>ergo</strong></span> <span class='ocrx_word' id='word_1_183' title='bbox 1227 2341 1357 2396; x_wconf 86' lang='lat' dir='ltr'><strong>nihil</strong></span> <span class='ocrx_word' id='word_1_184' title='bbox 1397 2340 1536 2394; x_wconf 80' lang='lat' dir='ltr'><strong>aliud</strong></span> <span class='ocrx_word' id='word_1_185' title='bbox 1575 2338 1756 2403; x_wconf 88' lang='lat' dir='ltr'><strong>dicas,</strong></span> <span class='ocrx_word' id='word_1_186' title='bbox 1787 2351 1944 2407; x_wconf 87' lang='lat' dir='ltr'><strong>quam</strong></span> 
     </span>
    </p>
   </div>
   <div class='ocr_carea' id='block_1_24' title="bbox 373 2427 1946 2506">
    <p class='ocr_par' dir='ltr' id='par_1_24' title="bbox 373 2427 1946 2506">
     <span class='ocr_line' id='line_1_24' title="bbox 373 2427 1946 2506; baseline -0.006 -16"><span class='ocrx_word' id='word_1_187' title='bbox 373 2436 511 2506; x_wconf 74' lang='lat' dir='ltr'><strong>quod</strong></span> <span class='ocrx_word' id='word_1_188' title='bbox 544 2435 678 2489; x_wconf 81' lang='lat' dir='ltr'><strong>Mani</strong></span> <span class='ocrx_word' id='word_1_189' title='bbox 704 2434 723 2466; x_wconf 66' lang='grc'><strong>⁵</strong></span> <span class='ocrx_word' id='word_1_190' title='bbox 749 2434 975 2489; x_wconf 87' lang='lat' dir='ltr'><strong>docente</strong></span> <span class='ocrx_word' id='word_1_191' title='bbox 1004 2432 1268 2492; x_wconf 84' lang='lat' dir='ltr'><strong>didicisti;</strong></span> <span class='ocrx_word' id='word_1_192' title='bbox 1302 2440 1451 2498; x_wconf 89' lang='lat' dir='ltr'><strong>putas</strong></span> <span class='ocrx_word' id='word_1_193' title='bbox 1482 2438 1532 2484; x_wconf 89' lang='lat' dir='ltr'><strong>te</strong></span> <span class='ocrx_word' id='word_1_194' title='bbox 1560 2428 1612 2482; x_wconf 91' lang='lat' dir='ltr'><strong>in</strong></span> <span class='ocrx_word' id='word_1_195' title='bbox 1639 2427 1946 2481; x_wconf 75' lang='lat' dir='ltr'><strong>a-stimatio-</strong></span> 
     </span>
    </p>
   </div>
   <div class='ocr_carea' id='block_1_25' title="bbox 375 2517 1948 2589">
    <p class='ocr_par' dir='ltr' id='par_1_25' title="bbox 375 2517 1948 2589">
     <span class='ocr_line' id='line_1_25' title="bbox 375 2517 1948 2589; baseline -0.008 -9"><span class='ocrx_word' id='word_1_196' title='bbox 375 2546 442 2582; x_wconf 85' lang='lat' dir='ltr'><strong>ne</strong></span> <span class='ocrx_word' id='word_1_197' title='bbox 479 2526 869 2581; x_wconf 76' lang='lat' dir='ltr'><strong>Catholicorum</strong></span> <span class='ocrx_word' id='word_1_198' title='bbox 907 2523 1060 2576; x_wconf 82' lang='lat' dir='ltr'><strong>aliter</strong></span> <span class='ocrx_word' id='word_1_199' title='bbox 1099 2520 1422 2581; x_wconf 83' lang='lat' dir='ltr'><strong>habendum,</strong></span> <span class='ocrx_word' id='word_1_200' title='bbox 1463 2533 1622 2589; x_wconf 90' lang='lat' dir='ltr'><strong>quam</strong></span> <span class='ocrx_word' id='word_1_201' title='bbox 1664 2517 1809 2570; x_wconf 91' lang='lat' dir='ltr'><strong>illum</strong></span> <span class='ocrx_word' id='word_1_202' title='bbox 1853 2529 1948 2584; x_wconf 91' lang='lat' dir='ltr'><strong>per</strong></span> 
     </span>
    </p>
   </div>
   <div class='ocr_carea' id='block_1_26' title="bbox 373 2608 1694 2688">
    <p class='ocr_par' dir='ltr' id='par_1_26' title="bbox 373 2608 1694 2688">
     <span class='ocr_line' id='line_1_26' title="bbox 373 2608 1694 2688; baseline -0.008 -18"><span class='ocrx_word' id='word_1_203' title='bbox 373 2634 529 2688; x_wconf 89' lang='lat' dir='ltr'><strong>quem</strong></span> <span class='ocrx_word' id='word_1_204' title='bbox 559 2618 737 2671; x_wconf 83' lang='lat' dir='ltr'><strong>talium</strong></span> <span class='ocrx_word' id='word_1_205' title='bbox 763 2616 1067 2686; x_wconf 65' lang='lat' dir='ltr'><strong>degmatum</strong></span> <span class='ocrx_word' id='word_1_206' title='bbox 1098 2619 1427 2666; x_wconf 87' lang='lat' dir='ltr'><strong>sacramenta</strong></span> <span class='ocrx_word' id='word_1_207' title='bbox 1460 2608 1694 2679; x_wconf 86' lang='lat' dir='ltr'><strong>potasti?</strong></span> 
     </span>
    </p>
   </div>
   <div class='ocr_carea' id='block_1_27' title="bbox 445 2695 1945 2771">
    <p class='ocr_par' dir='ltr' id='par_1_27' title="bbox 445 2695 1945 2771">
     <span class='ocr_line' id='line_1_27' title="bbox 445 2695 1945 2771; baseline -0.009 -9"><span class='ocrx_word' id='word_1_208' title='bbox 445 2709 575 2764; x_wconf 69' lang='lat' dir='ltr'><strong>Aac.</strong></span> <span class='ocrx_word' id='word_1_209' title='bbox 627 2707 666 2760; x_wconf 81' lang='lat' dir='ltr'><strong>F</strong></span> <span class='ocrx_word' id='word_1_210' title='bbox 672 2706 810 2760; x_wconf 92' lang='lat' dir='ltr'><strong>inisti</strong></span> <span class='ocrx_word' id='word_1_211' title='bbox 853 2705 1069 2759; x_wconf 86' lang='lat' dir='ltr'><strong>tandem</strong></span> <span class='ocrx_word' id='word_1_212' title='bbox 1095 2743 1110 2764; x_wconf 95' lang='lat'><strong>,</strong></span> <span class='ocrx_word' id='word_1_213' title='bbox 1149 2717 1266 2771; x_wconf 67' lang='lat' dir='ltr'><strong>qua:</strong></span> <span class='ocrx_word' id='word_1_214' title='bbox 1302 2701 1369 2754; x_wconf 87' lang='lat' dir='ltr'><strong>de</strong></span> <span class='ocrx_word' id='word_1_215' title='bbox 1400 2698 1669 2754; x_wconf 64' lang='lat' dir='ltr'><strong>Manichaﬁ</strong></span> <span class='ocrx_word' id='word_1_216' title='bbox 1704 2695 1945 2766; x_wconf 88' lang='lat' dir='ltr'><strong>epistola,</strong></span> 
     </span>
    </p>
   </div>
   <div class='ocr_carea' id='block_1_28' title="bbox 374 2786 1949 2868">
    <p class='ocr_par' dir='ltr' id='par_1_28' title="bbox 374 2786 1949 2868">
     <span class='ocr_line' id='line_1_28' title="bbox 374 2786 1949 2868; baseline -0.008 -15"><span class='ocrx_word' id='word_1_217' title='bbox 374 2814 530 2868; x_wconf 90' lang='lat' dir='ltr'><strong>quam</strong></span> <span class='ocrx_word' id='word_1_218' title='bbox 554 2798 624 2852; x_wconf 89' lang='lat' dir='ltr'><strong>tui</strong></span> <span class='ocrx_word' id='word_1_219' title='bbox 645 2798 858 2866; x_wconf 72' lang='lat' dir='ltr'><strong>collega:</strong></span> <span class='ocrx_word' id='word_1_220' title='bbox 879 2795 1020 2850; x_wconf 84' lang='lat' dir='ltr'><strong>Flori</strong></span> <span class='ocrx_word' id='word_1_221' title='bbox 1037 2791 1364 2848; x_wconf 87' lang='lat' dir='ltr'><strong>orationibus</strong></span> <span class='ocrx_word' id='word_1_222' title='bbox 1376 2789 1584 2860; x_wconf 76' lang='lat' dir='ltr'><strong>adjutus</strong></span> <span class='ocrx_word' id='word_1_223' title='bbox 1614 2798 1665 2842; x_wconf 90' lang='lat' dir='ltr'><strong>te</strong></span> <span class='ocrx_word' id='word_1_224' title='bbox 1686 2786 1949 2840; x_wconf 78' lang='lat' dir='ltr'><strong>invenisse</strong></span> 
     </span>
    </p>
   </div>
   <div class='ocr_carea' id='block_1_29' title="bbox 377 2876 1949 2956">
    <p class='ocr_par' dir='ltr' id='par_1_29' title="bbox 377 2876 1949 2956">
     <span class='ocr_line' id='line_1_29' title="bbox 377 2876 1949 2956; baseline -0.008 -14"><span class='ocrx_word' id='word_1_225' title='bbox 377 2887 593 2952; x_wconf 71' lang='lat' dir='ltr'><strong>Iartaris,</strong></span> <span class='ocrx_word' id='word_1_226' title='bbox 611 2896 791 2942; x_wconf 83' lang='lat' dir='ltr'><strong>contra</strong></span> <span class='ocrx_word' id='word_1_227' title='bbox 811 2900 907 2939; x_wconf 89' lang='lat' dir='ltr'><strong>nos</strong></span> <span class='ocrx_word' id='word_1_228' title='bbox 922 2884 1117 2956; x_wconf 78' lang='lat' dir='ltr'><strong>putasu</strong></span> <span class='ocrx_word' id='word_1_229' title='bbox 1137 2897 1257 2938; x_wconf 85' lang='lat' dir='ltr'><strong>esse</strong></span> <span class='ocrx_word' id='word_1_230' title='bbox 1269 2879 1511 2936; x_wconf 84' lang='lat' dir='ltr'><strong>dicenda.</strong></span> <span class='ocrx_word' id='word_1_231' title='bbox 1533 2877 1635 2935; x_wconf 90' lang='lat' dir='ltr'><strong>Ubi</strong></span> <span class='ocrx_word' id='word_1_232' title='bbox 1663 2887 1808 2932; x_wconf 91' lang='lat' dir='ltr'><strong>certe</strong></span> <span class='ocrx_word' id='word_1_233' title='bbox 1837 2876 1949 2930; x_wconf 81' lang='lat' dir='ltr'><strong>Ma-</strong></span> 
     </span>
    </p>
   </div>
   <div class='ocr_carea' id='block_1_30' title="bbox 375 2973 1950 3046">
    <p class='ocr_par' dir='ltr' id='par_1_30' title="bbox 375 2973 1950 3046">
     <span class='ocr_line' id='line_1_30' title="bbox 375 2973 1950 3046; baseline -0.007 -14"><span class='ocrx_word' id='word_1_234' title='bbox 375 2978 610 3033; x_wconf 70' lang='lat' dir='ltr'><strong>nichazus</strong></span> <span class='ocrx_word' id='word_1_235' title='bbox 628 2977 1104 3046; x_wconf 86' lang='lat' dir='ltr'><strong>concupiscentiam</strong></span> <span class='ocrx_word' id='word_1_236' title='bbox 1127 2973 1302 3029; x_wconf 89' lang='lat' dir='ltr'><strong>carnis</strong></span> <span class='ocrx_word' id='word_1_237' title='bbox 1314 2979 1542 3033; x_wconf 87' lang='lat' dir='ltr'><strong>accusat,</strong></span> <span class='ocrx_word' id='word_1_238' title='bbox 1557 2985 1660 3040; x_wconf 90' lang='lat' dir='ltr'><strong>qua</strong></span> <span class='ocrx_word' id='word_1_239' title='bbox 1677 2983 1802 3023; x_wconf 91' lang='lat' dir='ltr'><strong>caro</strong></span> <span class='ocrx_word' id='word_1_240' title='bbox 1817 2982 1950 3024; x_wconf 84' lang='lat' dir='ltr'><strong>con-</strong></span> 
     </span>
    </p>
   </div>
   <div class='ocr_carea' id='block_1_31' title="bbox 375 3061 1949 3138">
    <p class='ocr_par' dir='ltr' id='par_1_31' title="bbox 375 3061 1949 3138">
     <span class='ocr_line' id='line_1_31' title="bbox 375 3061 1949 3138; baseline -0.004 -14"><span class='ocrx_word' id='word_1_241' title='bbox 375 3071 598 3138; x_wconf 81' lang='lat' dir='ltr'><strong>cupiscit</strong></span> <span class='ocrx_word' id='word_1_242' title='bbox 617 3069 870 3125; x_wconf 89' lang='lat' dir='ltr'><strong>adversus</strong></span> <span class='ocrx_word' id='word_1_243' title='bbox 889 3069 1130 3138; x_wconf 87' lang='lat' dir='ltr'><strong>spiritum</strong></span> <span class='ocrx_word' id='word_1_244' title='bbox 1151 3085 1164 3120; x_wconf 92' lang='lat'>:</span> <span class='ocrx_word' id='word_1_245' title='bbox 1185 3069 1322 3122; x_wconf 86' lang='lat' dir='ltr'><strong>hanc</strong></span> <span class='ocrx_word' id='word_1_246' title='bbox 1340 3076 1516 3120; x_wconf 88' lang='lat' dir='ltr'><strong>autem</strong></span> <span class='ocrx_word' id='word_1_247' title='bbox 1539 3063 1828 3120; x_wconf 86' lang='lat' dir='ltr'><strong>Catholicis</strong></span> <span class='ocrx_word' id='word_1_248' title='bbox 1850 3061 1949 3118; x_wconf 91' lang='lat' dir='ltr'><strong>ob-</strong></span> 
     </span>
    </p>
   </div>
   <div class='ocr_carea' id='block_1_32' title="bbox 377 3156 1954 3232">
    <p class='ocr_par' dir='ltr' id='par_1_32' title="bbox 377 3156 1954 3232">
     <span class='ocr_line' id='line_1_32' title="bbox 377 3156 1954 3232; baseline -0.003 -17"><span class='ocrx_word' id='word_1_249' title='bbox 377 3161 662 3232; x_wconf 87' lang='lat' dir='ltr'><strong>jiciendam</strong></span> <span class='ocrx_word' id='word_1_250' title='bbox 691 3161 770 3215; x_wconf 90' lang='lat' dir='ltr'><strong>sic</strong></span> <span class='ocrx_word' id='word_1_251' title='bbox 816 3161 1123 3225; x_wconf 83' lang='lat' dir='ltr'><strong>arbitratur,</strong></span> <span class='ocrx_word' id='word_1_252' title='bbox 1157 3167 1404 3227; x_wconf 88' lang='lat' dir='ltr'><strong>tanquam</strong></span> <span class='ocrx_word' id='word_1_253' title='bbox 1434 3171 1552 3212; x_wconf 89' lang='lat' dir='ltr'><strong>eam</strong></span> <span class='ocrx_word' id='word_1_254' title='bbox 1598 3156 1789 3211; x_wconf 91' lang='lat' dir='ltr'><strong>bonam</strong></span> <span class='ocrx_word' id='word_1_255' title='bbox 1831 3169 1954 3212; x_wconf 80' lang='lat' dir='ltr'><strong>esse</strong></span> 
     </span>
    </p>
   </div>
   <div class='ocr_carea' id='block_1_33' title="bbox 377 3247 1948 3322">
    <p class='ocr_par' dir='ltr' id='par_1_33' title="bbox 377 3247 1948 3322">
     <span class='ocr_line' id='line_1_33' title="bbox 377 3247 1948 3322; baseline -0.003 -17"><span class='ocrx_word' id='word_1_256' title='bbox 377 3251 571 3318; x_wconf 87' lang='lat' dir='ltr'><strong>dicant,</strong></span> <span class='ocrx_word' id='word_1_257' title='bbox 590 3252 712 3322; x_wconf 85' lang='lat' dir='ltr'><strong>quia</strong></span> <span class='ocrx_word' id='word_1_258' title='bbox 743 3251 1042 3320; x_wconf 89' lang='lat' dir='ltr'><strong>nuptiarum</strong></span> <span class='ocrx_word' id='word_1_259' title='bbox 1069 3248 1267 3303; x_wconf 90' lang='lat' dir='ltr'><strong>bonum</strong></span> <span class='ocrx_word' id='word_1_260' title='bbox 1285 3248 1538 3303; x_wconf 76' lang='lat' dir='ltr'><strong>doctrina:</strong></span> <span class='ocrx_word' id='word_1_261' title='bbox 1564 3247 1844 3303; x_wconf 77' lang='lat' dir='ltr'><strong>dominica:</strong></span> <span class='ocrx_word' id='word_1_262' title='bbox 1868 3256 1948 3302; x_wconf 87' lang='lat' dir='ltr'><strong>at-</strong></span> 
     </span>
    </p>
   </div>
   <div class='ocr_carea' id='block_1_34' title="bbox 377 3338 1953 3412">
    <p class='ocr_par' dir='ltr' id='par_1_34' title="bbox 377 3338 1953 3412">
     <span class='ocr_line' id='line_1_34' title="bbox 377 3338 1953 3412; baseline -0.002 -18"><span class='ocrx_word' id='word_1_263' title='bbox 377 3357 480 3412; x_wconf 90' lang='lat' dir='ltr'><strong>que</strong></span> <span class='ocrx_word' id='word_1_264' title='bbox 519 3341 820 3411; x_wconf 80' lang='lat' dir='ltr'><strong>apostolica:</strong></span> <span class='ocrx_word' id='word_1_265' title='bbox 859 3341 1085 3395; x_wconf 88' lang='lat' dir='ltr'><strong>sanitate</strong></span> <span class='ocrx_word' id='word_1_266' title='bbox 1126 3339 1520 3394; x_wconf 89' lang='lat' dir='ltr'><strong>commendant.</strong></span> <span class='ocrx_word' id='word_1_267' title='bbox 1549 3338 1771 3406; x_wconf 83' lang='lat' dir='ltr'><strong>Quando</strong></span> <span class='ocrx_word' id='word_1_268' title='bbox 1811 3339 1953 3392; x_wconf 86' lang='lat' dir='ltr'><strong>enim</strong></span> 
     </span>
    </p>
   </div>
   <div class='ocr_carea' id='block_1_35' title="bbox 381 3413 1952 3501">
    <p class='ocr_par' dir='ltr' id='par_1_35' title="bbox 381 3413 1952 3501">
     <span class='ocr_line' id='line_1_35' title="bbox 381 3413 1952 3501; baseline -0.004 -17"><span class='ocrx_word' id='word_1_269' title='bbox 381 3441 560 3501; x_wconf 86' lang='lat' dir='ltr'><strong>posset</strong></span> <span class='ocrx_word' id='word_1_270' title='bbox 603 3431 923 3499; x_wconf 69' lang='lat' dir='ltr'><strong>Manichmus</strong></span> <span class='ocrx_word' id='word_1_271' title='bbox 951 3431 1145 3482; x_wconf 89' lang='lat' dir='ltr'><strong>malum</strong></span> <span class='ocrx_word' id='word_1_272' title='bbox 1188 3413 1632 3497; x_wconf 63' lang='lat' dir='ltr'><strong>concupiscentiae</strong></span> <span class='ocrx_word' id='word_1_273' title='bbox 1670 3427 1898 3483; x_wconf 87' lang='lat' dir='ltr'><strong>carnalis</strong></span> <span class='ocrx_word' id='word_1_274' title='bbox 1923 3441 1952 3479; x_wconf 91' lang='lat' dir='ltr'><strong>a</strong></span> 
     </span>
    </p>
   </div>
   <div class='ocr_carea' id='block_1_36' title="bbox 382 3514 1953 3587">
    <p class='ocr_par' dir='ltr' id='par_1_36' title="bbox 382 3514 1953 3587">
     <span class='ocr_line' id='line_1_36' title="bbox 382 3514 1953 3587; baseline -0.006 -12"><span class='ocrx_word' id='word_1_275' title='bbox 382 3523 518 3575; x_wconf 89' lang='lat' dir='ltr'><strong>bono</strong></span> <span class='ocrx_word' id='word_1_276' title='bbox 542 3521 844 3574; x_wconf 87' lang='lat' dir='ltr'><strong>discernere</strong></span> <span class='ocrx_word' id='word_1_277' title='bbox 873 3519 1132 3587; x_wconf 72' lang='lat' dir='ltr'><strong>coniugali</strong></span> <span class='ocrx_word' id='word_1_278' title='bbox 1157 3557 1171 3580; x_wconf 94' lang='lat'><strong>,</strong></span> <span class='ocrx_word' id='word_1_279' title='bbox 1198 3532 1318 3570; x_wconf 91' lang='lat' dir='ltr'><strong>eum</strong></span> <span class='ocrx_word' id='word_1_280' title='bbox 1349 3517 1414 3570; x_wconf 89' lang='lat' dir='ltr'><strong>ad</strong></span> <span class='ocrx_word' id='word_1_281' title='bbox 1446 3517 1694 3570; x_wconf 63' lang='lat' dir='ltr'><strong>Hebraeos</strong></span> <span class='ocrx_word' id='word_1_282' title='bbox 1723 3514 1953 3584; x_wconf 88' lang='lat' dir='ltr'><strong>Epistola</strong></span> 
     </span>
    </p>
   </div>
   <div class='ocr_carea' id='block_1_37' title="bbox 383 3602 1956 3673">
    <p class='ocr_par' dir='ltr' id='par_1_37' title="bbox 383 3602 1956 3673">
     <span class='ocr_line' id='line_1_37' title="bbox 383 3602 1956 3673; baseline -0.006 -9"><span class='ocrx_word' id='word_1_283' title='bbox 383 3609 591 3664; x_wconf 89' lang='lat' dir='ltr'><strong>nonnisi</strong></span> <span class='ocrx_word' id='word_1_284' title='bbox 620 3623 802 3662; x_wconf 88' lang='lat' dir='ltr'><strong>eorum</strong></span> <span class='ocrx_word' id='word_1_285' title='bbox 832 3607 972 3660; x_wconf 87' lang='lat' dir='ltr'><strong>dicat</strong></span> <span class='ocrx_word' id='word_1_286' title='bbox 995 3621 1114 3661; x_wconf 87' lang='lat' dir='ltr'><strong>esse</strong></span> <span class='ocrx_word' id='word_1_287' title='bbox 1140 3605 1367 3660; x_wconf 87' lang='lat' dir='ltr'><strong>solidum</strong></span> <span class='ocrx_word' id='word_1_288' title='bbox 1393 3605 1604 3670; x_wconf 84' lang='lat' dir='ltr'><strong>cibum,</strong></span> <span class='ocrx_word' id='word_1_289' title='bbox 1635 3604 1722 3673; x_wconf 92' lang='lat' dir='ltr'><strong>qui</strong></span> <span class='ocrx_word' id='word_1_290' title='bbox 1751 3602 1956 3657; x_wconf 82' lang='lat' dir='ltr'><strong>exerci-</strong></span> 
     </span>
    </p>
   </div>
   <div class='ocr_carea' id='block_1_38' title="bbox 384 3697 1957 3768">
    <p class='ocr_par' dir='ltr' id='par_1_38' title="bbox 384 3697 1957 3768">
     <span class='ocr_line' id='line_1_38' title="bbox 384 3697 1957 3768; baseline -0.003 -12"><span class='ocrx_word' id='word_1_291' title='bbox 384 3712 520 3758; x_wconf 79' lang='lat' dir='ltr'><strong>tatos</strong></span> <span class='ocrx_word' id='word_1_292' title='bbox 558 3700 752 3755; x_wconf 86' lang='lat' dir='ltr'><strong>habent</strong></span> <span class='ocrx_word' id='word_1_293' title='bbox 785 3714 996 3765; x_wconf 79' lang='lat' dir='ltr'><strong>sensus,</strong></span> <span class='ocrx_word' id='word_1_294' title='bbox 1027 3699 1092 3754; x_wconf 90' lang='lat' dir='ltr'><strong>ad</strong></span> <span class='ocrx_word' id='word_1_295' title='bbox 1135 3698 1484 3768; x_wconf 83' lang='lat' dir='ltr'><strong>separandum</strong></span> <span class='ocrx_word' id='word_1_296' title='bbox 1521 3699 1714 3752; x_wconf 91' lang='lat' dir='ltr'><strong>bonum</strong></span> <span class='ocrx_word' id='word_1_297' title='bbox 1753 3715 1782 3750; x_wconf 91' lang='lat' dir='ltr'><strong>a</strong></span> <span class='ocrx_word' id='word_1_298' title='bbox 1817 3697 1957 3751; x_wconf 86' lang='lat' dir='ltr'><strong>malo</strong></span> 
     </span>
    </p>
   </div>
   <div class='ocr_carea' id='block_1_39' title="bbox 383 3787 1961 3864">
    <p class='ocr_par' dir='ltr' id='par_1_39' title="bbox 383 3787 1961 3864">
     <span class='ocr_line' id='line_1_39' title="bbox 383 3787 1961 3864; baseline -0.003 -19"><span class='ocrx_word' id='word_1_299' title='bbox 383 3791 568 3860; x_wconf 83' lang='lat' dir='ltr'><strong>(Hebr.</strong></span> <span class='ocrx_word' id='word_1_300' title='bbox 601 3806 656 3857; x_wconf 89' lang='lat' dir='ltr'><strong>v,</strong></span> <span class='ocrx_word' id='word_1_301' title='bbox 699 3791 824 3864; x_wconf 65' lang='lat' dir='ltr'><strong>Iit)?</strong></span> <span class='ocrx_word' id='word_1_302' title='bbox 853 3788 956 3846; x_wconf 77' lang='lat' dir='ltr'><strong>Sed</strong></span> <span class='ocrx_word' id='word_1_303' title='bbox 986 3790 1142 3861; x_wconf 86' lang='lat' dir='ltr'><strong>plane</strong></span> <span class='ocrx_word' id='word_1_304' title='bbox 1169 3802 1221 3842; x_wconf 92' lang='lat' dir='ltr'><strong>tu</strong></span> <span class='ocrx_word' id='word_1_305' title='bbox 1253 3790 1302 3842; x_wconf 90' lang='lat' dir='ltr'><strong>in</strong></span> <span class='ocrx_word' id='word_1_306' title='bbox 1330 3789 1484 3858; x_wconf 81' lang='lat' dir='ltr'><strong>hujus</strong></span> <span class='ocrx_word' id='word_1_307' title='bbox 1509 3787 1779 3842; x_wconf 75' lang='lat' dir='ltr'><strong>Manicbtci</strong></span> <span class='ocrx_word' id='word_1_308' title='bbox 1817 3801 1961 3841; x_wconf 84' lang='lat' dir='ltr'><strong>mor-</strong></span> 
     </span>
    </p>
   </div>
   <div class='ocr_carea' id='block_1_40' title="bbox 385 3879 1959 3950">
    <p class='ocr_par' dir='ltr' id='par_1_40' title="bbox 385 3879 1959 3950">
     <span class='ocr_line' id='line_1_40' title="bbox 385 3879 1959 3950; baseline -0.003 -12"><span class='ocrx_word' id='word_1_309' title='bbox 385 3900 501 3938; x_wconf 89' lang='lat' dir='ltr'><strong>sum</strong></span> <span class='ocrx_word' id='word_1_310' title='bbox 535 3881 902 3938; x_wconf 86' lang='lat' dir='ltr'><strong>inevitabiliter</strong></span> <span class='ocrx_word' id='word_1_311' title='bbox 937 3883 1162 3937; x_wconf 78' lang='lat' dir='ltr'><strong>incidisu</strong></span> <span class='ocrx_word' id='word_1_312' title='bbox 1186 3923 1200 3946; x_wconf 91' lang='lat'><strong>,</strong></span> <span class='ocrx_word' id='word_1_313' title='bbox 1239 3891 1414 3935; x_wconf 88' lang='lat' dir='ltr'><strong>tantus</strong></span> <span class='ocrx_word' id='word_1_314' title='bbox 1445 3880 1685 3934; x_wconf 88' lang='lat' dir='ltr'><strong>laudator</strong></span> <span class='ocrx_word' id='word_1_315' title='bbox 1709 3879 1959 3950; x_wconf 85' lang='lat' dir='ltr'><strong>concupi-</strong></span> 
     </span>
    </p>
   </div>
   <div class='ocr_carea' id='block_1_41' title="bbox 391 3969 1955 4041">
    <p class='ocr_par' dir='ltr' id='par_1_41' title="bbox 391 3969 1955 4041">
     <span class='ocr_line' id='line_1_41' title="bbox 391 3969 1955 4041; baseline -0.002 -15"><span class='ocrx_word' id='word_1_316' title='bbox 391 3974 607 4029; x_wconf 76' lang='lat' dir='ltr'><strong>scentia:</strong></span> <span class='ocrx_word' id='word_1_317' title='bbox 635 3975 830 4039; x_wconf 83' lang='lat' dir='ltr'><strong>carnis,</strong></span> <span class='ocrx_word' id='word_1_318' title='bbox 861 3984 916 4028; x_wconf 92' lang='lat' dir='ltr'><strong>ut</strong></span> <span class='ocrx_word' id='word_1_319' title='bbox 938 3989 1053 4026; x_wconf 87' lang='lat' dir='ltr'><strong>eam</strong></span> <span class='ocrx_word' id='word_1_320' title='bbox 1084 3989 1186 4026; x_wconf 90' lang='lat' dir='ltr'><strong>non</strong></span> <span class='ocrx_word' id='word_1_321' title='bbox 1227 3973 1396 4041; x_wconf 79' lang='lat' dir='ltr'><strong>qualis</strong></span> <span class='ocrx_word' id='word_1_322' title='bbox 1423 3971 1492 4024; x_wconf 88' lang='lat' dir='ltr'><strong>ibi</strong></span> <span class='ocrx_word' id='word_1_323' title='bbox 1519 3985 1637 4024; x_wconf 83' lang='lat' dir='ltr'><strong>esse</strong></span> <span class='ocrx_word' id='word_1_324' title='bbox 1667 3969 1955 4039; x_wconf 84' lang='lat' dir='ltr'><strong>potuisset,</strong></span> 
     </span>
    </p>
   </div>
   <div class='ocr_carea' id='block_1_42' title="bbox 386 4061 1955 4133">
    <p class='ocr_par' dir='ltr' id='par_1_42' title="bbox 386 4061 1955 4133">
     <span class='ocr_line' id='line_1_42' title="bbox 386 4061 1955 4133; baseline -0.003 -16"><span class='ocrx_word' id='word_1_325' title='bbox 386 4071 428 4118; x_wconf 70' lang='lat' dir='ltr'><strong>si</strong></span> <span class='ocrx_word' id='word_1_326' title='bbox 458 4083 576 4122; x_wconf 82' lang='lat' dir='ltr'><strong>esse</strong></span> <span class='ocrx_word' id='word_1_327' title='bbox 604 4066 889 4128; x_wconf 86' lang='lat' dir='ltr'><strong>debuisset,</strong></span> <span class='ocrx_word' id='word_1_328' title='bbox 921 4065 1014 4119; x_wconf 90' lang='lat' dir='ltr'><strong>scd</strong></span> <span class='ocrx_word' id='word_1_329' title='bbox 1043 4064 1261 4118; x_wconf 88' lang='lat' dir='ltr'><strong>omnino</strong></span> <span class='ocrx_word' id='word_1_330' title='bbox 1288 4063 1458 4133; x_wconf 75' lang='lat' dir='ltr'><strong>qualis</strong></span> <span class='ocrx_word' id='word_1_331' title='bbox 1488 4075 1631 4115; x_wconf 91' lang='lat' dir='ltr'><strong>nunc</strong></span> <span class='ocrx_word' id='word_1_332' title='bbox 1655 4071 1758 4128; x_wconf 89' lang='lat' dir='ltr'><strong>est,</strong></span> <span class='ocrx_word' id='word_1_333' title='bbox 1795 4061 1955 4115; x_wconf 88' lang='lat' dir='ltr'><strong>etiam</strong></span> 
     </span>
    </p>
   </div>
   <div class='ocr_carea' id='block_1_43' title="bbox 389 4150 1956 4226">
    <p class='ocr_par' dir='ltr' id='par_1_43' title="bbox 389 4150 1956 4226">
     <span class='ocr_line' id='line_1_43' title="bbox 389 4150 1956 4226; baseline -0.005 -16"><span class='ocrx_word' id='word_1_334' title='bbox 389 4157 439 4210; x_wconf 89' lang='lat' dir='ltr'><strong>in</strong></span> <span class='ocrx_word' id='word_1_335' title='bbox 471 4157 744 4226; x_wconf 87' lang='lat' dir='ltr'><strong>paradiso,</strong></span> <span class='ocrx_word' id='word_1_336' title='bbox 775 4155 824 4209; x_wconf 90' lang='lat' dir='ltr'><strong>id</strong></span> <span class='ocrx_word' id='word_1_337' title='bbox 848 4163 930 4209; x_wconf 89' lang='lat' dir='ltr'><strong>est</strong></span> <span class='ocrx_word' id='word_1_338' title='bbox 967 4154 1017 4207; x_wconf 93' lang='lat' dir='ltr'><strong>in</strong></span> <span class='ocrx_word' id='word_1_339' title='bbox 1061 4155 1176 4208; x_wconf 91' lang='lat' dir='ltr'><strong>loco</strong></span> <span class='ocrx_word' id='word_1_340' title='bbox 1207 4162 1310 4206; x_wconf 84' lang='lat' dir='ltr'><strong>tam</strong></span> <span class='ocrx_word' id='word_1_341' title='bbox 1349 4167 1552 4221; x_wconf 71' lang='lat' dir='ltr'><strong>magna:</strong></span> <span class='ocrx_word' id='word_1_342' title='bbox 1590 4150 1956 4213; x_wconf 85' lang='lat' dir='ltr'><strong>beatitudinis,</strong></span> 
     </span>
    </p>
   </div>
   <div class='ocr_carea' id='block_1_44' title="bbox 393 4241 1958 4311">
    <p class='ocr_par' dir='ltr' id='par_1_44' title="bbox 393 4241 1958 4311">
     <span class='ocr_line' id='line_1_44' title="bbox 393 4241 1958 4311; baseline -0.006 -9"><span class='ocrx_word' id='word_1_343' title='bbox 393 4250 683 4302; x_wconf 85' lang='lat' dir='ltr'><strong>collocarcs</strong></span> <span class='ocrx_word' id='word_1_344' title='bbox 707 4265 721 4311; x_wconf 88' lang='lat'><strong>;</strong></span> <span class='ocrx_word' id='word_1_345' title='bbox 755 4256 811 4300; x_wconf 92' lang='lat' dir='ltr'><strong>ut</strong></span> <span class='ocrx_word' id='word_1_346' title='bbox 840 4245 1038 4300; x_wconf 86' lang='lat' dir='ltr'><strong>scilicet</strong></span> <span class='ocrx_word' id='word_1_347' title='bbox 1064 4244 1204 4297; x_wconf 87' lang='lat' dir='ltr'><strong>illius</strong></span> <span class='ocrx_word' id='word_1_348' title='bbox 1233 4244 1334 4296; x_wconf 87' lang='lat' dir='ltr'><strong>luci</strong></span> <span class='ocrx_word' id='word_1_349' title='bbox 1365 4243 1684 4294; x_wconf 78' lang='lat' dir='ltr'><strong>habitatores</strong></span> <span class='ocrx_word' id='word_1_350' title='bbox 1714 4241 1782 4293; x_wconf 88' lang='lat' dir='ltr'><strong>ita</strong></span> <span class='ocrx_word' id='word_1_351' title='bbox 1809 4241 1958 4294; x_wconf 88' lang='lat' dir='ltr'><strong>beata</strong></span> 
     </span>
    </p>
   </div>
   <div class='ocr_carea' id='block_1_45' title="bbox 391 4330 1959 4407">
    <p class='ocr_par' dir='ltr' id='par_1_45' title="bbox 391 4330 1959 4407">
     <span class='ocr_line' id='line_1_45' title="bbox 391 4330 1959 4407; baseline -0.007 -14"><span class='ocrx_word' id='word_1_352' title='bbox 391 4354 520 4407; x_wconf 84' lang='lat' dir='ltr'><strong>pace</strong></span> <span class='ocrx_word' id='word_1_353' title='bbox 547 4338 877 4400; x_wconf 84' lang='lat' dir='ltr'><strong>fruerentur,</strong></span> <span class='ocrx_word' id='word_1_354' title='bbox 911 4343 968 4388; x_wconf 91' lang='lat' dir='ltr'><strong>ut</strong></span> <span class='ocrx_word' id='word_1_355' title='bbox 997 4335 1048 4388; x_wconf 88' lang='lat' dir='ltr'><strong>in</strong></span> <span class='ocrx_word' id='word_1_356' title='bbox 1078 4349 1137 4389; x_wconf 89' lang='lat' dir='ltr'><strong>se</strong></span> <span class='ocrx_word' id='word_1_357' title='bbox 1167 4334 1292 4402; x_wconf 85' lang='lat' dir='ltr'><strong>ipsis</strong></span> <span class='ocrx_word' id='word_1_358' title='bbox 1320 4333 1568 4386; x_wconf 84' lang='lat' dir='ltr'><strong>intestino</strong></span> <span class='ocrx_word' id='word_1_359' title='bbox 1595 4332 1736 4386; x_wconf 74' lang='lat' dir='ltr'><strong>bello</strong></span> <span class='ocrx_word' id='word_1_360' title='bbox 1755 4370 1770 4394; x_wconf 92' lang='lat'><strong>,</strong></span> <span class='ocrx_word' id='word_1_361' title='bbox 1801 4345 1868 4385; x_wconf 92' lang='lat' dir='ltr'><strong>ne</strong></span> <span class='ocrx_word' id='word_1_362' title='bbox 1907 4330 1959 4383; x_wconf 92' lang='lat' dir='ltr'><strong>in</strong></span> 
     </span>
    </p>
   </div>
   <div class='ocr_carea' id='block_1_46' title="bbox 391 4419 1964 4482">
    <p class='ocr_par' dir='ltr' id='par_1_46' title="bbox 391 4419 1964 4482">
     <span class='ocr_line' id='line_1_46' title="bbox 391 4419 1964 4482; baseline -0.005 0"><span class='ocrx_word' id='word_1_363' title='bbox 391 4444 682 4482; x_wconf 87' lang='lat' dir='ltr'><strong>consensus</strong></span> <span class='ocrx_word' id='word_1_364' title='bbox 710 4425 847 4480; x_wconf 91' lang='lat' dir='ltr'><strong>illius</strong></span> <span class='ocrx_word' id='word_1_365' title='bbox 875 4424 1042 4479; x_wconf 89' lang='lat' dir='ltr'><strong>illiciti</strong></span> <span class='ocrx_word' id='word_1_366' title='bbox 1074 4424 1151 4478; x_wconf 86' lang='lat' dir='ltr'><strong>vel</strong></span> <span class='ocrx_word' id='word_1_367' title='bbox 1194 4422 1456 4476; x_wconf 90' lang='lat' dir='ltr'><strong>inhonesti</strong></span> <span class='ocrx_word' id='word_1_368' title='bbox 1487 4421 1796 4476; x_wconf 87' lang='lat' dir='ltr'><strong>concubitus</strong></span> <span class='ocrx_word' id='word_1_369' title='bbox 1823 4419 1964 4474; x_wconf 87' lang='lat' dir='ltr'><strong>Iabe-</strong></span> 
     </span>
    </p>
   </div>
   <div class='ocr_carea' id='block_1_47' title="bbox 392 4510 1964 4584">
    <p class='ocr_par' dir='ltr' id='par_1_47' title="bbox 392 4510 1964 4584">
     <span class='ocr_line' id='line_1_47' title="bbox 392 4510 1964 4584; baseline -0.006 -11"><span class='ocrx_word' id='word_1_370' title='bbox 392 4528 596 4583; x_wconf 88' lang='lat' dir='ltr'><strong>rentur,</strong></span> <span class='ocrx_word' id='word_1_371' title='bbox 621 4527 804 4573; x_wconf 86' lang='lat' dir='ltr'><strong>contra</strong></span> <span class='ocrx_word' id='word_1_372' title='bbox 831 4526 1008 4571; x_wconf 90' lang='lat' dir='ltr'><strong>motus</strong></span> <span class='ocrx_word' id='word_1_373' title='bbox 1032 4513 1470 4584; x_wconf 78' lang='lat' dir='ltr'><strong>concupiscentiae</strong></span> <span class='ocrx_word' id='word_1_374' title='bbox 1490 4512 1819 4566; x_wconf 84' lang='lat' dir='ltr'><strong>dimicarent.</strong></span> <span class='ocrx_word' id='word_1_375' title='bbox 1855 4510 1964 4564; x_wconf 89' lang='lat' dir='ltr'><strong>Hoc</strong></span> 
     </span>
    </p>
   </div>
   <div class='ocr_carea' id='block_1_48' title="bbox 396 4602 1964 4678">
    <p class='ocr_par' dir='ltr' id='par_1_48' title="bbox 396 4602 1964 4678">
     <span class='ocr_line' id='line_1_48' title="bbox 396 4602 1964 4678; baseline -0.007 -13"><span class='ocrx_word' id='word_1_376' title='bbox 396 4611 591 4665; x_wconf 89' lang='lat' dir='ltr'><strong>malum</strong></span> <span class='ocrx_word' id='word_1_377' title='bbox 625 4611 675 4663; x_wconf 92' lang='lat' dir='ltr'><strong>in</strong></span> <span class='ocrx_word' id='word_1_378' title='bbox 707 4609 952 4678; x_wconf 88' lang='lat' dir='ltr'><strong>paradiso</strong></span> <span class='ocrx_word' id='word_1_379' title='bbox 978 4622 1098 4663; x_wconf 88' lang='lat' dir='ltr'><strong>esse</strong></span> <span class='ocrx_word' id='word_1_380' title='bbox 1123 4623 1225 4661; x_wconf 91' lang='lat' dir='ltr'><strong>non</strong></span> <span class='ocrx_word' id='word_1_381' title='bbox 1255 4616 1450 4674; x_wconf 85' lang='lat' dir='ltr'><strong>posset,</strong></span> <span class='ocrx_word' id='word_1_382' title='bbox 1473 4604 1572 4658; x_wconf 85' lang='lat' dir='ltr'><strong>nisi</strong></span> <span class='ocrx_word' id='word_1_383' title='bbox 1601 4602 1736 4658; x_wconf 91' lang='lat' dir='ltr'><strong>forte</strong></span> <span class='ocrx_word' id='word_1_384' title='bbox 1760 4603 1852 4656; x_wconf 89' lang='lat' dir='ltr'><strong>illo</strong></span> <span class='ocrx_word' id='word_1_385' title='bbox 1884 4603 1964 4670; x_wconf 83' lang='lat' dir='ltr'><strong>pi-</strong></span> 
     </span>
    </p>
   </div>
   <div class='ocr_carea' id='block_1_49' title="bbox 395 4693 1963 4769">
    <p class='ocr_par' dir='ltr' id='par_1_49' title="bbox 395 4693 1963 4769">
     <span class='ocr_line' id='line_1_49' title="bbox 395 4693 1963 4769; baseline -0.006 -14"><span class='ocrx_word' id='word_1_386' title='bbox 395 4711 503 4764; x_wconf 88' lang='lat' dir='ltr'><strong>eto,</strong></span> <span class='ocrx_word' id='word_1_387' title='bbox 530 4699 598 4753; x_wconf 91' lang='lat' dir='ltr'><strong>de</strong></span> <span class='ocrx_word' id='word_1_388' title='bbox 623 4714 726 4769; x_wconf 88' lang='lat' dir='ltr'><strong>quo</strong></span> <span class='ocrx_word' id='word_1_389' title='bbox 763 4699 1006 4767; x_wconf 87' lang='lat' dir='ltr'><strong>superius</strong></span> <span class='ocrx_word' id='word_1_390' title='bbox 1037 4697 1194 4752; x_wconf 89' lang='lat' dir='ltr'><strong>locuti</strong></span> <span class='ocrx_word' id='word_1_391' title='bbox 1234 4711 1446 4759; x_wconf 88' lang='lat' dir='ltr'><strong>sumus,</strong></span> <span class='ocrx_word' id='word_1_392' title='bbox 1473 4695 1561 4764; x_wconf 93' lang='lat' dir='ltr'><strong>qui</strong></span> <span class='ocrx_word' id='word_1_393' title='bbox 1594 4694 1808 4749; x_wconf 87' lang='lat' dir='ltr'><strong>haberet</strong></span> <span class='ocrx_word' id='word_1_394' title='bbox 1839 4693 1963 4746; x_wconf 84' lang='lat' dir='ltr'><strong>titti-</strong></span> 
     </span>
    </p>
   </div>
   <div class='ocr_carea' id='block_1_50' title="bbox 396 4785 1962 4857">
    <p class='ocr_par' dir='ltr' id='par_1_50' title="bbox 396 4785 1962 4857">
     <span class='ocr_line' id='line_1_50' title="bbox 396 4785 1962 4857; baseline -0.006 -13"><span class='ocrx_word' id='word_1_395' title='bbox 396 4792 504 4844; x_wconf 91' lang='lat' dir='ltr'><strong>lum</strong></span> <span class='ocrx_word' id='word_1_396' title='bbox 533 4788 970 4857; x_wconf 82' lang='lat' dir='ltr'><strong>suprascriptum,</strong></span> <span class='ocrx_word' id='word_1_397' title='bbox 997 4785 1278 4841; x_wconf 72' lang='lat' dir='ltr'><strong>Paradisus</strong></span> <span class='ocrx_word' id='word_1_398' title='bbox 1309 4785 1704 4854; x_wconf 77' lang='lat' dir='ltr'><strong>Pelagianorum</strong></span> <span class='ocrx_word' id='word_1_399' title='bbox 1743 4785 1962 4853; x_wconf 85' lang='lat' dir='ltr'><strong>(Supra,</strong></span> 
     </span>
    </p>
   </div>
   <div class='ocr_carea' id='block_1_51' title="bbox 396 4875 1959 4954">
    <p class='ocr_par' dir='ltr' id='par_1_51' title="bbox 396 4875 1959 4954">
     <span class='ocr_line' id='line_1_51' title="bbox 396 4875 1959 4954; baseline -0.004 -19"><span class='ocrx_word' id='word_1_400' title='bbox 396 4899 510 4949; x_wconf 83' lang='lat' dir='ltr'><strong>cap.</strong></span> <span class='ocrx_word' id='word_1_401' title='bbox 546 4879 707 4954; x_wconf 23' lang='lat'><strong>155)..</strong></span> <span class='ocrx_word' id='word_1_402' title='bbox 724 4878 822 4934; x_wconf 88' lang='lat' dir='ltr'><strong>Ubi</strong></span> <span class='ocrx_word' id='word_1_403' title='bbox 853 4877 950 4933; x_wconf 87' lang='lat' dir='ltr'><strong>etsi</strong></span> <span class='ocrx_word' id='word_1_404' title='bbox 979 4877 1088 4946; x_wconf 90' lang='lat' dir='ltr'><strong>ipsa</strong></span> <span class='ocrx_word' id='word_1_405' title='bbox 1110 4877 1533 4944; x_wconf 87' lang='lat' dir='ltr'><strong>concupiscentia</strong></span> <span class='ocrx_word' id='word_1_406' title='bbox 1559 4877 1781 4929; x_wconf 90' lang='lat' dir='ltr'><strong>occultis</strong></span> <span class='ocrx_word' id='word_1_407' title='bbox 1807 4875 1959 4928; x_wconf 87' lang='lat' dir='ltr'><strong>moti-</strong></span> 
     </span>
    </p>
   </div>
   <div class='ocr_carea' id='block_1_52' title="bbox 398 4967 1963 5037">
    <p class='ocr_par' dir='ltr' id='par_1_52' title="bbox 398 4967 1963 5037">
     <span class='ocr_line' id='line_1_52' title="bbox 398 4967 1963 5037; baseline -0.003 -13"><span class='ocrx_word' id='word_1_408' title='bbox 398 4975 496 5025; x_wconf 81' lang='lat' dir='ltr'><strong>lius</strong></span> <span class='ocrx_word' id='word_1_409' title='bbox 524 4970 682 5025; x_wconf 89' lang='lat' dir='ltr'><strong>corda</strong></span> <span class='ocrx_word' id='word_1_410' title='bbox 721 4979 862 5024; x_wconf 84' lang='lat' dir='ltr'><strong>casta</strong></span> <span class='ocrx_word' id='word_1_411' title='bbox 912 4968 1203 5023; x_wconf 89' lang='lat' dir='ltr'><strong>sollicitans</strong></span> <span class='ocrx_word' id='word_1_412' title='bbox 1237 4983 1341 5022; x_wconf 89' lang='lat' dir='ltr'><strong>non</strong></span> <span class='ocrx_word' id='word_1_413' title='bbox 1382 4978 1560 5037; x_wconf 75' lang='lat' dir='ltr'><strong>pOSset</strong></span> <span class='ocrx_word' id='word_1_414' title='bbox 1599 4969 1698 5021; x_wconf 85' lang='lat' dir='ltr'><strong>ulla</strong></span> <span class='ocrx_word' id='word_1_415' title='bbox 1739 4967 1963 5035; x_wconf 81' lang='lat' dir='ltr'><strong>exprimi</strong></span> 
     </span>
    </p>
   </div>
   <div class='ocr_carea' id='block_1_53' title="bbox 397 5058 1962 5131">
    <p class='ocr_par' dir='ltr' id='par_1_53' title="bbox 397 5058 1962 5131">
     <span class='ocr_line' id='line_1_53' title="bbox 397 5058 1962 5131; baseline -0.002 -17"><span class='ocrx_word' id='word_1_416' title='bbox 397 5073 511 5115; x_wconf 84' lang='lat' dir='ltr'><strong>arte</strong></span> <span class='ocrx_word' id='word_1_417' title='bbox 541 5061 786 5129; x_wconf 90' lang='lat' dir='ltr'><strong>pictoris;</strong></span> <span class='ocrx_word' id='word_1_418' title='bbox 818 5061 956 5130; x_wconf 89' lang='lat' dir='ltr'><strong>pingi</strong></span> <span class='ocrx_word' id='word_1_419' title='bbox 988 5069 1162 5114; x_wconf 90' lang='lat' dir='ltr'><strong>tamen</strong></span> <span class='ocrx_word' id='word_1_420' title='bbox 1198 5067 1415 5131; x_wconf 90' lang='lat' dir='ltr'><strong>possent</strong></span> <span class='ocrx_word' id='word_1_421' title='bbox 1449 5058 1678 5126; x_wconf 76' lang='lat' dir='ltr'><strong>gravida:</strong></span> <span class='ocrx_word' id='word_1_422' title='bbox 1720 5058 1927 5112; x_wconf 72' lang='lat' dir='ltr'><strong>femina:</strong></span> <span class='ocrx_word' id='word_1_423' title='bbox 1947 5099 1962 5122; x_wconf 91' lang='lat'><strong>,</strong></span> 
     </span>
    </p>
   </div>
   <div class='ocr_carea' id='block_1_54' title="bbox 397 5147 1967 5219">
    <p class='ocr_par' dir='ltr' id='par_1_54' title="bbox 397 5147 1967 5219">
     <span class='ocr_line' id='line_1_54' title="bbox 397 5147 1967 5219; baseline -0.002 -16"><span class='ocrx_word' id='word_1_424' title='bbox 397 5153 544 5203; x_wconf 78' lang='lat' dir='ltr'><strong>rilios</strong></span> <span class='ocrx_word' id='word_1_425' title='bbox 595 5151 748 5204; x_wconf 82' lang='lat' dir='ltr'><strong>utiles</strong></span> <span class='ocrx_word' id='word_1_426' title='bbox 796 5149 1006 5203; x_wconf 69' lang='lat' dir='ltr'><strong>fastidio</strong></span> <span class='ocrx_word' id='word_1_427' title='bbox 1041 5150 1390 5219; x_wconf 86' lang='lat' dir='ltr'><strong>repellentes,</strong></span> <span class='ocrx_word' id='word_1_428' title='bbox 1440 5148 1579 5202; x_wconf 66' lang='lat' dir='ltr'><strong>[uada</strong></span> <span class='ocrx_word' id='word_1_429' title='bbox 1618 5147 1967 5203; x_wconf 75' lang='lat' dir='ltr'><strong>delectatione</strong></span> 
     </span>
    </p>
   </div>
   <div class='ocr_carea' id='block_1_55' title="bbox 399 5240 1964 5308">
    <p class='ocr_par' dir='ltr' id='par_1_55' title="bbox 399 5240 1964 5308">
     <span class='ocr_line' id='line_1_55' title="bbox 399 5240 1964 5308; baseline -0.002 -14"><span class='ocrx_word' id='word_1_430' title='bbox 399 5241 587 5294; x_wconf 80' lang='lat' dir='ltr'><strong>noxios</strong></span> <span class='ocrx_word' id='word_1_431' title='bbox 620 5248 950 5308; x_wconf 85' lang='lat' dir='ltr'><strong>appetentes.</strong></span> <span class='ocrx_word' id='word_1_432' title='bbox 984 5251 1318 5306; x_wconf 88' lang='lat' dir='ltr'><strong>nauseantes,</strong></span> <span class='ocrx_word' id='word_1_433' title='bbox 1365 5251 1656 5297; x_wconf 81' lang='lat' dir='ltr'><strong>vomentes.</strong></span> <span class='ocrx_word' id='word_1_434' title='bbox 1686 5240 1964 5308; x_wconf 81' lang='lat' dir='ltr'><strong>pallentes,</strong></span> 
     </span>
    </p>
   </div>
   <div class='ocr_carea' id='block_1_56' title="bbox 401 5327 1968 5399">
    <p class='ocr_par' dir='ltr' id='par_1_56' title="bbox 401 5327 1968 5399">
     <span class='ocr_line' id='line_1_56' title="bbox 401 5327 1968 5399; baseline -0.001 -17"><span class='ocrx_word' id='word_1_435' title='bbox 401 5331 711 5382; x_wconf 86' lang='lat' dir='ltr'><strong>immaturos</strong></span> <span class='ocrx_word' id='word_1_436' title='bbox 737 5327 874 5382; x_wconf 83' lang='lat' dir='ltr'><strong>fetus</strong></span> <span class='ocrx_word' id='word_1_437' title='bbox 900 5329 1090 5382; x_wconf 77' lang='lat' dir='ltr'><strong>abortu</strong></span> <span class='ocrx_word' id='word_1_438' title='bbox 1122 5329 1404 5399; x_wconf 85' lang='lat' dir='ltr'><strong>aliquando</strong></span> <span class='ocrx_word' id='word_1_439' title='bbox 1432 5329 1737 5392; x_wconf 88' lang='lat' dir='ltr'><strong>fundentes,</strong></span> <span class='ocrx_word' id='word_1_440' title='bbox 1773 5329 1822 5381; x_wconf 92' lang='lat' dir='ltr'><strong>in</strong></span> <span class='ocrx_word' id='word_1_441' title='bbox 1855 5329 1968 5396; x_wconf 89' lang='lat' dir='ltr'><strong>ipso</strong></span> 
     </span>
    </p>
   </div>
   <div class='ocr_carea' id='block_1_57' title="bbox 471 5499 864 5562">
    <p class='ocr_par' dir='ltr' id='par_1_57' title="bbox 471 5499 864 5562">
     <span class='ocr_line' id='line_1_57' title="bbox 471 5499 864 5562; baseline -0.005 -14"><span class='ocrx_word' id='word_1_442' title='bbox 471 5502 483 5532; x_wconf 77' lang='grc' dir='ltr'><strong>ι</strong></span> <span class='ocrx_word' id='word_1_443' title='bbox 522 5509 675 5557; x_wconf 70' lang='lat' dir='ltr'><strong>t&#39;orte,</strong></span> <span class='ocrx_word' id='word_1_444' title='bbox 704 5499 864 5562; x_wconf 80' lang='lat' dir='ltr'><strong>liquet.</strong></span> 
     </span>
    </p>
   </div>
   <div class='ocr_carea' id='block_1_58' title="bbox 472 5560 1230 5622">
    <p class='ocr_par' dir='ltr' id='par_1_58' title="bbox 472 5560 1230 5622">
     <span class='ocr_line' id='line_1_58' title="bbox 472 5560 1230 5622; baseline -0.001 -13"><span class='ocrx_word' id='word_1_445' title='bbox 472 5563 490 5622; x_wconf 68' lang='grc' dir='ltr'><strong>ξ</strong></span> <span class='ocrx_word' id='word_1_446' title='bbox 515 5563 587 5610; x_wconf 80' lang='lat' dir='ltr'><strong>sic</strong></span> <span class='ocrx_word' id='word_1_447' title='bbox 608 5569 714 5611; x_wconf 68' lang='grc' dir='ltr'><strong>ωδε.</strong></span> <span class='ocrx_word' id='word_1_448' title='bbox 741 5560 795 5610; x_wconf 70' lang='grc' dir='ltr'><strong>ιιι</strong></span> <span class='ocrx_word' id='word_1_449' title='bbox 818 5561 952 5616; x_wconf 85' lang='lat' dir='ltr'><strong>editi,</strong></span> <span class='ocrx_word' id='word_1_450' title='bbox 976 5560 1230 5622; x_wconf 69' lang='lat' dir='ltr'><strong>oﬂ&#39;cndere.</strong></span> 
     </span>
    </p>
   </div>
   <div class='ocr_carea' id='block_1_59' title="bbox 471 5619 1242 5683">
    <p class='ocr_par' dir='ltr' id='par_1_59' title="bbox 471 5619 1242 5683">
     <span class='ocr_line' id='line_1_59' title="bbox 471 5619 1242 5683; baseline 0 -15"><span class='ocrx_word' id='word_1_451' title='bbox 471 5619 493 5683; x_wconf 59' lang='grc' dir='ltr'><strong>Ρ</strong></span> <span class='ocrx_word' id='word_1_452' title='bbox 523 5623 594 5670; x_wconf 75' lang='lat' dir='ltr'><strong>sic</strong></span> <span class='ocrx_word' id='word_1_453' title='bbox 618 5630 717 5670; x_wconf 76' lang='lat' dir='ltr'><strong>Mss.</strong></span> <span class='ocrx_word' id='word_1_454' title='bbox 745 5627 795 5670; x_wconf 91' lang='lat' dir='ltr'><strong>In</strong></span> <span class='ocrx_word' id='word_1_455' title='bbox 818 5623 974 5683; x_wconf 73' lang='lat' dir='ltr'><strong>\ign.,</strong></span> <span class='ocrx_word' id='word_1_456' title='bbox 999 5619 1242 5670; x_wconf 71' lang='lat' dir='ltr'><strong>sententia.</strong></span> 
     </span>
    </p>
   </div>
   <div class='ocr_carea' id='block_1_60' title="bbox 471 5680 1194 5745">
    <p class='ocr_par' dir='ltr' id='par_1_60' title="bbox 471 5680 1194 5745">
     <span class='ocr_line' id='line_1_60' title="bbox 471 5680 1194 5745; baseline 0.006 -19"><span class='ocrx_word' id='word_1_457' title='bbox 471 5680 494 5713; x_wconf 69' lang='grc' dir='ltr'>δ</span> <span class='ocrx_word' id='word_1_458' title='bbox 525 5683 794 5744; x_wconf 73' lang='lat' dir='ltr'><strong>viguit-rius</strong></span> <span class='ocrx_word' id='word_1_459' title='bbox 810 5680 1015 5745; x_wconf 58' lang='lat' dir='ltr'><strong>coniicit,</strong></span> <span class='ocrx_word' id='word_1_460' title='bbox 1047 5691 1194 5731; x_wconf 68' lang='lat' dir='ltr'><strong>.ti&#39;mic.</strong></span> 
     </span>
    </p>
   </div>
   <div class='ocr_carea' id='block_1_61' title="bbox 1040 333 2909 398">
    <p class='ocr_par' dir='ltr' id='par_1_61' title="bbox 1040 333 2909 398">
     <span class='ocr_line' id='line_1_61' title="bbox 1040 333 2909 398; baseline -0.001 -7"><span class='ocrx_word' id='word_1_461' title='bbox 1040 338 1277 392; x_wconf 79' lang='lat' dir='ltr'><strong>()PERIS</strong></span> <span class='ocrx_word' id='word_1_462' title='bbox 1315 335 1714 392; x_wconf 68' lang='lat' dir='ltr'><strong>IMPERFECTI</strong></span> <span class='ocrx_word' id='word_1_463' title='bbox 1754 334 2021 388; x_wconf 62' lang='lat' dir='ltr'><strong>CONTRA</strong></span> <span class='ocrx_word' id='word_1_464' title='bbox 2062 333 2412 398; x_wconf 70' lang='lat' dir='ltr'><strong>JULIANUM,</strong></span> <span class='ocrx_word' id='word_1_465' title='bbox 2453 337 2508 390; x_wconf 92' lang='lat' dir='ltr'><strong>S.</strong></span> <span class='ocrx_word' id='word_1_466' title='bbox 2553 335 2909 392; x_wconf 52' lang='lat' dir='ltr'><strong>AUGlTSTlNl</strong></span> 
     </span>
    </p>
   </div>
   <div class='ocr_carea' id='block_1_62' title="bbox 2056 447 3612 524">
    <p class='ocr_par' dir='ltr' id='par_1_62' title="bbox 2056 447 3612 524">
     <span class='ocr_line' id='line_1_62' title="bbox 2056 447 3612 524; baseline 0.007 -26"><span class='ocrx_word' id='word_1_467' title='bbox 2056 447 2213 499; x_wconf 88' lang='lat' dir='ltr'><strong>etiam</strong></span> <span class='ocrx_word' id='word_1_468' title='bbox 2250 459 2397 515; x_wconf 89' lang='lat' dir='ltr'><strong>partu</strong></span> <span class='ocrx_word' id='word_1_469' title='bbox 2425 463 2597 517; x_wconf 68' lang='lat' dir='ltr'><strong>paena,</strong></span> <span class='ocrx_word' id='word_1_470' title='bbox 2625 467 2782 517; x_wconf 89' lang='lat' dir='ltr'><strong>quam</strong></span> <span class='ocrx_word' id='word_1_471' title='bbox 2810 463 2977 506; x_wconf 89' lang='lat' dir='ltr'><strong>mater</strong></span> <span class='ocrx_word' id='word_1_472' title='bbox 3011 451 3121 506; x_wconf 86' lang='lat' dir='ltr'><strong>Eva</strong></span> <span class='ocrx_word' id='word_1_473' title='bbox 3150 456 3379 524; x_wconf 79' lang='lat' dir='ltr'><strong>suscepit</strong></span> <span class='ocrx_word' id='word_1_474' title='bbox 3405 498 3419 521; x_wconf 93' lang='lat'><strong>,</strong></span> <span class='ocrx_word' id='word_1_475' title='bbox 3454 459 3612 512; x_wconf 62' lang='lat' dir='ltr'><strong>misr-</strong></span> 
     </span>
    </p>
   </div>
   <div class='ocr_carea' id='block_1_63' title="bbox 2052 539 3607 615">
    <p class='ocr_par' dir='ltr' id='par_1_63' title="bbox 2052 539 3607 615">
     <span class='ocr_line' id='line_1_63' title="bbox 2052 539 3607 615; baseline 0.008 -24"><span class='ocrx_word' id='word_1_476' title='bbox 2052 539 2183 591; x_wconf 89' lang='lat' dir='ltr'><strong>riam</strong></span> <span class='ocrx_word' id='word_1_477' title='bbox 2226 552 2373 591; x_wconf 88' lang='lat' dir='ltr'><strong>suam</strong></span> <span class='ocrx_word' id='word_1_478' title='bbox 2417 549 2794 607; x_wconf 88' lang='lat' dir='ltr'><strong>protestantes;</strong></span> <span class='ocrx_word' id='word_1_479' title='bbox 2829 544 2927 597; x_wconf 90' lang='lat' dir='ltr'><strong>etsi</strong></span> <span class='ocrx_word' id='word_1_480' title='bbox 2969 559 3072 597; x_wconf 90' lang='lat' dir='ltr'><strong>non</strong></span> <span class='ocrx_word' id='word_1_481' title='bbox 3112 556 3334 600; x_wconf 88' lang='lat' dir='ltr'><strong>sonante</strong></span> <span class='ocrx_word' id='word_1_482' title='bbox 3379 549 3607 615; x_wconf 86' lang='lat' dir='ltr'><strong>pictura.</strong></span> 
     </span>
    </p>
   </div>
   <div class='ocr_carea' id='block_1_64' title="bbox 2051 626 3612 700">
    <p class='ocr_par' dir='ltr' id='par_1_64' title="bbox 2051 626 3612 700">
     <span class='ocr_line' id='line_1_64' title="bbox 2051 626 3612 700; baseline 0.01 -23"><span class='ocrx_word' id='word_1_483' title='bbox 2051 633 2227 678; x_wconf 87' lang='lat' dir='ltr'><strong>tamen</strong></span> <span class='ocrx_word' id='word_1_484' title='bbox 2254 626 2412 680; x_wconf 81' lang='lat' dir='ltr'><strong>facies</strong></span> <span class='ocrx_word' id='word_1_485' title='bbox 2443 628 2687 694; x_wconf 90' lang='lat' dir='ltr'><strong>tristium,</strong></span> <span class='ocrx_word' id='word_1_486' title='bbox 2720 632 3058 699; x_wconf 85' lang='lat' dir='ltr'><strong>gementium,</strong></span> <span class='ocrx_word' id='word_1_487' title='bbox 3091 633 3444 700; x_wconf 88' lang='lat' dir='ltr'><strong>plorantium,</strong></span> <span class='ocrx_word' id='word_1_488' title='bbox 3480 639 3612 692; x_wconf 74' lang='lat' dir='ltr'><strong>sinit</strong></span> 
     </span>
    </p>
   </div>
   <div class='ocr_carea' id='block_1_65' title="bbox 2051 715 3610 787">
    <p class='ocr_par' dir='ltr' id='par_1_65' title="bbox 2051 715 3610 787">
     <span class='ocr_line' id='line_1_65' title="bbox 2051 715 3610 787; baseline 0.007 -21"><span class='ocrx_word' id='word_1_489' title='bbox 2051 722 2278 782; x_wconf 90' lang='lat' dir='ltr'><strong>poterat,</strong></span> <span class='ocrx_word' id='word_1_490' title='bbox 2297 715 2564 771; x_wconf 90' lang='lat' dir='ltr'><strong>imitante:</strong></span> <span class='ocrx_word' id='word_1_491' title='bbox 2591 719 2800 786; x_wconf 73' lang='lat' dir='ltr'><strong>natique</strong></span> <span class='ocrx_word' id='word_1_492' title='bbox 2822 721 2917 787; x_wconf 83' lang='lat' dir='ltr'><strong>ipsi</strong></span> <span class='ocrx_word' id='word_1_493' title='bbox 2935 736 3120 774; x_wconf 90' lang='lat' dir='ltr'><strong>omnes</strong></span> <span class='ocrx_word' id='word_1_494' title='bbox 3142 721 3329 776; x_wconf 84' lang='lat' dir='ltr'><strong>ﬂentes</strong></span> <span class='ocrx_word' id='word_1_495' title='bbox 3348 729 3610 777; x_wconf 84' lang='lat' dir='ltr'><strong>communi</strong></span> 
     </span>
    </p>
   </div>
   <div class='ocr_carea' id='block_1_66' title="bbox 2049 806 3608 880">
    <p class='ocr_par' dir='ltr' id='par_1_66' title="bbox 2049 806 3608 880">
     <span class='ocr_line' id='line_1_66' title="bbox 2049 806 3608 880; baseline 0.007 -25"><span class='ocrx_word' id='word_1_496' title='bbox 2049 811 2194 856; x_wconf 85' lang='lat' dir='ltr'><strong>sorte</strong></span> <span class='ocrx_word' id='word_1_497' title='bbox 2219 806 2564 870; x_wconf 88' lang='lat' dir='ltr'><strong>nascentium,</strong></span> <span class='ocrx_word' id='word_1_498' title='bbox 2594 815 2648 860; x_wconf 91' lang='lat' dir='ltr'><strong>et</strong></span> <span class='ocrx_word' id='word_1_499' title='bbox 2672 808 2996 862; x_wconf 85' lang='lat' dir='ltr'><strong>diversarum</strong></span> <span class='ocrx_word' id='word_1_500' title='bbox 3022 811 3273 866; x_wconf 86' lang='lat' dir='ltr'><strong>varietate</strong></span> <span class='ocrx_word' id='word_1_501' title='bbox 3316 828 3608 880; x_wconf 75' lang='lat' dir='ltr'><strong>poenarum,</strong></span> 
     </span>
    </p>
   </div>
   <div class='ocr_carea' id='block_1_67' title="bbox 2050 893 3605 967">
    <p class='ocr_par' dir='ltr' id='par_1_67' title="bbox 2050 893 3605 967">
     <span class='ocr_line' id='line_1_67' title="bbox 2050 893 3605 967; baseline 0.004 -21"><span class='ocrx_word' id='word_1_502' title='bbox 2050 901 2105 947; x_wconf 86' lang='lat' dir='ltr'><strong>et</strong></span> <span class='ocrx_word' id='word_1_503' title='bbox 2132 893 2284 947; x_wconf 90' lang='lat' dir='ltr'><strong>multi</strong></span> <span class='ocrx_word' id='word_1_504' title='bbox 2333 894 2492 948; x_wconf 86' lang='lat' dir='ltr'><strong>etiam</strong></span> <span class='ocrx_word' id='word_1_505' title='bbox 2532 904 2711 964; x_wconf 89' lang='lat' dir='ltr'><strong>postea</strong></span> <span class='ocrx_word' id='word_1_506' title='bbox 2747 897 2846 949; x_wconf 91' lang='lat' dir='ltr'><strong>sub</strong></span> <span class='ocrx_word' id='word_1_507' title='bbox 2875 897 3182 952; x_wconf 79' lang='lat' dir='ltr'><strong>verberibus</strong></span> <span class='ocrx_word' id='word_1_508' title='bbox 3225 901 3605 967; x_wconf 83' lang='lat' dir='ltr'><strong>magistrorum.</strong></span> 
     </span>
    </p>
   </div>
   <div class='ocr_carea' id='block_1_68' title="bbox 2051 981 3608 1056">
    <p class='ocr_par' dir='ltr' id='par_1_68' title="bbox 2051 981 3608 1056">
     <span class='ocr_line' id='line_1_68' title="bbox 2051 981 3608 1056; baseline 0.006 -22"><span class='ocrx_word' id='word_1_509' title='bbox 2051 981 2195 1052; x_wconf 74' lang='lat' dir='ltr'><strong>Hanc</strong></span> <span class='ocrx_word' id='word_1_510' title='bbox 2224 982 2477 1051; x_wconf 88' lang='lat' dir='ltr'><strong>picturam</strong></span> <span class='ocrx_word' id='word_1_511' title='bbox 2520 985 2759 1038; x_wconf 78' lang='lat' dir='ltr'><strong>nesciens</strong></span> <span class='ocrx_word' id='word_1_512' title='bbox 2797 985 3037 1055; x_wconf 87' lang='lat' dir='ltr'><strong>quisquis</strong></span> <span class='ocrx_word' id='word_1_513' title='bbox 3075 988 3365 1056; x_wconf 80' lang='lat' dir='ltr'><strong>aSpiceret,</strong></span> <span class='ocrx_word' id='word_1_514' title='bbox 3403 999 3458 1044; x_wconf 90' lang='lat' dir='ltr'><strong>et</strong></span> <span class='ocrx_word' id='word_1_515' title='bbox 3492 991 3608 1043; x_wconf 81' lang='lat' dir='ltr'><strong>tiu.-</strong></span> 
     </span>
    </p>
   </div>
   <div class='ocr_carea' id='block_1_69' title="bbox 2050 1070 3608 1143">
    <p class='ocr_par' dir='ltr' id='par_1_69' title="bbox 2050 1070 3608 1143">
     <span class='ocr_line' id='line_1_69' title="bbox 2050 1070 3608 1143; baseline 0.006 -20"><span class='ocrx_word' id='word_1_516' title='bbox 2050 1070 2158 1124; x_wconf 90' lang='lat' dir='ltr'><strong>lum</strong></span> <span class='ocrx_word' id='word_1_517' title='bbox 2192 1073 2408 1140; x_wconf 85' lang='lat' dir='ltr'><strong>legeret,</strong></span> <span class='ocrx_word' id='word_1_518' title='bbox 2440 1087 2758 1143; x_wconf 88' lang='lat' dir='ltr'><strong>causamque</strong></span> <span class='ocrx_word' id='word_1_519' title='bbox 2783 1076 3113 1143; x_wconf 86' lang='lat' dir='ltr'><strong>requireret;</strong></span> <span class='ocrx_word' id='word_1_520' title='bbox 3144 1076 3254 1130; x_wconf 65' lang='lat' dir='ltr'><strong>haec</strong></span> <span class='ocrx_word' id='word_1_521' title='bbox 3280 1078 3326 1131; x_wconf 89' lang='lat' dir='ltr'><strong>ei</strong></span> <span class='ocrx_word' id='word_1_522' title='bbox 3349 1077 3608 1139; x_wconf 70' lang='lat' dir='ltr'><strong>videlicet.</strong></span> 
     </span>
    </p>
   </div>
   <div class='ocr_carea' id='block_1_70' title="bbox 2049 1161 3607 1235">
    <p class='ocr_par' dir='ltr' id='par_1_70' title="bbox 2049 1161 3607 1235">
     <span class='ocr_line' id='line_1_70' title="bbox 2049 1161 3607 1235; baseline 0.005 -21"><span class='ocrx_word' id='word_1_523' title='bbox 2049 1161 2141 1214; x_wconf 90' lang='lat' dir='ltr'><strong>sed</strong></span> <span class='ocrx_word' id='word_1_524' title='bbox 2171 1177 2198 1213; x_wconf 90' lang='lat' dir='ltr'><strong>a</strong></span> <span class='ocrx_word' id='word_1_525' title='bbox 2228 1162 2396 1227; x_wconf 90' lang='lat' dir='ltr'><strong>vobis,</strong></span> <span class='ocrx_word' id='word_1_526' title='bbox 2425 1163 2632 1232; x_wconf 82' lang='lat' dir='ltr'><strong>egregia</strong></span> <span class='ocrx_word' id='word_1_527' title='bbox 2677 1164 2812 1218; x_wconf 89' lang='lat' dir='ltr'><strong>ratio</strong></span> <span class='ocrx_word' id='word_1_528' title='bbox 2841 1163 3168 1228; x_wconf 89' lang='lat' dir='ltr'><strong>redderetur,</strong></span> <span class='ocrx_word' id='word_1_529' title='bbox 3196 1182 3298 1235; x_wconf 91' lang='lat' dir='ltr'><strong>qua</strong></span> <span class='ocrx_word' id='word_1_530' title='bbox 3323 1167 3568 1223; x_wconf 83' lang='lat' dir='ltr'><strong>diceretis</strong></span> <span class='ocrx_word' id='word_1_531' title='bbox 3592 1187 3607 1222; x_wconf 75' lang='grc' dir='ltr'><strong>ι</strong></span> 
     </span>
    </p>
   </div>
   <div class='ocr_carea' id='block_1_71' title="bbox 2050 1251 3610 1325">
    <p class='ocr_par' dir='ltr' id='par_1_71' title="bbox 2050 1251 3610 1325">
     <span class='ocr_line' id='line_1_71' title="bbox 2050 1251 3610 1325; baseline 0.005 -22"><span class='ocrx_word' id='word_1_532' title='bbox 2050 1251 2188 1305; x_wconf 79' lang='lat' dir='ltr'><strong>Talis</strong></span> <span class='ocrx_word' id='word_1_533' title='bbox 2213 1263 2352 1305; x_wconf 84' lang='lat' dir='ltr'><strong>esset</strong></span> <span class='ocrx_word' id='word_1_534' title='bbox 2380 1251 2598 1306; x_wconf 91' lang='lat' dir='ltr'><strong>omnino</strong></span> <span class='ocrx_word' id='word_1_535' title='bbox 2623 1253 2781 1306; x_wconf 88' lang='lat' dir='ltr'><strong>etiam</strong></span> <span class='ocrx_word' id='word_1_536' title='bbox 2823 1254 2894 1307; x_wconf 92' lang='lat' dir='ltr'><strong>ibi</strong></span> <span class='ocrx_word' id='word_1_537' title='bbox 2923 1255 3158 1308; x_wconf 90' lang='lat' dir='ltr'><strong>conditio</strong></span> <span class='ocrx_word' id='word_1_538' title='bbox 3187 1258 3396 1325; x_wconf 76' lang='lat' dir='ltr'><strong>generis</strong></span> <span class='ocrx_word' id='word_1_539' title='bbox 3427 1257 3610 1311; x_wconf 87' lang='lat' dir='ltr'><strong>huma-</strong></span> 
     </span>
    </p>
   </div>
   <div class='ocr_carea' id='block_1_72' title="bbox 2052 1342 3610 1410">
    <p class='ocr_par' dir='ltr' id='par_1_72' title="bbox 2052 1342 3610 1410">
     <span class='ocr_line' id='line_1_72' title="bbox 2052 1342 3610 1410; baseline 0.004 -14"><span class='ocrx_word' id='word_1_540' title='bbox 2052 1343 2105 1396; x_wconf 90' lang='lat' dir='ltr'><strong>ni</strong></span> <span class='ocrx_word' id='word_1_541' title='bbox 2123 1384 2139 1408; x_wconf 93' lang='lat'><strong>,</strong></span> <span class='ocrx_word' id='word_1_542' title='bbox 2167 1342 2288 1410; x_wconf 85' lang='lat' dir='ltr'><strong>quia</strong></span> <span class='ocrx_word' id='word_1_543' title='bbox 2317 1343 2434 1397; x_wconf 89' lang='lat' dir='ltr'><strong>talis</strong></span> <span class='ocrx_word' id='word_1_544' title='bbox 2458 1352 2539 1397; x_wconf 90' lang='lat' dir='ltr'><strong>est</strong></span> <span class='ocrx_word' id='word_1_545' title='bbox 2564 1343 2783 1409; x_wconf 86' lang='lat' dir='ltr'><strong>hie,‘ubi</strong></span> <span class='ocrx_word' id='word_1_546' title='bbox 2813 1344 3055 1400; x_wconf 89' lang='lat' dir='ltr'><strong>similiter</strong></span> <span class='ocrx_word' id='word_1_547' title='bbox 3076 1361 3108 1401; x_wconf 75' lang='grc' dir='ltr'><strong>ιι</strong></span> <span class='ocrx_word' id='word_1_548' title='bbox 3134 1347 3324 1402; x_wconf 81' lang='lat' dir='ltr'><strong>fetibus</strong></span> <span class='ocrx_word' id='word_1_549' title='bbox 3347 1349 3610 1403; x_wconf 83' lang='lat' dir='ltr'><strong>hominum</strong></span> 
     </span>
    </p>
   </div>
   <div class='ocr_carea' id='block_1_73' title="bbox 2049 1431 3614 1506">
    <p class='ocr_par' dir='ltr' id='par_1_73' title="bbox 2049 1431 3614 1506">
     <span class='ocr_line' id='line_1_73' title="bbox 2049 1431 3614 1506; baseline 0.005 -21"><span class='ocrx_word' id='word_1_550' title='bbox 2049 1431 2187 1485; x_wconf 90' lang='lat' dir='ltr'><strong>nulla</strong></span> <span class='ocrx_word' id='word_1_551' title='bbox 2227 1432 2450 1486; x_wconf 87' lang='lat' dir='ltr'><strong>trahitur</strong></span> <span class='ocrx_word' id='word_1_552' title='bbox 2486 1434 2635 1502; x_wconf 90' lang='lat' dir='ltr'><strong>origo</strong></span> <span class='ocrx_word' id='word_1_553' title='bbox 2673 1434 2895 1504; x_wconf 89' lang='lat' dir='ltr'><strong>peccati.</strong></span> <span class='ocrx_word' id='word_1_554' title='bbox 2938 1435 2993 1490; x_wconf 89' lang='lat' dir='ltr'><strong>Si</strong></span> <span class='ocrx_word' id='word_1_555' title='bbox 3022 1437 3423 1506; x_wconf 88' lang='lat' dir='ltr'><strong>acquiesceret,</strong></span> <span class='ocrx_word' id='word_1_556' title='bbox 3464 1438 3614 1494; x_wconf 78' lang='lat' dir='ltr'><strong>fieret</strong></span> 
     </span>
    </p>
   </div>
   <div class='ocr_carea' id='block_1_74' title="bbox 2050 1519 3611 1599">
    <p class='ocr_par' dir='ltr' id='par_1_74' title="bbox 2050 1519 3611 1599">
     <span class='ocr_line' id='line_1_74' title="bbox 2050 1519 3611 1599; baseline 0.006 -25"><span class='ocrx_word' id='word_1_557' title='bbox 2050 1519 2462 1592; x_wconf 81' lang='lat' dir='ltr'><strong>Pelagianuszsi</strong></span> <span class='ocrx_word' id='word_1_558' title='bbox 2503 1537 2632 1578; x_wconf 89' lang='lat' dir='ltr'><strong>vero</strong></span> <span class='ocrx_word' id='word_1_559' title='bbox 2678 1523 2848 1579; x_wconf 71' lang='lat' dir='ltr'><strong>irrisa:</strong></span> <span class='ocrx_word' id='word_1_560' title='bbox 2887 1525 3008 1579; x_wconf 86' lang='lat' dir='ltr'><strong>huic</strong></span> <span class='ocrx_word' id='word_1_561' title='bbox 3049 1527 3360 1595; x_wconf 69' lang='lat' dir='ltr'><strong>insipientize</strong></span> <span class='ocrx_word' id='word_1_562' title='bbox 3401 1531 3611 1599; x_wconf 65' lang='lat' dir='ltr'><strong>acquieo</strong></span> 
     </span>
    </p>
   </div>
   <div class='ocr_carea' id='block_1_75' title="bbox 2047 1611 3610 1683">
    <p class='ocr_par' dir='ltr' id='par_1_75' title="bbox 2047 1611 3610 1683">
     <span class='ocr_line' id='line_1_75' title="bbox 2047 1611 3610 1683; baseline 0.005 -18"><span class='ocrx_word' id='word_1_563' title='bbox 2047 1623 2198 1665; x_wconf 84' lang='lat' dir='ltr'><strong>scere</strong></span> <span class='ocrx_word' id='word_1_564' title='bbox 2240 1611 2441 1676; x_wconf 91' lang='lat' dir='ltr'><strong>nollet,</strong></span> <span class='ocrx_word' id='word_1_565' title='bbox 2473 1620 2784 1683; x_wconf 89' lang='lat' dir='ltr'><strong>argueretur</strong></span> <span class='ocrx_word' id='word_1_566' title='bbox 2807 1628 2838 1667; x_wconf 88' lang='lat' dir='ltr'><strong>a</strong></span> <span class='ocrx_word' id='word_1_567' title='bbox 2875 1615 3026 1670; x_wconf 88' lang='lat' dir='ltr'><strong>vobis</strong></span> <span class='ocrx_word' id='word_1_568' title='bbox 3059 1625 3119 1670; x_wconf 90' lang='lat' dir='ltr'><strong>ut</strong></span> <span class='ocrx_word' id='word_1_569' title='bbox 3145 1616 3483 1674; x_wconf 65' lang='lat' dir='ltr'><strong>Maniclwus.</strong></span> <span class='ocrx_word' id='word_1_570' title='bbox 3512 1619 3610 1674; x_wconf 87' lang='lat' dir='ltr'><strong>Sed</strong></span> 
     </span>
    </p>
   </div>
   <div class='ocr_carea' id='block_1_76' title="bbox 2021 1699 3616 1775">
    <p class='ocr_par' dir='ltr' id='par_1_76' title="bbox 2021 1699 3616 1775">
     <span class='ocr_line' id='line_1_76' title="bbox 2021 1699 3616 1775; baseline 0.008 -21"><span class='ocrx_word' id='word_1_571' title='bbox 2021 1699 2174 1756; x_wconf 78' lang='lat' dir='ltr'><strong>huic</strong></span> <span class='ocrx_word' id='word_1_572' title='bbox 2199 1704 2560 1770; x_wconf 88' lang='lat' dir='ltr'><strong>contentioni,</strong></span> <span class='ocrx_word' id='word_1_573' title='bbox 2587 1705 2680 1760; x_wconf 89' lang='lat' dir='ltr'><strong>Dei</strong></span> <span class='ocrx_word' id='word_1_574' title='bbox 2701 1714 2886 1761; x_wconf 90' lang='lat' dir='ltr'><strong>sancte</strong></span> <span class='ocrx_word' id='word_1_575' title='bbox 2909 1707 3131 1762; x_wconf 88' lang='lat' dir='ltr'><strong>antistes</strong></span> <span class='ocrx_word' id='word_1_576' title='bbox 3157 1711 3403 1766; x_wconf 82' lang='lat' dir='ltr'><strong>Ambrosi</strong></span> <span class='ocrx_word' id='word_1_577' title='bbox 3422 1752 3435 1775; x_wconf 93' lang='lat'><strong>,</strong></span> <span class='ocrx_word' id='word_1_578' title='bbox 3463 1711 3616 1766; x_wconf 89' lang='lat' dir='ltr'><strong>docte</strong></span> 
     </span>
    </p>
   </div>
   <div class='ocr_carea' id='block_1_77' title="bbox 2049 1791 3614 1870">
    <p class='ocr_par' dir='ltr' id='par_1_77' title="bbox 2049 1791 3614 1870">
     <span class='ocr_line' id='line_1_77' title="bbox 2049 1791 3614 1870; baseline 0.006 -25"><span class='ocrx_word' id='word_1_579' title='bbox 2049 1791 2102 1845; x_wconf 91' lang='lat' dir='ltr'><strong>in</strong></span> <span class='ocrx_word' id='word_1_580' title='bbox 2142 1791 2377 1848; x_wconf 88' lang='lat' dir='ltr'><strong>Ecclesia</strong></span> <span class='ocrx_word' id='word_1_581' title='bbox 2423 1801 2478 1848; x_wconf 89' lang='lat' dir='ltr'><strong>et</strong></span> <span class='ocrx_word' id='word_1_582' title='bbox 2513 1793 2700 1848; x_wconf 87' lang='lat' dir='ltr'><strong>doctor</strong></span> <span class='ocrx_word' id='word_1_583' title='bbox 2730 1795 3012 1862; x_wconf 73' lang='lat' dir='ltr'><strong>Ecclesiae,</strong></span> <span class='ocrx_word' id='word_1_584' title='bbox 3041 1796 3128 1852; x_wconf 89' lang='lat' dir='ltr'><strong>dic</strong></span> <span class='ocrx_word' id='word_1_585' title='bbox 3175 1799 3292 1854; x_wconf 90' lang='lat' dir='ltr'><strong>istis</strong></span> <span class='ocrx_word' id='word_1_586' title='bbox 3314 1841 3329 1864; x_wconf 94' lang='lat'><strong>,</strong></span> <span class='ocrx_word' id='word_1_587' title='bbox 3359 1802 3614 1870; x_wconf 82' lang='lat' dir='ltr'><strong>concupi-</strong></span> 
     </span>
    </p>
   </div>
   <div class='ocr_carea' id='block_1_78' title="bbox 2049 1880 3619 1960">
    <p class='ocr_par' dir='ltr' id='par_1_78' title="bbox 2049 1880 3619 1960">
     <span class='ocr_line' id='line_1_78' title="bbox 2049 1880 3619 1960; baseline 0.006 -25"><span class='ocrx_word' id='word_1_588' title='bbox 2049 1880 2304 1936; x_wconf 84' lang='lat' dir='ltr'><strong>scentiam</strong></span> <span class='ocrx_word' id='word_1_589' title='bbox 2345 1897 2447 1952; x_wconf 88' lang='lat' dir='ltr'><strong>qua</strong></span> <span class='ocrx_word' id='word_1_590' title='bbox 2475 1897 2603 1938; x_wconf 88' lang='lat' dir='ltr'><strong>caro</strong></span> <span class='ocrx_word' id='word_1_591' title='bbox 2626 1886 2952 1954; x_wconf 86' lang='lat' dir='ltr'><strong>concupiscit</strong></span> <span class='ocrx_word' id='word_1_592' title='bbox 2989 1887 3245 1942; x_wconf 85' lang='lat' dir='ltr'><strong>adversus</strong></span> <span class='ocrx_word' id='word_1_593' title='bbox 3273 1889 3537 1960; x_wconf 87' lang='lat' dir='ltr'><strong>spiritum,</strong></span> <span class='ocrx_word' id='word_1_594' title='bbox 3564 1900 3619 1945; x_wconf 89' lang='lat' dir='ltr'><strong>et</strong></span> 
     </span>
    </p>
   </div>
   <div class='ocr_carea' id='block_1_79' title="bbox 2049 1969 3618 2046">
    <p class='ocr_par' dir='ltr' id='par_1_79' title="bbox 2049 1969 3618 2046">
     <span class='ocr_line' id='line_1_79' title="bbox 2049 1969 3618 2046; baseline 0.007 -22"><span class='ocrx_word' id='word_1_595' title='bbox 2049 1969 2117 2024; x_wconf 89' lang='lat' dir='ltr'><strong>de</strong></span> <span class='ocrx_word' id='word_1_596' title='bbox 2141 1985 2241 2041; x_wconf 89' lang='lat' dir='ltr'><strong>qua</strong></span> <span class='ocrx_word' id='word_1_597' title='bbox 2271 1970 2590 2028; x_wconf 78' lang='lat' dir='ltr'><strong>Manichacus</strong></span> <span class='ocrx_word' id='word_1_598' title='bbox 2610 1975 2855 2030; x_wconf 89' lang='lat' dir='ltr'><strong>nesciens</strong></span> <span class='ocrx_word' id='word_1_599' title='bbox 2879 1976 3004 2045; x_wconf 90' lang='lat' dir='ltr'><strong>quid</strong></span> <span class='ocrx_word' id='word_1_600' title='bbox 3031 1976 3294 2046; x_wconf 87' lang='lat' dir='ltr'><strong>loquatur,</strong></span> <span class='ocrx_word' id='word_1_601' title='bbox 3319 1980 3484 2034; x_wconf 91' lang='lat' dir='ltr'><strong>tendit</strong></span> <span class='ocrx_word' id='word_1_602' title='bbox 3505 1997 3618 2035; x_wconf 83' lang='lat' dir='ltr'><strong>mu-</strong></span> 
     </span>
    </p>
   </div>
   <div class='ocr_carea' id='block_1_80' title="bbox 2050 2061 3620 2131">
    <p class='ocr_par' dir='ltr' id='par_1_80' title="bbox 2050 2061 3620 2131">
     <span class='ocr_line' id='line_1_80' title="bbox 2050 2061 3620 2131; baseline 0.008 -18"><span class='ocrx_word' id='word_1_603' title='bbox 2050 2061 2278 2130; x_wconf 84' lang='lat' dir='ltr'><strong>scipulas</strong></span> <span class='ocrx_word' id='word_1_604' title='bbox 2304 2062 2579 2131; x_wconf 88' lang='lat' dir='ltr'><strong>imperitis,</strong></span> <span class='ocrx_word' id='word_1_605' title='bbox 2609 2079 2714 2118; x_wconf 91' lang='lat' dir='ltr'><strong>non</strong></span> <span class='ocrx_word' id='word_1_606' title='bbox 2749 2081 2814 2118; x_wconf 85' lang='lat' dir='ltr'><strong>ex</strong></span> <span class='ocrx_word' id='word_1_607' title='bbox 2839 2065 3025 2121; x_wconf 64' lang='lat' dir='ltr'><strong>aliena:</strong></span> <span class='ocrx_word' id='word_1_608' title='bbox 3053 2069 3431 2125; x_wconf 82' lang='lat' dir='ltr'><strong>commixtione</strong></span> <span class='ocrx_word' id='word_1_609' title='bbox 3468 2079 3620 2125; x_wconf 83' lang='lat' dir='ltr'><strong>natu-</strong></span> 
     </span>
    </p>
   </div>
   <div class='ocr_carea' id='block_1_81' title="bbox 2051 2155 3621 2227">
    <p class='ocr_par' dir='ltr' id='par_1_81' title="bbox 2051 2155 3621 2227">
     <span class='ocr_line' id='line_1_81' title="bbox 2051 2155 3621 2227; baseline 0.008 -21"><span class='ocrx_word' id='word_1_610' title='bbox 2051 2168 2145 2218; x_wconf 72' lang='lat' dir='ltr'><strong>m,</strong></span> <span class='ocrx_word' id='word_1_611' title='bbox 2173 2155 2306 2208; x_wconf 91' lang='lat' dir='ltr'><strong>sicut</strong></span> <span class='ocrx_word' id='word_1_612' title='bbox 2329 2155 2416 2210; x_wconf 88' lang='lat' dir='ltr'><strong>ille</strong></span> <span class='ocrx_word' id='word_1_613' title='bbox 2437 2155 2648 2227; x_wconf 90' lang='lat' dir='ltr'><strong>desipit,</strong></span> <span class='ocrx_word' id='word_1_614' title='bbox 2678 2158 2773 2213; x_wconf 91' lang='lat' dir='ltr'><strong>sed</strong></span> <span class='ocrx_word' id='word_1_615' title='bbox 2797 2169 2998 2215; x_wconf 55' lang='lat' dir='ltr'><strong>naturae</strong></span> <span class='ocrx_word' id='word_1_616' title='bbox 3025 2172 3224 2217; x_wconf 75' lang='lat' dir='ltr'><strong>nostra:</strong></span> <span class='ocrx_word' id='word_1_617' title='bbox 3251 2163 3406 2220; x_wconf 81' lang='lat' dir='ltr'><strong>home</strong></span> <span class='ocrx_word' id='word_1_618' title='bbox 3429 2181 3456 2218; x_wconf 91' lang='lat' dir='ltr'><strong>a</strong></span> <span class='ocrx_word' id='word_1_619' title='bbox 3480 2167 3621 2221; x_wconf 87' lang='lat' dir='ltr'><strong>bono</strong></span> 
     </span>
    </p>
   </div>
   <div class='ocr_carea' id='block_1_82' title="bbox 2051 2245 3620 2320">
    <p class='ocr_par' dir='ltr' id='par_1_82' title="bbox 2051 2245 3620 2320">
     <span class='ocr_line' id='line_1_82' title="bbox 2051 2245 3620 2320; baseline 0.011 -23"><span class='ocrx_word' id='word_1_620' title='bbox 2051 2245 2281 2300; x_wconf 72' lang='lat' dir='ltr'><strong>condita:</strong></span> <span class='ocrx_word' id='word_1_621' title='bbox 2318 2261 2381 2300; x_wconf 86' lang='lat' dir='ltr'><strong>ex</strong></span> <span class='ocrx_word' id='word_1_622' title='bbox 2431 2249 2860 2316; x_wconf 64' lang='lat' dir='ltr'><strong>prrevaricatione</strong></span> <span class='ocrx_word' id='word_1_623' title='bbox 2887 2251 3044 2320; x_wconf 89' lang='lat' dir='ltr'><strong>primi</strong></span> <span class='ocrx_word' id='word_1_624' title='bbox 3093 2254 3322 2310; x_wconf 85' lang='lat' dir='ltr'><strong>hominis</strong></span> <span class='ocrx_word' id='word_1_625' title='bbox 3364 2257 3620 2314; x_wconf 76' lang='lat' dir='ltr'><strong>accidisse</strong></span> 
     </span>
    </p>
   </div>
   <div class='ocr_carea' id='block_1_83' title="bbox 2055 2332 3618 2414">
    <p class='ocr_par' dir='ltr' id='par_1_83' title="bbox 2055 2332 3618 2414">
     <span class='ocr_line' id='line_1_83' title="bbox 2055 2332 3618 2414; baseline 0.008 -28"><span class='ocrx_word' id='word_1_626' title='bbox 2055 2332 2189 2404; x_wconf 81' lang='lat' dir='ltr'><strong>(Lib.</strong></span> <span class='ocrx_word' id='word_1_627' title='bbox 2219 2335 2250 2388; x_wconf 89' lang='lat'><strong>7</strong></span> <span class='ocrx_word' id='word_1_628' title='bbox 2276 2335 2328 2387; x_wconf 82' lang='lat' dir='ltr'><strong>in</strong></span> <span class='ocrx_word' id='word_1_629' title='bbox 2357 2335 2480 2389; x_wconf 83' lang='lat' dir='ltr'><strong>Luc.</strong></span> <span class='ocrx_word' id='word_1_630' title='bbox 2516 2338 2637 2407; x_wconf 88' lang='lat' dir='ltr'><strong>xu).</strong></span> <span class='ocrx_word' id='word_1_631' title='bbox 2666 2337 2771 2392; x_wconf 89' lang='lat' dir='ltr'><strong>Sed</strong></span> <span class='ocrx_word' id='word_1_632' title='bbox 2798 2354 2893 2393; x_wconf 91' lang='lat' dir='ltr'><strong>vos</strong></span> <span class='ocrx_word' id='word_1_633' title='bbox 2921 2341 3142 2396; x_wconf 77' lang='lat' dir='ltr'><strong>fortasse</strong></span> <span class='ocrx_word' id='word_1_634' title='bbox 3165 2343 3618 2414; x_wconf 85' lang='lat' dir='ltr'><strong>impudentissima</strong></span> 
     </span>
    </p>
   </div>
   <div class='ocr_carea' id='block_1_84' title="bbox 2051 2425 3621 2505">
    <p class='ocr_par' dir='ltr' id='par_1_84' title="bbox 2051 2425 3621 2505">
     <span class='ocr_line' id='line_1_84' title="bbox 2051 2425 3621 2505; baseline 0.008 -28"><span class='ocrx_word' id='word_1_635' title='bbox 2051 2425 2340 2493; x_wconf 69' lang='lat' dir='ltr'><strong>pervicacia</strong></span> <span class='ocrx_word' id='word_1_636' title='bbox 2387 2427 2578 2496; x_wconf 88' lang='lat' dir='ltr'><strong>eligitis</strong></span> <span class='ocrx_word' id='word_1_637' title='bbox 2634 2429 2934 2498; x_wconf 88' lang='lat' dir='ltr'><strong>adjumenta</strong></span> <span class='ocrx_word' id='word_1_638' title='bbox 2987 2433 3223 2500; x_wconf 76' lang='lat' dir='ltr'><strong>przebere</strong></span> <span class='ocrx_word' id='word_1_639' title='bbox 3267 2435 3621 2505; x_wconf 90' lang='lat' dir='ltr'><strong>impurissimo</strong></span> 
     </span>
    </p>
   </div>
   <div class='ocr_carea' id='block_1_85' title="bbox 2050 2513 3622 2596">
    <p class='ocr_par' dir='ltr' id='par_1_85' title="bbox 2050 2513 3622 2596">
     <span class='ocr_line' id='line_1_85' title="bbox 2050 2513 3622 2596; baseline 0.008 -28"><span class='ocrx_word' id='word_1_640' title='bbox 2050 2513 2358 2582; x_wconf 69' lang='lat' dir='ltr'><strong>Hanichmo,</strong></span> <span class='ocrx_word' id='word_1_641' title='bbox 2389 2531 2544 2584; x_wconf 88' lang='lat' dir='ltr'><strong>quam</strong></span> <span class='ocrx_word' id='word_1_642' title='bbox 2574 2528 2755 2572; x_wconf 85' lang='lat' dir='ltr'><strong>sancto</strong></span> <span class='ocrx_word' id='word_1_643' title='bbox 2783 2520 3118 2589; x_wconf 87' lang='lat' dir='ltr'><strong>acquiescere</strong></span> <span class='ocrx_word' id='word_1_644' title='bbox 3141 2522 3444 2579; x_wconf 83' lang='lat' dir='ltr'><strong>Ambrosio.</strong></span> <span class='ocrx_word' id='word_1_645' title='bbox 3468 2527 3622 2596; x_wconf 83' lang='lat' dir='ltr'><strong>Agite</strong></span> 
     </span>
    </p>
   </div>
   <div class='ocr_carea' id='block_1_86' title="bbox 2056 2603 3621 2683">
    <p class='ocr_par' dir='ltr' id='par_1_86' title="bbox 2056 2603 3621 2683">
     <span class='ocr_line' id='line_1_86' title="bbox 2056 2603 3621 2683; baseline 0.005 -25"><span class='ocrx_word' id='word_1_646' title='bbox 2056 2611 2114 2659; x_wconf 88' lang='lat' dir='ltr'><strong>ut</strong></span> <span class='ocrx_word' id='word_1_647' title='bbox 2153 2603 2366 2673; x_wconf 88' lang='lat' dir='ltr'><strong>placet,</strong></span> <span class='ocrx_word' id='word_1_648' title='bbox 2398 2604 2491 2660; x_wconf 84' lang='lat' dir='ltr'><strong>sed</strong></span> <span class='ocrx_word' id='word_1_649' title='bbox 2526 2622 2630 2660; x_wconf 90' lang='lat' dir='ltr'><strong>non</strong></span> <span class='ocrx_word' id='word_1_650' title='bbox 2677 2610 2926 2678; x_wconf 89' lang='lat' dir='ltr'><strong>gaudebit</strong></span> <span class='ocrx_word' id='word_1_651' title='bbox 2970 2612 3055 2665; x_wconf 85' lang='lat' dir='ltr'><strong>vel</strong></span> <span class='ocrx_word' id='word_1_652' title='bbox 3099 2612 3248 2666; x_wconf 90' lang='lat' dir='ltr'><strong>vobis</strong></span> <span class='ocrx_word' id='word_1_653' title='bbox 3293 2613 3621 2683; x_wconf 78' lang='lat' dir='ltr'><strong>adjutoribus</strong></span> 
     </span>
    </p>
   </div>
   <div class='ocr_carea' id='block_1_87' title="bbox 2051 2693 3622 2765">
    <p class='ocr_par' dir='ltr' id='par_1_87' title="bbox 2051 2693 3622 2765">
     <span class='ocr_line' id='line_1_87' title="bbox 2051 2693 3622 2765; baseline 0.011 -18"><span class='ocrx_word' id='word_1_654' title='bbox 2051 2693 2400 2760; x_wconf 80' lang='lat' dir='ltr'><strong>Mauiclueus;</strong></span> <span class='ocrx_word' id='word_1_655' title='bbox 2424 2698 2672 2765; x_wconf 88' lang='lat' dir='ltr'><strong>quoniam</strong></span> <span class='ocrx_word' id='word_1_656' title='bbox 2696 2699 2953 2756; x_wconf 89' lang='lat' dir='ltr'><strong>catholica</strong></span> <span class='ocrx_word' id='word_1_657' title='bbox 2980 2701 3103 2764; x_wconf 80' lang='lat' dir='ltr'><strong>ﬁde.</strong></span> <span class='ocrx_word' id='word_1_658' title='bbox 3124 2704 3173 2757; x_wconf 94' lang='lat' dir='ltr'><strong>in</strong></span> <span class='ocrx_word' id='word_1_659' title='bbox 3193 2704 3383 2761; x_wconf 88' lang='lat' dir='ltr'><strong>Christi</strong></span> <span class='ocrx_word' id='word_1_660' title='bbox 3409 2708 3622 2764; x_wconf 85' lang='lat' dir='ltr'><strong>nomine</strong></span> 
     </span>
    </p>
   </div>
   <div class='ocr_carea' id='block_1_88' title="bbox 2053 2784 3622 2856">
    <p class='ocr_par' dir='ltr' id='par_1_88' title="bbox 2053 2784 3622 2856">
     <span class='ocr_line' id='line_1_88' title="bbox 2053 2784 3622 2856; baseline 0.008 -17"><span class='ocrx_word' id='word_1_661' title='bbox 2053 2795 2106 2839; x_wconf 89' lang='lat' dir='ltr'><strong>et</strong></span> <span class='ocrx_word' id='word_1_662' title='bbox 2128 2784 2318 2840; x_wconf 87' lang='lat' dir='ltr'><strong>virtute</strong></span> <span class='ocrx_word' id='word_1_663' title='bbox 2361 2797 2613 2856; x_wconf 89' lang='lat' dir='ltr'><strong>utrosque</strong></span> <span class='ocrx_word' id='word_1_664' title='bbox 2645 2788 2807 2843; x_wconf 88' lang='lat' dir='ltr'><strong>vincit</strong></span> <span class='ocrx_word' id='word_1_665' title='bbox 2847 2791 3178 2850; x_wconf 82' lang='lat' dir='ltr'><strong>Ambrosius.</strong></span> <span class='ocrx_word' id='word_1_666' title='bbox 3224 2795 3280 2853; x_wconf 90' lang='lat' dir='ltr'><strong>Si</strong></span> <span class='ocrx_word' id='word_1_667' title='bbox 3319 2798 3456 2852; x_wconf 90' lang='lat' dir='ltr'><strong>enim</strong></span> <span class='ocrx_word' id='word_1_668' title='bbox 3503 2800 3622 2853; x_wconf 83' lang='lat' dir='ltr'><strong>talis</strong></span> 
     </span>
    </p>
   </div>
   <div class='ocr_carea' id='block_1_89' title="bbox 2053 2875 3623 2952">
    <p class='ocr_par' dir='ltr' id='par_1_89' title="bbox 2053 2875 3623 2952">
     <span class='ocr_line' id='line_1_89' title="bbox 2053 2875 3623 2952; baseline 0.01 -23"><span class='ocrx_word' id='word_1_669' title='bbox 2053 2883 2194 2930; x_wconf 87' lang='lat' dir='ltr'><strong>esset</strong></span> <span class='ocrx_word' id='word_1_670' title='bbox 2221 2875 2319 2929; x_wconf 87' lang='lat' dir='ltr'><strong>ista</strong></span> <span class='ocrx_word' id='word_1_671' title='bbox 2356 2877 2779 2947; x_wconf 80' lang='lat' dir='ltr'><strong>concupiscentia</strong></span> <span class='ocrx_word' id='word_1_672' title='bbox 2802 2922 2817 2948; x_wconf 92' lang='lat'><strong>,</strong></span> <span class='ocrx_word' id='word_1_673' title='bbox 2846 2897 2964 2952; x_wconf 64' lang='lat' dir='ltr'><strong>quae</strong></span> <span class='ocrx_word' id='word_1_674' title='bbox 2991 2884 3188 2938; x_wconf 88' lang='lat' dir='ltr'><strong>carnali</strong></span> <span class='ocrx_word' id='word_1_675' title='bbox 3215 2901 3312 2940; x_wconf 89' lang='lat' dir='ltr'><strong>suo</strong></span> <span class='ocrx_word' id='word_1_676' title='bbox 3339 2897 3483 2942; x_wconf 92' lang='lat' dir='ltr'><strong>motu</strong></span> <span class='ocrx_word' id='word_1_677' title='bbox 3523 2904 3623 2944; x_wconf 88' lang='lat' dir='ltr'><strong>nec</strong></span> 
     </span>
    </p>
   </div>
   <div class='ocr_carea' id='block_1_90' title="bbox 2056 2965 3621 3044">
    <p class='ocr_par' dir='ltr' id='par_1_90' title="bbox 2056 2965 3621 3044">
     <span class='ocr_line' id='line_1_90' title="bbox 2056 2965 3621 3044; baseline 0.012 -27"><span class='ocrx_word' id='word_1_678' title='bbox 2056 2965 2398 3034; x_wconf 71' lang='lat' dir='ltr'><strong>prtecedcret,</strong></span> <span class='ocrx_word' id='word_1_679' title='bbox 2427 2983 2524 3023; x_wconf 89' lang='lat' dir='ltr'><strong>nec</strong></span> <span class='ocrx_word' id='word_1_680' title='bbox 2551 2970 2836 3026; x_wconf 86' lang='lat' dir='ltr'><strong>excederet</strong></span> <span class='ocrx_word' id='word_1_681' title='bbox 2862 2973 3090 3028; x_wconf 86' lang='lat' dir='ltr'><strong>hominis</strong></span> <span class='ocrx_word' id='word_1_682' title='bbox 3132 2977 3455 3033; x_wconf 89' lang='lat' dir='ltr'><strong>voluntatem</strong></span> <span class='ocrx_word' id='word_1_683' title='bbox 3481 3021 3495 3044; x_wconf 93' lang='lat'><strong>,</strong></span> <span class='ocrx_word' id='word_1_684' title='bbox 3527 2981 3621 3034; x_wconf 84' lang='lat' dir='ltr'><strong>sed</strong></span> 
     </span>
    </p>
   </div>
   <div class='ocr_carea' id='block_1_91' title="bbox 2055 3056 3610 3135">
    <p class='ocr_par' dir='ltr' id='par_1_91' title="bbox 2055 3056 3610 3135">
     <span class='ocr_line' id='line_1_91' title="bbox 2055 3056 3610 3135; baseline 0.006 -22"><span class='ocrx_word' id='word_1_685' title='bbox 2055 3056 2172 3128; x_wconf 84' lang='lat' dir='ltr'><strong>ejus</strong></span> <span class='ocrx_word' id='word_1_686' title='bbox 2197 3072 2404 3129; x_wconf 87' lang='lat' dir='ltr'><strong>semper</strong></span> <span class='ocrx_word' id='word_1_687' title='bbox 2429 3071 2739 3130; x_wconf 86' lang='lat' dir='ltr'><strong>sequeretur</strong></span> <span class='ocrx_word' id='word_1_688' title='bbox 2765 3063 3036 3124; x_wconf 80' lang='lat' dir='ltr'><strong>arbitrium</strong></span> <span class='ocrx_word' id='word_1_689' title='bbox 3061 3081 3076 3129; x_wconf 91' lang='lat'><strong>;</strong></span> <span class='ocrx_word' id='word_1_690' title='bbox 3109 3066 3346 3135; x_wconf 89' lang='lat' dir='ltr'><strong>profecto</strong></span> <span class='ocrx_word' id='word_1_691' title='bbox 3376 3084 3474 3123; x_wconf 90' lang='lat' dir='ltr'><strong>nec</strong></span> <span class='ocrx_word' id='word_1_692' title='bbox 3501 3071 3610 3123; x_wconf 77' lang='lat' dir='ltr'><strong>Ma-</strong></span> 
     </span>
    </p>
   </div>
   <div class='ocr_carea' id='block_1_92' title="bbox 2058 3148 3615 3224">
    <p class='ocr_par' dir='ltr' id='par_1_92' title="bbox 2058 3148 3615 3224">
     <span class='ocr_line' id='line_1_92' title="bbox 2058 3148 3615 3224; baseline 0.007 -23"><span class='ocrx_word' id='word_1_693' title='bbox 2058 3148 2290 3203; x_wconf 69' lang='lat' dir='ltr'><strong>nichazus</strong></span> <span class='ocrx_word' id='word_1_694' title='bbox 2316 3149 2439 3218; x_wconf 89' lang='lat' dir='ltr'><strong>quid</strong></span> <span class='ocrx_word' id='word_1_695' title='bbox 2489 3150 2540 3204; x_wconf 91' lang='lat' dir='ltr'><strong>in</strong></span> <span class='ocrx_word' id='word_1_696' title='bbox 2583 3166 2644 3205; x_wconf 88' lang='lat' dir='ltr'><strong>ea</strong></span> <span class='ocrx_word' id='word_1_697' title='bbox 2669 3151 2810 3220; x_wconf 85' lang='lat' dir='ltr'><strong>juste</strong></span> <span class='ocrx_word' id='word_1_698' title='bbox 2846 3153 3287 3224; x_wconf 88' lang='lat' dir='ltr'><strong>reprehenderet,</strong></span> <span class='ocrx_word' id='word_1_699' title='bbox 3317 3157 3615 3224; x_wconf 85' lang='lat' dir='ltr'><strong>inveniret,</strong></span> 
     </span>
    </p>
   </div>
   <div class='ocr_carea' id='block_1_93' title="bbox 2059 3243 3622 3320">
    <p class='ocr_par' dir='ltr' id='par_1_93' title="bbox 2059 3243 3622 3320">
     <span class='ocr_line' id='line_1_93' title="bbox 2059 3243 3622 3320; baseline 0.006 -25"><span class='ocrx_word' id='word_1_700' title='bbox 2059 3255 2158 3296; x_wconf 83' lang='lat' dir='ltr'><strong>nec</strong></span> <span class='ocrx_word' id='word_1_701' title='bbox 2197 3257 2314 3296; x_wconf 89' lang='lat' dir='ltr'><strong>eam</strong></span> <span class='ocrx_word' id='word_1_702' title='bbox 2360 3243 2618 3314; x_wconf 89' lang='lat' dir='ltr'><strong>quispiam</strong></span> <span class='ocrx_word' id='word_1_703' title='bbox 2664 3253 2901 3299; x_wconf 83' lang='lat' dir='ltr'><strong>nostrum</strong></span> <span class='ocrx_word' id='word_1_704' title='bbox 2933 3245 2984 3300; x_wconf 92' lang='lat' dir='ltr'><strong>in</strong></span> <span class='ocrx_word' id='word_1_705' title='bbox 3028 3248 3272 3316; x_wconf 87' lang='lat' dir='ltr'><strong>paradiso</strong></span> <span class='ocrx_word' id='word_1_706' title='bbox 3309 3251 3622 3320; x_wconf 77' lang='lat' dir='ltr'><strong>conjugatos</strong></span> 
     </span>
    </p>
   </div>
   <div class='ocr_carea' id='block_1_94' title="bbox 2059 3331 3622 3403">
    <p class='ocr_par' dir='ltr' id='par_1_94' title="bbox 2059 3331 3622 3403">
     <span class='ocr_line' id='line_1_94' title="bbox 2059 3331 3622 3403; baseline 0.007 -19"><span class='ocrx_word' id='word_1_707' title='bbox 2059 3331 2256 3387; x_wconf 89' lang='lat' dir='ltr'><strong>habere</strong></span> <span class='ocrx_word' id='word_1_708' title='bbox 2296 3347 2398 3386; x_wconf 91' lang='lat' dir='ltr'><strong>non</strong></span> <span class='ocrx_word' id='word_1_709' title='bbox 2431 3335 2661 3403; x_wconf 89' lang='lat' dir='ltr'><strong>potuisse</strong></span> <span class='ocrx_word' id='word_1_710' title='bbox 2687 3336 3063 3403; x_wconf 88' lang='lat' dir='ltr'><strong>contenderet;</strong></span> <span class='ocrx_word' id='word_1_711' title='bbox 3095 3352 3194 3394; x_wconf 90' lang='lat' dir='ltr'><strong>nec</strong></span> <span class='ocrx_word' id='word_1_712' title='bbox 3221 3339 3532 3394; x_wconf 82' lang='lat' dir='ltr'><strong>Ambrosius</strong></span> <span class='ocrx_word' id='word_1_713' title='bbox 3557 3340 3622 3395; x_wconf 89' lang='lat' dir='ltr'><strong>de</strong></span> 
     </span>
    </p>
   </div>
   <div class='ocr_carea' id='block_1_95' title="bbox 2058 3421 3620 3492">
    <p class='ocr_par' dir='ltr' id='par_1_95' title="bbox 2058 3421 3620 3492">
     <span class='ocr_line' id='line_1_95' title="bbox 2058 3421 3620 3492; baseline 0.008 -20"><span class='ocrx_word' id='word_1_714' title='bbox 2058 3421 2488 3490; x_wconf 65' lang='lat' dir='ltr'><strong>praevaricatione</strong></span> <span class='ocrx_word' id='word_1_715' title='bbox 2514 3422 2669 3492; x_wconf 90' lang='lat' dir='ltr'><strong>primi</strong></span> <span class='ocrx_word' id='word_1_716' title='bbox 2700 3422 2929 3478; x_wconf 89' lang='lat' dir='ltr'><strong>hominis</strong></span> <span class='ocrx_word' id='word_1_717' title='bbox 2953 3440 3068 3480; x_wconf 92' lang='lat' dir='ltr'><strong>eam</strong></span> <span class='ocrx_word' id='word_1_718' title='bbox 3098 3427 3326 3483; x_wconf 85' lang='lat' dir='ltr'><strong>traxisse</strong></span> <span class='ocrx_word' id='word_1_719' title='bbox 3357 3443 3453 3483; x_wconf 91' lang='lat' dir='ltr'><strong>nos</strong></span> <span class='ocrx_word' id='word_1_720' title='bbox 3481 3429 3620 3484; x_wconf 84' lang='lat' dir='ltr'><strong>diee-</strong></span> 
     </span>
    </p>
   </div>
   <div class='ocr_carea' id='block_1_96' title="bbox 2059 3512 3618 3587">
    <p class='ocr_par' dir='ltr' id='par_1_96' title="bbox 2059 3512 3618 3587">
     <span class='ocr_line' id='line_1_96' title="bbox 2059 3512 3618 3587; baseline 0.006 -22"><span class='ocrx_word' id='word_1_721' title='bbox 2059 3518 2162 3576; x_wconf 88' lang='lat' dir='ltr'><strong>ret,</strong></span> <span class='ocrx_word' id='word_1_722' title='bbox 2191 3512 2311 3581; x_wconf 91' lang='lat' dir='ltr'><strong>quia</strong></span> <span class='ocrx_word' id='word_1_723' title='bbox 2351 3514 2729 3582; x_wconf 85' lang='lat' dir='ltr'><strong>concupiscere</strong></span> <span class='ocrx_word' id='word_1_724' title='bbox 2763 3523 2945 3570; x_wconf 88' lang='lat' dir='ltr'><strong>contra</strong></span> <span class='ocrx_word' id='word_1_725' title='bbox 2982 3518 3222 3587; x_wconf 87' lang='lat' dir='ltr'><strong>spiritum</strong></span> <span class='ocrx_word' id='word_1_726' title='bbox 3268 3535 3372 3574; x_wconf 93' lang='lat' dir='ltr'><strong>non</strong></span> <span class='ocrx_word' id='word_1_727' title='bbox 3402 3520 3618 3575; x_wconf 86' lang='lat' dir='ltr'><strong>videret.</strong></span> 
     </span>
    </p>
   </div>
   <div class='ocr_carea' id='block_1_97' title="bbox 2060 3600 3616 3679">
    <p class='ocr_par' dir='ltr' id='par_1_97' title="bbox 2060 3600 3616 3679">
     <span class='ocr_line' id='line_1_97' title="bbox 2060 3600 3616 3679; baseline 0.004 -24"><span class='ocrx_word' id='word_1_728' title='bbox 2060 3600 2208 3656; x_wconf 84' lang='lat' dir='ltr'><strong>Nunc</strong></span> <span class='ocrx_word' id='word_1_729' title='bbox 2234 3616 2360 3656; x_wconf 91' lang='lat' dir='ltr'><strong>vero</strong></span> <span class='ocrx_word' id='word_1_730' title='bbox 2383 3602 2503 3673; x_wconf 89' lang='lat' dir='ltr'><strong>quia</strong></span> <span class='ocrx_word' id='word_1_731' title='bbox 2535 3604 2653 3658; x_wconf 89' lang='lat' dir='ltr'><strong>talis</strong></span> <span class='ocrx_word' id='word_1_732' title='bbox 2679 3613 2780 3672; x_wconf 89' lang='lat' dir='ltr'><strong>est,</strong></span> <span class='ocrx_word' id='word_1_733' title='bbox 2811 3615 2868 3659; x_wconf 90' lang='lat' dir='ltr'><strong>ut</strong></span> <span class='ocrx_word' id='word_1_734' title='bbox 2893 3607 3230 3676; x_wconf 89' lang='lat' dir='ltr'><strong>concupiscat</strong></span> <span class='ocrx_word' id='word_1_735' title='bbox 3256 3618 3439 3664; x_wconf 89' lang='lat' dir='ltr'><strong>contra</strong></span> <span class='ocrx_word' id='word_1_736' title='bbox 3469 3611 3616 3679; x_wconf 78' lang='lat' dir='ltr'><strong>spiri-</strong></span> 
     </span>
    </p>
   </div>
   <div class='ocr_carea' id='block_1_98' title="bbox 2063 3693 3625 3764">
    <p class='ocr_par' dir='ltr' id='par_1_98' title="bbox 2063 3693 3625 3764">
     <span class='ocr_line' id='line_1_98' title="bbox 2063 3693 3625 3764; baseline 0.003 -18"><span class='ocrx_word' id='word_1_737' title='bbox 2063 3701 2201 3756; x_wconf 91' lang='lat' dir='ltr'><strong>tum,</strong></span> <span class='ocrx_word' id='word_1_738' title='bbox 2228 3693 2434 3748; x_wconf 90' lang='lat' dir='ltr'><strong>etiamsi</strong></span> <span class='ocrx_word' id='word_1_739' title='bbox 2478 3696 2662 3764; x_wconf 90' lang='lat' dir='ltr'><strong>spiritu</strong></span> <span class='ocrx_word' id='word_1_740' title='bbox 2706 3697 2985 3752; x_wconf 88' lang='lat' dir='ltr'><strong>resistente</strong></span> <span class='ocrx_word' id='word_1_741' title='bbox 3023 3713 3126 3752; x_wconf 92' lang='lat' dir='ltr'><strong>non</strong></span> <span class='ocrx_word' id='word_1_742' title='bbox 3171 3699 3378 3759; x_wconf 85' lang='lat' dir='ltr'><strong>vincat;</strong></span> <span class='ocrx_word' id='word_1_743' title='bbox 3408 3710 3463 3754; x_wconf 89' lang='lat' dir='ltr'><strong>et</strong></span> <span class='ocrx_word' id='word_1_744' title='bbox 3508 3701 3625 3755; x_wconf 84' lang='lat' dir='ltr'><strong>ideo</strong></span> 
     </span>
    </p>
   </div>
   <div class='ocr_carea' id='block_1_99' title="bbox 2061 3785 3621 3856">
    <p class='ocr_par' dir='ltr' id='par_1_99' title="bbox 2061 3785 3621 3856">
     <span class='ocr_line' id='line_1_99' title="bbox 2061 3785 3621 3856; baseline 0.004 -19"><span class='ocrx_word' id='word_1_745' title='bbox 2061 3797 2180 3838; x_wconf 87' lang='lat' dir='ltr'><strong>esse</strong></span> <span class='ocrx_word' id='word_1_746' title='bbox 2205 3799 2309 3837; x_wconf 91' lang='lat' dir='ltr'><strong>non</strong></span> <span class='ocrx_word' id='word_1_747' title='bbox 2341 3793 2549 3853; x_wconf 88' lang='lat' dir='ltr'><strong>posset,</strong></span> <span class='ocrx_word' id='word_1_748' title='bbox 2577 3800 2706 3853; x_wconf 88' lang='lat' dir='ltr'><strong>pace</strong></span> <span class='ocrx_word' id='word_1_749' title='bbox 2744 3785 2827 3838; x_wconf 91' lang='lat' dir='ltr'><strong>illa</strong></span> <span class='ocrx_word' id='word_1_750' title='bbox 2868 3801 3055 3856; x_wconf 88' lang='lat' dir='ltr'><strong>magna</strong></span> <span class='ocrx_word' id='word_1_751' title='bbox 3096 3787 3147 3841; x_wconf 92' lang='lat' dir='ltr'><strong>in</strong></span> <span class='ocrx_word' id='word_1_752' title='bbox 3175 3788 3418 3856; x_wconf 90' lang='lat' dir='ltr'><strong>paradiso</strong></span> <span class='ocrx_word' id='word_1_753' title='bbox 3446 3789 3621 3843; x_wconf 88' lang='lat' dir='ltr'><strong>fruen-</strong></span> 
     </span>
    </p>
   </div>
   <div class='ocr_carea' id='block_1_100' title="bbox 2063 3873 3626 3938">
    <p class='ocr_par' dir='ltr' id='par_1_100' title="bbox 2063 3873 3626 3938">
     <span class='ocr_line' id='line_1_100' title="bbox 2063 3873 3626 3938; baseline 0.004 -12"><span class='ocrx_word' id='word_1_754' title='bbox 2063 3873 2192 3926; x_wconf 90' lang='lat' dir='ltr'><strong>tium</strong></span> <span class='ocrx_word' id='word_1_755' title='bbox 2245 3873 2549 3938; x_wconf 83' lang='lat' dir='ltr'><strong>beatorum;</strong></span> <span class='ocrx_word' id='word_1_756' title='bbox 2605 3888 2701 3928; x_wconf 91' lang='lat' dir='ltr'><strong>nec</strong></span> <span class='ocrx_word' id='word_1_757' title='bbox 2745 3873 2824 3928; x_wconf 86' lang='lat' dir='ltr'><strong>fas</strong></span> <span class='ocrx_word' id='word_1_758' title='bbox 2861 3885 2944 3930; x_wconf 90' lang='lat' dir='ltr'><strong>est</strong></span> <span class='ocrx_word' id='word_1_759' title='bbox 2985 3875 3205 3932; x_wconf 88' lang='lat' dir='ltr'><strong>credere</strong></span> <span class='ocrx_word' id='word_1_760' title='bbox 3254 3878 3626 3933; x_wconf 79' lang='lat' dir='ltr'><strong>commixtione</strong></span> 
     </span>
    </p>
   </div>
   <div class='ocr_carea' id='block_1_101' title="bbox 2062 3963 3627 4034">
    <p class='ocr_par' dir='ltr' id='par_1_101' title="bbox 2062 3963 3627 4034">
     <span class='ocr_line' id='line_1_101' title="bbox 2062 3963 3627 4034; baseline 0.003 -17"><span class='ocrx_word' id='word_1_761' title='bbox 2062 3963 2214 4017; x_wconf 70' lang='lat' dir='ltr'><strong>malae</strong></span> <span class='ocrx_word' id='word_1_762' title='bbox 2239 3971 2437 4018; x_wconf 69' lang='lat' dir='ltr'><strong>naturae</strong></span> <span class='ocrx_word' id='word_1_763' title='bbox 2464 3964 2855 4034; x_wconf 89' lang='lat' dir='ltr'><strong>corruptibilem</strong></span> <span class='ocrx_word' id='word_1_764' title='bbox 2884 3967 3081 4031; x_wconf 87' lang='lat' dir='ltr'><strong>Deum;</strong></span> <span class='ocrx_word' id='word_1_765' title='bbox 3116 3978 3278 4023; x_wconf 85' lang='lat' dir='ltr'><strong>restat</strong></span> <span class='ocrx_word' id='word_1_766' title='bbox 3301 3979 3360 4023; x_wconf 91' lang='lat' dir='ltr'><strong>ut</strong></span> <span class='ocrx_word' id='word_1_767' title='bbox 3387 3979 3441 4024; x_wconf 92' lang='lat' dir='ltr'><strong>et</strong></span> <span class='ocrx_word' id='word_1_768' title='bbox 3461 3985 3554 4024; x_wconf 87' lang='lat' dir='ltr'><strong>vos</strong></span> <span class='ocrx_word' id='word_1_769' title='bbox 3575 3981 3627 4022; x_wconf 80' lang='lat' dir='ltr'><strong>rt</strong></span> 
     </span>
    </p>
   </div>
   <div class='ocr_carea' id='block_1_102' title="bbox 2062 4051 3627 4128">
    <p class='ocr_par' dir='ltr' id='par_1_102' title="bbox 2062 4051 3627 4128">
     <span class='ocr_line' id='line_1_102' title="bbox 2062 4051 3627 4128; baseline 0.004 -24"><span class='ocrx_word' id='word_1_770' title='bbox 2062 4051 2380 4107; x_wconf 66' lang='lat' dir='ltr'><strong>Manichacus</strong></span> <span class='ocrx_word' id='word_1_771' title='bbox 2398 4051 2724 4108; x_wconf 85' lang='lat' dir='ltr'><strong>lidesvincat</strong></span> <span class='ocrx_word' id='word_1_772' title='bbox 2752 4055 3014 4110; x_wconf 83' lang='lat' dir='ltr'><strong>Ambrosii</strong></span> <span class='ocrx_word' id='word_1_773' title='bbox 3040 4055 3107 4110; x_wconf 91' lang='lat' dir='ltr'><strong>de</strong></span> <span class='ocrx_word' id='word_1_774' title='bbox 3135 4057 3288 4126; x_wconf 89' lang='lat' dir='ltr'><strong>primi</strong></span> <span class='ocrx_word' id='word_1_775' title='bbox 3317 4059 3627 4128; x_wconf 75' lang='lat' dir='ltr'><strong>contagione</strong></span> 
     </span>
    </p>
   </div>
   <div class='ocr_carea' id='block_1_103' title="bbox 2065 4143 2288 4211">
    <p class='ocr_par' dir='ltr' id='par_1_103' title="bbox 2065 4143 2288 4211">
     <span class='ocr_line' id='line_1_103' title="bbox 2065 4143 2288 4211; baseline -0.013 -12"><span class='ocrx_word' id='word_1_776' title='bbox 2065 4143 2288 4211; x_wconf 87' lang='lat' dir='ltr'><strong>peccati.</strong></span> 
     </span>
    </p>
   </div>
   <div class='ocr_carea' id='block_1_104' title="bbox 2133 4230 3626 4308">
    <p class='ocr_par' dir='ltr' id='par_1_104' title="bbox 2133 4230 3626 4308">
     <span class='ocr_line' id='line_1_104' title="bbox 2133 4230 3626 4308; baseline 0.004 -22"><span class='ocrx_word' id='word_1_777' title='bbox 2133 4230 2504 4287; x_wconf 81' lang='lat' dir='ltr'><strong>CLXXXVIII.</strong></span> <span class='ocrx_word' id='word_1_778' title='bbox 2536 4233 2656 4290; x_wconf 75' lang='lat' dir='ltr'><strong>JUL.</strong></span> <span class='ocrx_word' id='word_1_779' title='bbox 2696 4233 2951 4308; x_wconf 76' lang='lat' dir='ltr'><strong>Superest</strong></span> <span class='ocrx_word' id='word_1_780' title='bbox 2985 4247 3045 4291; x_wconf 90' lang='lat' dir='ltr'><strong>ut</strong></span> <span class='ocrx_word' id='word_1_781' title='bbox 3085 4238 3448 4295; x_wconf 74' lang='lat' dir='ltr'><strong>cx&#39;aminemus</strong></span> <span class='ocrx_word' id='word_1_782' title='bbox 3488 4240 3626 4294; x_wconf 89' lang='lat' dir='ltr'><strong>illam</strong></span> 
     </span>
    </p>
   </div>
   <div class='ocr_carea' id='block_1_105' title="bbox 2064 4324 3626 4396">
    <p class='ocr_par' dir='ltr' id='par_1_105' title="bbox 2064 4324 3626 4396">
     <span class='ocr_line' id='line_1_105' title="bbox 2064 4324 3626 4396; baseline 0.001 -17"><span class='ocrx_word' id='word_1_783' title='bbox 2064 4324 2380 4379; x_wconf 83' lang='lat' dir='ltr'><strong>sententiam</strong></span> <span class='ocrx_word' id='word_1_784' title='bbox 2410 4336 2571 4391; x_wconf 90' lang='lat' dir='ltr'><strong>tuam,</strong></span> <span class='ocrx_word' id='word_1_785' title='bbox 2603 4340 2759 4396; x_wconf 88' lang='lat' dir='ltr'><strong>quam</strong></span> <span class='ocrx_word' id='word_1_786' title='bbox 2784 4328 2800 4358; x_wconf 84' lang='grc'>¹</span> <span class='ocrx_word' id='word_1_787' title='bbox 2833 4335 2886 4381; x_wconf 90' lang='grc' dir='ltr'><strong>ιιι</strong></span> <span class='ocrx_word' id='word_1_788' title='bbox 2928 4337 2979 4382; x_wconf 88' lang='lat' dir='ltr'><strong>te</strong></span> <span class='ocrx_word' id='word_1_789' title='bbox 3021 4328 3086 4382; x_wconf 90' lang='lat' dir='ltr'><strong>ad</strong></span> <span class='ocrx_word' id='word_1_790' title='bbox 3129 4344 3287 4382; x_wconf 92' lang='lat' dir='ltr'><strong>unum</strong></span> <span class='ocrx_word' id='word_1_791' title='bbox 3329 4343 3626 4384; x_wconf 86' lang='lat' dir='ltr'><strong>sermonem</strong></span> 
     </span>
    </p>
   </div>
   <div class='ocr_carea' id='block_1_106' title="bbox 2067 4415 3626 4488">
    <p class='ocr_par' dir='ltr' id='par_1_106' title="bbox 2067 4415 3626 4488">
     <span class='ocr_line' id='line_1_106' title="bbox 2067 4415 3626 4488; baseline 0.002 -19"><span class='ocrx_word' id='word_1_792' title='bbox 2067 4430 2318 4471; x_wconf 87' lang='lat' dir='ltr'><strong>revocare</strong></span> <span class='ocrx_word' id='word_1_793' title='bbox 2344 4415 2606 4484; x_wconf 88' lang='lat' dir='ltr'><strong>pollicitus</strong></span> <span class='ocrx_word' id='word_1_794' title='bbox 2629 4457 2644 4479; x_wconf 84' lang='lat'><em>.</em></span> <span class='ocrx_word' id='word_1_795' title='bbox 2678 4417 2927 4482; x_wconf 76' lang='lat' dir='ltr'><strong>breviter,</strong></span> <span class='ocrx_word' id='word_1_796' title='bbox 2961 4427 3018 4472; x_wconf 93' lang='lat' dir='ltr'><strong>ut</strong></span> <span class='ocrx_word' id='word_1_797' title='bbox 3045 4433 3152 4472; x_wconf 93' lang='lat' dir='ltr'><strong>non</strong></span> <span class='ocrx_word' id='word_1_798' title='bbox 3181 4427 3264 4473; x_wconf 92' lang='lat' dir='ltr'><strong>est</strong></span> <span class='ocrx_word' id='word_1_799' title='bbox 3292 4419 3586 4488; x_wconf 88' lang='lat' dir='ltr'><strong>negandum</strong></span> <span class='ocrx_word' id='word_1_800' title='bbox 3613 4461 3626 4480; x_wconf 84' lang='lat'><strong>,</strong></span> 
     </span>
    </p>
   </div>
   <div class='ocr_carea' id='block_1_107' title="bbox 2065 4506 3627 4577">
    <p class='ocr_par' dir='ltr' id='par_1_107' title="bbox 2065 4506 3627 4577">
     <span class='ocr_line' id='line_1_107' title="bbox 2065 4506 3627 4577; baseline 0.001 -16"><span class='ocrx_word' id='word_1_801' title='bbox 2065 4517 2120 4561; x_wconf 82' lang='lat' dir='ltr'><strong>et</strong></span> <span class='ocrx_word' id='word_1_802' title='bbox 2143 4506 2350 4562; x_wconf 89' lang='lat' dir='ltr'><strong>acutule</strong></span> <span class='ocrx_word' id='word_1_803' title='bbox 2375 4507 2653 4577; x_wconf 84' lang='lat' dir='ltr'><strong>collegisti.</strong></span> <span class='ocrx_word' id='word_1_804' title='bbox 2692 4506 2893 4561; x_wconf 86' lang='lat' dir='ltr'><strong>Natura</strong></span> <span class='ocrx_word' id='word_1_805' title='bbox 2918 4510 3159 4573; x_wconf 80' lang='lat' dir='ltr'><strong>humana,</strong></span> <span class='ocrx_word' id='word_1_806' title='bbox 3187 4511 3232 4562; x_wconf 85' lang='lat' dir='ltr'><strong>si</strong></span> <span class='ocrx_word' id='word_1_807' title='bbox 3258 4511 3444 4562; x_wconf 82' lang='lat' dir='ltr'><strong>malum</strong></span> <span class='ocrx_word' id='word_1_808' title='bbox 3471 4521 3593 4565; x_wconf 81' lang='lat' dir='ltr'><strong>esset</strong></span> <span class='ocrx_word' id='word_1_809' title='bbox 3613 4551 3627 4572; x_wconf 85' lang='lat'><strong>,</strong></span> 
     </span>
    </p>
   </div>
   <div class='ocr_carea' id='block_1_108' title="bbox 2069 4597 3613 4667">
    <p class='ocr_par' dir='ltr' id='par_1_108' title="bbox 2069 4597 3613 4667">
     <span class='ocr_line' id='line_1_108' title="bbox 2069 4597 3613 4667; baseline -0.003 -17"><span class='ocrx_word' id='word_1_810' title='bbox 2069 4611 2168 4650; x_wconf 83' lang='lat' dir='ltr'><strong>non</strong></span> <span class='ocrx_word' id='word_1_811' title='bbox 2197 4605 2318 4650; x_wconf 78' lang='lat' dir='ltr'><strong>esset</strong></span> <span class='ocrx_word' id='word_1_812' title='bbox 2343 4597 2663 4667; x_wconf 78' lang='lat' dir='ltr'><strong>generando;</strong></span> <span class='ocrx_word' id='word_1_813' title='bbox 2689 4597 2732 4649; x_wconf 94' lang='lat' dir='ltr'><strong>si</strong></span> <span class='ocrx_word' id='word_1_814' title='bbox 2771 4597 2959 4650; x_wconf 84' lang='lat' dir='ltr'><strong>malum</strong></span> <span class='ocrx_word' id='word_1_815' title='bbox 2989 4614 3086 4650; x_wconf 81' lang='lat' dir='ltr'><strong>non</strong></span> <span class='ocrx_word' id='word_1_816' title='bbox 3117 4599 3348 4662; x_wconf 78' lang='lat' dir='ltr'><strong>haberet,</strong></span> <span class='ocrx_word' id='word_1_817' title='bbox 3382 4615 3480 4651; x_wconf 82' lang='lat' dir='ltr'><strong>non</strong></span> <span class='ocrx_word' id='word_1_818' title='bbox 3510 4615 3613 4650; x_wconf 70' lang='grc' dir='ltr'>εδςιι</span> 
     </span>
    </p>
   </div>
   <div class='ocr_carea' id='block_1_109' title="bbox 2069 4687 3629 4757">
    <p class='ocr_par' dir='ltr' id='par_1_109' title="bbox 2069 4687 3629 4757">
     <span class='ocr_line' id='line_1_109' title="bbox 2069 4687 3629 4757; baseline -0.002 -18"><span class='ocrx_word' id='word_1_819' title='bbox 2069 4687 2407 4757; x_wconf 74' lang='lat' dir='ltr'><strong>regenerauda</strong></span> <span class='ocrx_word' id='word_1_820' title='bbox 2425 4702 2442 4739; x_wconf 91' lang='lat'><strong><em>:</em></strong></span> <span class='ocrx_word' id='word_1_821' title='bbox 2459 4695 2608 4757; x_wconf 81' lang='lat' dir='ltr'><strong>atque</strong></span> <span class='ocrx_word' id='word_1_822' title='bbox 2643 4695 2696 4738; x_wconf 85' lang='lat' dir='ltr'><strong>ut</strong></span> <span class='ocrx_word' id='word_1_823' title='bbox 2719 4687 2785 4739; x_wconf 82' lang='lat' dir='ltr'><strong>ad</strong></span> <span class='ocrx_word' id='word_1_824' title='bbox 2806 4702 2958 4738; x_wconf 77' lang='lat' dir='ltr'><strong>unum</strong></span> <span class='ocrx_word' id='word_1_825' title='bbox 2992 4687 3192 4740; x_wconf 77' lang='lat' dir='ltr'><strong>verbum</strong></span> <span class='ocrx_word' id='word_1_826' title='bbox 3218 4697 3482 4755; x_wconf 72' lang='lat' dir='ltr'><strong>utrumque</strong></span> <span class='ocrx_word' id='word_1_827' title='bbox 3509 4703 3629 4738; x_wconf 84' lang='lat' dir='ltr'><strong>cou-</strong></span> 
     </span>
    </p>
   </div>
   <div class='ocr_carea' id='block_1_110' title="bbox 2070 4776 3633 4842">
    <p class='ocr_par' dir='ltr' id='par_1_110' title="bbox 2070 4776 3633 4842">
     <span class='ocr_line' id='line_1_110' title="bbox 2070 4776 3633 4842; baseline -0.003 -11"><span class='ocrx_word' id='word_1_828' title='bbox 2070 4777 2270 4831; x_wconf 83' lang='lat' dir='ltr'><strong>cludam</strong></span> <span class='ocrx_word' id='word_1_829' title='bbox 2293 4817 2308 4842; x_wconf 91' lang='lat'><strong>,</strong></span> <span class='ocrx_word' id='word_1_830' title='bbox 2339 4785 2520 4829; x_wconf 78' lang='lat' dir='ltr'><strong>natura</strong></span> <span class='ocrx_word' id='word_1_831' title='bbox 2549 4776 2768 4828; x_wconf 81' lang='lat' dir='ltr'><strong>humana</strong></span> <span class='ocrx_word' id='word_1_832' title='bbox 2797 4776 2839 4829; x_wconf 84' lang='lat' dir='ltr'><strong>si</strong></span> <span class='ocrx_word' id='word_1_833' title='bbox 2865 4776 3055 4828; x_wconf 80' lang='lat' dir='ltr'><strong>malum</strong></span> <span class='ocrx_word' id='word_1_834' title='bbox 3092 4785 3240 4840; x_wconf 84' lang='lat' dir='ltr'><strong>esset,</strong></span> <span class='ocrx_word' id='word_1_835' title='bbox 3268 4777 3509 4829; x_wconf 82' lang='lat' dir='ltr'><strong>salvamla</strong></span> <span class='ocrx_word' id='word_1_836' title='bbox 3535 4792 3633 4828; x_wconf 81' lang='lat' dir='ltr'><strong>non</strong></span> 
     </span>
    </p>
   </div>
   <div class='ocr_carea' id='block_1_111' title="bbox 2072 4863 3637 4932">
    <p class='ocr_par' dir='ltr' id='par_1_111' title="bbox 2072 4863 3637 4932">
     <span class='ocr_line' id='line_1_111' title="bbox 2072 4863 3637 4932; baseline -0.003 -12"><span class='ocrx_word' id='word_1_837' title='bbox 2072 4878 2228 4930; x_wconf 80' lang='lat' dir='ltr'><strong>esset;</strong></span> <span class='ocrx_word' id='word_1_838' title='bbox 2255 4867 2297 4919; x_wconf 84' lang='lat' dir='ltr'><strong>si</strong></span> <span class='ocrx_word' id='word_1_839' title='bbox 2323 4866 2368 4918; x_wconf 86' lang='lat' dir='ltr'><strong>ei</strong></span> <span class='ocrx_word' id='word_1_840' title='bbox 2401 4866 2519 4918; x_wconf 83' lang='lat' dir='ltr'><strong>mali</strong></span> <span class='ocrx_word' id='word_1_841' title='bbox 2555 4866 2682 4919; x_wconf 80' lang='lat' dir='ltr'><strong>nihil</strong></span> <span class='ocrx_word' id='word_1_842' title='bbox 2728 4865 2935 4928; x_wconf 84' lang='lat' dir='ltr'><strong>inesset,</strong></span> <span class='ocrx_word' id='word_1_843' title='bbox 2977 4863 3221 4918; x_wconf 83' lang='lat' dir='ltr'><strong>salvumla</strong></span> <span class='ocrx_word' id='word_1_844' title='bbox 3251 4881 3350 4917; x_wconf 86' lang='lat' dir='ltr'><strong>non</strong></span> <span class='ocrx_word' id='word_1_845' title='bbox 3381 4874 3504 4918; x_wconf 82' lang='lat' dir='ltr'><strong>esset</strong></span> <span class='ocrx_word' id='word_1_846' title='bbox 3539 4864 3637 4932; x_wconf 69' lang='lat' dir='ltr'><strong>(De</strong></span> 
     </span>
    </p>
   </div>
   <div class='ocr_carea' id='block_1_112' title="bbox 2076 4953 3636 5024">
    <p class='ocr_par' dir='ltr' id='par_1_112' title="bbox 2076 4953 3636 5024">
     <span class='ocr_line' id='line_1_112' title="bbox 2076 4953 3636 5024; baseline -0.005 -14"><span class='ocrx_word' id='word_1_847' title='bbox 2076 4955 2284 5024; x_wconf 78' lang='lat' dir='ltr'><strong>Nuptiis</strong></span> <span class='ocrx_word' id='word_1_848' title='bbox 2308 4964 2354 5007; x_wconf 87' lang='lat' dir='ltr'><strong>et</strong></span> <span class='ocrx_word' id='word_1_849' title='bbox 2392 4953 2834 5022; x_wconf 77' lang='lat' dir='ltr'><strong>Concupiscentia,</strong></span> <span class='ocrx_word' id='word_1_850' title='bbox 2861 4954 2948 5007; x_wconf 76' lang='lat' dir='ltr'><strong>lib.</strong></span> <span class='ocrx_word' id='word_1_851' title='bbox 2979 4953 3035 5018; x_wconf 66' lang='grc' dir='ltr'><strong>Ξ,</strong></span> <span class='ocrx_word' id='word_1_852' title='bbox 3062 4954 3260 5023; x_wconf 66' lang='lat'><strong>11.56).</strong></span> <span class='ocrx_word' id='word_1_853' title='bbox 3289 4953 3343 5007; x_wconf 90' lang='lat' dir='ltr'><strong>In</strong></span> <span class='ocrx_word' id='word_1_854' title='bbox 3377 4955 3476 5007; x_wconf 90' lang='lat' dir='ltr'><strong>hoc</strong></span> <span class='ocrx_word' id='word_1_855' title='bbox 3518 4953 3636 5007; x_wconf 81' lang='lat' dir='ltr'><strong>locii</strong></span> 
     </span>
    </p>
   </div>
   <div class='ocr_carea' id='block_1_113' title="bbox 2075 5041 3636 5112">
    <p class='ocr_par' dir='ltr' id='par_1_113' title="bbox 2075 5041 3636 5112">
     <span class='ocr_line' id='line_1_113' title="bbox 2075 5041 3636 5112; baseline -0.003 -14"><span class='ocrx_word' id='word_1_856' title='bbox 2075 5060 2180 5098; x_wconf 90' lang='lat' dir='ltr'><strong>non</strong></span> <span class='ocrx_word' id='word_1_857' title='bbox 2205 5059 2263 5098; x_wconf 89' lang='lat' dir='ltr'><strong>es</strong></span> <span class='ocrx_word' id='word_1_858' title='bbox 2291 5059 2321 5098; x_wconf 93' lang='lat' dir='ltr'><strong>a</strong></span> <span class='ocrx_word' id='word_1_859' title='bbox 2351 5044 2502 5098; x_wconf 90' lang='lat' dir='ltr'><strong>nobis</strong></span> <span class='ocrx_word' id='word_1_860' title='bbox 2534 5041 2728 5112; x_wconf 87' lang='lat' dir='ltr'><strong>ingenii</strong></span> <span class='ocrx_word' id='word_1_861' title='bbox 2756 5043 2828 5096; x_wconf 88' lang='lat' dir='ltr'><strong>tui</strong></span> <span class='ocrx_word' id='word_1_862' title='bbox 2869 5042 3022 5097; x_wconf 86' lang='lat' dir='ltr'><strong>laude</strong></span> <span class='ocrx_word' id='word_1_863' title='bbox 3049 5041 3397 5108; x_wconf 88' lang='lat' dir='ltr'><strong>fraudandus;</strong></span> <span class='ocrx_word' id='word_1_864' title='bbox 3429 5057 3524 5111; x_wconf 88' lang='lat' dir='ltr'><strong>pro</strong></span> <span class='ocrx_word' id='word_1_865' title='bbox 3548 5051 3636 5096; x_wconf 82' lang='lat' dir='ltr'><strong>tua</strong></span> 
     </span>
    </p>
   </div>
   <div class='ocr_carea' id='block_1_114' title="bbox 2073 5134 3636 5204">
    <p class='ocr_par' dir='ltr' id='par_1_114' title="bbox 2073 5134 3636 5204">
     <span class='ocr_line' id='line_1_114' title="bbox 2073 5134 3636 5204; baseline -0.004 -14"><span class='ocrx_word' id='word_1_866' title='bbox 2073 5136 2215 5191; x_wconf 90' lang='lat' dir='ltr'><strong>enim</strong></span> <span class='ocrx_word' id='word_1_867' title='bbox 2246 5150 2459 5204; x_wconf 89' lang='lat' dir='ltr'><strong>prorsus</strong></span> <span class='ocrx_word' id='word_1_868' title='bbox 2482 5135 2584 5189; x_wconf 85' lang='lat' dir='ltr'><strong>dici</strong></span> <span class='ocrx_word' id='word_1_869' title='bbox 2624 5134 2811 5188; x_wconf 85' lang='lat' dir='ltr'><strong>melius</strong></span> <span class='ocrx_word' id='word_1_870' title='bbox 2835 5135 3038 5188; x_wconf 88' lang='lat' dir='ltr'><strong>ratione</strong></span> <span class='ocrx_word' id='word_1_871' title='bbox 3064 5150 3168 5187; x_wconf 89' lang='lat' dir='ltr'><strong>non</strong></span> <span class='ocrx_word' id='word_1_872' title='bbox 3206 5135 3372 5204; x_wconf 87' lang='lat' dir='ltr'><strong>potuit</strong></span> <span class='ocrx_word' id='word_1_873' title='bbox 3396 5151 3409 5187; x_wconf 93' lang='lat'>:</span> <span class='ocrx_word' id='word_1_874' title='bbox 3433 5134 3526 5188; x_wconf 90' lang='lat' dir='ltr'><strong>sed</strong></span> <span class='ocrx_word' id='word_1_875' title='bbox 3559 5142 3636 5186; x_wconf 86' lang='lat' dir='ltr'><strong>ta-</strong></span> 
     </span>
    </p>
   </div>
   <div class='ocr_carea' id='block_1_115' title="bbox 2075 5224 3640 5294">
    <p class='ocr_par' dir='ltr' id='par_1_115' title="bbox 2075 5224 3640 5294">
     <span class='ocr_line' id='line_1_115' title="bbox 2075 5224 3640 5294; baseline -0.004 -12"><span class='ocrx_word' id='word_1_876' title='bbox 2075 5245 2196 5284; x_wconf 86' lang='lat' dir='ltr'><strong>men</strong></span> <span class='ocrx_word' id='word_1_877' title='bbox 2226 5244 2401 5282; x_wconf 91' lang='lat' dir='ltr'><strong>rerum</strong></span> <span class='ocrx_word' id='word_1_878' title='bbox 2431 5237 2613 5280; x_wconf 89' lang='lat' dir='ltr'><strong>natura</strong></span> <span class='ocrx_word' id='word_1_879' title='bbox 2641 5241 2744 5280; x_wconf 90' lang='lat' dir='ltr'><strong>non</strong></span> <span class='ocrx_word' id='word_1_880' title='bbox 2769 5227 2913 5287; x_wconf 83' lang='lat' dir='ltr'><strong>sinit.</strong></span> <span class='ocrx_word' id='word_1_881' title='bbox 2942 5235 3000 5279; x_wconf 92' lang='lat' dir='ltr'><strong>ut</strong></span> <span class='ocrx_word' id='word_1_882' title='bbox 3025 5235 3333 5294; x_wconf 82' lang='lat' dir='ltr'><strong>promoveat</strong></span> <span class='ocrx_word' id='word_1_883' title='bbox 3355 5224 3640 5294; x_wconf 86' lang='lat' dir='ltr'><strong>quidquam</strong></span> 
     </span>
    </p>
   </div>
   <div class='ocr_carea' id='block_1_116' title="bbox 2077 5314 3636 5373">
    <p class='ocr_par' dir='ltr' id='par_1_116' title="bbox 2077 5314 3636 5373">
     <span class='ocr_line' id='line_1_116' title="bbox 2077 5314 3636 5373; baseline -0.006 0"><span class='ocrx_word' id='word_1_884' title='bbox 2077 5327 2258 5373; x_wconf 77' lang='lat' dir='ltr'><strong>exacta</strong></span> <span class='ocrx_word' id='word_1_885' title='bbox 2285 5317 2564 5371; x_wconf 85' lang='lat' dir='ltr'><strong>calliditas.</strong></span> <span class='ocrx_word' id='word_1_886' title='bbox 2600 5317 2794 5369; x_wconf 86' lang='lat' dir='ltr'><strong>Durum</strong></span> <span class='ocrx_word' id='word_1_887' title='bbox 2839 5314 2931 5368; x_wconf 89' lang='lat' dir='ltr'><strong>tibi</strong></span> <span class='ocrx_word' id='word_1_888' title='bbox 2959 5323 3042 5368; x_wconf 89' lang='lat' dir='ltr'><strong>est</strong></span> <span class='ocrx_word' id='word_1_889' title='bbox 3073 5316 3289 5368; x_wconf 88' lang='lat' dir='ltr'><strong>omnino</strong></span> <span class='ocrx_word' id='word_1_890' title='bbox 3329 5323 3512 5367; x_wconf 90' lang='lat' dir='ltr'><strong>contra</strong></span> <span class='ocrx_word' id='word_1_891' title='bbox 3541 5314 3636 5365; x_wconf 81' lang='lat' dir='ltr'><strong>sti-</strong></span> 
     </span>
    </p>
   </div>
   <div class='ocr_carea' id='block_1_117' title="bbox 2078 5404 3640 5474">
    <p class='ocr_par' dir='ltr' id='par_1_117' title="bbox 2078 5404 3640 5474">
     <span class='ocr_line' id='line_1_117' title="bbox 2078 5404 3640 5474; baseline -0.004 -13"><span class='ocrx_word' id='word_1_892' title='bbox 2078 5409 2274 5461; x_wconf 89' lang='lat' dir='ltr'><strong>mulum</strong></span> <span class='ocrx_word' id='word_1_893' title='bbox 2314 5407 2588 5460; x_wconf 76' lang='lat' dir='ltr'><strong>(&#39;alcitrare</strong></span> <span class='ocrx_word' id='word_1_894' title='bbox 2617 5425 2629 5460; x_wconf 93' lang='lat'><strong>:</strong></span> <span class='ocrx_word' id='word_1_895' title='bbox 2654 5405 2901 5474; x_wconf 82' lang='lat' dir='ltr'><strong>quidquid</strong></span> <span class='ocrx_word' id='word_1_896' title='bbox 2943 5406 3084 5459; x_wconf 85' lang='lat' dir='ltr'><strong>enim</strong></span> <span class='ocrx_word' id='word_1_897' title='bbox 3119 5404 3449 5473; x_wconf 81' lang='lat' dir='ltr'><strong>compegeris</strong></span> <span class='ocrx_word' id='word_1_898' title='bbox 3471 5444 3488 5468; x_wconf 94' lang='lat'><strong>,</strong></span> <span class='ocrx_word' id='word_1_899' title='bbox 3535 5418 3640 5455; x_wconf 86' lang='lat' dir='ltr'><strong>non</strong></span> 
     </span>
    </p>
   </div>
   <div class='ocr_carea' id='block_1_118' title="bbox 2080 5494 3640 5567">
    <p class='ocr_par' dir='ltr' id='par_1_118' title="bbox 2080 5494 3640 5567">
     <span class='ocr_line' id='line_1_118' title="bbox 2080 5494 3640 5567; baseline -0.005 -15"><span class='ocrx_word' id='word_1_900' title='bbox 2080 5500 2252 5552; x_wconf 86' lang='lat' dir='ltr'><strong>minus</strong></span> <span class='ocrx_word' id='word_1_901' title='bbox 2277 5513 2430 5567; x_wconf 88' lang='lat' dir='ltr'><strong>quam</strong></span> <span class='ocrx_word' id='word_1_902' title='bbox 2458 5497 2650 5567; x_wconf 87' lang='lat' dir='ltr'><strong>glacies</strong></span> <span class='ocrx_word' id='word_1_903' title='bbox 2671 5497 2894 5550; x_wconf 66' lang='lat' dir='ltr'><strong>admotae</strong></span> <span class='ocrx_word' id='word_1_904' title='bbox 2917 5495 3152 5549; x_wconf 81' lang='lat' dir='ltr'><strong>veritatis</strong></span> <span class='ocrx_word' id='word_1_905' title='bbox 3175 5496 3292 5564; x_wconf 80' lang='lat' dir='ltr'><strong>igne</strong></span> <span class='ocrx_word' id='word_1_906' title='bbox 3313 5494 3640 5549; x_wconf 79' lang='lat' dir='ltr'><strong>dissolvitur.</strong></span> 
     </span>
    </p>
   </div>
   <div class='ocr_carea' id='block_1_119' title="bbox 2083 5583 3642 5657">
    <p class='ocr_par' dir='ltr' id='par_1_119' title="bbox 2083 5583 3642 5657">
     <span class='ocr_line' id='line_1_119' title="bbox 2083 5583 3642 5657; baseline -0.003 -14"><span class='ocrx_word' id='word_1_907' title='bbox 2083 5590 2312 5657; x_wconf 68' lang='lat' dir='ltr'><strong>[lenique</strong></span> <span class='ocrx_word' id='word_1_908' title='bbox 2336 5589 2458 5657; x_wconf 83' lang='lat' dir='ltr'><strong>quid</strong></span> <span class='ocrx_word' id='word_1_909' title='bbox 2484 5606 2512 5639; x_wconf 87' lang='lat' dir='ltr'><strong>a</strong></span> <span class='ocrx_word' id='word_1_910' title='bbox 2537 5588 2684 5640; x_wconf 72' lang='lat' dir='ltr'><strong>nobis</strong></span> <span class='ocrx_word' id='word_1_911' title='bbox 2711 5604 2846 5640; x_wconf 74' lang='lat' dir='ltr'><strong>nunc</strong></span> <span class='ocrx_word' id='word_1_912' title='bbox 2875 5588 3130 5640; x_wconf 65' lang='lat' dir='ltr'><strong>referatur</strong></span> <span class='ocrx_word' id='word_1_913' title='bbox 3153 5586 3379 5640; x_wconf 53' lang='lat' dir='ltr'><strong>alteade.</strong></span> <span class='ocrx_word' id='word_1_914' title='bbox 3412 5583 3642 5639; x_wconf 71' lang='lat' dir='ltr'><strong>Conclu-</strong></span> 
     </span>
    </p>
   </div>
   <div class='ocr_carea' id='block_1_120' title="bbox 2148 5678 2594 5740">
    <p class='ocr_par' dir='ltr' id='par_1_120' title="bbox 2148 5678 2594 5740">
     <span class='ocr_line' id='line_1_120' title="bbox 2148 5678 2594 5740; baseline -0.002 -15"><span class='ocrx_word' id='word_1_915' title='bbox 2148 5683 2161 5710; x_wconf 78' lang='lat'><strong>‘</strong></span> <span class='ocrx_word' id='word_1_916' title='bbox 2201 5688 2280 5726; x_wconf 56' lang='grc' dir='ltr'><strong>δικ.</strong></span> <span class='ocrx_word' id='word_1_917' title='bbox 2311 5688 2426 5728; x_wconf 79' lang='lat' dir='ltr'><strong>t‘urt.</strong></span> <span class='ocrx_word' id='word_1_918' title='bbox 2437 5713 2451 5735; x_wconf 77' lang='grc'>,</span> <span class='ocrx_word' id='word_1_919' title='bbox 2465 5678 2594 5740; x_wconf 79' lang='lat' dir='ltr'><strong>quia.</strong></span> 
     </span>
    </p>
   </div>
  </div>
