3934 6178
300 324 433 380 I329

296 439 404 491 sisti
439 440 536 488 hoc
564 434 720 488 modo
745 455 756 488 :
781 434 922 490 Certe
961 445 1133 488 natura
1165 437 1380 487 humana
1409 438 1450 489 si
1484 439 1668 489 nmium
1714 447 1857 501 (εδει,

296 528 532 584 salutanda
561 543 660 580 non
688 537 833 581 esset.
866 527 1229 591 Asseutimur;
1260 543 1481 598 prorsus
1504 543 1685 581 verum
1722 528 1859 581 dixi-

293 620 357 675 sti
384 637 398 673 :
422 618 484 674 Si
505 616 693 671 malum
717 627 861 680 esset,
883 618 1125 671 salvanda
1147 634 1246 670 non
1266 629 1426 681 esset;
1449 619 1567 687 quia
1595 633 1681 672 res
1703 619 1858 680 mala,

204 749 223 758 -
295 721 346 764 et
371 709 682 763 naturaliter
706 708 864 774 mala,
893 725 992 764 nec
1022 720 1335 774 mereretur,
1365 725 1460 764 nec
1484 720 1695 778 caperet
1724 711 1864 763 salu-

299 811 423 854 tem.
449 799 557 854 Cur
581 814 686 853 non
727 799 976 868 caperet?
1001 799 1133 867 Quia
1174 799 1314 852 aliud
1345 815 1501 868 quam
1544 797 1678 853 facta
1706 808 1858 862 erat,

293 891 404 944 tieri
431 905 535 944 non
563 898 740 957 posset
765 909 780 945 :
803 906 907 944 non
947 899 1124 944 autem
1164 903 1475 951 mereretur.
1507 892 1626 961 quia
1654 891 1781 944 nihil
1810 891 1859 944 iu

289 995 351 1033 ea
382 987 517 1043 erat,
541 980 681 1048 quod
710 977 807 1034 Dei
829 978 1372 1049 dignareturliberare
1397 980 1695 1037 clementia.
1727 978 1860 1034 Cum

287 1081 463 1126 autem
492 1070 735 1136 dicimus,
757 1070 806 1124 si
831 1079 954 1124 esset
977 1069 1141 1140 (quod
1163 1080 1308 1124 certe
1331 1087 1450 1126 esse
1475 1088 1576 1124 non
1602 1072 1858 1141 potest‘),

286 1175 392 1213 non
422 1159 498 1213 illi
526 1173 674 1227 spem
701 1158 874 1228 negati
903 1158 1246 1212 conciliamus
1270 1157 1514 1220 elTectus;
1557 1158 1648 1212 sed
1675 1159 1738 1211 ad
1763 1159 1860 1214 de-

283 1249 634 1302 structionem
664 1247 884 1302 alterius
910 1247 1198 1316 Opinionis,
1229 1263 1347 1317 qua:
1375 1248 1577 1311 incidit,
1609 1248 1674 1303 de
1704 1249 1860 1302 rebus

285 1339 702 1408 impossibilibus
728 1338 905 1392 dicere
929 1338 1184 1403 solemus,
1212 1337 1267 1392 Si
1299 1338 1398 1393 huc
1426 1339 1507 1393 vel
1533 1338 1682 1403 illud,
1710 1339 1856 1392 verbi

279 1430 470 1499 gratia,
491 1439 653 1494 esset,
683 1429 811 1482 illud
833 1429 946 1483 sine
970 1427 1128 1483 dubio
1149 1439 1460 1498 sequi-retur
1479 1447 1492 1484 :
1513 1438 1566 1482 ut
1589 1444 1708 1483 cum
1733 1428 1860 1483 illud

279 1533 404 1572 esse
433 1533 534 1570 non
559 1527 750 1587 potest,
775 1517 931 1572 etiam
957 1517 1055 1571 hoc
1082 1529 1297 1587 promer
1323 1521 1474 1588 cujus
1497 1519 1858 1573 amolitionem

280 1607 484 1660 illatum
516 1606 684 1660 fuerat
705 1648 720 1670 ,
747 1607 914 1661 multo
950 1607 1117 1676 magis
1148 1616 1383 1676 negetur.
1414 1607 1529 1661 Jam
1561 1607 1717 1676 igitur
1747 1607 1854 1662 Ire-

276 1707 506 1765 quenter
533 1697 884 1761 ostendimus,
912 1696 1106 1749 malum
1132 1697 1329 1766 aliquid
1359 1712 1452 1766 per
1477 1706 1715 1751 naturam
1741 1710 1858 1751 esse

276 1803 386 1838 non
436 1785 743 1854 possezsed
794 1796 968 1840 tamen
1013 1800 1154 1840 nunc
1201 1787 1315 1840 sine
1360 1785 1662 1855 prwjudieio
1707 1787 1858 1842 istius

271 1875 583 1937 constituti,
619 1876 895 1930 sententite
926 1883 1028 1929 tua:
1061 1885 1262 1945 partem
1294 1876 1580 1946 probamus
1605 1917 1620 1941 ,
1649 1891 1748 1946 qua
1775 1876 1856 1930 di-

271 1967 402 2020 xisti
424 2008 438 2029 ,
475 1966 674 2020 Natura
703 1967 926 2020 humana
963 1967 1007 2020 si
1051 1967 1240 2020 malum
1277 1977 1440 2033 esset,
1467 1968 1710 2021 salvanda
1755 1985 1856 2020 non

266 2067 424 2110 esset.
457 2057 692 2113 Salutem
719 2059 770 2110 in
800 2057 1123 2124 Baptismate
1158 2057 1428 2110 collocasti
1451 2098 1465 2120 ,
1493 2068 1547 2110 et
1572 2072 1855 2125 argumen-

265 2156 422 2200 tatus
461 2163 520 2201 es
558 2155 980 2215 consequenter;
1023 2146 1272 2214 quoniam
1314 2147 1358 2198 si
1403 2162 1582 2200 verum
1623 2147 1858 2200 dicerent

261 2236 588 2297 Hanirluci,
629 2235 716 2304 qui
767 2235 959 2287 malam
1007 2234 1189 2288 dicunt
1235 2243 1504 2298 naturam,
1550 2234 1857 2303 desiperent

256 2324 602 2386 Christiani,
630 2323 718 2391 qui
763 2323 916 2376 malm
947 2331 1149 2376 natura:
1191 2321 1481 2376 remedium
1520 2321 1858 2392 Baptismatis

259 2414 560 2469 crederent
587 2412 973 2467 admovendum
1001 2428 1014 2465 :
1039 2420 1093 2466 et
1118 2411 1236 2466 ideo
1254 2412 1341 2481 qui
1365 2411 1555 2464 malam
1579 2411 1856 2466 conﬁrmat

263 2505 555 2558 hominum
620 2514 904 2566 naturam,
967 2504 1187 2573 gratiam
1238 2517 1429 2572 negare
1481 2504 1850 2572 compellitur;

261 2595 416 2663 quod
436 2596 458 2626 ’
488 2595 556 2646 ita
587 2592 830 2657 recurrit,
863 2603 918 2646 ut
959 2593 1048 2662 qui
1078 2593 1300 2662 gratiam
1334 2593 1611 2645 conﬁrmat
1631 2632 1646 2655 ,
1678 2591 1852 2646 homi-

265 2699 405 2738 num
432 2683 612 2738 laudet
636 2692 899 2749 naturam,
927 2683 1076 2756 cujus
1101 2682 1256 2736 Saluti
1279 2696 1394 2736 eam
1427 2681 1668 2751 intelligit
1688 2681 1853 2737 fuisse

265 2774 566 2842 provisam.

348 2865 486 2919 Anc.
511 2861 625 2917 Non
655 2871 738 2918 est
767 2878 949 2918 verum
979 2862 1120 2934 quod
1145 2861 1315 2918 dicis:
1340 2861 1495 2927 fallis,
1520 2869 1610 2916 aut
1633 2861 1849 2918 falleris.

265 2955 392 3010 Non
423 2955 567 3010 enim
593 2956 681 3022 qui
721 2956 912 3009 malam
933 2997 949 3020 ,
977 2955 1069 3010 sed
1099 2955 1188 3024 qui
1227 2955 1424 3008 malum
1453 2955 1731 3008 continuat
1757 2954 1854 3009 ho-

265 3044 482 3106 minum
506 3058 624 3100 esse
643 3052 906 3111 naturam,
929 3045 978 3099 id
999 3055 1102 3110 est,
1127 3060 1230 3098 non
1253 3045 1340 3113 qui
1361 3058 1478 3097 eam
1501 3041 1690 3096 malam
1713 3058 1851 3110 esse,

265 3137 373 3190 sed
401 3136 489 3204 qui
532 3149 648 3190 eam
681 3135 874 3188 malum
903 3150 1023 3188 esse
1059 3134 1365 3197 conﬁrmat,
1397 3138 1618 3202 gratiam
1659 3147 1854 3202 negare

265 3226 632 3294 compellitur.
665 3224 794 3278 Nam
821 3225 904 3278 ubi
939 3224 1072 3277 mala
1095 3231 1204 3288 est,
1229 3223 1298 3276 ibi
1328 3223 1492 3292 magis
1517 3221 1715 3291 indiget
1738 3236 1856 3290 gra-

269 3320 370 3370 tia.
403 3315 535 3370 Mala
578 3316 771 3384 quippe
809 3322 892 3369 est
930 3322 1115 3367 natura
1161 3313 1332 3366 malus
1371 3313 1567 3376 homo;
1606 3313 1852 3380 quoniam

271 3412 442 3463 homo
463 3409 578 3462 sine
602 3407 932 3460 dubitatione
955 3415 1138 3459 natura
1159 3414 1241 3458 cst
1265 3421 1277 3455 :
1302 3403 1379 3456 sic
1404 3403 1537 3456 mala
1561 3410 1646 3457 est
1669 3411 1852 3456 natura

272 3500 418 3554 mala
471 3499 698 3562 mulier;
746 3499 994 3567 quoniam
1042 3497 1235 3550 mulier
1295 3495 1474 3565 utique
1520 3502 1704 3546 natura
1749 3501 1850 3547 est.

271 3591 558 3660 Quomodo
585 3605 711 3659 ergo
731 3629 746 3652 ,
775 3590 882 3658 qui"
894 3587 996 3642 hoc
1035 3586 1165 3641 dicit
1186 3627 1199 3648 .
1230 3586 1450 3655 gratiam
1477 3599 1670 3654 negare
1705 3598 1853 3638 como

274 3683 527 3751 pellitur;
554 3695 673 3735 cum
703 3681 868 3748 gratia
896 3677 1100 3744 naturis
1126 3676 1299 3740 malis,
1331 3674 1382 3728 id
1413 3683 1519 3737 est,
1556 3671 1855 3726 hominibus

276 3774 461 3833 malis,
494 3782 552 3826 ut
590 3771 712 3824 mali
740 3785 859 3824 esse
885 3769 1161 3831 desinant,
1202 3764 1526 3834 opituletur?
1553 3763 1658 3818 Sed
1699 3763 1857 3816 aliter

274 3867 527 3927 dicimus,
559 3863 722 3917 Malus
745 3871 828 3916 est
859 3860 957 3914 iste
995 3858 1190 3922 homo;
1222 3857 1394 3918 aliter,
1421 3854 1611 3909 Malum
1648 3862 1730 3908 est
1758 3854 1858 3908 iste

279 3956 446 4008 homo
480 3971 495 4007 :
528 3952 653 4006 illud
705 3965 890 4004 verum
946 3961 1065 4002 esse
1107 3953 1320 4014 potest,
1371 3945 1472 3998 hoc
1512 3957 1619 3998 non
1663 3950 1853 4012 potest.

276 4046 451 4109 Sicut,
483 4043 710 4097 Vitiosus
739 4050 819 4095 est
851 4039 1012 4094 homo
1040 4037 1161 4100 iste,
1193 4035 1238 4090 si
1257 4036 1503 4101 dicimus,
1532 4049 1714 4088 verum
1739 4047 1858 4088 esse

280 4143 461 4204 potest
482 4151 495 4186 :
519 4133 563 4186 si
593 4141 771 4186 autem
801 4128 1049 4192 dicimus,
1087 4125 1281 4179 Vitium
1305 4133 1389 4179 est
1412 4125 1512 4178 Iste
1539 4123 1700 4176 homo
1719 4163 1735 4188 ,
1762 4136 1856 4176 ve-

281 4239 405 4277 rum
436 4238 538 4276 non
573 4229 744 4290 potest
759 4233 899 4274 esse.
923 4215 1153 4272 Proinde
1177 4215 1285 4269 noli
1311 4228 1510 4276 errare,
1538 4213 1621 4268 vel
1651 4212 1859 4266 mittere

283 4313 531 4369 homines
558 4313 612 4366 in
638 4325 897 4372 errorem,
925 4317 978 4363 et
1006 4309 1083 4363 sic
1109 4322 1195 4362 me
1218 4306 1416 4360 dixisse
1446 4305 1710 4374 intellige,
1744 4301 1858 4356 Na-

283 4417 405 4456 tura
431 4402 650 4454 humana
687 4401 730 4453 si
759 4399 954 4451 malum
985 4405 1142 4460 esset,
1175 4410 1275 4448 non
1315 4403 1440 4448 esset
1469 4391 1788 4463 generanda;
1815 4392 1860 4446 si
1883 4455 1892 4466 η

285 4497 476 4548 malum
516 4511 617 4549 non
650 4495 887 4556 haberet,
917 4507 1018 4545 non
1048 4499 1172 4544 esset
1199 4488 1537 4560 regeneranda
1560 4503 1578 4541 :
1599 4503 1662 4542 ac
1709 4487 1753 4540 si
1779 4486 1857 4541 di-

287 4586 484 4638 xissem
507 4624 520 4644 ,
551 4582 746 4638 Natura
787 4583 1046 4642 humana,
1078 4580 1123 4632 si
1151 4579 1335 4632 vitium
1373 4586 1549 4641 esset,
1582 4592 1690 4630 non
1718 4585 1860 4630 esset

283 4674 620 4743 generanda;
650 4673 696 4727 si
724 4672 906 4725 vitium
933 4685 1038 4724 non
1065 4668 1304 4735 haberet,
1338 4684 1442 4722 non
1470 4677 1613 4723 esset
1637 4682 1856 4738 regene-

285 4765 473 4819 randa.
503 4764 630 4818 Item
658 4764 798 4833 quod
826 4762 1087 4831 sequitur,
1117 4760 1205 4814 ubi
1241 4774 1326 4814 me
1349 4758 1414 4813 ad
1443 4775 1603 4813 unum
1638 4759 1857 4813 verbum

283 4857 397 4909 dixi
424 4865 708 4924 utrumque
736 4850 1084 4916 concludere,
1113 4851 1184 4904 ita
1222 4849 1332 4903 dixi
1352 4889 1368 4916 ,
1395 4847 1600 4902 Natura
1641 4850 1862 4901 humana

284 4947 330 5000 si
358 4945 548 4998 malum
573 4952 726 5004 esset,
752 4941 996 4998 solvenda
1021 4957 1121 4994 non
1157 4949 1314 5002 esset;
1337 4939 1382 4992 si
1410 4940 1454 4992 ei
1481 4940 1600 4992 mali
1629 4939 1756 4992 nihil
1783 4940 1863 4990 ia-

287 5043 447 5100 esset,
473 5033 716 5088 saloanda
742 5049 844 5086 non
888 5038 1013 5085 esset
1036 5045 1056 5085 :
1080 5040 1329 5099 tanquam
1371 5026 1602 5082 dicerem
1623 5067 1640 5094 ,
1669 5027 1862 5081 Natura

289 5129 520 5181 humana
565 5126 611 5180 si
641 5125 826 5179 vitium
871 5132 1053 5188 esset,
1085 5119 1339 5176 salvauda
1382 5135 1489 5174 non
1536 5127 1711 5184 esset;
1739 5118 1783 5172 si
1813 5117 1863 5172 ei

297 5217 410 5271 vitii
440 5217 570 5271 nihil
593 5217 812 5278 inesset,
828 5211 1084 5268 salvanda
1108 5225 1211 5265 non
1232 5225 1264 5264 e
1293 5218 1395 5265 set.
1419 5209 1555 5263 Ecce
1583 5207 1682 5263 Ieci
1707 5209 1863 5262 verba

291 5325 407 5363 mea
440 5308 694 5378 planiora,
725 5321 828 5359 non
860 5313 917 5359 ut
943 5303 1210 5357 invenires
1238 5299 1378 5370 quod
1405 5309 1589 5354 contra
1617 5300 1861 5362 diceres;

289 5401 384 5457 sed
402 5411 459 5454 ut
475 5398 842 5469 intelligereris
858 5411 962 5450 non
980 5394 1213 5464 potuisse
1233 5393 1466 5446 invenire
1484 5390 1622 5461 quod
1639 5390 1864 5444 diceres.

362 5486 691 5547 CLXXXIX.
721 5493 840 5543 JuL.
879 5486 1014 5553 Quid
1049 5486 1205 5554 igitur
1255 5483 1375 5537 hinc
1416 5481 1746 5542 conﬁciatur,
1775 5477 1865 5530 ad-

305 5597 618 5637 verteznou
667 5580 938 5632 adhzerere
971 5576 1301 5642 negationem
1348 5574 1528 5641 gratim
1583 5569 1719 5624 laudi
1765 5569 1864 5622 hu-

361 5677 374 5703 ⁸
404 5682 480 5720 Ms.
498 5679 642 5726 Port.,
667 5676 837 5732 posset.

361 5736 380 5764 '
413 5742 530 5788 Hau
557 5765 571 5787 ,
597 5729 830 5794 quottqttc.
859 5729 1020 5787 Abest,
1047 5740 1153 5786 que,
1179 5740 1202 5771 a
1231 5731 1332 5771 Mss.

1596 325 1794 377 LIBER
1833 322 2144 378 TERTIUS.

1919 741 1922 744 ~
1966 709 2146 775 gratize
2198 708 2358 776 pariat
2403 708 2828 776 prmdicationem
2873 718 3074 764 natura:

3411 327 3543 379 i370

1975 451 2145 488 manu:
2188 446 2419 498 uaturm;
2452 437 2688 505 quiuitno
2733 437 2844 492 Itth
2886 448 3110 508 qmttuor
3154 441 3220 492 ita
3253 455 3371 493 esse
3416 461 3538 493 «υμ-

1964 526 2172 593 juncta,
2212 535 2266 578 ut
2293 527 2516 580 alterum
2565 528 2679 582 sine
2724 529 2890 582 altero
2931 529 3097 583 teucri
3143 542 3370 600 nequeat
3397 548 3410 592 ;
3441 534 3535 586 sed

1971 616 2179 670 infamia
2228 627 2428 670 natura:
2477 619 2643 686 pariat
2688 619 3020 688 negationem
3070 621 3270 690 gratiae.
3319 631 3371 676 ct
3424 621 3539 675 laus

3119 728 3133 766 :
3175 709 3278 764 Ista
3303 727 3442 764 enun
3488 713 3538 765 in

1965 795 2204 864 quamvis
2233 796 2331 849 sibi
2364 805 2565 864 partem
2613 798 2934 867 reciprocari
2963 809 3202 869 possunt.
3239 789 3381 855 Bene
3409 816 3536 871 ergo

1965 886 2171 951 dixisti,
2206 884 2404 939 Natura
2436 889 2654 941 humana
2683 889 2727 942 si
2752 889 2940 942 malum
2967 900 3126 953 esset,
3163 889 3408 944 salvanda
3437 908 3534 944 non

1964 987 2126 1030 esset:
2148 977 2246 1032 hoc
2288 977 2428 1032 enim
2461 988 2738 1047 utrumque
2781 978 2963 1034 dicunt
2999 980 3305 1046 Mauiehmi,
3344 983 3535 1036 malam

1964 1067 2206 1122 videlicet
2231 1069 2405 1121 carnis
2433 1079 2694 1134 naturam,
2737 1083 2836 1124 nec
2864 1085 3021 1140 posse
3060 1071 3250 1127 salvari
3297 1087 3390 1142 per
3417 1089 3537 1143 gra-

1965 1157 2109 1219 tiam,
2141 1173 2237 1210 nec
2263 1157 2478 1213 debere.

2033 1247 2165 1301 Ave.
2208 1246 2311 1302 Sed
2343 1247 2416 1301 illi
2441 1247 2517 1302 sic
2543 1247 2724 1302 dicunt
2752 1249 2944 1304 malam
2970 1251 3146 1306 carnis
3172 1261 3413 1307 naturam
3435 1295 3449 1319 ,
3479 1265 3536 1306 ut

1962 1350 2078 1390 eam
2110 1338 2303 1392 malum
2351 1354 2468 1393 esse
2511 1339 2715 1402 dicant,
2763 1357 2867 1394 non
2917 1343 3114 1397 malum
3158 1343 3387 1408 habere;
3415 1345 3536 1414 quia

1963 1425 2132 1494 ipsum
2162 1427 2344 1480 vitium
2373 1443 2477 1482 non
2510 1429 2818 1484 substantia!
2855 1432 3121 1496 accidens,
3157 1433 3249 1488 sed
3293 1433 3534 1488 substan-

1963 1515 2086 1568 tiam
2112 1525 2297 1586 putant
2320 1531 2462 1572 esse.

2029 1605 2185 1658 CXC.
2210 1604 2327 1660 ιιυι..
2359 1605 2464 1660 Sed
2493 1616 2608 1674 post
2647 1606 2760 1661 h:rc
2794 1608 3045 1663 admoves
3075 1611 3390 1664 sententiam
3438 1610 3532 1663 tibi

1958 1693 2193 1760 charatn,
2222 1704 2271 1748 et
2299 1694 2431 1750 dicis
2454 1714 2467 1750 :
2495 1696 2555 1751 Si
2581 1707 2751 1750 autem
2778 1708 2972 1752 natura:
3003 1699 3239 1752 humana
3263 1701 3381 1752 ntali
3407 1701 3534 1752 nihit

1958 1783 2156 1847 inesset,
2189 1785 2432 1838 salvanda
2469 1801 2569 1839 non
2593 1796 2735 1840 esset.
2771 1787 2872 1854 Qui
2909 1804 3025 1856 ergo
3050 1789 3169 1840 dicit
3205 1805 3312 1842 eant
3351 1789 3532 1842 bonum

1959 1889 2060 1926 non
2101 1890 2240 1939 esse,
2285 1875 2467 1929 bonum
2504 1885 2651 1946 negat
2689 1878 2904 1930 condita:
2943 1877 3232 1932 Creatorem
3257 1893 3274 1930 :
3295 1881 3380 1947 qui
3421 1894 3535 1932 vero

1958 1973 2102 2034 negat
2129 1965 2175 2018 ei
2201 1965 2389 2019 malum
2410 1965 2964 2030 inesse,misericordent
2992 1967 3178 2020 ritiattr
3201 1967 3386 2020 invidet
3407 1967 3531 2022 Sul-

1958 2065 2176 2107 ttatorem
2206 2054 2304 2123 (De
2330 2054 2537 2125 Nuptiis
2561 2064 2608 2108 et
2649 2054 3092 2125 Coneupiscentia,
3120 2057 3208 2109 lib.
3245 2057 3293 2120 I,
3326 2074 3378 2109 η.
3411 2058 3526 2124 56).

1959 2145 2042 2200 Sit
2089 2145 2245 2214 igitur
2288 2145 2455 2200 lector
2501 2146 2732 2199 intentus
2767 2164 2782 2201 :
2820 2146 3020 2201 videbit
3063 2147 3195 2201 nihil
3241 2156 3291 2201 te
3336 2147 3534 2201 dixisse

1958 2233 2130 2299 aliud,
2179 2249 2338 2304 quam
2379 2234 2522 2304 quod
2562 2234 2843 2289 dicendum
2887 2250 3148 2306 negaras:
3185 2238 3533 2305 pronuntiasti

1957 2325 2120 2388 enim,
2149 2324 2200 2377 ei
2227 2324 2305 2378 rei
2332 2323 2528 2378 malum
2565 2323 2738 2380 inesse
2768 2325 3099 2389 naturaliter,
3133 2341 3292 2395 quam
3319 2326 3533 2380 dixeras

1958 2413 2149 2466 malam
2177 2427 2286 2467 non
2309 2427 2429 2467 esse
2453 2413 2785 2468 naturaliter.

2024 2503 2159 2558 Anc.
2212 2502 2326 2557 Non
2370 2503 2606 2558 dixerant
2647 2504 2841 2558 malam
2879 2519 2983 2558 non
3029 2504 3296 2570 esse,sed
3335 2507 3529 2560 malum

1957 2607 2060 2646 non
2089 2607 2209 2648 esse
2249 2611 2264 2647 :
2304 2592 2405 2648 hoc
2425 2604 2526 2660 est,
2549 2604 2605 2648 ut
2629 2595 2837 2664 planius
2885 2595 3108 2666 loquar,
3143 2613 3246 2649 non
3287 2597 3528 2652 dixeram

1958 2684 2194 2738 vitiatam
2224 2701 2327 2740 non
2359 2700 2476 2741 esse
2495 2729 2510 2751 ,
2541 2687 2633 2742 sed
2678 2687 2859 2741 vitium
2889 2703 2991 2741 non
3040 2702 3178 2742 esse.
3213 2688 3408 2758 Relege
3435 2729 3450 2752 ,
3477 2699 3532 2743 et

1956 2773 2209 2844 intellige.

2024 2861 2201 2918 CXCI.
2245 2863 2364 2918 ιω..
2403 2863 2507 2919 Sed
2563 2865 2780 2934 intelligi
2828 2880 2931 2919 non
2991 2873 3163 2934 potest
3203 2865 3346 2920 aliud
3391 2867 3529 2921 mala

1956 2963 2172 3018 natura,
2226 2969 2386 3023 quam
2433 2954 2482 3008 id
2529 2955 2670 3024 quod
2724 2955 2917 3008 malmn
2969 2965 3051 3010 est
3094 2955 3292 3012 habere
3330 2971 3526 3026 conge-

1957 3041 2143 3095 nilum.
2577 3037 2582 3042 ’

2027 3131 2157 3185 Anc.
2213 3130 2336 3185 Sive
2383 3131 2714 3200 congenitum
2755 3132 2822 3184 sit
2877 3132 3104 3197 malum,
3149 3133 3285 3186 sicut
3335 3135 3527 3202 ingenii

1959 3217 2185 3284 fatuitas,
2210 3220 2321 3274 sive
2341 3220 2610 3274 voluntate
2629 3231 2977 3288 assumptum,
2999 3221 3134 3274 sicut
3152 3220 3488 3276 homicidium
3511 3239 3524 3284 ;
3587 3227 3590 3230 ’

1958 3317 2129 3377 potest
2165 3308 2267 3364 dici
2298 3309 2466 3362 malus
2508 3309 2664 3362 homo
2705 3309 2862 3362 etiam
2893 3309 3023 3362 mala
3062 3320 3245 3364 natura
3268 3351 3283 3374 ,
3314 3311 3434 3380 quia
3473 3321 3527 3365 et

1958 3400 2119 3454 homo
2155 3409 2338 3454 natura
2359 3410 2472 3464 est;
2501 3401 2636 3454 sicut
2669 3403 2836 3455 malus
2864 3416 3030 3471 equus
3059 3412 3232 3472 potest
3247 3415 3298 3460 et
3333 3406 3526 3458 malum

1956 3490 2150 3545 animal
2175 3490 2298 3554 dici,
2331 3490 2450 3560 quia
2479 3501 2532 3546 et
2551 3507 2714 3562 equus
2771 3493 2965 3547 animal
2993 3503 3094 3548 est.

2025 3583 2226 3638 CXCII.
2265 3582 2382 3638 ιω..
2423 3582 2487 3636 Ει
2525 3592 2581 3637 ut
2622 3583 2710 3638 ﬁat
2735 3583 2908 3638 brevis
2951 3599 3014 3639 ac
3051 3599 3180 3654 pura
3219 3585 3524 3638 conclusio:

1957 3673 2001 3727 si
2037 3681 2236 3727 natura:
2270 3673 2407 3726 inest
2447 3673 2516 3725 ita
2553 3673 2786 3736 malum,
2831 3683 2886 3726 ut
2927 3682 3172 3728 nascatur
3205 3689 3269 3729 ex
3310 3691 3372 3730 ea
3405 3690 3524 3730 cmn

1958 3764 2087 3832 ipsis
2125 3762 2414 3816 seminibus
2459 3762 2686 3827 malum;
2719 3763 2854 3817 mala
2884 3763 2998 3818 sine
3037 3763 3364 3819 dubitatione
3397 3780 3528 3818 con-

1960 3854 2206 3908 vincitur.

2031 3947 2162 4001 Aue.
2206 3943 2318 3998 Etsi
2361 3941 2498 3996 mala
2546 3942 2905 4008 convincitur,
2949 3957 3054 3996 non
3111 3951 3285 3998 tamen
3335 3944 3529 3997 malum

1959 4046 2042 4092 est
2074 4035 2232 4106 :quia
2263 4033 2362 4089 etsi
2407 4032 2584 4085 vitiata
2618 4031 2980 4098 conviucltur,
3006 4047 3110 4088 non
3148 4042 3322 4088 tamen
3349 4035 3528 4087 vitium

1960 4136 2062 4183 εει.

2029 4212 2246 4269 CXCIII.
2289 4213 2407 4268 Jun.
2438 4209 2493 4267 Si
2519 4219 2693 4267 autem
2729 4210 3022 4267 vindicatur
3051 4227 3081 4266 a
3112 4213 3283 4278 malis,
3313 4221 3367 4267 et
3397 4213 3528 4265 bona

1961 4305 2259 4361 defenditur
2277 4345 2291 4368 ,
2322 4318 2419 4358 nec
2444 4303 2588 4357 nasci
2622 4318 2686 4358 ex
2707 4318 2769 4357 ea
2796 4304 3014 4370 malum,
3044 4318 3140 4357 nec
3169 4304 3217 4357 ei
3245 4305 3418 4358 inesse
3441 4319 3533 4373 pn-

1964 4407 2066 4452 test
2104 4395 2432 4450 naturaliter.
2488 4393 2714 4448 Evanuit
2748 4393 2905 4462 igitur
2937 4393 3206 4447 conclusio
3249 4403 3365 4457 tua;
3410 4396 3531 4463 quia

1963 4488 2244 4555 sententia,
2275 4499 2432 4557 quam
2459 4484 2692 4539 secundo
2715 4485 2830 4538 loco
2859 4483 3100 4549 intulisti,
3123 4499 3228 4538 non
3252 4484 3488 4538 distinxit
3513 4525 3527 4547 ,

1963 4579 2055 4634 sed
2085 4580 2369 4648 geminavit
2390 4577 2638 4646 priorem.

2035 4674 2165 4725 Anc.
2197 4669 2311 4723 Non
2339 4668 2610 4730 continuo,
2642 4666 2686 4721 si
2718 4666 2854 4721 bona
2881 4663 3204 4731 defenditur,
3237 4668 3530 4723 vindicatur

1965 4779 1993 4816 a
2021 4762 2190 4815 malis.
2225 4759 2417 4814 Eadem
2443 4759 2635 4828 quippe
2664 4768 2870 4824 natura,
2899 4768 2952 4812 et
2983 4759 3118 4813 bona
3147 4769 3262 4824 cst,
3295 4761 3345 4814 in
3369 4776 3534 4830 quan-

1968 4861 2075 4905 tum
2111 4861 2294 4904 natura
2326 4858 2439 4914 est;
2465 4857 2520 4904 et
2546 4849 2681 4902 mala
2716 4858 2827 4913 cst,
2852 4849 2894 4904 si
2934 4849 3112 4902 vitiata
3138 4859 3220 4903 est
3266 4867 3279 4902 :
3319 4865 3420 4902 non
3453 4862 3534 4904 est

1968 4952 2142 4996 tatnen
2170 4941 2363 4994 malum
2392 4940 2494 4994 ulla
2519 4940 2738 4993 omnino
2765 4946 2972 4992 natura.
2995 4937 3108 4991 Non
3138 4937 3298 5007 igitur
3323 4941 3536 4994 evanuit

1969 5048 2083 5086 mea
2123 5030 2388 5085 conclusio
2407 5071 2421 5092 ,
2449 5044 2550 5098 qua
2583 5027 2728 5091 dixi,
2757 5025 2959 5080 Natura
2989 5026 3210 5080 humana
3228 5068 3243 5092 _.
3272 5029 3316 5082 si
3349 5029 3537 5081 mnium

1967 5131 2113 5184 esset,
2142 5119 2382 5174 salvanda
2420 5135 2518 5171 non
2543 5127 2704 5179 esset;
2733 5117 2776 5170 si
2810 5116 2855 5170 ei
2888 5117 3008 5170 mali
3039 5116 3166 5171 nihil
3191 5118 3405 5182 inesset,
3433 5119 3537 5171 stilo

1967 5213 2133 5264 nanda
2170 5225 2264 5262 non
2292 5218 2432 5262 esset.
2478 5207 2580 5262 Sed
2609 5208 2650 5261 si
2681 5206 2762 5262 vis
2787 5221 2968 5260 verum
3007 5206 3186 5263 dicere
3209 5249 3224 5268 ,
3253 5209 3337 5263 dic
3365 5208 3538 5276 potius

1969 5299 2247 5355 evanuisse
2274 5297 2776 5367 argumentationem
2808 5306 2979 5362 luam,
3011 5311 3114 5364 qua
3145 5298 3354 5352 voluisti
3379 5294 3534 5348 refel-

1971 5394 2079 5448 lere
2102 5391 2492 5446 conclusionem
2523 5404 2712 5442 meam.
3099 5458 3101 5460 η

2042 5479 2260 5537 CXCIV.
2293 5479 2408 5533 JL'L.
2441 5477 2639 5530 Natum
2659 5517 2673 5540 ,
2701 5477 2874 5547 inquis
2894 5519 2908 5539 ,
2940 5477 3158 5531 humana
3175 5476 3217 5527 si
3243 5473 3426 5526 malum
3459 5491 3536 5525 es-

1972 5583 2061 5636 set,
2082 5555 2321 5627 sttlvtmtltt
2343 5586 2439 5622 non
2461 5577 2618 5630 esset;
2649 5575 2691 5621 si
2718 5570 2760 5621 ei
2787 5568 2902 5619 muli
2931 5567 3056 5618 nihil
3077 5566 3272 5628 inesset,
3300 5562 3541 5615 mittimitti

1974 5683 2070 5719 non
2124 5673 2292 5716 esset:
2332 5659 2453 5730 quid
2497 5659 2632 5712 aliud
2678 5658 2984 5718 Ostenditi,
3027 5670 3181 5723 quam
3232 5671 3384 5710 unam
3433 5672 3542 5710 rem
