3934 6178
346 364 475 420 1⁵551
1049 359 1292 415 OPERIS
1330 358 1738 415 IMPERFECTI
1777 356 2045 414 CONTRA
2087 357 2444 426 JULIANUSI,
2483 360 2538 416 S.
2580 360 2941 442 AUGUSTINI
3468 369 3613 425 ,δεῖ

346 486 560 549 propter
580 476 630 531 id
653 475 846 531 debere
874 473 1088 541 salvari,
1117 480 1334 544 prepter
1364 472 1503 543 quod
1537 471 1676 526 illam
1707 483 1924 540 negave-

343 588 431 627 ras
456 572 652 628 debere
676 566 866 623 salvari
880 570 905 621 Υ

413 687 548 742 Auc.
579 680 841 740 Salvanda
867 689 970 745 est,
1000 679 1121 750 quia
1150 679 1288 735 mala
1311 686 1415 743 est,
1446 676 1695 745 nonquia
1729 672 1922 727 malum

340 786 422 831 est
449 793 464 829 :
490 773 536 829 si
564 781 739 828 autem
764 780 906 826 esset
927 770 1125 824 malum
1145 766 1444 843 ,salvanda
1474 781 1578 821 non
1615 774 1777 820 esset.
1810 763 1923 818 Non

339 866 481 920 enim
515 862 637 935 quia
670 863 868 917 malum
903 870 1012 923 est.
1037 859 1129 914 sed
1168 859 1286 928 quia
1333 858 1528 912 tualum
1568 856 1758 918 habet,
1787 853 1924 909 mala

341 967 457 1012 ist:
490 957 629 1011 sicut
667 953 923 1024 nonquia
946 952 1130 1006 vitimn
1160 962 1235 1005 eSI
1259 992 1275 1015 ,
1309 950 1402 1004 sed
1442 949 1562 1019 quia
1605 949 1786 1004 vitium
1827 948 1923 1000 ha-

342 1049 447 1110 bet,
474 1046 801 1118 vitiosayest.
824 1042 957 1115 Quia
995 1041 1181 1096 vitiosa
1220 1049 1302 1096 est
1333 1054 1494 1109 ergo,
1525 1038 1776 1093 salvauda
1806 1047 1919 1093 est:

338 1141 381 1193 si
410 1147 588 1193 autem
618 1138 730 1207 ipsa
761 1145 970 1202 natura,
1004 1134 1104 1188 hoc
1130 1142 1230 1197 est,
1255 1133 1368 1201 ipsa
1396 1132 1712 1201 substantia,
1740 1131 1922 1185 vitium

337 1241 501 1299 esset,
525 1229 777 1285 salvanda
813 1243 917 1284 non
962 1235 1123 1282 esset.
1165 1225 1442 1294 Quomodo
1468 1239 1596 1294 ergo
1623 1239 1780 1279 unam
1812 1239 1925 1278 rem

340 1330 557 1391 propter
596 1320 700 1375 hoc
728 1319 841 1374 dixi
870 1318 1066 1372 debere
1090 1316 1282 1371 salvari
1310 1358 1324 1374 .
1349 1326 1563 1385 propter
1598 1315 1740 1384 quod
1782 1315 1924 1370 illam

339 1404 897 1482 negaveram'debere
932 1407 1122 1462 salvari
1150 1424 1165 1471 ;
1191 1422 1312 1461 cum
1343 1406 1484 1460 aliud
1514 1405 1584 1459 sit
1620 1406 1803 1459 vitium
1826 1406 1923 1458 ha-

340 1503 467 1558 bere
491 1542 504 1567 ,
536 1500 676 1555 aliud
704 1500 886 1554 vitium
915 1497 1071 1553 esse?
1100 1494 1365 1551 Salvanda
1395 1506 1474 1549 est
1505 1510 1670 1562 ergo,
1694 1495 1817 1563 quia
1845 1494 1923 1549 ri-

340 1592 468 1644 tiunt
521 1590 710 1655 habet,
743 1604 847 1645 non
891 1588 1013 1658 quia
1063 1587 1244 1639 vitium
1293 1584 1482 1638 estzsi
1517 1593 1697 1641 autem
1740 1583 1924 1637 vitium

339 1691 517 1746 esset,
545 1681 796 1737 salvanda
834 1695 937 1734 non
973 1688 1132 1737 esset.
1177 1678 1334 1732 Vides
1370 1693 1530 1746 quam
1567 1692 1674 1731 non
1723 1677 1824 1732 hoc
1856 1678 1927 1731 sit

340 1774 698 1845 respondere,
744 1772 883 1844 quod
932 1780 1015 1828 est
1065 1786 1168 1825 non
1216 1781 1391 1826 tacere
1436 1788 1449 1823 :
1499 1770 1924 1840 quandoquidem

342 1867 489 1929 vides
518 1876 570 1923 te
599 1866 727 1920 nihil
756 1864 1096 1935 respondisse
1118 1904 1132 1928 ,
1160 1873 1214 1917 et
1242 1872 1419 1918 tamen
1451 1870 1627 1917 tacere
1665 1860 1921 1916 noluisse.

405 1976 608 2034 CXCV.
634 1978 752 2033 JUL.
783 1978 860 2032 Ac
887 1992 981 2046 per
1006 1976 1107 2031 hoc
1129 2018 1142 2040 ,
1175 1990 1240 2030 eo
1270 1975 1544 2029 revolutus
1571 1990 1650 2039 es,
1681 1983 1738 2028 ut
1762 1975 1928 2048 Mani-

338 2069 574 2134 chmum,
605 2084 763 2139 quem
812 2067 1139 2137 professione
1177 2074 1610 2134 contempseras,
1639 2080 1924 2135 argumen.

339 2160 536 2215 talione
554 2173 850 2228 reparares.
870 2157 1001 2212 Nam
1019 2157 1264 2222 dicendo,
1293 2156 1354 2212 Si
1369 2157 1503 2210 mala
1519 2166 1660 2220 esset,
1681 2156 1925 2211 salutanda

338 2267 438 2305 non
461 2259 619 2317 esset,
641 2250 874 2319 speciem
911 2248 1193 2320 pugnantis
1218 2247 1464 2303 indueras
1492 2265 1505 2300 τ
1536 2246 1811 2302 subdcndo
1829 2263 1925 2302 au-

339 2355 466 2407 tem,
493 2345 583 2397 sed
609 2344 656 2397 si
680 2342 809 2397 nihil
844 2343 896 2396 in
921 2356 981 2396 ea
1007 2341 1130 2411 mali
1156 2350 1282 2396 esset
1308 2383 1324 2408 ,
1353 2340 1599 2395 salvanda
1626 2357 1726 2395 non
1756 2350 1921 2408 esset,

339 2433 436 2503 ipsi
465 2442 517 2489 te
545 2432 772 2488 ﬁdeliter
799 2431 1029 2487 militare
1066 2431 1314 2486 docuisti.
1343 2429 1473 2484 Cum
1512 2445 1638 2499 ergo
1661 2443 1927 2501 apparue-

339 2523 406 2576 rit
434 2522 539 2577 hoe
556 2532 644 2577 tua
675 2521 815 2592 quod
840 2520 1118 2575 Manirbmi
1137 2519 1400 2575 sententia
1422 2520 1714 2583 contineri,
1739 2518 1791 2573 id
1811 2528 1920 2582 est,

339 2614 531 2668 malam
558 2627 678 2668 esse
700 2614 716 2645 ³
744 2612 1018 2667 hominum
1058 2619 1322 2676 naturam,
1350 2611 1432 2666 cui
1458 2609 1545 2664 ille
1570 2617 1625 2664 et
1647 2620 1701 2663 tu
1729 2609 1925 2679 pariter

336 2704 535 2758 malum
561 2703 738 2758 inesse
760 2702 957 2768 dicitis,
983 2710 1142 2772 tuque
1166 2699 1594 2772 pronuntiaveris
1615 2700 1808 2754 malam
1832 2715 1925 2755 na-

338 2806 509 2852 turam
538 2812 644 2851 non
675 2810 794 2850 esse
822 2794 1127 2849 salt-audam
1152 2810 1167 2861 ;
1190 2792 1584 2848 absolutissime
1621 2791 1924 2848 confectum

337 2898 419 2946 est
443 2932 458 2955 ,
489 2888 647 2945 ﬁdem
673 2895 904 2943 vestram
926 2887 1123 2958 junctis
1147 2886 1364 2941 omnino
1411 2885 1600 2940 turmis
1637 2893 1741 2940 tam
1773 2892 1926 2940 natu-

342 2996 454 3037 ram
483 2980 824 3052 impugnare,
853 2994 1013 3050 quam
1042 2978 1287 3050 gratiam.

409 3098 546 3155 Auc.
567 3094 833 3166 Numquid
874 3094 1125 3166 quoniam
1161 3094 1323 3150 verba
1351 3108 1468 3151 mea
1511 3102 1715 3157 mutas,
1740 3102 1798 3148 ut
1822 3093 1922 3150 ali-

336 3186 463 3256 quid
492 3185 834 3258 respondisse
857 3185 1087 3243 videaris
1107 3227 1123 3252 ,
1156 3183 1277 3242 ideo
1305 3185 1520 3242 difﬁcile
1547 3196 1637 3241 aut
1674 3186 1923 3256 impossi-

338 3276 443 3331 bile
483 3273 613 3333 facis
649 3275 948 3348 legentibus
969 3316 985 3344 ,
1012 3275 1095 3331 vel
1132 3276 1372 3332 recolere
1389 3277 1410 3308 ³
1439 3275 1647 3344 animo,
1668 3276 1751 3332 vel
1777 3283 1924 3332 certe

339 3366 390 3420 in
414 3367 515 3421 hoc
546 3366 662 3435 ipso
700 3375 790 3420 tuo
819 3366 955 3422 libro
993 3365 1151 3436 paulo
1191 3365 1435 3437 superius
1473 3366 1745 3436 relegere,
1773 3376 1827 3423 et
1843 3367 1925 3422 vi-

336 3456 467 3510 dere
503 3454 628 3525 quid
663 3453 922 3519 dixerim,
946 3454 1036 3509 ubi
1071 3462 1126 3510 et
1161 3454 1276 3525 ipse
1316 3455 1403 3509 illa
1430 3455 1568 3510 sicut
1602 3471 1632 3510 a
1678 3472 1764 3513 me
1803 3466 1927 3513 sunt

339 3545 480 3598 dicta
506 3544 728 3615 posuisti
749 3544 772 3598 ἲ
797 3544 910 3614 Ego
936 3548 1077 3599 enim
1105 3559 1210 3600 non
1240 3545 1369 3611 dixi,
1397 3543 1452 3599 Si
1478 3545 1613 3603 mala
1636 3555 1799 3611 esset,
1821 3548 1928 3602 sal-

340 3632 511 3692 vanda
539 3648 643 3688 non
664 3641 844 3698 esset;
872 3616 1003 3693 cum.
1038 3634 1159 3690 ideo
1198 3633 1447 3693 salvanda
1487 3635 1590 3701 sit,
1615 3644 1671 3691 ut
1705 3652 1810 3691 non
1856 3638 1928 3695 sit

342 3724 480 3781 mala
506 3742 518 3777 :
547 3722 641 3779 sed
662 3714 806 3791 dixi,
838 3724 896 3779 Si
940 3724 1130 3779 malum
1155 3735 1281 3783 esset
1300 3765 1317 3792 ,
1358 3725 1604 3783 salvanda
1636 3743 1739 3784 non
1776 3717 1924 3787 esset.

347 3814 599 3872 liabendo
637 3814 832 3884 quippe
874 3814 1058 3870 vitium
1104 3816 1243 3871 mala
1287 3824 1398 3884 est,
1429 3831 1535 3887 quo
1570 3827 1923 3888 consumpto,

341 3906 457 3961 sine
480 3904 810 3963 dubitatione
848 3905 911 3960 ﬁt
935 3906 1081 3961 salva
1112 3923 1127 3959 :
1157 3921 1262 3961 non
1304 3907 1416 3978 ipsa
1444 3907 1631 3967 vitium
1658 3916 1769 3974 est;
1797 3909 1927 3963 alio-

349 3996 470 4065 quin
494 3995 605 4068 ipsa
619 4005 1041 4064 consumeretur,
1068 4012 1188 4052 eum
1209 3986 1540 4054 consumitur
1565 3999 1767 4057 vitium.
1793 3994 1926 4064 Cum

345 4103 469 4143 vero
507 4089 680 4143 salute
703 4089 889 4143 vitium
924 4096 1302 4157 consumatur,
1332 4089 1458 4160 quid
1498 4090 1599 4145 isto
1628 4089 1787 4146 modo
1826 4089 1926 4146 nisi

344 4188 529 4236 natura
568 4179 842 4238 solvatur?
878 4177 1011 4237 Cum
1056 4178 1231 4248 itaque
1269 4178 1463 4233 dicitur
1499 4180 1676 4235 sanari
1710 4181 1923 4247 vitium,

344 4287 447 4324 non
475 4271 650 4341 ipsum
680 4270 887 4336 vitium,
914 4268 1009 4325 sed
1031 4268 1121 4326 illa
1151 4269 1235 4324 cui
1264 4268 1365 4323 hoc
1385 4269 1585 4330 inerat.
1608 4280 1795 4327 natura
1823 4272 1928 4328 sal-

346 4371 528 4428 vatur;
554 4376 673 4432 qua:
692 4361 737 4419 si
770 4360 952 4418 vitium
979 4366 1142 4424 esset,
1166 4373 1272 4414 non
1295 4360 1608 4424 salvaretur,
1632 4360 1725 4416 sed
1758 4360 1927 4418 ﬁniree

345 4464 429 4508 tur
459 4455 634 4524 potius
673 4454 901 4512 sanitate
933 4470 947 4511 :
972 4453 1079 4508 imo
1108 4452 1306 4507 sanitas
1326 4449 1430 4507 hoc
1473 4452 1634 4507 modo
1664 4454 1768 4509 ulla
1808 4456 1924 4513 ﬁeri

348 4560 452 4597 non
476 4554 684 4614 posset;
709 4545 959 4614 quoniam
980 4544 1025 4599 si
1049 4542 1219 4608 ﬁeret,
1249 4552 1487 4599 maneret
1508 4550 1698 4598 natura
1718 4557 1922 4612 sanata,

346 4643 661 4702 consumpto
682 4634 808 4687 vitio
832 4650 938 4703 quo
972 4649 1078 4690 non
1108 4643 1223 4690 erat
1258 4649 1385 4689 sana
1411 4651 1426 4699 ;
1456 4633 1500 4689 si
1529 4642 1703 4689 autem
1743 4644 1929 4690 natura

350 4725 533 4781 vitium
555 4732 718 4784 esset,
752 4739 856 4779 non
894 4724 1075 4793 utique
1106 4734 1422 4793 consumpto
1458 4725 1587 4779 vitio
1611 4735 1890 4781 sanaretur
1914 4767 1927 4790 ,

350 4815 443 4872 sed
482 4816 595 4889 ipsa
634 4823 1058 4871 consumeretur.
1101 4814 1176 4871 Ac
1203 4830 1297 4885 per
1326 4816 1457 4882 hoc,
1485 4827 1671 4873 natura
1701 4818 1929 4881 humana

351 4923 454 4964 non
476 4908 521 4963 si
543 4907 681 4964 mala
712 4914 875 4972 esset,
904 4905 997 4962 sed
1026 4906 1071 4963 si
1097 4906 1292 4961 malum
1319 4918 1497 4973 esset,
1530 4908 1633 4965 hoc
1659 4919 1759 4977 est,
1788 4912 1832 4966 si
1856 4912 1931 4965 vi-

349 5000 478 5055 tium
505 5007 687 5066 esset,
713 4998 965 5055 salvanda
1003 5013 1108 5055 non
1136 5008 1308 5065 esset;
1337 4999 1379 5054 si
1402 5000 1450 5055 ei
1476 5000 1605 5057 nihil
1631 5002 1753 5056 mali
1790 5003 1933 5059 ines-

348 5096 461 5154 set,
487 5086 591 5144 hoc
619 5096 731 5152 cst.
754 5090 801 5145 si
828 5088 959 5144 vitio
993 5090 1133 5144 mala
1172 5103 1276 5144 non
1315 5100 1495 5154 esset,
1533 5091 1785 5147 salvauda
1827 5109 1930 5148 non

350 5187 495 5235 esset
513 5179 555 5232 ³.
586 5179 724 5235 Ecce
747 5179 888 5249 quod
917 5180 1059 5248 disi;
1086 5181 1194 5237 noli
1224 5184 1440 5239 mutatis
1467 5200 1498 5239 a
1526 5194 1576 5239 te
1596 5185 1773 5241 verbis
1797 5187 1933 5242 meis

350 5273 488 5328 velle
518 5271 692 5328 facere
720 5270 892 5326 locum
917 5312 933 5339 ,
962 5288 1067 5328 non
1102 5274 1557 5346 responsionibus,
1585 5277 1680 5332 sed
1705 5288 1930 5334 conten-

355 5364 588 5419 tionibus
611 5362 732 5417 tuis.

418 5473 647 5531 CXCVI.
684 5473 804 5530 Jut.
841 5472 1196 5544 Sequiturque
1232 5484 1288 5530 ut
1321 5492 1477 5532 nemo
1517 5478 1680 5547 possit
1720 5473 1933 5537 la'udare

415 5634 428 5661 ε
466 5633 600 5689 aditi,
624 5631 806 5680 malum
839 5641 959 5679 esse.
996 5635 1049 5677 Αι
1073 5636 1175 5679 uss.
1195 5665 1208 5689 ,
1231 5630 1407 5679 oratam
1427 5645 1544 5684 esse.

412 5693 433 5723 '
465 5694 537 5753 sie
557 5697 663 5742 uss.
692 5697 741 5740 ta
760 5693 917 5753 vign.,
947 5689 1117 5740 recole.
1902 5716 1903 5719 η

413 5753 434 5783 ³
467 5752 695 5823 Alterum
716 5753 809 5823 boc
826 5752 1097 5823 ’Inetnlirutn
1120 5755 1377 5823 sententiae
1400 5757 1698 5823 restituimns
1722 5774 1782 5808 ex
1811 5768 1936 5823 Mss,

350 5825 527 5876 nempe
543 5827 572 5864 a
595 5816 758 5864 verbis
781 5853 794 5876 ,
821 5814 864 5865 si
881 5813 927 5866 ei
944 5812 1083 5876 nihil,
1117 5829 1269 5878 usque
1285 5815 1342 5864 ul
1363 5818 1632 5877 verbm-non
1648 5829 1783 5871 esset.

2033 470 2253 538 gratiam
2283 469 2477 526 Christi
2502 515 2514 537 ,
2538 472 2637 527 nisi
2666 473 2755 546 qui
2792 474 2842 528 in
2875 483 3059 528 natura
3096 475 3290 531 bonum
3327 492 3460 551 Opus
3488 483 3617 537 Iau-

2033 560 2233 614 daverit
2260 560 2581 618 Conditoris.

2104 653 2236 707 Ave.
2284 653 2394 707 lloc
2435 668 2617 707 verum
2666 652 2884 709 dixisti:
2925 664 2979 708 et
3014 654 3132 711 ideo
3180 656 3338 713 etiam
3375 660 3426 714 in
3474 663 3620 717 mala

2034 750 2215 795 natura
2256 758 2388 812 opus
2416 743 2679 799 laudabile
2717 754 2797 798 est
2824 744 3156 814 Conditoris;
3184 749 3305 818 quia
3343 762 3397 805 et
3427 763 3621 807 natura

2033 831 2198 893 mala,
2229 833 2279 886 in
2306 843 2561 902 quantum
2610 844 2794 890 natura
2829 844 2942 897 est,
2973 836 3168 891 bonum
3206 849 3322 902 est;
3358 852 3516 912 atque
3562 856 3625 898 ut

2033 922 2134 976 hoc
2161 923 2357 977 bonum
2387 924 2640 979 liberetur
2664 941 2693 978 a
2723 926 2884 993 malo,
2912 929 3078 997 gratia
3109 931 3409 985 necessaria
3434 943 3535 987 est.

2104 1013 2352 1070 CXCVII.
2374 1014 2494 1071 λιιι..
2524 1017 2681 1071 Certe
2722 1016 2864 1072 nulla
2890 1017 2976 1073 hic
3006 1018 3073 1073 de
3098 1018 3289 1075 studiis
3311 1021 3620 1079 adulterum

2033 1104 2303 1160 hominum
2345 1107 2568 1176 (μιωεῖἱο
2592 1149 2605 1171 ,
2634 1107 2729 1161 sed
2755 1108 2819 1162 de
2849 1106 2961 1162 sola
2999 1112 3327 1166 nasccntium
3363 1114 3623 1183 qualitate

2032 1206 2302 1263 versatur,
2333 1197 2384 1250 in
2427 1197 2619 1266 quibus
2654 1206 2858 1251 natura:
2884 1199 3215 1255 cxaminatur
3239 1211 3432 1256 status.
3470 1203 3624 1257 Ilanc

2033 1295 2087 1341 tu
2123 1287 2297 1358 itaque
2325 1297 2570 1341 naturam
2601 1288 2716 1342 sine
2750 1290 2928 1359 aliquo
2950 1290 3176 1360 propria:
3207 1294 3492 1357 voluntatis
3521 1295 3621 1349 ad-

2030 1379 2195 1433 mixtu
2237 1395 2381 1433 ream
2403 1423 2416 1446 ,
2445 1380 2784 1448 damnatam,
2811 1382 2993 1448 malis,
3025 1382 3075 1436 id
3114 1392 3227 1442 cst.
3262 1386 3573 1441 criminibus
3598 1429 3617 1452 ,

2028 1471 2269 1543 plenam,
2300 1486 2418 1524 cum
2468 1472 2757 1526 Maniclnvo
2801 1482 2974 1528 tamen
3017 1476 3213 1529 asseris
3250 1493 3263 1528 :
3313 1492 3471 1546 quam
3515 1495 3622 1535 nos

2030 1565 2144 1618 sine
2174 1564 2395 1626 scelere,
2429 1565 2543 1619 siue
2573 1565 2777 1634 peccati
2819 1564 2963 1619 malo
3010 1565 3314 1634 innoxiam,
3364 1578 3416 1622 et
3456 1585 3620 1641 capa-

2030 1669 2146 1709 cem
2202 1655 2414 1709 virtutis
2445 1664 2675 1709 tuemur.

2102 1747 2232 1801 Ave.
2262 1746 2612 1812 Agnoscimus
2637 1753 2708 1812 te,
2731 1745 3065 1817 agnoscimus
3087 1761 3334 1818 magnum
3358 1756 3614 1816 tutorem,

2029 1836 2118 1907 qui
2150 1837 2382 1905 parvulis
2410 1850 2544 1905 quos
2572 1836 2736 1890 tueris
2760 1877 2776 1903 ,
2800 1851 2906 1890 non
2936 1837 3066 1891 sinis
3089 1852 3401 1895 succurrere
3428 1840 3616 1896 Salva-

2031 1935 2220 1983 torem.
2248 1925 2304 1982 Si
2332 1936 2509 1982 autem
2540 1928 2694 1994 sinis,
2724 1927 2830 1994 dic,
2855 1942 3039 1998 quzeso
3059 1971 3076 1996 ,
3100 1930 3312 2000 quando
3341 1933 3469 1987 salvi
3494 1950 3617 1989 eor-

2029 2030 2160 2086 pore
2182 2017 2542 2085 haplizanlllr,
2573 2032 2641 2073 ex
2670 2033 2775 2087 quo
2797 2018 2938 2073 malo
2957 2061 2972 2087 ,
3002 2033 3067 2075 ex
3093 2036 3198 2090 quo
3226 2022 3355 2079 vitio
3373 2065 3387 2087 .
3410 2039 3476 2079 ex
3509 2042 3615 2098 qua

2032 2116 2178 2176 parte
2201 2108 2216 2137 ¹
2248 2109 2536 2167 salventur.
2569 2108 2675 2164 Sed
2698 2108 2823 2178 quid
2850 2108 3090 2164 dicturus
3115 2126 3196 2174 es,
3230 2112 3387 2167 homo
3415 2117 3501 2184 qui
3531 2117 3615 2171 Ia-

2028 2197 2106 2255 cis
2134 2196 2226 2252 tibi
2257 2197 2557 2266 paradisum
2581 2204 2749 2264 tuum,
2782 2213 2940 2269 quem
2962 2215 3068 2254 non
3096 2201 3369 2258 erubescis
3392 2203 3616 2274 implere

2030 2289 2202 2358 poenis
2229 2288 2506 2345 immeritis
2531 2288 2868 2359 parvulorum
2895 2289 2918 2345 ?

2101 2379 2369 2434 CXCVIII.
2391 2379 2507 2437 ιω..
2529 2380 2675 2437 llanc
2687 2395 2814 2451 ergo
2833 2390 2886 2435 tu
2905 2380 2955 2439 in
2975 2383 3228 2452 parvulis,
3244 2386 3610 2453 criminosam,

2028 2472 2292 2539 vitiosam,
2314 2481 2368 2526 et
2398 2471 2700 2527 damnatam
2739 2487 2834 2527 sua
2865 2472 3132 2529 voluntate
3155 2477 3354 2546 arguis,
3382 2495 3450 2531 an
3478 2495 3611 2534 con-

2028 2562 2227 2621 ditione
2275 2563 2566 2620 nascendi?
2593 2563 2650 2621 Si
2685 2564 2897 2635 proliria
2942 2565 3209 2622 voluntate
3232 2610 3248 2635 ,
3278 2563 3335 2623 ut
3373 2571 3615 2627 videlicet

2029 2655 2105 2710 illi
2129 2657 2328 2726 parvuli
2357 2657 2470 2717 suis
2493 2656 2683 2712 studiis
2709 2672 2956 2726 peccasse
2992 2657 3269 2725 dicantur;
3312 2672 3610 2717 monstrum

2029 2745 2242 2815 quidem
2293 2747 2599 2817 Opinionis'
2626 2750 2904 2813 exoritur,
2948 2750 3146 2819 peccati
3193 2759 3366 2805 tamen
3423 2753 3613 2811 tradux

2029 2843 2284 2907 negatur;
2307 2853 2414 2893 non
2448 2838 2591 2893 enim
2620 2839 2827 2909 accepit
2857 2840 2926 2894 ab
2952 2840 3059 2894 alio
3079 2880 3092 2904 ,
3122 2841 3262 2910 quod
3294 2844 3462 2911 putuit
3498 2845 3617 2914 ipse

2028 2928 2363 2983 committere
2413 2946 2427 2983 :
2474 2929 2557 2984 sin
2595 2939 2770 2984 autem
2812 2937 2887 2983 tot
2926 2930 3061 2985 mala
3105 2948 3212 2987 non
3252 2932 3460 2989 actione
3480 2950 3575 2990 sua
3598 2978 3614 3001 ,

2029 3018 2125 3076 sed
2160 3018 2465 3077 conditione
2515 3020 2753 3087 sortitur,
2803 3021 3114 3083 naturaliter
3165 3022 3342 3094 iniqua
3390 3027 3616 3083 convin-

2029 3109 2187 3164 citur.

2100 3200 2237 3257 Anc.
2256 3199 2367 3256 Nec
2384 3214 2478 3256 sua
2499 3200 2771 3257 voluntate
2791 3216 2956 3271 arguo
2982 3210 3222 3258 naturam
3250 3204 3615 3275 parvulorum;

2031 3304 2191 3346 nemo
2227 3291 2368 3345 enim
2419 3290 2541 3360 quia
2593 3290 2705 3345 vult
2745 3292 3136 3361 nascitur;nec
3174 3294 3480 3355 conditione
3522 3313 3619 3354 ua-

2031 3380 2234 3449 scendi,
2266 3382 2368 3437 nisi
2395 3383 2516 3452 quia
2542 3383 2720 3438 miseri
2744 3393 3031 3443 nascuntur
3053 3426 3068 3450 ,
3101 3400 3206 3440 non
3233 3388 3354 3456 quia
3384 3403 3619 3447 nascun-

2032 3480 2137 3527 tur.
2165 3471 2484 3529 Naseeretur
2509 3473 2651 3528 enim
2694 3475 2854 3530 etiam
2897 3485 3083 3537 natura
3110 3475 3340 3532 humana
3371 3478 3425 3534 in
3459 3495 3617 3549 para-

2030 3565 2186 3634 diso,
2236 3581 2304 3621 ex
2347 3566 2440 3621 Dei
2495 3567 2863 3625 benedictione
2912 3569 3157 3635 fecunda,
3208 3572 3417 3626 etiamsi
3457 3587 3621 3629 nemo

2032 3666 2323 3726 peccasset,
2350 3657 2522 3715 donec
2548 3658 2659 3715 Deo
2687 3660 3037 3730 praeeognitus
3074 3671 3379 3718 sanctorum
3423 3678 3620 3719 nume-

2033 3763 2123 3801 rus
2157 3747 2530 3817 compleretur.
2569 3747 2676 3804 Sed
2703 3748 2774 3804 illi
2798 3749 3000 3819 parvuli
3025 3765 3124 3805 nec
3165 3750 3356 3806 ﬁerent
3382 3753 3433 3805 in
3461 3767 3622 3821 para-

2030 3836 2182 3904 diso,
2203 3853 2303 3895 uec
2326 3839 2456 3894 muti
2483 3849 2660 3895 essent
2686 3880 2702 3906 ,
2726 3854 2826 3895 nec
2851 3839 3137 3910 aliquando
3162 3842 3235 3895 uti
3263 3838 3469 3896 ratione
3510 3857 3622 3897 non

2032 3939 2285 3999 possent,
2319 3945 2420 3985 nec
2440 3932 2555 3985 sine
2580 3945 2679 3984 usu
2709 3930 3072 3986 membrorum
3103 3930 3300 3986 inﬁrmi
3324 3939 3380 3987 et
3417 3932 3624 3989 inertes

2026 4020 2284 4091 jacerent,
2316 4037 2418 4077 nee
2437 4022 2635 4077 morbis
2656 4020 3043 4092 aﬁligerentur,
3070 4037 3171 4078 nec
3196 4039 3228 4076 a
3243 4022 3430 4078 bestiis
3458 4022 3629 4079 laede—

2032 4120 2236 4180 rentur,
2268 4126 2368 4168 nee
2396 4113 2615 4168 venenis
2639 4122 2960 4173 necarentur
2981 4153 2997 4180 ,
3026 4127 3126 4169 nec
3149 4113 3329 4183 aliquo
3351 4127 3475 4168 casu
3500 4114 3629 4167 vul-

2033 4210 2375 4271 nerarentur,
2399 4203 2484 4259 vel
2519 4203 2628 4259 ullo
2659 4216 2820 4260 sensu
2848 4244 2864 4267 ,
2895 4212 2986 4259 aut
3023 4203 3136 4258 ulla
3174 4213 3328 4274 parte
3374 4205 3627 4274 corporis

2034 4294 2387 4364 privarentur,
2416 4308 2518 4349 nec
2536 4308 2568 4348 a
2605 4292 2938 4352 daemonibus
2983 4305 3307 4349 vexarentur
3325 4336 3341 4357 ,
3371 4309 3468 4350 nee
3500 4309 3631 4349 sur—

2030 4397 2218 4457 gentes
2246 4387 2298 4442 in
2332 4388 2610 4457 pueritiam
2639 4386 2985 4443 domarentur
3011 4388 3342 4454 verberibus,
3373 4398 3465 4443 aut
3491 4404 3627 4444 eru-

2032 4478 2273 4534 direntur
2313 4477 2613 4543 laboribus,
2654 4492 2755 4534 nec
2791 4478 2883 4534 ulli
2925 4478 2946 4511 ⁸
2987 4494 3174 4535 eorum
3226 4490 3334 4535 tam
3380 4494 3519 4535 vano
3563 4492 3628 4536 et

2035 4570 2266 4626 obtunso
2288 4578 2637 4629 nascerentur
2673 4570 2904 4641 ingenio,
2939 4580 2996 4625 ut
3023 4585 3124 4626 nec
3164 4570 3368 4637 latiore,
3396 4585 3495 4627 nec
3518 4571 3629 4626 do-

2037 4661 2152 4717 lore
2193 4662 2302 4718 ullo
2329 4661 2776 4726 emendarentur;
2804 4661 2903 4717 sed
2937 4668 3159 4731 excepta
3183 4702 3199 4728 ,
3227 4670 3446 4730 propter
3474 4661 3625 4715 inea-

2012 4768 2194 4824 -paces
2241 4761 2424 4809 uteros
2462 4762 2726 4817 matrum,
2754 4753 2834 4807 sui
2863 4752 3109 4822 corporis
3134 4752 3462 4822 quantitate,
3490 4751 3628 4806 tales

2036 4844 2253 4899 cinnino
2272 4843 2442 4915 qualis
2463 4844 2631 4900 Adam
2652 4843 2821 4898 factus
2842 4851 2948 4905 est,
2976 4842 3338 4913 gignerentur.
3360 4842 3511 4897 Nunc
3528 4859 3631 4896 an-

2041 4945 2145 4991 tem
2176 4951 2275 4991 nec
2303 4936 2437 4991 tales
2458 4943 2643 4992 essent
2660 4934 2849 5006 quales
2892 4934 3136 4990 videmus
3155 4976 3170 5002 ,
3195 4950 3295 4990 nec
3320 4935 3441 4989 talia
3478 4943 3630 5003 pate-

2038 5037 2242 5094 rentur,
2276 5028 2375 5084 nisi
2399 5035 2617 5098 peeeate
2635 5027 2730 5082 illo
2758 5041 2950 5096 magno
2978 5033 3166 5081 natura
3189 5026 3415 5081 humana
3447 5026 3499 5079 iu
3528 5025 3633 5079 has

2040 5120 2283 5176 miserias
2320 5129 2519 5174 mutata
2547 5125 2708 5189 atque
2741 5118 3011 5173 damnata.
3046 5116 3164 5172 Non
3190 5131 3322 5188 ergo
3347 5117 3418 5172 ita
3445 5131 3505 5171 se
3530 5116 3636 5169 ha-

2041 5211 2169 5267 bent
2192 5210 2496 5266 conditione
2535 5208 2826 5274 nascendi,
2848 5210 2954 5264 sed.
2980 5209 3301 5279 contagione
3345 5206 3547 5279 peccati
3573 5216 3637 5262 et

2041 5301 2350 5357 conditione
2369 5300 2635 5371 supplicii.
3144 5369 3148 5373 ⁴

2112 5391 2343 5446 CXCIX.
2370 5391 2487 5447 Jun.
2512 5390 2631 5458 Quo
2664 5404 2793 5459 ergo
2817 5404 2981 5457 super
3003 5397 3210 5445 natura)
3232 5390 3435 5460 judicio
3457 5387 3628 5444 ﬂaui—

2044 5485 2224 5539 climus
2264 5494 2424 5553 tuque
2450 5482 2696 5537 distatis?
2719 5482 2854 5549 Quia
2883 5483 2999 5546 ille,
3029 5482 3234 5553 inquis,
3266 5498 3385 5539 eam
3434 5482 3632 5537 malam

2111 5642 2125 5671 ί
2165 5646 2291 5687 Unus
2308 5646 2392 5687 Ms.
2422 5644 2565 5693 Port.,
2591 5645 2733 5697 peste.

2108 5704 2126 5732 ¹
2162 5701 2275 5750 mliti
2299 5735 2313 5759 ,
2336 5697 3000 5762 promissionis.Etnendaatur
3026 5711 3088 5748 ex
3111 5702 3193 5749 Ms.
3222 5705 3483 5747 Portntum.

2111 5764 2130 5794 ³
2166 5759 2451 5826 \ignierius,
2487 5761 2583 5811 imi.
2614 5771 2735 5821 Mss,
2762 5759 2858 5816 ulli,
