3934 6178
217 311 338 368 1⁸535

213 421 406 469 fatetur.
425 408 504 463 Tu
542 421 670 476 ergo
712 405 756 460 si
789 403 839 458 id
862 402 1076 466 abnuis,
1105 400 1296 454 bonam
1330 411 1445 451 eam
1483 410 1602 448 esse
1644 408 1763 460 pro-

212 502 408 566 nuntia;
436 508 490 554 et
526 497 730 553 sublata
757 494 1028 549 contentio
1057 499 1139 544 est
1167 507 1180 542 :
1205 487 1432 557 capieris
1469 485 1646 538 statim
1676 499 1764 536 ve-

211 593 360 647 ritatis
401 589 604 644 retibus
641 587 692 640 in
731 585 976 638 salutem.
1013 581 1118 636 Sed
1153 579 1430 634 reclamas.
1479 573 1766 630 Audiamus

208 698 319 750 ergo
337 679 454 748 quid
476 677 672 747 parias,
696 673 1005 728 Aristoteles
1035 671 1316 725 Pmnorutn
1343 666 1383 718 ¹.
1413 665 1651 725 Tantum,
1683 663 1764 714 in-

207 770 330 839 quis,
356 767 542 821 malum
577 766 621 819 ei
646 766 769 818 inest
793 805 808 830 ,
836 772 891 815 ut
932 761 1250 831 possideatur
1287 774 1320 810 a
1363 755 1562 809 diabolo
1580 795 1596 819 ,
1622 762 1770 820 atque

207 871 428 914 wlernum
449 865 698 910 mereatur
725 853 1032 908 incendium.

269 952 392 1004 Atto.
426 947 503 1001 Tu
525 954 704 1000 autem
726 946 814 1013 qui
843 958 958 998 eam
991 957 1152 1012 negas
1178 956 1205 993 a
1234 937 1446 995 diabolo
1474 937 1764 1007 possideri,

207 1040 371 1111 procul
392 1039 552 1094 dubio
583 1053 744 1107 negas
777 1052 806 1090 a
832 1045 1089 1106 potestate
1117 1035 1230 1089 erui
1258 1033 1617 1096 tenebrarum,
1646 1045 1765 1084 cum

207 1137 250 1186 in
275 1131 468 1184 Christi
499 1145 716 1199 regnum
741 1127 1137 1196 regeneratione
1164 1124 1510 1186 transfertur;
1539 1132 1592 1176 et
1611 1136 1768 1175 accu-

205 1237 278 1275 sas
306 1223 602 1275 universam
641 1219 954 1273 catholicam
999 1217 1286 1271 Ecclesiam
1327 1229 1517 1284 magno
1547 1212 1769 1268 crimine

207 1311 499 1380 majestatis.
525 1309 658 1368 Non
687 1311 828 1364 enim
873 1308 1076 1378 legibus
1112 1307 1266 1374 hujus
1303 1305 1484 1360 mundi
1525 1304 1630 1356 alio
1669 1304 1772 1355 cri-

207 1404 330 1456 mine
358 1409 565 1455 tenetur
594 1415 715 1455 reus
741 1442 754 1463 ,
787 1399 1026 1469 quisquis
1052 1399 1368 1467 imaginem,
1401 1395 1642 1464 quamvis
1665 1409 1767 1445 non

207 1492 384 1551 vivam,
419 1500 594 1542 tamen
627 1488 960 1558 imperatoris
994 1487 1242 1540 exsquIat
1267 1503 1279 1537 :
1304 1483 1649 1539 exsufﬂantur
1677 1498 1769 1534 att-

208 1592 299 1634 tem
347 1579 550 1648 parvuli
597 1579 649 1632 in
685 1579 1020 1641 exorcismo,
1064 1577 1364 1645 priusquam
1397 1575 1766 1642 haptizentur:

207 1670 554 1724 exsumantnr
597 1670 754 1739 igitur
797 1669 928 1721 viva:
966 1667 1250 1736 im:-gines,
1276 1682 1379 1719 non
1424 1665 1562 1733 regis
1594 1662 1771 1731 cujus-

205 1776 438 1827 cumque,
465 1759 556 1813 sed
587 1759 698 1813 Dei.
723 1757 833 1810 Iino
867 1773 990 1811 vero
1016 1756 1349 1820 ettsufllatur,
1379 1755 1470 1809 sed
1497 1753 1768 1818 diabolus,

205 1851 281 1918 qui
307 1851 622 1919 contagione
668 1851 870 1920 peccati
897 1858 1040 1904 tenet
1079 1849 1350 1918 parvulum
1381 1862 1532 1902 reum
1557 1888 1570 1910 ,
1601 1856 1657 1900 ut
1684 1846 1772 1899 illo

207 1942 334 1995 foras
378 1943 547 1996 misso
583 1942 760 2012 (Joan.
786 1957 877 2002 xu,
911 1942 1000 2011 51)
1044 1940 1297 2009 parvulus
1325 1937 1671 1995 transferatur
1706 1935 1772 1988 ad

204 2031 482 2085 Christum.
515 2032 843 2085 Exsuflletur
869 2033 1042 2099 itaque
1075 2029 1266 2083 Juliani
1288 2028 1536 2092 amentia,
1567 2041 1634 2080 ne
1664 2041 1774 2078 tua-

201 2120 394 2185 jestatis
422 2136 513 2175 rea
532 2122 582 2173 in
610 2121 948 2188 parvulorum
971 2118 1313 2172 mundatione
1336 2125 1390 2171 et
1407 2116 1776 2170 exsufflatioue

202 2210 400 2264 dicatur
431 2210 692 2264 Ecclesia.
723 2209 777 2265 Si
805 2218 980 2263 autem
1007 2224 1112 2261 non
1135 2207 1340 2261 eruitur
1361 2221 1389 2259 a
1413 2213 1670 2274 potestate
1695 2213 1774 2258 te-

204 2301 504 2365 nebrarum,
536 2309 590 2355 et
620 2301 724 2354 illic
745 2308 984 2355 remanet
1023 2299 1305 2368 parvnius;
1333 2297 1458 2367 quid
1497 2297 1702 2350 miraris
1724 2297 1774 2349 in

205 2391 309 2458 igne
335 2399 543 2443 aeterno
560 2405 678 2444 cum
706 2390 917 2444 diabolo
943 2389 1178 2443 futurum
1204 2431 1218 2452 ,
1247 2388 1338 2457 qui
1366 2390 1414 2440 in
1441 2388 1532 2442 Dei
1556 2402 1774 2457 regnum

205 2482 392 2535 intrare
429 2495 536 2534 non
574 2481 798 2534 sinitur?
822 2488 900 2534 Au
927 2481 1050 2550 quia
1089 2479 1358 2548 Pelagiani
1395 2479 1576 2533 nescio
1617 2493 1773 2547 quem

205 2570 425 2636 parvulis
447 2585 552 2623 non
579 2569 874 2639 baptizatis,
907 2579 1098 2638 praeter
1128 2569 1216 2622 Dei
1243 2584 1481 2638 regnum,
1511 2552 1703 2638 quietis
1723 2575 1778 2621 et

206 2661 314 2711 vita:
339 2667 561 2713 acterna:
590 2658 762 2712 locum
794 2666 1129 2727 praeparant,
1160 2657 1280 2712 ideo
1307 2658 1501 2712 Christi
1521 2657 1620 2712 erit
1644 2655 1773 2711 falsa

203 2751 454 2805 sententia
488 2770 500 2803 :
535 2750 634 2816 Qui
674 2751 941 2803 crediderit
983 2761 1029 2803 et
1068 2749 1351 2819 baptizatus
1397 2751 1578 2820 fuerit,
1608 2747 1777 2802 salvus

204 2835 313 2897 erit;
340 2835 426 2903 qui
461 2845 630 2887 autem
660 2851 759 2887 non
802 2833 1088 2898 crediderit,
1135 2833 1545 2886 condcmnabitur
1581 2831 1773 2900 (Marc.

204 2941 299 2988 xvi,
329 2925 458 2996 16)?
489 2924 736 2994 Quisquis
757 2935 932 2980 autem
963 2933 1119 2995 negat
1148 2925 1392 2994 parvulos
1432 2923 1652 2979 credere
1685 2939 1778 2992 per

205 3032 285 3070 ora
316 3017 644 3087 gestantium
669 3059 683 3081 ,
717 3026 874 3087 neget
910 3031 1004 3073 eos
1043 3027 1098 3072 et
1130 3017 1373 3086 accipere
1412 3016 1736 3085 Baptismum
1760 3055 1775 3077 ,

205 3108 315 3176 quia
341 3109 389 3166 in
413 3109 666 3163 manibus
690 3109 1008 3178 gestantium
1038 3109 1385 3163 reluctantur.

267 3198 364 3254 CC.
390 3199 415 3254 J
425 3214 521 3253 UL.
545 3198 649 3253 Sed
677 3199 809 3253 adeo
832 3200 968 3253 mala
998 3214 1105 3253 non
1125 3208 1228 3266 est,
1260 3207 1314 3252 ut
1337 3198 1438 3254 nisi
1461 3197 1780 3252 Manichacus

207 3305 309 3343 eam
329 3305 590 3344 accusare
617 3304 719 3344 non
745 3290 929 3359 possit.

268 3383 393 3436 Atto.
423 3380 756 3435 Manichacus
780 3395 906 3450 ergo
932 3379 1083 3443 dixit,
1117 3380 1301 3434 Omnes
1320 3381 1410 3432 sub
1436 3389 1637 3448 peccato
1659 3396 1780 3433 nas-

210 3471 373 3537 cimur,
398 3487 619 3540 quorum
637 3471 743 3540 ipse
778 3480 914 3524 ortus
948 3472 998 3524 in
1033 3471 1148 3524 vitio
1174 3481 1244 3525 est
1267 3470 1604 3536 (Ambrosius,
1632 3471 1718 3524 lib.
1748 3472 1772 3525 I

212 3562 265 3613 de
313 3560 643 3627 Paenitentia,
672 3579 786 3630 cap.
815 3562 884 3627 2,
941 3563 1017 3615 vel
1063 3563 1162 3631 '5)?
1192 3561 1296 3616 Sed
1353 3563 1473 3631 quia
1508 3562 1608 3616 hoc
1649 3563 1782 3617 dixit

213 3651 380 3706 doctus
405 3661 465 3708 et
502 3651 690 3705 doctor
715 3652 1041 3717 catholicus,
1072 3652 1197 3721 quid
1233 3666 1292 3705 cs
1321 3652 1420 3704 nisi
1447 3653 1699 3721 deceptus
1730 3662 1782 3708 et

213 3739 443 3810 deceptor
482 3740 799 3794 hceretieus?

263 3829 389 3883 CCI.
434 3830 564 3885 ιω..
618 3829 760 3900 Ego,
808 3831 1005 3900 inquit,
1062 3839 1238 3885 tamen
1293 3845 1396 3885 nou
1456 3846 1572 3886 sum
1619 3831 1784 3886 Mani-

214 3921 413 3990 chacus,
451 3921 547 3991 qui
593 3937 709 3976 eam
756 3923 974 3978 absolvo
1018 3922 1227 3988 verbis,
1257 3930 1310 3978 et
1349 3923 1649 3978 condemno
1693 3923 1783 3994 ju-

215 4010 368 4066 diciis.

276 4106 402 4161 Ave.
443 4105 530 4159 Tu
573 4121 691 4160 eam
729 4103 1050 4159 condemnas
1083 4105 1318 4175 judicio,
1347 4116 1400 4160 et
1436 4105 1538 4160 hoc
1580 4105 1781 4176 iniquo,

218 4209 358 4261 quam
384 4195 528 4249 mala
553 4204 695 4249 tanta
727 4196 807 4250 vis
835 4195 1033 4265 perpeti
1061 4196 1175 4250 sine
1197 4196 1385 4250 merito
1409 4196 1568 4249 malo.

278 4284 417 4341 CCII.
449 4287 578 4343 JCL.
605 4287 741 4353 Quid
765 4289 924 4357 igitur
953 4287 1036 4342 hic
1056 4287 1283 4356 primum
1314 4302 1580 4354 accusem,
1610 4288 1783 4356 impu-

219 4375 433 4431 dentiam
462 4378 770 4432 mentientis
790 4420 803 4442 ,
829 4377 1101 4432 libidinem
1130 4378 1448 4448 disputantis
1471 4419 1491 4445 ,
1512 4365 1787 4448 an‘profao

222 4468 422 4521 nitatem
456 4477 566 4520 tam
606 4483 761 4537 prava
805 4468 1106 4522 credentis?
1132 4467 1293 4522 Nobis
1333 4476 1506 4522 tamen
1553 4468 1787 4539 intelligo

221 4557 458 4612 utendum
505 4558 774 4627 propheta:
809 4573 926 4613 esse
956 4558 1169 4612 verbis:
1197 4557 1339 4612 Beati
1369 4575 1543 4612 sumne
1580 4558 1745 4613 Israel
1770 4599 1783 4624 ,

221 4646 327 4712 quia
350 4663 460 4715 quae
482 4646 590 4701 Deo
613 4649 826 4717 placent,
861 4649 1000 4702 nobis
1024 4658 1143 4701 nota
1169 4658 1284 4701 sunt
1311 4647 1538 4717 (Baruclt
1566 4666 1636 4713 tv,
1667 4649 1746 4720 4).

286 4741 422 4793 Atto.
451 4739 594 4792 Itane
625 4754 769 4804 vero,
794 4755 909 4808 qua:
940 4729 1052 4793 Deo
1081 4738 1287 4806 placent
1309 4740 1457 4794 vobis
1480 4752 1604 4795 nota
1628 4741 1787 4796 sunt?

224 4823 448 4892 insulse,
477 4836 538 4882 ut
581 4828 695 4882 sine
739 4829 846 4882 ulla
889 4828 1203 4897 contagione
1235 4830 1436 4898 peccati
1481 4840 1788 4899 premantur

224 4917 412 4982 parvuli
438 4917 590 4986 ενιἺὶ
619 4917 766 4986 jugo,
801 4918 974 4986 placet
1012 4918 1120 4972 Deo
1141 4917 1202 4971 ’Ἰ
1225 4918 1464 4972 Trahunt
1499 4935 1626 4990 ergo
1661 4936 1786 4974 con-

225 5007 406 5074 tagium
444 5008 512 5062 de
547 5009 638 5063 illo
667 5009 836 5078 primo
875 5025 1168 5080 magnoque
1211 5020 1424 5079 peccato
1459 5029 1470 5064 :
1517 5013 1654 5082 quod
1696 5028 1789 5066 vos

222 5097 454 5152 uolentes
500 5097 691 5165 fateri,
729 5099 856 5170 quid
900 5100 1000 5155 nisi
1057 5100 1308 5169 injustam
1347 5101 1602 5170 judicium
1652 5103 1788 5158 datis

228 5183 326 5238 Deo
345 5185 369 5237 ?

284 5275 458 5329 CCIII.
507 5275 623 5331 ἔω..
671 5277 775 5333 Sed
826 5280 1179 5334 invectionum
1231 5280 1460 5336 ollicium
1506 5283 1787 5352 legentium

223 5376 438 5418 censura
466 5367 770 5435 supplebit:
811 5383 909 5423 nos
951 5385 1232 5440 pergamus
1270 5371 1332 5424 ad
1371 5372 1592 5442 reliqua.
1637 5373 1789 5428 (λιι-ια

503 5496 697 5556 pendeo.
717 5507 842 5561 Mss,
870 5514 1134 5564 pavrarnm.
1162 5503 1436 5564 cheudum
1462 5504 1584 5553 haud
1623 5507 1787 5565 dubie,

280 5617 298 5646 ¹
333 5619 469 5677 Fditi,
517 5635 604 5672 non
657 5621 846 5683 placere
883 5632 991 5673 Deo.
1037 5632 1135 5672 ωηο
1181 5634 1303 5681 \'ss.,
1350 5638 1438 5674 non
1484 5628 1634 5686 placat
1681 5639 1785 5677 rm,

223 5679 300 5727 K3.
320 5686 468 5740 νυνί..
485 5679 886 5748 (ιιιιὶδδιιίιρδειειῑρ
913 5688 1168 5748 ιίιιηὶρεάλι,
1194 5679 1345 5749 γόητι
1379 5679 1510 5738 ΙΙἯῩ

1544 280 1741 335 LIBER
1782 275 2093 332 TERTIUS.

3316 270 3339 320 ι
3350 271 3449 325 554

1875 389 2078 443 nullum
2115 395 2199 442 est
2228 385 2278 439 in
2310 385 2469 444 rebus
2499 384 2642 439 aliud
2673 382 2867 438 malum
2891 427 2905 450 ,
2938 382 3080 454 quod
3105 399 3228 439 vere
3255 387 3448 439 malum

1875 481 1965 542 sit,
1997 479 2098 532 nisi
2125 477 2265 548 qttod
2291 485 2564 546 peccatum
2594 489 2861 529 vocamus.

1944 572 2077 625 Atto.
2101 569 2156 624 Si
2186 583 2288 623 non
2315 577 2438 622 sunt
2466 567 2608 621 mala
2625 568 2782 620 etiam
2807 568 3068 636 supplicia
3091 576 3444 636 peccatorum,

1873 677 1979 716 non
2011 669 2095 716 est
2127 659 2394 730 quomodo
2421 657 2675 714 defendas
2704 659 2867 714 Deum
2893 658 3091 713 dixisse
3118 674 3298 712 verum
3321 699 3334 723 ,
3365 660 3452 728 qui

1873 754 2005 808 dixit
2029 767 2213 808 creare
2240 767 2298 806 se
2321 751 2459 805 mala
2486 749 2618 822 (1εαὶ
2645 766 2762 816 ην,
2793 752 2869 820 7);
2896 765 3000 805 non
3029 751 3172 806 enim
3199 751 3455 806 dicendus

1873 854 1954 899 est
1976 859 2159 898 creare
2190 851 2426 912 peccata.

1943 932 2116 986 CCIV.
2139 931 2257 986 .lttL.
2288 931 2367 984 Ex
2395 945 2502 1001 quo
2527 939 2744 1002 peccato
2772 930 3003 1000 gignitur
3025 931 3074 983 in
3109 944 3452 1000 unoquoque,

1876 1027 1930 1078 n't
1956 1024 2087 1078 dicis
2110 1065 2125 1088 ,
2151 1023 2388 1077 naturale
2428 1022 2623 1075 malum
2652 1040 2664 1074 :
2696 1021 2826 1074 nihil
2852 1030 2934 1075 est
2972 1021 3130 1091 igitur
3155 1019 3302 1078 aliud
3329 1035 3452 1074 vere

1878 1115 2092 1177 malmn,
2125 1129 2282 1182 quam
2306 1112 2552 1168 meritum
2585 1111 2805 1181 malum.

1947 1208 2076 1260 Anc.
2102 1204 2216 1258 Non
2253 1213 2456 1257 tantum
2505 1203 2754 1258 meritum
2802 1203 3034 1270 malum,
3067 1218 3251 1259 verum
3297 1202 3455 1258 etiam

1878 1312 2053 1365 ptena,
2085 1311 2204 1365 quae
2246 1296 2385 1349 malo
2430 1296 2620 1349 merito
2665 1295 2934 1362 redditur,
2967 1296 3164 1350 malum
3192 1305 3294 1350 est.
3342 1295 3457 1349 Non

1876 1389 2016 1441 enim
2049 1402 2172 1441 vere
2215 1386 2412 1440 malum
2441 1396 2522 1440 est
2551 1395 2825 1456 peceatum
2844 1429 2858 1452 ,
2887 1394 2940 1441 et
2959 1402 3064 1442 nou
3091 1395 3176 1442 est
3198 1403 3320 1442 vere
3348 1403 3459 1439 nta-

1878 1479 1986 1532 Ium
2012 1492 2166 1548 pana
2195 1477 2416 1547 peccati.
2443 1477 2496 1532 Si
2514 1493 2643 1547 ergo
2671 1477 2872 1531 nullum
2899 1487 3042 1532 esset
3061 1478 3113 1532 in
3134 1477 3366 1546 parvulis
3391 1493 3453 1531 ex

1875 1569 2080 1639 origine
2122 1569 2316 1622 malum
2363 1569 2610 1624 meritum
2638 1610 2650 1634 ,
2688 1569 2942 1640 quidquid
2989 1570 3112 1623 mali
3167 1569 3453 1640 patiuntur,

1877 1668 2018 1714 esset
2057 1661 2329 1729 injustum.
2365 1660 2428 1714 Et
2449 1659 2570 1714 ideo
2623 1661 2721 1714 ista
2763 1661 2901 1714 mala
2946 1661 2996 1713 in
3041 1660 3290 1728 paradiso
3337 1675 3457 1714 esse

1877 1768 1980 1805 non
2011 1761 2258 1820 possent;
2287 1751 2410 1822 quia
2434 1752 2636 1806 nullum
2669 1761 2809 1807 esset
2841 1752 2913 1806 ibi
2942 1751 3187 1806 meritum
3220 1751 3417 1806 malum
3441 1793 3453 1811 ,

1877 1843 1920 1896 si
1949 1841 2070 1897 felix
2101 1842 2400 1896 obedientia
2443 1850 2798 1910 permaneret.
2826 1842 2904 1896 Ac
2934 1857 3027 1911 per
3069 1841 3192 1906 hoc,
3223 1841 3344 1910 quia
3376 1843 3462 1894 hic

1877 1942 2002 1986 sunt
2039 1932 2090 1986 iu
2119 1932 2359 2002 parvulis.
2398 1933 2534 1985 mala
2560 1974 2574 1998 ,
2601 1947 2720 2002 qua:
2749 1932 2822 1987 ibi
2871 1947 2976 1987 non
3017 1942 3234 1996 essent;
3266 1933 3463 1987 habent

1880 2022 2040 2076 etiam
2088 2023 2335 2076 meritum
2383 2021 2780 2092 malum,quod
2834 2022 2935 2077 nisi
2976 2022 3305 2092 originaliter
3355 2037 3460 2076 non

1881 2111 2153 2166 haberent.

1951 2200 2098 2256 CCV.
2123 2201 2240 2256 IUL.
2269 2202 2323 2257 Si
2349 2217 2475 2272 ergo
2497 2210 2551 2257 et
2576 2201 2896 2256 Manichmus
2920 2217 3025 2256 non
3052 2201 3121 2255 ob
3148 2200 3292 2256 aliud
3337 2202 3464 2257 dicit

1883 2293 2072 2347 malam
2102 2304 2376 2359 naturam,
2395 2309 2552 2363 quam
2574 2293 2713 2362 quod
2740 2307 2860 2349 eam
2881 2292 3008 2350 mali
3037 2292 3213 2346 meriti
3242 2293 3460 2348 arbitra-

1883 2392 1986 2446 tur,
2017 2383 2101 2437 cui
2141 2389 2289 2452 putat
2323 2379 2599 2438 inferenda
2626 2383 2885 2452 supplicia
2912 2400 2925 2447 ;
2953 2390 3010 2438 et
3035 2391 3093 2437 tu
3127 2391 3329 2437 natura:
3361 2382 3462 2437 bu-

1880 2487 2050 2526 matne
2076 2473 2270 2526 malum
2294 2474 2468 2528 inesse
2488 2473 2792 2538 conlirmas,
2817 2488 2914 2528 nec
2931 2473 3072 2528 aliud
3091 2473 3284 2527 malum
3306 2489 3466 2543 quam

1879 2562 2019 2631 quod
2067 2562 2410 2624 Manichacus,
2463 2563 2512 2616 id
2563 2571 2676 2629 est,
2729 2562 3214 2634 concupiscentiam
3265 2565 3462 2629 carnis,

1879 2670 2036 2724 quam
2085 2671 2114 2709 a
2151 2655 2363 2712 diabolo
2409 2656 2744 2711 concionaris
2785 2655 3010 2722 infusam
3041 2656 3056 2686 ί
3082 2672 3096 2721 ;
3125 2671 3349 2725 eamque
3387 2656 3464 2710 sic

1882 2746 2001 2798 mali
2029 2747 2201 2800 meriti
2226 2761 2346 2801 esse
2375 2746 2527 2814 dicis,
2552 2756 2606 2801 ut
2634 2746 2854 2802 teternis
2879 2763 2996 2802 eam
3033 2747 3286 2816 persistas
3313 2746 3466 2816 adju-

1881 2834 2060 2890 dicare
2103 2837 2381 2890 tormentis
2405 2877 2418 2890 .
2451 2851 2553 2890 non
2595 2836 2751 2892 aliter
2776 2838 2893 2892 sine
2919 2837 3081 2892 dubio
3100 2853 3257 2907 quam
3296 2837 3464 2892 Mani-

1881 2924 2081 2991 ehzcus,
2111 2926 2392 2994 pessimam
2415 2926 2556 2980 illam
2584 2927 2993 2996 damuatamque
3022 2928 3356 2995 pronuntias.

1953 3013 2088 3068 Auc.
2145 3014 2262 3070 Jam
2307 3017 2582 3071 ernbesce.
2644 3015 3083 3085 Concupiscentia
3137 3018 3315 3072 carnis
3361 3033 3465 3072 non

1883 3115 1964 3161 est
1989 3120 2019 3160 a
2046 3106 2223 3171 Patre,
2253 3107 2346 3161 sed
2372 3122 2440 3162 ex
2467 3107 2664 3162 mundo
2695 3115 2809 3172 est;
2839 3108 2890 3162 id
2917 3117 3019 3171 est,
3049 3124 3115 3163 ex
3145 3109 3466 3174 hominibus,

1883 3211 2108 3266 quorum
2149 3195 2343 3251 fetibus
2386 3196 2636 3266 impletus
2683 3206 2766 3252 est
2805 3197 3036 3252 mundus
3067 3216 3080 3253 :
3106 3199 3242 3253 hanc
3285 3207 3468 3254 autem

1884 3287 2159 3342 Manichaei
2196 3287 2429 3342 tribuunt
2469 3288 2612 3358 genti
2669 3287 3046 3356 tenebrarum,
3098 3289 3469 3359 adjuvantibus

1884 3381 2068 3445 vobis,
2111 3380 2201 3450 qui
2249 3379 2350 3435 hoc
2396 3381 2590 3435 malum
2637 3380 2789 3434 nobis
2839 3395 2932 3450 per
2979 3381 3468 3451 praevaricationem

1886 3471 2040 3540 primi
2083 3470 2349 3536 hominis,
2381 3469 2672 3524 secundum
2716 3469 3121 3525 Ambrosianum
3163 3469 3298 3540 (Lib.
3348 3472 3379 3525 7
3418 3472 3470 3525 in

1884 3561 2010 3618 Luc.
2043 3561 2159 3632 xu),
2188 3561 2290 3616 hoc
2318 3570 2418 3628 est,
2445 3561 2759 3616 catholicam
2791 3561 2968 3627 tidem,
3006 3563 3057 3616 in
3086 3571 3326 3618 naturam
3351 3579 3472 3620 ver-

1887 3655 2012 3708 tisse
2040 3669 2146 3708 non
2177 3654 2357 3708 vultis.
2717 3721 2724 3732 ‘

1955 3741 2131 3797 CCVI.
2179 3742 2297 3797 Jun.
2336 3743 2620 3798 Videamus
2657 3759 2784 3812 ergo
2831 3743 3100 3814 quomodo
3141 3744 3245 3799 huc
3291 3746 3473 3799 redeat

1887 3833 2044 3888 etiam
2088 3847 2210 3902 pars
2259 3833 2487 3886 secunda
2543 3833 2821 3887 sententia:
2873 3843 2997 3890 tum.
3049 3835 3236 3889 Dixisti
3285 3837 3468 3890 enim:

1891 3923 1990 3991 Qui
2028 3922 2149 3975 dicit
2188 3932 2421 3975 naturam
2459 3921 2731 3976 Immanam
2768 3922 2951 3978 bonum
2986 3939 3087 3977 non
3126 3940 3260 3988 esse,
3291 3926 3472 3978 bonum

1888 4025 2032 4085 negat
2058 4014 2273 4068 condita:
2317 4023 2591 4070 creatorem
2619 4029 2636 4066 :
2661 4015 2747 4083 qui
2773 4030 2890 4068 vero
2911 4024 3060 4084 negat
3089 4014 3133 4068 ei
3162 4016 3350 4068 malum
3397 4017 3475 4069 in~

1889 4124 2026 4175 esse,
2058 4107 2426 4161 misericordem
2466 4106 2653 4160 uitiatae
2673 4107 2856 4161 invidet
2891 4108 3190 4163 salvatorem
3221 4107 3322 4178 (De
3355 4107 3474 4162 Nu-

1890 4197 2006 4266 ptiis
2041 4206 2086 4249 ct
2130 4195 2571 4264 Concupiscentia,
2597 4195 2684 4251 lib.
2711 4197 2784 4262 2.,
2813 4215 2866 4253 tt.
2893 4197 3008 4268 56).
3051 4199 3106 4253 Si
3145 4215 3296 4269 ergo,
3330 4209 3387 4254 ut
3420 4209 3472 4254 tu

1891 4285 2125 4354 profiteri
2153 4295 2367 4339 coactus
2391 4300 2478 4349 es,
2505 4286 2593 4356 qui
2621 4295 2776 4357 negat
2809 4302 2925 4342 eam
2968 4288 3166 4342 bonum
3198 4303 3338 4352 esse,
3373 4289 3470 4342 bo-

1890 4393 2017 4432 num
2063 4378 2222 4434 etiam
2251 4378 2580 4433 conditorem
2623 4379 2772 4446 ejus,
2800 4378 2850 4432 id
2883 4388 2982 4444 est,
3010 4379 3172 4434 Deum
3204 4389 3358 4450 negat
3382 4397 3396 4444 ;
3424 4392 3474 4434 et

1891 4470 2018 4524 nihil
2061 4470 2200 4524 aliud
2240 4480 2322 4524 est
2361 4470 2553 4524 malam
2595 4484 2715 4525 esse
2758 4479 3033 4534 naturam,
3075 4487 3232 4540 quam
3275 4474 3472 4526 malum

1892 4559 2138 4614 meritum
2179 4558 2374 4612 habere
2403 4558 2716 4612 naturaliter
2740 4573 2754 4620 ;
2778 4559 2982 4612 veritati
3013 4569 3209 4615 nostra:
3246 4561 3473 4615 admini-

1891 4650 2100 4704 culatur
2135 4649 2293 4704 etiam
2327 4657 2500 4703 vestra
2543 4647 2808 4704 confessio
2829 4691 2843 4715 ,
2878 4665 3072 4720 negare
3103 4665 3196 4705 vos
3231 4651 3477 4706 videlicet

1895 4744 2059 4798 Deum
2091 4743 2285 4796 bonum
2314 4742 2586 4796 hominum
2630 4743 2994 4808 conditorem,
3028 4759 3254 4813 quorum
3283 4744 3474 4798 malam

1893 4849 2010 4889 esse
2031 4842 2292 4898 naturam,
2325 4841 2382 4888 et
2404 4834 2541 4888 vitiis
2559 4834 2674 4903 ejus
2694 4834 2905 4904 juratis,
2935 4843 2988 4888 et
3017 4834 3210 4903 pmnis.

1966 4926 2097 4980 Auc.
2136 4923 2332 4978 Natura
2375 4924 2635 4990 humana,
2663 4926 2761 4978 etsi
2807 4925 2942 4978 mala
2989 4935 3102 4988 est,
3128 4925 3253 4994 quia
3299 4925 3476 4980 vitiata

1892 5025 2004 5080 est;
2037 5030 2140 5070 non
2161 5024 2334 5069 tamen
2356 5015 2552 5070 malum
2568 5024 2667 5080 est,
2687 5015 2807 5084 quia
2833 5025 3017 5067 natura
3040 5025 3140 5071 est.
3163 5015 3314 5071 Nulla
3337 5017 3476 5071 enim

1894 5117 2098 5168 natura,
2130 5107 2180 5160 in
2202 5116 2452 5176 quantum
2482 5117 2665 5160 natura
2693 5115 2776 5160 est
2795 5147 2811 5172 ,
2839 5107 3034 5161 malum
3064 5118 3178 5172 est;
3209 5109 3300 5164 sed
3326 5122 3477 5178 pror-

1894 5215 1984 5253 sus
2011 5199 2227 5264 bonum,
2254 5200 2367 5254 sine
2394 5213 2501 5269 quo
2524 5198 2662 5252 bono
2690 5199 2850 5252 ullum
2877 5215 2998 5257 esse
3026 5217 3132 5254 non
3156 5209 3332 5270 potest
3362 5214 3469 5251 ma~

1897 5292 2002 5344 lum
2029 5308 2040 5342 :
2065 5290 2189 5360 quia
2219 5289 2330 5343 nisi.
2349 5291 2398 5342 in
2427 5289 2598 5359 aliqua
2624 5299 2813 5343 natura
2837 5289 3000 5344 ullum
3029 5304 3277 5346 essenon
3306 5295 3474 5357 potest

1896 5379 2112 5444 vitium;
2142 5379 2384 5448 t‘le'IIIIVIS
2412 5379 2527 5434 sine
2557 5381 2684 5434 vitio
2713 5381 2883 5450 possit
2906 5395 3024 5436 esse
3049 5418 3062 5443 ,
3098 5379 3180 5432 vel
3204 5391 3469 5446 nunquam

1898 5471 2095 5534 vitiata,
2131 5471 2211 5523 vel
2241 5479 2419 5524 sanata
2444 5479 2628 5524 natura
2656 5489 2666 5523 :
2691 5470 2828 5538 quod
2852 5468 3122 5524 Manithmi
3145 5467 3186 5521 si
3219 5466 3478 5528 intellige—

1899 5570 2033 5625 rent,
2064 5560 2331 5613 .\Ianic|nci
2375 5560 2590 5614 onmino
2629 5576 2730 5615 non
2761 5570 2932 5615 essent
2957 5600 2972 5622 ,
3007 5557 3136 5611 duas
3177 5571 3240 5610 ex
3265 5567 3475 5612 contra—

1964 5695 1976 5724 ¹
2015 5695 2083 5742 sic
2109 5700 2214 5743 Mss.
2242 5693 2354 5741 lidili
2383 5703 2559 5746 autem.
2597 5693 2817 5743 inustam.
