3954 6178
382 339 516 391 1335

380 449 470 500 riis
506 447 740 516 partibus
777 444 901 500 boui
946 452 1001 498 et
1035 443 1156 496 mali
1201 439 1578 496 introdueendo
1618 448 1852 492 naturas.
1897 435 1954 491 Si

378 553 504 604 ergo
528 536 672 590 vides
695 534 820 604 quid
852 535 988 587 inter
1008 545 1105 586 nos
1124 541 1178 586 et
1202 528 1520 585 Manichacus
1541 525 1766 595 intersit,
1798 535 1912 580 tace
1938 543 1951 577 :

376 628 418 678 si
457 640 558 678 non
591 623 755 687 vides,
788 631 923 676 tace.

449 711 645 767 CCVII.
693 709 810 766 Ιυι..
856 710 969 764 Non
1009 724 1137 778 ergo
1167 707 1464 762 invidemus
1498 707 1812 760 salvatorem
1845 705 1954 769 illi,

378 818 536 870 quam
561 800 850 856 conditoris
871 801 949 855 sui
972 799 1228 870 dignitate
1249 797 1576 852 defendimus
1603 816 1616 852 :
1647 796 1740 850 sed
1762 797 1956 850 malum

379 909 494 946 eam
525 909 776 962 negamus
818 908 936 946 esse
959 935 971 953 ,
1003 907 1068 945 ne
1093 889 1390 944 efficiamur
1417 889 1686 944 Manichazi
1713 905 1728 952 ;
1759 890 1955 943 malum

379 987 427 1037 ei
458 999 712 1054 negamus
731 984 846 1036 iues
873 999 901 1038 e
928 1025 942 1047 ,
975 997 1040 1037 ne
1063 982 1276 1036 mutatis
1305 982 1605 1037 nominibus
1643 981 1808 1036 simus
1840 981 1960 1035 toti-

381 1076 503 1129 dem
526 1073 819 1129 M'attltthL‘i.

453 1169 585 1220 Avo.
628 1165 852 1219 Prorsus
881 1172 1065 1217 contra
1101 1161 1417 1216 Manicharos
1448 1151 1586 1216 estis
1601 1201 1615 1225 ,
1640 1177 1760 1213 cttm
1787 1160 1960 1216 dicitis

383 1267 622 1310 naturam
669 1255 860 1308 malam
905 1269 1010 1306 non
1037 1268 1192 1306 esse:
1223 1251 1312 1305 sed
1344 1251 1610 1320 Pelagiani
1645 1251 1807 1315 estis,
1837 1267 1956 1304 cum

380 1346 431 1398 ei
477 1345 671 1398 malutn
719 1342 894 1399 dicitis
934 1359 1036 1396 tum
1079 1343 1271 1402 inesse,
1296 1349 1349 1394 et
1388 1341 1684 1394 nescientes
1703 1340 1958 1408 suifraga-

385 1436 508 1490 mini
532 1434 852 1496 Manichacis,
875 1433 1100 1487 dicendo
1121 1432 1338 1494 malum,
1369 1429 1510 1500 quod
1539 1431 1587 1483 ei
1618 1429 1956 1485 manifestum

383 1539 465 1582 est
513 1529 728 1594 inesse,
771 1543 837 1581 ex
893 1525 1048 1596 primi
1097 1523 1323 1576 hominis
1373 1521 1802 1591 prtevaricatione
1853 1535 1957 1574 non

382 1635 533 1684 esse;
558 1629 614 1672 ut
652 1616 970 1672 concludant
1006 1615 1079 1669 illi
1100 1615 1258 1668 aliam
1291 1612 1641 1667 substantiam
1685 1619 1962 1664 naturam-

383 1726 484 1777 quo
508 1709 630 1762 ntali
661 1721 801 1762 esse.

452 1798 674 1854 CCVIII.
703 1799 822 1852 IUL.
857 1795 1040 1850 Vitiari
1075 1803 1252 1849 autem
1285 1793 1336 1846 in
1368 1806 1686 1862 unoquoque
1724 1791 1832 1860 jam
1863 1806 1960 1843 suo

383 1891 637 1944 arbitratu
674 1890 754 1943 vel
784 1889 978 1943 bonum
1006 1893 1194 1956 agente
1220 1885 1298 1938 vel
1329 1885 1547 1948 malum,
1577 1898 1820 1952 personm
1849 1897 1960 1935 me-

383 1981 542 2033 ritum
573 1979 817 2037 dicimus,
843 1993 947 2030 non
971 1985 1188 2029 natur:e.
1215 1975 1280 2028 Et
1307 1973 1427 2028 ideo
1453 1988 1544 2041 per
1563 1973 1784 2041 gratiam
1805 1970 1960 2024 Chri—

384 2070 445 2121 sti
475 2069 522 2120 id
551 2069 724 2121 sanari
754 2065 1039 2120 asserimus
1057 2105 1070 2124 ,
1095 2062 1237 2133 quod
1266 2063 1432 2116 vitiari
1461 2071 1633 2130 potest
1662 2078 1675 2114 :
1707 2061 1956 2130 quoniam

382 2175 478 2212 nec
499 2158 637 2212 aliud
679 2157 970 2212 sauciatum
1007 2153 1332 2217 ostenditur,
1357 2167 1517 2222 quam
1545 2151 1686 2222 quod
1713 2159 1955 2205 sanatum

380 2247 622 2301 docetur.

451 2343 583 2391 Avo.
614 2336 771 2390 Certe
801 2349 895 2389 vos
931 2332 1175 2388 invidetis
1202 2329 1432 2401 parvulis
1456 2328 1782 2402 salvatorem
1817 2347 1829 2382 :
1860 2346 1956 2383 ex-

381 2427 625 2480 sulllandi
652 2427 788 2479 sicut
817 2425 912 2492 ipsi
939 2466 953 2488 ,
986 2423 1032 2477 si
1055 2425 1156 2476 hoc
1181 2421 1329 2474 vobis
1353 2419 1603 2488 prodesse
1626 2419 1952 2483 crederetur,

383 2527 438 2568 ut
463 2514 779 2568 erueretniui
808 2513 874 2566 de
904 2519 1163 2581 potestate
1185 2509 1540 2572 tenebrarum,
1573 2516 1627 2561 et
1652 2507 1705 2560 in
1737 2523 1954 2577 regnum

384 2605 576 2660 Christi
607 2601 1044 2658 transferremini.

447 2696 624 2752 CCIX.
654 2695 772 2750 Jun.
804 2695 860 2748 ln
901 2692 1180 2761 baptizatis
1217 2701 1393 2744 autem
1426 2704 1530 2743 non
1571 2689 1953 2758 concupiscen-

383 2791 453 2841 tia
481 2791 496 2820 ¹
527 2787 736 2850 uit-nis,
775 2801 894 2855 qua:
937 2783 1190 2837 naturalis
1235 2790 1349 2844 est,
1378 2779 1473 2835 sed
1516 2779 1956 2848 concupiscentia:

382 2880 537 2934 mala:
558 2877 793 2931 aufertur
820 2883 1016 2930 reatus.

449 2972 585 3024 Atto.
629 2967 862 3022 Joannes
918 2963 1187 3034 apostolus
1245 2959 1726 3030 concupiscentiam
1781 2959 1957 3013 carnis

380 3063 516 3116 dixit
534 3077 564 3114 a
592 3061 748 3116 Patre
777 3075 883 3112 non
908 3073 1028 3111 esse
1047 3097 1062 3120 ,
1087 3055 1180 3109 sed
1205 3071 1269 3108 ex
1296 3053 1491 3108 mundo
1513 3053 1552 3123 (Ι
1578 3051 1733 3106 Joan.
1762 3067 1820 3116 ιι,
1845 3053 1952 3123 IIS),

380 3157 479 3209 hoc
499 3154 658 3208 modo
685 3168 800 3206 eam
830 3148 1020 3204 malam
1049 3146 1245 3200 faciens
1275 3145 1494 3212 intelligi
1529 3162 1542 3196 :
1574 3153 1628 3198 tu
1649 3152 1824 3197 autem
1851 3159 1952 3197 non

374 3244 854 3314 concupiscentiam
897 3241 1075 3295 carnis
1108 3254 1225 3307 qua:
1269 3237 1523 3290 naturalis
1559 3245 1660 3300 est,
1692 3235 1786 3289 sed
1817 3249 1948 3288 con-

375 3335 753 3405 cupiscentiam
794 3332 983 3386 malam
1017 3337 1222 3382 reatum
1271 3325 1469 3381 habere
1513 3325 1667 3379 dicis.
1708 3323 1860 3392 Apud
1904 3334 1955 3378 te

378 3428 576 3494 quippe
612 3439 711 3478 nec
751 3419 963 3490 quando
1008 3416 1402 3484 concupiscitur
1433 3415 1738 3480 fornicatio,
1761 3428 1954 3468 concu-

378 3515 628 3585 piscentia
654 3512 829 3568 carnis
868 3509 1003 3564 mala
1045 3517 1159 3573 est;
1190 3507 1340 3576 quia,
1375 3516 1430 3559 ut
1457 3505 1616 3569 dicis,
1653 3507 1790 3559 bene
1818 3507 1954 3560 male

381 3607 559 3668 utitur,
588 3603 676 3672 qui
705 3602 783 3656 sic
809 3601 986 3654 utitur.
1013 3598 1216 3651 Bonum
1243 3607 1324 3651 est
1350 3611 1478 3666 ergo
1505 3597 1615 3663 ipsa
1637 3610 1868 3663 semper,
1897 3604 1954 3648 ut

377 3698 456 3749 vis
479 3738 494 3762 ,
527 3696 640 3749 sive
664 3694 782 3764 quis
815 3709 876 3746 ea
906 3690 1228 3759 conjugiutn,
1259 3689 1370 3742 sive
1410 3687 1728 3741 adulterium
1748 3702 1951 3741 concu-

378 3791 545 3858 piscat
572 3806 584 3840 :
613 3785 859 3856 quoniam
910 3783 952 3837 si
983 3781 1284 3850 coniugium
1306 3821 1321 3846 ,
1353 3779 1493 3833 bono
1522 3779 1656 3834 bene
1682 3780 1877 3842 utitur;
1907 3781 1950 3833 si

377 3879 716 3940 adulterium,
747 3877 886 3930 bono
908 3873 1046 3927 male
1077 3873 1262 3926 utitur.
1296 3872 1470 3941 Pugna
1505 3871 1659 3939 igitur
1684 3886 1802 3924 cmn
1831 3885 1954 3939 apo-

373 3971 512 4024 stolo
546 3969 786 4031 Joanne,
822 3981 927 4020 non
966 3979 1217 4019 mecum:
1256 3979 1359 4016 non
1407 3963 1547 4015 enim
1587 3962 1855 4015 consortiis
1901 3962 1952 4014 ei

373 4063 566 4115 dicenti
611 4076 727 4112 eam
785 4059 1013 4118 malam,
1067 4070 1225 4125 quam
1283 4055 1412 4108 dicit
1462 4054 1949 4122 conenpiscentiam

371 4153 545 4204 carius
570 4166 599 4202 a
632 4149 784 4202 Patre
813 4162 916 4200 non
945 4160 1066 4198 esse
1093 4187 1105 4206 ,
1133 4144 1229 4198 sed
1260 4159 1323 4197 ex
1357 4133 1552 4196 mundo
1572 4184 1585 4206 ,
1617 4142 1867 4212 quamdiu
1896 4153 1950 4196 tu

372 4243 503 4294 dicis
530 4237 1010 4306 concupiscentiam
1037 4235 1232 4297 carnis,
1257 4235 1414 4287 etiam
1437 4233 1646 4301 quando
1668 4249 1729 4288 ea
1755 4235 1946 4287 malum

371 4332 780 4401 concupiscitur,
808 4341 927 4382 esse
954 4327 1168 4390 bonam,
1199 4340 1260 4378 ac
1291 4339 1384 4392 per
1423 4325 1522 4377 hoc
1549 4339 1813 4393 nunquam
1839 4341 1949 4378 ma-

373 4426 496 4478 lam.
527 4422 628 4478 red
655 4463 669 4485 ,
693 4419 852 4474 crede
891 4417 1018 4471 ntihi
1043 4459 1058 4482 ,
1089 4430 1248 4470 nemo
1279 4414 1595 4468 christianus
1621 4424 1704 4468 est
1727 4415 1815 4484 qui
1842 4433 1945 4470 non

373 4515 515 4567 malit
538 4512 780 4580 apostolo
808 4510 997 4564 Joanni
1027 4507 1348 4569 consentire,
1378 4521 1534 4574 quam
1569 4504 1678 4558 tibi.

442 4600 595 4656 CCX.
623 4600 740 4654 JUt..
771 4601 846 4653 Ac
874 4613 968 4668 per
994 4598 1114 4659 hoc,
1145 4612 1243 4650 nec
1265 4595 1474 4665 aliquod
1504 4605 1778 4664 peccatum
1807 4614 1945 4664 esse,

373 4705 477 4746 tam
501 4691 803 4744 Conditoris
827 4688 1042 4742 humani
1073 4689 1302 4756 generis,
1331 4701 1486 4755 quam
1520 4686 1885 4756 Iiedetnptoris
1904 4694 1942 4751 ²,

375 4781 678 4837 testimonio
707 4777 1101 4848 eotnprobatur.

446 4874 582 4927 Auc.
617 4869 752 4938 Quid
783 4877 865 4924 est
892 4866 1032 4938 quod
1055 4864 1188 4919 dicis
1217 4864 1374 4918 nimis
1407 4865 1826 4930 inconsiderate,
1861 4883 1950 4920 ucc

369 4961 574 5026 aliquod
613 4969 870 5029 peccatum
895 4964 1087 5008 natura:
1125 4953 1317 5008 inesse?
1339 4953 1488 5023 quasi
1519 4963 1790 5022 peccatum
1826 4971 1948 5025 p05-

373 5055 442 5107 sit
463 5052 680 5106 onmiuo
706 5051 881 5104 inesse
906 5048 1006 5102 nisi
1036 5055 1258 5110 naturas,
1284 5045 1491 5099 etiamsi
1522 5061 1630 5099 non
1655 5046 1725 5099 sit
1747 5047 1949 5115 origine

371 5139 799 5204 attractum,sed
839 5137 1109 5192 voluntate
1157 5134 1520 5191 eummissum.
1575 5134 1701 5189 Sive
1751 5137 1946 5204 quippe

367 5235 561 5303 angeli,
583 5233 694 5286 sive
725 5230 954 5285 hominis
979 5238 1270 5298 peccatum,
1305 5225 1640 5280 manifestum
1667 5236 1749 5280 est
1776 5226 1948 5280 inesse
2025 5269 2042 5278 -

367 5327 446 5381 vel
493 5325 683 5395 angelo
723 5322 808 5377 vel
846 5321 1044 5375 homini
1078 5338 1089 5370 :
1119 5319 1238 5388 quis
1282 5327 1460 5371 autem
1509 5318 1586 5371 sic
1628 5318 1890 5372 exorbitet
1917 5336 1944 5370 ει

365 5432 543 5472 rerum
585 5424 801 5478 natura,
833 5421 888 5466 ιιι
928 5411 1197 5464 hominem
1228 5407 1309 5460 vel
1355 5407 1600 5476 angelum
1649 5417 1946 5477 ttcgchesse

429 5592 443 5620 '
482 5597 649 5646 t-‘ortc,
697 5572 1104 5649 com'ttttiscctdirr'.
1227 5644 1252 5649 Α,
1326 5642 1331 5647 _

425 5652 447 5683 ⁸
479 5655 552 5699 sic
573 5658 676 5699 Mss.
708 5647 992 5708 \igni'ertus,
1021 5647 1250 5702 ndenq'ti
1274 5656 1371 5688 ma

1059 330 1304 387 OPERIS
1341 327 1742 384 DII‘ERFEC'I‘I
1782 323 2048 380 CONTRA
2091 322 2448 391 JUI.I.\.\'UM,
2488 326 2544 381 S.
2590 325 2945 382 AUGUSTINI

3493 333 3632 386 133ιὶ

2062 437 2337 490 naturam?
2361 438 2494 502 Quid
2524 450 2604 492 est
2632 441 2755 495 item
2783 441 2918 509 quod
2946 440 3140 494 clausis
3163 443 3328 496 0(ulis
3354 443 3592 512 loqueris
3617 448 3641 496 ἲ

2059 526 2192 593 Quid
2221 538 2321 591 est,
2351 545 2497 597 rogo,
2527 532 2664 599 quod
2686 532 2834 593 dicis,
2865 548 2954 584 nec
2972 525 3425 602 concupisce/tiliam
3459 554 3632 604 pecca-

2059 626 2165 668 tum
2195 619 2335 670 me?
2363 617 2507 672 Itane
2541 629 2723 674 contra
2763 621 3072 692 Apostolutn
3121 631 3172 676 te
3211 623 3484 692 disputare
3529 641 3635 679 non

2063 709 2247 764 vides?
2272 710 2362 764 Ille
2403 727 2629 781 namque
2667 701 2938 781 peccatum
2964 728 3082 767 esse
3107 717 3589 784 concupiscentiam
3625 758 3638 780 ,

2061 801 2187 854 Satis
2216 803 2430 854 omnino
2477 807 2820 865 monstravit,
2852 804 2935 857 ubi
2964 805 3067 868 ait,
3104 805 3370 860 Peccatum
3415 825 3517 861 non
3551 825 3638 862 co-

2061 891 2208 958 gnovi
2233 891 2328 943 nisi
2357 908 2444 957 per
2459 893 2616 961 legem
2642 907 2660 946 :
2689 910 2804 944 nam
2829 896 3278 963 concupiscentiam
3311 899 3586 952 nesciebam
3611 942 3628 960 .

2063 978 2161 1030 nisi
2187 979 2271 1032 [ex
2311 979 2513 1042 diceret,
2543 979 2661 1033 Non
2687 983 3005 1051 concupisces
3042 983 3216 1051 (Rom.
3244 1000 3312 1037 vtt
3341 1025 3355 1049 ,
3385 985 3464 1054 7).
3496 987 3634 1052 Quid

2063 1065 2162 1119 hoc
2184 1069 2484 1122 testimonio
2504 1071 2719 1137 clarius,
2747 1072 2869 1141 quid
2898 1081 2982 1126 tua
3008 1074 3269 1128 sententia
3307 1090 3494 1130 vanius
3526 1077 3632 1132 dici

2065 1157 2276 1225 potest?

2131 1246 2306 1301 CCXI.
2334 1248 2452 1303 Im.
2484 1249 2548 1303 Et
2581 1259 2638 1303 ut
2660 1266 2777 1319 qua:
2801 1259 2923 1304 sunt
2950 1261 3064 1306 acta
3091 1264 3390 1321 repetamus
3415 1272 3429 1308 :
3458 1255 3637 1310 inimi-

2061 1352 2176 1392 cam
2203 1355 2325 1394 esse
2350 1339 2567 1409 iustitia:
2599 1342 2688 1396 Dei
2718 1343 3018 1410 opinionem
3065 1345 3324 1411 traducis,
3357 1355 3462 1400 tam
3495 1365 3636 1416 pra:—

2061 1439 2331 1500 ceptorum
2388 1429 2716 1503 Dei,'quam
2764 1434 3082 1503 iudiciorum
3137 1437 3254 1505 ejus
3294 1440 3638 1495 attestatione

2062 1523 2377 1580 monstravi.

2133 1612 2266 1666 Avo.
2300 1609 2543 1664 Inimicos
2571 1624 2665 1665 vos
2706 1613 2876 1679 potius
2916 1627 3034 1666 esse
3055 1613 3271 1680 iustitia:
3317 1615 3407 1669 Dei
3432 1657 3445 1678 ,
3474 1631 3634 1689 quem

2063 1697 2232 1754 facitis
2273 1715 2433 1768 super
2463 1700 2594 1754 ﬁlios
2625 1701 2790 1754 Adam
2817 1717 2846 1754 a
2873 1701 2960 1756 die
2989 1703 3163 1756 exitus
3209 1704 3276 1758 de
3314 1715 3500 1759 ventre
3523 1721 3636 1758 ma-

2064 1794 2158 1846 tris
2181 1809 2363 1848 eorum
2388 1793 2576 1861 injuste
2594 1793 2832 1862 posuisse
2852 1807 3010 1863 grave
3025 1794 3208 1864 jugnm
3231 1794 3416 1866 (Eccli.
3441 1812 3528 1860 ιι,
3555 1799 3633 1864 I),

2061 1883 2185 1938 dum
2215 1885 2414 1953 negatis
2457 1885 2712 1953 originale
2753 1895 3022 1954 peccatum
3043 1928 3055 1949 ,
3081 1895 3133 1941 et
3167 1889 3470 1941 testimonio
3489 1888 3636 1943 Scri-

2063 1983 2331 2042 pturartnn
2357 2015 2369 2034 ,
2395 1984 2448 2027 et
2471 1975 2597 2042 ipsis
2635 1974 3021 2028 calamitatibus
3051 1979 3409 2046 parvulorum,
3437 1995 3556 2047 qua:
3581 1981 3635 2034 in

2065 2063 2307 2131 paradiso
2351 2064 2448 2116 nisi
2489 2073 2665 2117 vestro
2702 2080 2807 2118 non
2847 2077 3060 2134 possent
3107 2083 3247 2133 esse,
3280 2078 3634 2125 monstratum

2062 2166 2143 2208 est
2169 2154 2265 2225 (η).

2131 2242 2274 2297 CCII.
2307 2244 2423 2299 IUL.
2474 2246 2966 2316 Concupisceutiam
2997 2255 3170 2300 autem
3201 2248 3376 2300 carnis
3401 2247 3466 2300 ad
3498 2263 3632 2301 con-

2061 2333 2343 2387 ciliandum
2370 2337 2583 2392 sexibus
2610 2337 2946 2392 fecunditatis
2975 2337 3265 2408 negotium,
3295 2354 3324 2392 a
3357 2339 3469 2394 Deo
3496 2340 3634 2393 indi-

2062 2433 2164 2477 tam
2191 2435 2428 2480 creatore
2465 2442 2743 2496 corporum
2769 2469 2783 2491 ,
2816 2442 2919 2481 non
2960 2427 3058 2481 nisi
3091 2442 3120 2479 a
3147 2427 3442 2483 Manichaee
3469 2443 3632 2484 accu-

2059 2517 2186 2580 Sari,
2217 2517 2530 2587 scriptorum
2561 2520 2674 2586 ejus
2696 2519 2981 2573 insertione
3003 2518 3273 2588 perdocui.

2131 2608 2262 2662 Avo.
2310 2609 2800 2677 Concupisccntiam
2828 2609 3036 2673 carnis,
3065 2623 3222 2677 quam
3271 2610 3464 2663 malam
3510 2625 3633 2665 esse

2060 2697 2215 2750 docet
2239 2696 2504 2766 Scriptura
2533 2697 2706 2751 divina
2730 2741 2743 2762 ,
2778 2714 2870 2768 per
2895 2699 3034 2752 illam
3062 2699 3255 2768 quippe
3279 2715 3406 2752 caro
3431 2715 3633 2756 concu-

2062 2787 2213 2854 piscit
2248 2787 2500 2842 adversus
2523 2789 2784 2858 Spiritum.
2817 2788 2990 2860 (Colat
3041 2804 3091 2851 v,
3127 2791 3233 2859 Π),
3256 2804 3350 2843 vos
3378 2789 3634 2860 adjuvat»

2061 2885 2138 2929 tes
2158 2875 2493 2941 Manichzcos,
2527 2877 2633 2930 Deo
2659 2887 2935 2932 cetctcrna:
2956 2880 3094 2946 genti
3128 2878 3360 2932 tribuere
3386 2881 3635 2935 tenebra-

2060 2982 2194 3030 rum,
2253 2965 2377 3021 dum
2427 2982 2529 3021 non
2578 2967 2732 3020 vultis
2775 2983 2892 3020 eam
2946 2969 3208 3036 pertinere
3253 2968 3319 3022 ad
3373 2971 3636 3040 originale

2061 3065 2360 3126 peccatum,
2383 3066 2436 3111 et
2457 3061 2507 3111 in
2531 3057 2622 3110 Dei
2653 3055 2893 3125 paradiso
2914 3056 3116 3111 audetis
3131 3057 3344 3126 insuper
3362 3061 3634 3116 collocare

2058 3147 2466 3202 evidentissimis
2493 3147 2824 3201 documentis
2849 3187 2862 3207 .
2891 3155 2946 3201 et
2988 3146 3178 3201 divina:
3223 3150 3552 3205 auctoritatis
3577 3161 3633 3205 et

2058 3238 2248 3291 sobria:
2277 3237 2495 3290 rationis
2519 3222 2864 3290 ostendimus.

2126 3327 2346 3382 CCXIII.
2390 3327 2506 3382 IUL.
2553 3327 2660 3381 Nec
2705 3327 2804 3380 alia
2832 3325 2968 3396 apud
3015 3341 3111 3381 vos
3162 3338 3470 3398 argumenta
3511 3343 3634 3385 esse

2060 3435 2154 3488 pro
2199 3418 2411 3488 traduce
2436 3459 2450 3486 ,
2480 3433 2637 3488 quam
2681 3433 2798 3489 qua:
2847 3417 3169 3472 Manichqu
3223 3419 3514 3487 tribuisset,
3543 3435 3634 3474 os-

2059 3509 2219 3564 tendi.

2128 3604 2262 3657 Auc.
2289 3601 2402 3655 Non
2445 3615 2563 3656 esse
2609 3601 2947 3656 Ambrosium
2975 3602 3320 3657 Manichmum
3346 3646 3361 3668 ,
3393 3605 3481 3674 qui
3510 3604 3632 3659 ﬁdei

2056 3692 2332 3746 catholica:
2377 3692 2750 3746 iuvictissimus
2773 3695 2789 3724 ¹
2818 3703 2870 3747 et
2897 3692 3214 3747 Maniclneos
3265 3695 3548 3762 prostravit
3575 3705 3633 3748 et

2057 3799 2166 3846 vos,
2198 3783 2285 3853 qui
2325 3783 2456 3836 dixit
2478 3784 2794 3837 discordiam
2823 3785 2996 3837 carnis
3038 3793 3091 3837 et
3135 3784 3349 3851 Spiritus
3372 3826 3384 3846 ,
3415 3784 3500 3837 ubi
3536 3800 3634 3852 per

2056 3889 2196 3927 tuam
2224 3885 2520 3942 susceptam
2547 3889 2670 3926 caro
2707 3875 3031 3942 concupiscit
3058 3873 3315 3927 adversus
3341 3875 3584 3942 Spiritum
3612 3918 3629 3940 ,

2057 3980 2149 4033 per
2189 3964 2340 4032 primi
2373 3964 2601 4017 hominis
2632 3963 3115 4032 pnm'ariCaIionem
3163 3965 3212 4016 in
3244 3974 3480 4018 nostram
3512 3981 3637 4018 ver.

2055 4053 2180 4108 tisse
2210 4065 2450 4108 naturam
2490 4053 2820 4124 (Ambrosius,
2853 4054 2938 4106 lib.
2971 4055 3002 4107 7
3034 4056 3084 4106 in
3127 4053 3249 4107 Luc.
3283 4055 3376 4121 xu)
3411 4096 3425 4118 ,
3467 4056 3633 4108 etiam

2056 4143 2356 4199 testimonio
2381 4143 2451 4196 tui
2477 4145 2726 4212 principis
2753 4143 2828 4216 (α)
2853 4143 3094 4198 eumdem
3128 4144 3386 4198 laudantis
3420 4145 3633 4212 episeo-

2055 4251 2196 4306 pum,
2227 4235 2497 4289 convictus
2523 4244 2680 4302 atque
2705 4244 2978 4288 contortus
3007 4233 3211 4303 cogeris
3237 4234 3502 4286 conﬁteri.

2122 4326 2341 4382 CCXIV.
2373 4326 2488 4381 JUL.
2517 4325 2593 4380 'l'e
2613 4335 2786 4380 autem
2818 4325 2967 4379 liberi
2993 4325 3195 4379 arbitrii
3227 4335 3554 4393 negatorem,
3577 4337 3635 4378 et

2055 4419 2144 4473 Dei
2176 4419 2502 4475 nascentium
2521 4417 2830 4483 conditoris,
2863 4419 3139 4470 sententia:
3171 4424 3272 4468 tua:
3298 4415 3636 4470 discussione

2055 4512 2292 4581 patefeci.

2122 4602 2252 4656 Auc.
2278 4600 2358 4654 Me
2387 4614 2489 4654 non
2520 4613 2638 4652 esse
2658 4596 2809 4651 liberi
2830 4595 3054 4658 arbitrii,
3077 4594 3215 4665 quod
3245 4604 3298 4648 tu
3325 4595 3637 4648 extollendo

2055 4671 2349 4760 praicipitas
2372 4733 2386 4755 ,
2419 4697 2723 4758 negatorem
2748 4729 2761 4748 ,
2812 4687 2904 4740 sed
2953 4687 3125 4755 potius
3170 4685 3503 4740 defensorem
3541 4686 3636 4736 Dei

2051 4785 2268 4851 gratiam
2296 4779 2615 4845 confitendo,
2637 4777 2776 4847 quod
2800 4778 3074 4831 arbitrium
3105 4787 3156 4830 tu
3187 4775 3388 4842 decipis
3414 4777 3436 4806 '
3466 4775 3515 4828 in
3547 4786 3638 4828 tua

2054 4873 2243 4924 virtute
2269 4869 2478 4925 Iidendo
2498 4913 2512 4935 ,
2545 4867 2941 4922 innumerabilia
2971 4881 3122 4919 sacra
3163 4864 3464 4918 testimonia
3512 4879 3599 4931 prr
3619 4892 3639 4903 ς

2053 4964 2281 5018 clamant
2310 4981 2324 5015 :
2355 4977 2553 5031 nosque
2587 4976 2691 5014 non
2731 4974 2924 5028 negare
2953 4960 3115 5012 Deum
3145 4957 3472 5010 nascentium
3503 4971 3636 5007 con-

2054 5052 2294 5116 ditorem,
2314 5050 2407 5106 led
2430 5065 2522 5104 vos
2544 5064 2733 5119 negare
2760 5049 2925 5102 Deum
2946 5048 3269 5101 nascentium
3291 5046 3634 5106 salvatorem,

2053 5159 2112 5197 ea
2143 5157 2259 5210 qua:
2290 5142 2494 5209 utrique
2513 5140 2760 5204 diximus,
2785 5138 3076 5206 legentibus
3099 5135 3424 5190 indicabunt.

2122 5233 2324 5286 CCXV.
2352 5232 2469 5286 IUL.
2501 5231 2686 5284 Malam
2716 5240 2889 5282 autem
2934 5245 2961 5280 a
2995 5229 3142 5282 vobis
3173 5226 3496 5294 pronuntiari
3536 5242 3636 5276 na-

2055 5333 2258 5387 turam,
2302 5321 2416 5390 ejus
2442 5320 2715 5374 sententiae
2734 5358 2748 5382 ,
2779 5334 2934 5388 quam
2963 5326 3018 5372 tu
3047 5334 3149 5371 uno
3175 5316 3337 5370 verbo
3361 5316 3636 5370 conclusis

2118 5456 2131 5484 ¹
2169 5460 2305 5500 Forte
2329 5450 2616 5508 addendum,
2637 5449 2827 5500 vindex.

2123 5518 2140 5545 ¹
2177 5521 2333 5570 Forte,
2360 5510 2548 5563 (Iesiris.

2115 5579 2185 5634 ((ι)
2208 5573 2396 5634 Pelagii,
2415 5574 2496 5624 Iilt.
2524 5574 2553 5620 5
2575 5573 2636 5620 de
2655 5573 2821 5622 Libero
2840 5573 3058 5622 Arbitrio.
