3934 6178
237 319 357 372 1537

231 445 336 483 rum
366 438 412 480 te
433 426 752 494 promiseras
771 467 786 486 ,
812 425 1160 493 explicatione
1182 423 1405 479 convici.

296 520 419 571 Avo.
449 514 698 570 Naturam
727 511 1007 568 humanam
1033 532 1136 569 non
1173 515 1369 568 malum
1408 527 1526 566 esse
1551 554 1564 574 .
1610 513 1700 566 sed
1746 513 1794 566 ei

229 606 410 662 malum
458 604 633 658 inesse
680 605 962 658 meustravi
994 622 1008 658 :
1043 621 1202 659 unum
1235 603 1422 658 horum
1465 602 1661 657 docens
1703 617 1795 670 per

226 695 450 765 ejusdem
478 703 678 747 natura:
706 693 1051 748 substantiam
1081 704 1137 749 et
1159 695 1276 763 ejus
1321 692 1632 747 substantia:
1659 706 1793 745 eun-

226 787 437 841 ditorem
459 784 643 846 Deum;
669 784 914 847 alterum.
941 800 1034 853 per
1052 784 1289 853 ejusdem
1308 793 1507 837 natura:
1528 783 1792 836 miseriam

226 886 270 930 et
294 877 358 928 ab
383 873 567 928 eadem
598 873 809 928 miseria
839 873 1156 929 salvatorem
1184 875 1368 929 Deum.
1399 873 1472 928 Te
1505 881 1681 926 autem
1712 886 1796 924 ra-

225 963 605 1019 tiocinationem
631 977 800 1016 meam
830 979 932 1016 non
961 964 1194 1032 potuisse
1222 963 1534 1027 dissolvere,
1559 962 1657 1014 etsi
1687 977 1792 1014 non

223 1056 304 1108 tibi
337 1053 750 1122 reSpondisscm,
780 1053 945 1109 lector
971 1064 1148 1124 posset
1169 1055 1394 1124 diligens
1420 1064 1471 1109 et
1495 1053 1794 1124 intelligens

223 1145 472 1199 invenire.

283 1234 509 1289 CCXVI.
537 1234 656 1290 ιω..
683 1236 850 1305 Atque
875 1235 994 1290 ideo
1017 1235 1174 1290 etiam
1198 1236 1510 1290 tardissimis
1538 1235 1603 1288 ad
1633 1235 1791 1288 intel-

222 1325 479 1392 ligendum
508 1325 588 1379 vel
617 1335 706 1378 tuo
725 1324 902 1380 favore
923 1325 1158 1398 deceptis
1182 1328 1198 1357 ¹
1231 1327 1431 1396 liquere
1467 1326 1677 1381 confido
1699 1365 1715 1390 ,
1743 1335 1794 1380 te

220 1412 486 1467 Mauichwi
525 1414 694 1467 solum
725 1416 957 1469 aversari
988 1431 1214 1480 nomen;
1247 1425 1498 1471 creterum
1543 1430 1614 1470 ex
1648 1415 1790 1468 omni

223 1505 315 1560 tide
350 1521 476 1559 cum
505 1506 709 1561 cunctis
752 1506 983 1562 traducis
1028 1508 1417 1570 sectatoribus,
1468 1523 1571 1560 non
1621 1505 1794 1560 minus

219 1595 414 1663 spurcis
447 1610 602 1664 quam
625 1595 828 1650 stolidis
851 1596 966 1664 ejus
991 1596 1252 1651 inhaerere
1271 1595 1626 1666 dogmatibus.

284 1688 412 1742 Auc.
449 1686 603 1740 Aliud
629 1696 681 1740 et
702 1696 883 1740 contra
911 1695 993 1740 est
1018 1687 1234 1740 omnino
1258 1702 1413 1755 quam
1439 1695 1623 1755 putas,
1651 1684 1790 1754 quod

221 1776 411 1844 liquere
459 1776 616 1829 etiam
664 1775 975 1850 tardissitnis
1009 1775 1162 1830 dicis.
1209 1776 1338 1830 lllud
1366 1791 1590 1845 namque
1621 1776 1792 1838 potius

217 1865 366 1918 etiam
391 1865 708 1919 tardissimis
728 1866 911 1934 liquet,
934 1866 979 1920 si
1004 1865 1237 1935 legendis
1260 1866 1530 1934 utriusque
1552 1873 1792 1918 nostrum

219 1953 425 2022 scriptis
474 1954 729 2007 intentam
760 1967 940 2008 curam
987 1970 1090 2008 non
1130 1965 1418 2023 graventur
1447 1951 1751 2020 impendere
1775 1989 1790 2013 ,

220 2057 295 2096 me
314 2041 731 2108 demonstrasse,
749 2058 851 2097 non
877 2043 1048 2097 solum
1069 2042 1211 2113 quod
1240 2057 1338 2112 ego
1363 2043 1461 2097 sim
1479 2039 1796 2110 Manichaeo-

275 2211 288 2240 ι
326 2212 402 2258 sic
419 2217 526 2273 Mss.
575 2211 879 2273 \iignierius,
937 2209 1083 2261 etiam
1117 2210 1503 2262 tardissimusad
1524 2210 1794 2273 intelligen-

215 2270 349 2329 dum,
389 2269 462 2319 uel
485 2277 566 2319 tuo
585 2269 746 2331 fauore
771 2271 1014 2334 deceptus.

1553 312 1750 368 LIBER
1788 312 1922 380 QU.\
1932 313 2129 369 RTUS.

3332 326 3475 380 133$

1905 443 2022 481 rum
2050 426 2290 481 inimicus
2318 427 2520 491 errori,
2551 443 2842 500 eorumque
2867 431 3066 485 nefaria
3096 432 3338 500 dogmata
3371 436 3479 487 Deo

1901 515 2136 570 veritatis
2169 516 2458 585 opitulante
2484 520 2830 574 subverteriui
2856 536 2871 584 ;
2913 522 3005 576 sed
3031 522 3188 576 etiam
3215 523 3356 591 quod
3386 539 3480 576 vos

1898 605 2306 661 Manichaeorum
2334 616 2534 661 tantum
2565 607 2824 677 adjuvetis
2852 611 3109 664 insaniam
3134 652 3148 676 ,
3181 621 3239 664 ut
3279 627 3336 666 se
3359 627 3476 666 om-

1901 698 2027 751 nino
2058 697 2412 767 gloriarentur
2436 699 2658 751 invictos
2681 740 2698 766 ,
2731 701 2831 755 uisi
2863 701 3119 756 catholica
3151 701 3284 761 fide.
3317 719 3473 771 quam

1902 787 2009 840 Deo
2035 787 2318 841 miserante
2343 787 2678 842 defendimus
2695 830 2709 852 ,
2737 805 2840 844 non
2875 806 2967 858 per
2994 806 3117 857 vos,
3141 792 3222 845 vel
3249 808 3278 844 a
3307 792 3484 858 vobis,

1899 878 1993 932 sed
2025 878 2292 931 vobiscum
2324 879 2497 947 potius
2538 879 2894 935 vincerentur.
2927 882 3003 938 Te
3042 892 3216 936 autem
3246 883 3366 937 ideo
3393 899 3490 938 me.

1898 983 2061 1022 unum
2088 968 2331 1037 elegisse,
2359 970 2443 1024 cui
2469 969 2876 1024 Manichaeorum
2901 972 3114 1026 nomine
3135 983 3188 1025 et
3212 974 3435 1028 crimine
3461 1015 3485 1038 ,,

1898 1069 2093 1128 quanto
2118 1061 2374 1128 crebrius,
2399 1070 2543 1115 tanto
2563 1063 2938 1118 conviciareris
2967 1063 3200 1119 odiosius
3221 1107 3235 1127 ,
3266 1065 3386 1134 quia
3407 1079 3474 1118 eo

1899 1151 2058 1204 modo
2085 1153 2275 1218 putasti
2304 1153 2653 1214 catholicam,
2677 1168 2795 1221 qum
2825 1168 2917 1206 vos
2945 1155 3148 1223 arguit,
3173 1154 3477 1209 fundatissi-

1899 1255 2038 1293 mam
2067 1239 2242 1305 ﬁdem,
2265 1247 2318 1294 et
2343 1241 2607 1294 clarorum
2628 1250 2785 1309 atque
2811 1253 3113 1296 sanctorum
3141 1243 3476 1298 defensorum

1898 1329 2012 1398 ejus
2044 1330 2368 1383 notissimam
2394 1330 2818 1395 multitudinem,
2847 1333 2935 1399 qui
2963 1347 3023 1386 ea
3053 1349 3170 1401 qua:
3196 1333 3488 1386 didicimus

1898 1429 1954 1474 et
1975 1419 2246 1485 docemus,
2274 1419 2572 1474 didicerunt
2598 1431 2757 1490 atque
2786 1421 3078 1476 docuerunt
3097 1462 3109 1481 ,
3141 1421 3256 1476 sine
3284 1421 3478 1474 invidia

1902 1519 1952 1564 te
1980 1524 2136 1578 posse
2158 1509 2452 1573 destruere,
2488 1509 2706 1564 horrore
2729 1509 2940 1564 nefandi
2973 1511 3222 1573 nominis.
3253 1526 3358 1564 non
3385 1511 3486 1562 oli-

1895 1599 2021 1668 jecti
2058 1598 2298 1654 criminis
2324 1600 2561 1654 veritate.
2586 1599 2689 1654 Sed
2722 1599 2926 1654 firmum
2969 1600 3364 1654 fundamentum
3389 1599 3478 1653 Dei

1899 1700 2002 1744 stat
2025 1708 2037 1742 :
2062 1691 2206 1744 novit
2234 1691 2373 1745 enim
2414 1691 2670 1745 Dominus
2712 1692 2798 1760 qui
2843 1702 2966 1744 sunt
2994 1691 3109 1758 ejus
3136 1691 3202 1760 (ll
3230 1689 3364 1744 Tim.
3401 1706 3435 1744 tt
3461 1730 3476 1754 ,

1901 1779 2011 1850 I9).
2037 1779 2209 1834 Verba
2242 1795 2370 1834 vero
2395 1780 2513 1833 libri
2557 1781 2659 1834 mei
2685 1819 2700 1843 ,
2749 1796 2866 1848 qtae
2898 1780 2987 1833 tibi
3015 1781 3163 1848 quasi
3193 1777 3479 1832 refellenda

1902 1883 2288 1937 proposueras,
2317 1867 2582 1937 quomodo
2623 1867 2934 1936 quibusdam
2984 1868 3314 1936 paucissimis
3353 1882 3483 1935 qua-

1899 1962 1944 2016 si
1989 1959 2056 2012 ad
2096 1959 2326 2028 Speciem
2374 1973 2561 2028 pugme
2590 1959 2986 2026 qualiscumque
3029 1958 3278 2022 tentatis,
3321 1958 3485 2010 multo

1903 2051 2048 2118 plura
2076 2057 2268 2101 czelcra
2289 2087 2303 2109 .
2332 2047 2520 2101 dill'usa
2545 2055 2702 2115 atque
2728 2046 2980 2100 interfusa
3019 2058 3103 2100 tua
3130 2047 3381 2100 nebulosa
3405 2046 3490 2099 lo-

1901 2139 2163 2208 quacitate
2187 2137 2453 2199 vitaveris,
2477 2136 2684 2190 interim
2716 2136 2836 2204 quia
2863 2137 3075 2205 longum
3097 2145 3177 2190 est
3201 2135 3284 2188 hie
3305 2144 3486 2189 osten-

1901 2227 2030 2280 dere
2050 2267 2065 2289 ,
2096 2235 2150 2277 ut
2183 2240 2274 2293 per
2297 2240 2355 2279 se
2399 2225 2570 2293 ipsum
2615 2223 2856 2278 advertat
2883 2233 2936 2278 et
2982 2223 3214 2278 inveniat
3234 2264 3249 2288 ,
3275 2223 3488 2277 dimitto

1906 2316 2109 2371 lectori.

226 2444 3470 2473 _______________________________________________—__

1172 2553 1644 2662 LIBER
1741 2539 2528 2676 QUARTUS.

283 2734 512 2782 Iulianum
534 2740 706 2796 quarto
727 2746 816 2782 suo
838 2731 962 2782 libro
983 2733 1308 2796 disputantem
1351 2733 1587 2796 adversus
1625 2743 1682 2780 ea
1718 2729 1841 2796 dicta
1881 2725 1989 2796 libri
2029 2723 2230 2796 secundi
2260 2722 2327 2793 de
2359 2721 2540 2796 Nuptiis
2574 2728 2631 2796 et
2672 2722 3082 2796 concupiscentia,
3122 2735 3233 2784 quae
3272 2725 3487 2796 scapite

221 2804 382 2855 quarto
404 2796 471 2843 ad
494 2784 801 2856 m'decimum
824 2784 1315 2856 comprehenduntur,
1339 2793 1572 2856 refellere
1594 2788 2090 2856 ρεξιοεςὶι,ιιιιιειιδιίιιιεδς
2127 2784 2566 2856 (ξοηειιιείδουιιιξξημ)
2589 2784 2748 2856 carnis
2770 2784 3094 2856 malam.es_se.,
3118 2797 3286 2856 neque
3309 2784 3488 2856 homini

222 2843 359 2918 tuisse
389 2869 416 2904 a
440 2863 546 2905 Deo
576 2843 822 2918 conditore
843 2843 1350 2918 indi'tam,ipropuguét
1365 2843 1617 2918 docet-rei)
1639 2843 1884 2918 ipsoloco',
1903 2853 2052 2918 ouem
2078 2847 2124 2892 in
2149 2844 2269 2918 hanc
2292 2857 2396 2918 rem
2434 2843 2666 2918 adhibuit,
2707 2846 2988 2918 caueamus
3008 2843 3217 2918 Epistula
3243 2846 3286 2918 ιε
3305 2858 3409 2918 cap.

222 2919 262 2971 7'-
288 2917 371 2974 ¹⁶ν
416 2925 572 2966 omne
595 2916 719 2988 φιοά
755 2920 825 2988 εἶδε
946 2905 1589 2988 Ψωίάοτιεδηευρίδειῖηιία.
1616 2905 1916 2988 ίξάτπίδ..⁸⁵λ’
1945 2910 2812 2988 8‘2..f’fi‘il'f’fifff..fﬁ..ff“i‘ﬁf§f;
2849 2905 3485 2988 fﬂif‘?-i.'l‘ll‘l.i“l“§‘33‘f

221 2965 425 3038 naturam
453 2965 674 3038 pecoris,
698 2977 786 3026 sed
807 2977 867 3025 ad
901 2977 1051 3038 ipsius
1069 2965 1230 3026 tamen
1255 2965 1443 3038 matiam
1467 2976 1672 3038 hominis
1689 2972 1958 3038 pertinere.
1995 2965 2229 3038 tutiorem
2252 2965 2595 3038 inciuilirorum.
2621 2965 2810 3038 nonnisi
2979 2965 3238 3038 peceatum
3251 2968 3487 3038 accidisse

220 3039 273 3086 ob
295 3025 514 3086 libidiiiis
534 3025 754 3087 rebelles
775 3025 1119 3086 motusaPorro
1137 3050 1199 3086 ne
1220 3025 1272 3086 iii
1288 3038 1473 3086 Christo
1494 3035 1592 3084 ulla
1617 3025 1813 3096 prdrsus
1835 3031 1984 3078 fuisse
2008 3034 2205 3090 putetur
2223 3026 2380 3094 carnis
2401 3025 2800 3096 punctipisccntia2
2841 3025 3161 3096 vehementer
3192 3034 3349 3096 certat
3370 3040 3486 3096 cen-

219 3082 847 3148 us'iiitis'aumifréiiiuis
861 3082 1114 3159 originali
1137 3082 1466 3159 Eutiie'ﬁsééi
1503 3082 1770 3150 obnoxios,
1819 3104 1914 3139 non
1952 3082 2042 3150 pe'r
2085 3082 2906 3159 propria:_.volttptatisiarliitqiutp,
2940 3086 3033 3159 sed
3054 3100 3168 3159 ‘per
3211 3088 3489 3159 contagium

219 3142 1488 3220 iusti“;”.t;iso”s§éatsuincamus},
1514 3142 1684 3220 Locum
1723 3142 1843 3220 vero
1873 3163 1902 3198 a
1936 3142 2105 3220 ἐκ,δέ
2129 3142 2380 3220 sapientng
2413 3142 2583 3220 intra).
2603 3157 2712 3220 QP:
2720 3145 2759 3220 __1
2768 3143 2824 3220 ἓν
2858 3144 2917 3220 ﬁ;
2936 3146 2994 3220 19
3009 3142 3093 3216 ,el'
3116 3148 3188 3220 μη
3218 3142 3487 3220 ντοὲθῦιιιι.

219 3203 1516 3284 isfiaéi,Eéii'igjiofa'aﬁdoniiziﬁiéqwfésim
1544 3203 1768 3274 illorum,
1802 3219 1926 3270 etc.,
1962 3209 2021 3259 ad
2061 3208 2108 3258 id
2135 3203 2280 3256 etiam
2304 3203 2468 3254 valere
2487 3238 2502 3264 ,
2537 3211 2590 3252 ut
2628 3203 2806 3254 uestrae
2850 3203 3050 3267 Originis
3089 3203 3256 3256 vitiut'n
3285 3203 3486 3256 demoné

1517 3331 2088 3391 ἤκ-οῶιςὶοοβ-ιεο
2102 3330 2155 3381 >Θπ

221 3288 407 3329 stretur.

291 3458 325 3512 Ι.
347 3459 624 3516 leniamus.
659 3457 920 3512 Existimo
941 3473 1038 3527 ego
1059 3458 1339 3512 sollicitum
1369 3458 1620 3512 lectorem
1644 3468 1799 3525 posse

227 3549 426 3616 mirari,
467 3565 573 3605 cur
601 3565 719 3604 cum
765 3551 1074 3619 opusculum
1129 3566 1302 3605 meum
1351 3559 1498 3605 certo
1545 3549 1797 3602 librorum

227 3654 452 3706 numero,
483 3656 556 3695 ex
582 3640 926 3695 scribentium
953 3640 1287 3693 solemnitate
1315 3638 1645 3692 distinxerim
1672 3679 1686 3701 ,
1719 3644 1798 3688 ta-

228 3745 334 3785 tncn
361 3732 476 3786 libri
507 3731 732 3785 alterius
761 3730 962 3785 solvam
991 3731 1043 3784 in
1071 3731 1238 3785 altero
1267 3731 1588 3799 quaestiones
1619 3727 1798 3783 :unde

229 3829 299 3873 est
320 3822 442 3876 illttd
467 3821 618 3892 quod
655 3822 707 3874 in
748 3822 904 3875 tertio
942 3821 1206 3875 volumine
1234 3820 1530 3890 disputavi,
1560 3819 1796 3887 Apostoli

228 3912 457 3974 sensusi,
489 3911 584 3979 qui
625 3924 719 3979 per
743 3925 904 3964 unum
936 3910 1200 3964 hominem
1243 3917 1512 3978 peccatum
1547 3908 1598 3962 in
1646 3922 1800 3960 mun-

228 3997 339 4052 dum
365 4001 598 4054 intrasse
621 3999 753 4054 dixit
779 4000 956 4069 (Rom.
986 4015 1051 4062 v,
1083 3999 1173 4068 12)
1213 4001 1342 4070 (quo
1385 4010 1606 4052 numero
1638 3999 1659 4030 ’
1685 3999 1799 4067 opi-

230 4089 425 4143 nionem
455 4088 586 4143 mali
618 4088 888 4158 originalis
926 4087 1246 4159 oppressit),
1274 4086 1404 4141 illttd
1432 4087 1572 4158 quod
1602 4102 1666 4141 ex
1693 4101 1800 4140 uno

233 4179 479 4234 Abraham
506 4181 784 4250 generatio
802 4179 1106 4235 .ludzeorum
1133 4179 1470 4235 descendisse
1495 4179 1801 4250 perhibetur

234 4269 398 4334 (Hebr.
431 4288 480 4325 χι
499 4314 517 4335 ,
550 4270 638 4340 12)
659 4311 674 4335 ,
703 4271 836 4324 nihil
865 4271 946 4325 vel
973 4272 1145 4340 exigui
1175 4272 1416 4328 intulisse
1443 4287 1733 4328 concussus
1754 4271 1795 4324 ³.

232 4359 279 4412 ld
305 4373 476 4417 autem
500 4371 655 4432 putet
685 4361 854 4415 lector
880 4362 1008 4427 iste,
1039 4363 1124 4416 cui
1157 4377 1295 4416 nunc
1321 4363 1626 4416 satisfacere
1653 4363 1800 4416 iusti-

233 4459 347 4514 tuo,
390 4452 442 4504 in
485 4451 726 4506 secundo
751 4450 999 4506 debuisse
1047 4452 1316 4506 volumine
1354 4449 1620 4506 collocari.
1653 4450 1802 4507 Norit

233 4541 404 4607 igitur,
444 4541 586 4596 bane
625 4542 984 4612 responsionis
1011 4543 1166 4598 Iidem
1193 4585 1208 4608 ,
1237 4558 1339 4613 qua
1384 4545 1540 4598 etiam
1573 4544 1655 4597 illa
1683 4559 1801 4611 qua:

235 4639 465 4694 putantur
489 4632 789 4684 intermissa
812 4673 828 4697 ,
855 4632 939 4686 vel
966 4633 1016 4685 in
1044 4633 1183 4686 libro
1203 4634 1442 4700 sequenti
1467 4634 1795 4703 supplentur,

234 4734 322 4773 nec
344 4721 631 4791 quidquam
677 4722 1068 4776 ineommodare
1093 4723 1406 4789 certamini,
1448 4739 1544 4777 nec
1589 4725 1655 4776 de
1696 4724 1800 4776 ulla

235 4808 572 4865 festinationis
601 4811 998 4880 perturbatione
1015 4854 1030 4877 ,
1057 4813 1149 4867 sed
1179 4822 1284 4866 tam
1311 4814 1376 4867 de
1395 4828 1670 4867 causarum
1711 4829 1803 4867 ne-

234 4902 491 4967 cessitate,
518 4918 676 4971 quam
700 4903 767 4956 de
789 4903 996 4959 consilii
1025 4904 1230 4958 ratione
1258 4905 1578 4974 contingere.
1608 4904 1802 4972 Suppe-

237 4987 286 5038 tit
314 5005 434 5043 vero
463 5007 772 5058 magnorum
799 4993 1128 5062 ingeniorum
1154 4993 1303 5060 copia
1326 5033 1341 5057 ,
1372 5009 1594 5062 quorum
1622 5008 1802 5047 exent-

238 5078 331 5144 plis
355 5082 474 5135 talis
500 5082 607 5135 stili
634 5084 1008 5154 consequentia
1031 5083 1365 5138 vindicetur:
1395 5084 1486 5137 sed
1516 5085 1687 5152 inepta
1721 5083 1801 5152 ja-

236 5173 390 5224 ctatio
412 5183 528 5239 est,
554 5175 619 5228 ad
657 5174 1017 5230 defensionem
1053 5175 1307 5245 simplicis
1337 5177 1530 5244 negotii
1558 5177 1798 5229 sonantia

239 5260 520 5323 priscorum
549 5264 818 5318 nominum
845 5263 1105 5320 advocare
1138 5263 1380 5334 suifragia
1403 5308 1416 5330 ,
1449 5277 1501 5318 et
1544 5267 1800 5319 securita-

238 5357 336 5402 tem
385 5351 503 5406 facti
550 5354 771 5408 reddere
812 5354 1118 5409 defensione
1153 5364 1470 5423 suspectam.
1499 5355 1798 5410 Secundum

235 5453 358 5510 ergo
378 5443 568 5498 librum
593 5487 606 5508 ,
641 5461 796 5515 quem
825 5447 1122 5503 asserendis
1153 5448 1389 5516 Apostoli
1417 5448 1689 5501 ~cntentiis
1710 5447 1802 5501 de.-

297 5597 312 5625 '
348 5605 500 5655 Forte,
523 5604 699 5654 scitsui.
949 5629 952 5631 λ

296 5656 316 5721 ξ
349 5659 617 5721 viguierius
657 5662 1051 5721 memoramus,
1078 5676 1287 5714 uenturo.

296 5715 316 5756 ³
343 5715 493 5769 milex
521 5729 667 5784 μοι-1.,
693 5723 924 5772 concisus.

1902 3449 2190 3512 stinaram,
2238 3460 2304 3500 ne
2344 3445 2394 3499 in
2441 3445 2656 3500 nimiam
2687 3445 3068 3516 longitudinem
3114 3448 3305 3502 levium
3341 3464 3486 3519 quzc-

1901 3539 2131 3592 stionum
2164 3535 2424 3606 proferret
2463 3535 2730 3603 adjectio,
2781 3538 3138 3607 disputatione
3185 3540 3485 3595 necessaria

1904 3627 2200 3682 terminavi.
2235 3626 2426 3678 Verum
2471 3625 2592 3694 quia
2639 3641 2859 3681 munere
2903 3629 3056 3682 seriae
3099 3627 3489 3685 ἀίεευιιιειιίυηὶς

1903 3717 2144 3783 impleto.
2169 3714 2316 3769 libuit
2343 3715 2502 3768 etiam
2531 3715 2722 3782 ineptis
2751 3716 3133 3783 quaestionibus
3157 3719 3400 3783 obviare,
3433 3728 3485 3772 et

1903 3804 2324 3859 tardissimorum
2367 3817 2734 3871 quorumque,
2777 3804 2875 3871 qui
2918 3813 2974 3858 et
3019 3804 3219 3874 frigidis
3269 3818 3487 3875 possunt

1903 3892 2291 3962 objectiouibus
2321 3891 2650 3960 permoveri,
2699 3891 2893 3958 placuit
2921 3892 3116 3946 habere
3143 3904 3444 3962 respectum
3467 3935 3483 3956 ,

1904 3987 2063 4040 tertio
2092 3983 2226 4037 libro
2255 3982 2481 4050 qualiter
2510 3997 2574 4035 ex
2603 3997 2707 4034 uno
2737 3980 2885 4035 multi
2928 3983 3034 4034 nati
3061 3983 3366 4037 dicerentur
3395 4001 3485 4037 os-

1904 4074 2068 4129 tendi.
2114 4073 2207 4127 Est
2239 4081 2410 4125 tamen
2443 4071 2598 4125 etiam
2643 4071 3103 4139 decentissimum,
3154 4073 3197 4126 si
3239 4075 3482 4127 volumen

1903 4181 2132 4236 sequens
2161 4163 2348 4234 prioris
2385 4162 2620 4217 debitum
2653 4163 2794 4229 luat,
2826 4173 2882 4218 ut
2912 4172 2966 4218 et
3008 4180 3192 4234 magna
3235 4165 3372 4218 inter
3420 4165 3485 4217 li—

1905 4259 2028 4312 bros
2055 4257 2294 4311 videatur
2338 4271 2456 4308 esse
2495 4255 2776 4309 concordia
2795 4297 2811 4321 ,
2841 4265 2896 4310 et
2923 4256 2988 4310 ad
3017 4257 3368 4326 cognitionem
3399 4265 3483 4309 to-

1903 4352 2006 4405 tius
2034 4351 2213 4419 operis
2243 4349 2531 4402 iuviteutur
2577 4347 2850 4416 legentes;
2892 4363 3011 4402 cum
3052 4359 3104 4402 et
3146 4349 3188 4402 si
3232 4347 3390 4400 dilata
3433 4348 3482 4400 in

1902 4441 2088 4507 primis
2112 4440 2286 4510 aliqua
2326 4440 2738 4502 arstitnaverint,
2785 4439 3086 4506 intelligunt
3124 4438 3481 4506 prartermissa

1905 4545 2010 4585 non
2055 4547 2195 4586 esse.
2237 4531 2463 4582 Osteuso
2507 4529 2665 4596 igitur
2704 4527 2823 4581 fidei
2856 4528 2870 4558 ¹
2901 4537 2955 4580 et
2996 4527 3266 4581 industria:
3306 4529 3483 4595 operis

1902 4620 2186 4674 convenire
2229 4616 2368 4686 quod
2415 4615 2669 4678 fecimus,
2716 4617 3123 4685 congrediamur
3160 4633 3283 4672 eum
3311 4618 3481 4670 Maui~

1903 4711 2066 4763 chzeis
2095 4710 2116 4740 '
2141 4724 2233 4776 pro
2262 4707 2352 4759 Dei
2381 4706 2628 4775 operibus
2653 4717 2706 4761 et
2745 4707 2978 4775 legibus;
3011 4707 3077 4760 ab
3097 4707 3201 4762 illis
3227 4707 3482 4760 naturalis

1905 4801 2027 4854 mali
2071 4799 2498 4862 deformitatem,
2537 4797 2604 4851 ab
2633 4797 2750 4852 istis
2787 4798 3117 4866 iniquitatem
3157 4797 3476 4866 iudiciorum

1905 4889 2144 4942 feralium
2174 4888 2527 4956 repellentes;
2558 4887 2813 4941 dueentes
2842 4887 2894 4939 in
2937 4890 3154 4939 ist-trum
3200 4892 3478 4954 praeceptis

1906 4979 2033 5034 nihil
2063 4979 2129 5033 de
2155 4979 2293 5032 bono
2320 4993 2418 5031 suo
2450 4976 2740 5047 perdidisse
2764 4976 3052 5046 justitiam,
3084 4977 3134 5029 in
3158 4977 3366 5031 illorum
3389 4993 3476 5031 se-

1905 5072 2134 5126 minibus
2161 5069 2288 5125 nihil
2309 5070 2376 5124 de
2403 5071 2541 5123 malo
2576 5085 2674 5123 suo
2711 5069 2976 5124 diabolum
3008 5071 3316 5136 miscuisse;
3366 5072 3478 5122 ha-c

1906 5172 2172 5234 postremo
2199 5161 2355 5230 digna
2378 5174 2497 5215 esse
2527 5160 2634 5214 Deo
2655 5169 2892 5225 rectore,
2921 5160 3008 5214 illa
3037 5160 3145 5216 Deo
3169 5160 3476 5230 dignissima

1901 5254 2192 5309 conditore.

1973 5345 2320 5398 Aususrnvus.
2353 5340 2791 5410 Congressionetn
2819 5350 2960 5396 tuam
2985 5340 3256 5396 Manichaei
3279 5380 3293 5403 ,
3329 5352 3394 5391 ne
3425 5338 3475 5394 in

1904 5445 2078 5488 nostra
2107 5433 2479 5504 eongt'essione
2506 5443 2901 5500 superarentur,
2936 5449 3030 5503 pro
3055 5431 3252 5486 auxilio
3280 5444 3471 5498 magno

1967 5544 1978 5572 ι
2004 5543 2138 5600 miti,
2157 5540 2306 5605 ﬁdeli.
2333 5549 2385 5590 Al.
2407 5549 2532 5599 Mss,
2556 5539 2688 5604 ﬁdei.

1963 5605 1982 5635 ²
2019 5598 2376 5653 Mauiehzeorum
2403 5598 2596 5652 nomine
2619 5607 2763 5653 etiam
2777 5602 3035 5651 (:atltolicos
3059 5598 3312 5662 intelligit:
3341 5604 3463 5652 ιιιιιί(

1899 5665 2193 5734 superﬂuum
2220 5672 2311 5721 est,
2334 5665 2458 5726 quod
2486 5666 2559 5713 hic
2599 5667 2723 5715 addit
2746 5664 2895 5713 codex
2923 5670 3180 5724 Pet-tarum,
3219 5669 3263 5712 et
3280 5665 3464 5714 "fradu-

1902 5738 2068 5778 cuum.
