3954 6178
420 338 554 395 1339

418 458 723 514 suumrent,
745 448 846 503 nisi
874 455 928 500 et
957 459 1050 500 vos
1073 459 1193 498 cum
1222 443 1299 498 eis
1329 441 1459 497 ﬁdes
1482 440 1741 497 catholica
1770 453 1991 508 supcra-

420 552 500 594 ret
541 559 555 594 :
597 536 1021 609 quandoquidem
1068 534 1388 589 discordiam
1442 531 1990 599 concupiscentiarum

419 631 593 684 carnis
615 637 668 684 et
686 639 920 697 spiritus,
947 634 1002 681 et
1029 625 1272 679 miserias
1298 623 1510 692 generis
1539 620 1777 685 humani,
1805 619 1995 688 quibus

421 724 573 788 plena
598 728 678 773 est
720 728 904 772 natura
933 717 1236 771 mortalium
1259 758 1272 779 ,
1308 714 1621 782 incipientes
1653 726 1682 764 a
1711 711 1921 765 ﬂetibus
1945 718 2000 763 et

419 809 803 863 cilamilatihus
851 808 1223 879 parvulorum,
1274 815 1550 873 propterea
1599 808 1704 857 non
1753 802 1999 856 sinuntur

418 902 668 962 duarum,
694 912 826 968 quas
856 896 1110 951 inducunt
1131 937 1146 961 ,
1180 903 1486 949 naturarum
1511 892 1876 947 commixtioni
1904 891 1998 945 tri-

422 997 612 1054 buere;
644 991 765 1059 quia
797 990 911 1043 hazc
931 989 1106 1043 omnia
1135 998 1335 1040 natum
1366 994 1583 1055 peccato
1605 985 1813 1049 vitiatze,
1841 998 1996 1052 quam

424 1081 560 1134 lleus
591 1082 783 1137 bonam
813 1081 1078 1145 condidit,
1116 1095 1216 1134 nec
1244 1079 1480 1132 vitiatam
1519 1077 1853 1133 fecunditatis
1879 1091 1997 1129 mu-

421 1188 549 1227 nere
574 1182 628 1227 et
657 1174 796 1227 bono
837 1172 1049 1241 opilicio
1077 1188 1172 1225 suo
1201 1171 1398 1225 deserit
1424 1211 1439 1236 ,
1481 1170 1793 1223 auctoritate
1820 1166 1996 1221 divina

419 1271 473 1314 rt
502 1263 773 1316 verissima
816 1264 1023 1316 ratione
1051 1262 1370 1315 tribuuntur.
1394 1259 1546 1327 Quod
1575 1274 1670 1313 Vos
1708 1267 1993 1328 negantes,

419 1367 568 1406 arma
594 1353 805 1421 quidem
836 1353 1029 1420 quibus
1058 1352 1337 1404 vincuntur
1357 1392 1369 1414 ,
1397 1350 1661 1404 conamini
1689 1348 1995 1417 infringere;

419 1440 513 1493 sed
546 1450 648 1494 tam
674 1451 799 1495 sunt
846 1441 996 1494 ﬁrma
1027 1451 1081 1495 et
1124 1441 1315 1493 invicta
1341 1481 1355 1505 ,
1395 1449 1452 1493 ut
1481 1440 1591 1493 sive
1622 1438 1726 1493 illis
1767 1438 1834 1491 ad
1862 1452 1955 1491 vos
1980 1478 1994 1498 .
2038 1454 2043 1458 ’

420 1533 531 1587 sive
556 1532 705 1585 vobis
725 1531 790 1585 ad
823 1532 941 1585 illus
970 1531 1236 1584 transﬁxis
1263 1538 1318 1584 et
1337 1530 1625 1599 peremptis
1654 1526 1994 1598 perveniant,

423 1633 673 1691 utrosque
713 1629 1067 1690 prosternant.

494 1712 552 1766 ll.
575 1712 691 1766 loc.
720 1711 922 1779 Quibus
950 1712 1153 1766 duobus
1182 1713 1225 1765 si
1256 1711 1469 1767 creditis
1494 1712 1532 1775 ’,
1561 1710 1611 1764 id
1643 1718 1744 1777 est,
1772 1709 1866 1765 Dei
1901 1723 2000 1763 nec

420 1818 582 1869 opera
612 1804 747 1857 mala
772 1818 910 1868 esse,
953 1817 1051 1857 nec
1093 1804 1269 1873 iniqua
1307 1802 1535 1872 judicia;
1569 1809 1736 1855 totum
1767 1801 1999 1854 traducis

421 1896 609 1963 dogma
638 1895 931 1948 conteritur
962 1912 976 1948 :
999 1896 1134 1948 sicut
1161 1911 1191 1949 c
1217 1895 1451 1965 regione,
1479 1894 1710 1947 traducis
1731 1893 2001 1962 impietate

419 1994 685 2051 suscepta,
716 1984 830 2039 haec
859 1986 964 2039 duo
984 2028 997 2047 ,
1033 1986 1268 2039 conditio
1301 1986 1391 2039 Del
1422 1994 1579 2053 atque
1600 1983 1872 2053 judicatio,
1905 1998 2001 2053 per

419 2089 535 2143 qua:
555 2076 726 2128 solum
758 2075 898 2129 Deus
920 2087 1092 2145 potest
1119 2076 1358 2143 intelligi,
1386 2075 1748 2129 destruuntnr.

490 2165 621 2219 Avo.
662 2164 772 2219 Nec
790 2179 952 2234 opera
974 2165 1114 2218 mala
1138 2174 1262 2218 sunt
1293 2165 1407 2227 Dei,
1438 2148 1650 2235 quando
1674 2172 1728 2218 et
1754 2161 1821 2218 de
1846 2163 2000 2217 malis
2028 2222 2034 2233 ,

418 2256 837 2327 quibuscumque
876 2256 1013 2311 bene
1050 2266 1318 2325 operatur,
1364 2266 1417 2311 et
1465 2256 1715 2326 parvulis,
1763 2270 1896 2327 quos
1934 2256 2000 2323 de

396 2355 592 2404 ‘massa
639 2365 733 2419 per
773 2350 928 2419 primi
980 2350 1211 2405 hominis
1259 2350 1743 2421 prmvaricationem
1799 2348 1998 2418 perdita

422 2441 558 2494 bene
586 2448 834 2509 operatus
855 2449 955 2505 est,
975 2443 1132 2494 etiam
1160 2439 1408 2494 sanandis
1433 2440 1662 2509 benigne
1687 2439 1995 2508 opitulatur;

421 2547 518 2585 nec
573 2532 752 2602 iniqua
789 2531 1009 2603 judicia,
1045 2532 1256 2602 quando
1302 2532 1452 2602 gravi
1496 2546 1624 2603 jugo
1665 2546 1826 2601 super
1863 2530 2001 2586 lilios

423 2624 588 2679 Adam
615 2640 645 2679 a
673 2626 759 2679 die
781 2625 959 2679 exitus
978 2625 1044 2680 de
1068 2633 1251 2679 ventre
1278 2624 1460 2678 matris
1488 2638 1671 2678 eorum
1702 2622 1887 2694 (Eccli.
1907 2638 1996 2689 xc,

423 2715 506 2784 l),
538 2714 746 2770 nonnisi
776 2724 1109 2785 peccatorum
1152 2714 1338 2769 merita
1382 2713 1671 2768 ulciscitur.
1707 2712 1831 2767 llaac
1876 2727 1999 2766 eum

417 2806 706 2862 creduntur
760 2818 918 2877 atque
970 2806 1353 2876 intelliguntur,
1399 2814 1450 2859 et
1499 2803 1904 2858 Manichworum
1947 2812 2001 2859 et

421 2896 821 2968 Pelagianorum
851 2911 1003 2951 error
1041 2896 1395 2966 exstinguitur
1425 2894 1872 2950 :Manichzeorum
1898 2893 2002 2948 sci-

420 2990 563 3054 licet,
595 2990 717 3059 quia
746 2989 883 3042 mala
909 2988 1008 3042 ista
1048 2988 1259 3058 generis
1296 2986 1510 3041 humani
1547 2986 1729 3039 volunt
1756 2984 1999 3065 deputari

421 3082 602 3137 nescio
638 3081 722 3136 cui
763 3081 886 3135 mali
927 3081 1185 3151 principio
1222 3080 1504 3135 mternitati
1542 3079 1641 3134 Dei
1693 3087 1995 3143 comterno;

421 3173 822 3245 Pelagianorum
862 3182 1061 3238 autem,
1090 3172 1211 3242 quia
1243 3171 1429 3225 nolunt
1456 3170 1716 3239 imputare
1757 3177 1995 3239 peccato.

494 3263 578 3318 Ill.
609 3265 729 3319 θυι..
769 3262 887 3319 Jam
917 3278 1046 3333 ergo
1069 3278 1131 3317 ea
1158 3278 1277 3331 qua:
1314 3259 1586 3317 contexuit
1610 3260 1868 3315 lacerator
1901 3274 1998 3313 na-

423 3354 690 3421 turalium,
735 3353 1092 3423 ponderemus
1122 3370 1135 3405 :
1161 3352 1255 3407 sed
1291 3361 1347 3406 ut
1394 3366 1607 3418 rerum,
1658 3366 1777 3421 qua:
1818 3357 1997 3404 mutua

423 3455 547 3500 sunt
575 3445 922 3514 responsione
948 3442 1233 3511 perplexae,
1263 3442 1449 3497 lectori
1470 3448 1652 3497 nostro
1673 3448 1779 3494 tam
1802 3440 1998 3495 intelli—

422 3537 598 3607 gentia
626 3550 788 3605 quam
815 3534 1067 3589 discretio
1094 3541 1405 3603 suggeratur
1422 3573 1436 3598 ,
1478 3546 1584 3601 quo
1620 3546 1816 3601 genere
1845 3532 2000 3587 oblu-

426 3635 622 3688 ctetur,
651 3623 936 3679 admoneo.
969 3622 1251 3678 Proﬁtetur
1291 3623 1501 3692 scriptis
1537 3621 1754 3676 obviare
1781 3623 1997 3688 nostris,

423 3733 544 3788 qua:
572 3716 639 3771 ad
664 3731 725 3771 se
746 3716 820 3770 ait
846 3716 899 3770 in
926 3715 1071 3771 brevi
1091 3714 1327 3769 chartula
1353 3713 1636 3777 destinata,
1659 3721 1713 3768 et
1739 3714 1885 3783 ponit
1906 3714 2003 3769 ali-

425 3822 559 3878 quas
579 3806 965 3863 sententiarum
978 3820 1218 3860 mearum
1237 3804 1520 3875 particulas
1542 3811 1703 3874 atque
1730 3805 1999 3875 suggillat,

423 3913 543 3971 qua)
571 3898 622 3953 in
644 3912 765 3954 meo
793 3912 957 3967 opere
981 3912 1086 3951 non
1115 3905 1384 3952 tenentur.

493 3994 630 4048 Anc.
672 3992 782 4046 Deo
808 3991 1041 4062 gratias,
1075 3989 1212 4059 quod
1244 3989 1412 4059 ipsis'
1439 3999 1668 4060 quatuor
1693 3990 1842 4045 libris
1867 3990 1998 4054 tuis,

425 4083 566 4138 unde
580 4083 668 4138 ille
692 4083 833 4152 quod
864 4081 1049 4146 voluit,
1076 4082 1213 4134 sicut
1240 4080 1426 4144 voluit,
1455 4082 1738 4150 excerpsit,
1766 4082 1917 4151 cujus
1936 4082 2001 4135 ad

425 4188 511 4228 me
534 4172 776 4227 chartula
807 4172 968 4226 missa
997 4170 1267 4240 pervenit,
1297 4186 1392 4225 sex
1423 4170 1571 4224 libris
1601 4172 1733 4226 meis
1762 4172 1829 4226 ad
1868 4187 2002 4226 cun-

429 4273 511 4319 cta
543 4264 813 4333 respondi.
840 4262 973 4318 Puto
1000 4260 1156 4331 quod
1184 4261 1254 4316 ibi
1294 4276 1400 4314 non
1437 4276 1497 4315 es
1536 4261 1793 4329 dicturus,
1825 4263 2002 4332 aliqua

429 4374 516 4414 me
540 4358 859 4429 redarguere
890 4356 1144 4420 voluisse,
1174 4369 1292 4424 qua:
1332 4354 1383 4407 in
1413 4361 1504 4407 tuo
1531 4353 1552 4385 ³
1581 4368 1744 4424 Opere
1775 4371 1879 4410 non
1921 4365 1995 4411 te-

429 4459 621 4505 nentur
647 4468 662 4505 ε
694 4448 836 4520 quod
862 4457 916 4505 et
942 4449 986 4502 si
1017 4446 1215 4502 dixeris
1236 4486 1250 4507 ,
1284 4445 1438 4515 idque
1479 4444 1811 4514 probaveris;
1843 4447 2001 4501 etiam

426 4541 677 4610 gratulari
704 4539 895 4606 debeo,
919 4554 1024 4593 non
1057 4551 1108 4593 te
1134 4537 1352 4602 dixisse,
1389 4552 1507 4605 qua:
1535 4536 1715 4591 dicere
1757 4552 1861 4591 nou
1905 4538 2003 4591 de-

429 4631 586 4686 beres
614 4645 629 4682 :
661 4639 819 4699 atque
839 4630 1038 4683 utinam
1060 4642 1408 4698 quaecumque
1434 4626 1593 4682 verba
1612 4637 1697 4683 tua
1710 4629 2003 4685 rectissime

428 4720 907 4791 reprehenduntur,
936 4719 1078 4772 nulla
1107 4718 1324 4772 omnino
1343 4717 1589 4774 dixisses.

502 4812 591 4867 IV.
614 4810 732 4866 ιω..
774 4808 1033 4879 Loquitur
1057 4822 1185 4878 ergo
1209 4808 1277 4862 ad
1315 4807 1581 4864 Valerium
1614 4825 1628 4862 :
1656 4808 1868 4864 Attende
1894 4810 2004 4879 qui.

427 4904 519 4957 bus
555 4918 608 4956 se
634 4901 883 4956 existimat
930 4899 1195 4953 adversum
1243 4913 1334 4952 nos
1384 4898 1501 4951 huic
1550 4899 1808 4967 prtemisso
1856 4900 2001 4952 titulo

429 5007 703 5047 consonare
731 5006 750 5045 :
780 4990 935 5054 Deus,
959 4990 1148 5061 inquit,
1187 4989 1273 5058 qui
1293 4988 1458 5041 Adam
1495 5005 1555 5042 ea:
1582 4987 1702 5042 limo
1730 4991 1894 5059 fuerat
1920 4990 2004 5059 {a-

429 5085 669 5146 bricatus,
697 5081 853 5137 Eram
878 5081 1156 5137 construxit
1189 5098 1216 5134 e
1247 5090 1404 5145 costa,
1455 5090 1501 5134 et
1538 5081 1689 5148 dixit,
1717 5100 1735 5132 ι
1769 5080 1893 5136 Ηωσ
1913 5098 2002 5135 νο-

428 5179 622 5232 cabitur
654 5176 785 5243 Vita,
816 5177 1055 5247 quoniam
1092 5186 1250 5229 mater
1288 5186 1361 5229 est
1404 5175 1626 5228 omnium
1659 5174 1945 5228 viventium.
1980 5193 1997 5227 ι

437 5268 551 5323 Non
574 5267 776 5338 quidem
817 5267 887 5319 ita
933 5267 1175 5334 scriptum
1219 5274 1311 5331 est,
1340 5267 1427 5319 sed
1467 5265 1589 5335 quid
1631 5265 1699 5317 ad
1728 5265 1860 5318 nos?
1879 5263 2003 5318 solet

430 5364 668 5417 memoria
690 5359 803 5432 falli
821 5360 874 5412 in
903 5360 1079 5425 verbis,
1112 5357 1232 5411 dum
1273 5367 1439 5412 tamen
1475 5359 1720 5411 sententia
1755 5366 2000 5411 teneatur.

490 5500 508 5532 ί
534 5495 893 5570 ,ιιρωιηειεω
913 5496 1045 5555 Crit.,
1069 5507 1118 5556 p.
1141 5493 1250 5554 265,
1275 5493 1495 5555 epinatur
1516 5492 1593 5541 hic
1617 5491 1878 5556 legendum
1897 5528 1911 5553 ,
1936 5493 2005 5545 sic

428 5563 843 5693 m."¥,‘§},,ei_.'{..§,
868 5619 993 5683 quod
1032 5614 1091 5665 ab
1134 5615 1268 5677 ip't's.
1313 5617 1613 5679 Prii-positio,
1657 5615 1744 5673 ab,
1783 5631 1877 5667 non
1932 5627 2005 5667 est

431 5697 477 5730 In
501 5691 848 5742 Inanuscriptts.

495 5742 517 5776 ³
550 5743 848 5804 vignierius,
873 5753 982 5791 uno.
1005 5746 1057 5788 At
1073 5746 1199 5798 Mss,
1222 5744 1314 5788 tta).

1089 331 1328 389 OPEllIS
1367 326 1771 386 lMPEliFECTI
1807 323 2075 381 CONTRA
2116 323 2474 393 JULIANUM,
2516 327 2572 383 S.
2603 329 2964 387 AUGUS'I'LVI

3543 339 3603 392 15
3623 340 3679 393 ἱῠ

2111 432 2220 488 Nec
2249 435 2370 491 Eva:
2414 454 2592 492 nomen
2617 448 2675 510 ut
2700 441 3043 510 appellaretur
3071 440 3206 507 Vita,
3239 440 3373 497 Deus
3419 445 3680 515 imposuit,

2104 525 2193 579 sed
2208 528 2435 582 maritus.
2458 529 2547 583 Sic
2561 531 2690 583 enim
2707 531 2927 601 loquitur
2946 529 3025 601 (α)
3041 549 3059 586 :
3089 531 3369 588 «Eteocaei
3406 535 3571 590 Adam
3592 556 3684 591 ηοω

2104 632 2216 670 men
2230 618 2403 671 uxoris
2425 634 2533 673 sua:
2563 618 2698 687 Vita,
2734 640 2754 673 ι
2783 626 3020 691 quantam
3043 632 3204 676 mater
3228 633 3308 677 est
3335 627 3562 680 omnium
3604 631 3681 681 ci-

2105 709 2323 761 aentium
2364 709 2470 780 (De
2493 708 2702 783 Nuptiis
2728 722 2772 766 et
2791 713 3230 785 Concupisceutia,
3260 716 3348 772 lib.
3372 717 3439 782 2,
3464 735 3517 772 n.
3544 719 3612 773 12
3642 727 3682 789 ).

2105 798 2375 867 Stupenda
2405 801 2640 857 doctoris
2661 803 2919 871 eruditio,
2947 806 3036 874 qui
3069 821 3135 860 nc
3161 807 3429 874 paululum
3465 811 3683 879 quidem

2104 904 2133 942 a
2164 890 2556 959 Scripturarum
2587 894 2972 950 sinitsermone
2990 894 3219 951 deflecti.
3249 895 3573 966 lmperitiam
3597 915 3695 954 no-

2105 993 2267 1038 stram
2297 986 2501 1055 arguit;
2531 986 2622 1042 sed
2641 987 2890 1042 oblivioni
2913 989 3117 1043 veniam
3140 989 3267 1045 dare
3287 990 3556 1061 dignatur,
3580 1009 3684 1063 qua

2105 1072 2297 1128 factum
2324 1085 2439 1130 erat
2469 1085 2525 1130 ut
2562 1091 2661 1147 ego
2700 1077 2931 1133 dicerem
2959 1079 3174 1133 nomine
3200 1080 3334 1134 Vitre
3360 1099 3388 1135 ιι
3420 1082 3534 1137 Deo
3564 1100 3684 1137 tnu-

2104 1163 2286 1217 lierem
2332 1156 2683 1235 nuncupatam
2713 1184 2725 1221 :
2756 1167 2824 1221 ita
2852 1182 2951 1237 per
2981 1170 3314 1224 occasionem
3362 1170 3600 1236 brevem,
3631 1181 3685 1227 ct

2104 1255 2340 1311 eruditus
2364 1272 2619 1327 apparere
2648 1258 2869 1325 studuit,
2896 1268 2949 1314 et
2973 1261 3250 1329 benignus.
3275 1260 3379 1316 Sed
3399 1272 3456 1317 ut
3475 1279 3579 1317 non
3600 1273 3687 1318 est

2104 1346 2414 1401 admiranda
2469 1348 2776 1417 diligentia,
2834 1351 3217 1405 nominatorem
3269 1350 3481 1407 femina:
3536 1368 3687 1408 como

2105 1436 2338 1504 perisse;
2379 1437 2451 1491 ita
2482 1438 2805 1507 impudentia
2851 1455 2954 1494 non
2986 1439 3199 1495 ferenda
3235 1451 3334 1506 est,
3367 1442 3503 1498 velle
3533 1444 3701 1513 igne--

2103 1540 2254 1581 scere
2278 1526 2417 1597 quod
2446 1529 2660 1599 culpare
2696 1546 2803 1585 non
2841 1532 3047 1600 possis:
3062 1531 3175 1586 Non
3215 1533 3357 1588 enim
3379 1535 3450 1588 ita
3483 1534 3537 1588 in
3564 1551 3687 1590 meo

2104 1632 2267 1687 opere
2292 1618 2502 1688 legitur,
2526 1620 2663 1675 sicut
2687 1620 2737 1674 in
2765 1623 3083 1676 commentis
3116 1622 3273 1692 hujus
3309 1632 3538 1679 tenetur.
3574 1625 3686 1695 Ego

2108 1709 2304 1778 quippe
2357 1713 2527 1779 posito
2572 1711 2701 1781 legis
2750 1712 3070 1777 testimonio,
3110 1728 3215 1783 quo
3258 1713 3457 1769 dixisse
3502 1730 3683 1769 rerum

2103 1799 2323 1855 Creator
2341 1802 2657 1868 ostenditur,
2690 1801 2811 1857 Non
2852 1812 2926 1856 est
2950 1803 3135 1857 bonum
3168 1806 3331 1858 solum
3370 1822 3479 1859 esse
3514 1807 3685 1859 homi-

2103 1911 2251 1959 nem;
2282 1894 2527 1963 faciamus
2548 1895 2591 1948 ei
2618 1895 2932 1965 adjutorium
2971 1896 3136 1950 simile
3159 1898 3238 1951 sui
3258 1896 3412 1966 (Gen.
3446 1914 3504 1964 tt,
3536 1897 3626 1970 18)
3664 1917 3679 1952 :

2106 1984 2242 2050 Quid
2266 1995 2335 2040 est
2374 1986 2487 2051 hoc,
2512 1986 2711 2056 inquio,
2743 2006 2762 2039 ι
2793 1986 2913 2041 Non
2943 1998 3014 2042 est
3035 1987 3217 2042 bonum
3256 2006 3361 2043 esse
3397 1991 3561 2043 solum
3587 1991 3684 2043 Ito—

2104 2074 2330 2129 minem?
2355 2094 2374 2127 ι
2409 2074 2671 2143 Numquid
2702 2075 2835 2131 Deus
2859 2077 3053 2143 aliquid
3075 2078 3280 2148 fecerat,
3303 2080 3438 2149 quod
3467 2096 3567 2133 nou
3588 2081 3682 2133 bo-

2104 2184 2227 2222 num
2261 2170 2383 2240 jure
2412 2170 2429 2200 ί
2457 2170 2560 2222 dici
2588 2179 2785 2249 posset;
2810 2171 3026 2224 maxime
3049 2171 3132 2240 qui
3159 2172 3328 2224 omnia
3356 2187 3454 2225 non
3480 2173 3645 2225 solum
3664 2175 3687 2203 ²

2103 2258 2233 2314 bona
2266 2302 2280 2326 ,
2309 2262 2397 2315 sed
2429 2263 2577 2314 etiam
2624 2261 2753 2315 bona
2796 2262 2941 2316 valde
2982 2263 3207 2330 fecerat?
3257 2264 3521 2329 Quomodo
3564 2281 3689 2334 ergo

2102 2351 2194 2417 ait,
2224 2369 2244 2402 ι
2281 2350 2401 2405 Non
2425 2362 2500 2406 est
2526 2353 2709 2406 bonum
2739 2354 2903 2407 solum
2931 2371 3037 2407 esse
3069 2355 3318 2408 hominem
3340 2356 3367 2409 Ρ
3401 2373 3420 2407 ι
3453 2372 3553 2426 quo
3578 2373 3685 2410 ser-

2103 2457 2251 2495 mone
2276 2458 2375 2495 non
2395 2443 2781 2513 reprehenditur
2803 2454 3045 2499 creature
3072 2455 3252 2509 status,
3284 2446 3379 2501 sed
3399 2447 3686 2502 ostenditur

2104 2529 2327 2586 humano
2353 2533 2522 2602 generi
2550 2534 2882 2603 perniciosam
2907 2536 3140 2589 unionem
3167 2553 3273 2590 esse
3313 2520 3557 2608 potuisse,
3585 2539 3687 2593 nisi

2103 2622 2378 2676 ministerio
2423 2623 2609 2677 diuersi
2645 2641 2793 2679 sexus
2828 2627 3073 2681 successio
3100 2629 3445 2698 germiuasset.
3480 2628 3619 2683 Nam
3639 2632 3688 2683 si

2103 2710 2256 2764 etiam
2275 2710 2441 2765 Adam
2469 2722 2699 2784 speretur
2724 2716 2945 2782 potuisse
2971 2717 3272 2772 immortalis
3296 2718 3431 2785 ﬁeri,
3458 2720 3557 2774 nisi
3595 2720 3686 2775 de—

2104 2800 2329 2871 liquisset
2354 2818 2374 2857 :
2398 2812 2566 2857 tamen
2597 2806 2916 2876 manifestum
2939 2816 3029 2872 est,
3062 2818 3254 2877 patrem
3282 2826 3392 2863 eum
3421 2828 3686 2882 nunquam

2104 2890 2217 2959 ﬁeri
2260 2892 2511 2961 potuisse,
2543 2894 2640 2948 nisi
2684 2897 2944 2966 repetisset
2978 2914 3212 2965 uxorem,
3258 2917 3369 2971 qua:
3393 2900 3457 2955 de
3478 2901 3635 2957 latere
3662 2902 3686 2935 ³

2103 2979 2393 3035 dormientis
2420 2993 2700 3053 assumpta,
2730 2987 2894 3055 prima
2918 2987 3302 3056 compellatione
3316 2991 3397 3043 cui
3420 2994 3566 3061 operi
3589 3011 3684 3062 pa-

2101 3080 2215 3125 rata
2228 3082 2355 3127 esset
2376 3074 2605 3129 audivit:
2638 3093 2656 3126 ι
2686 3074 2809 3130 Ηαιο
2825 3076 3080 3131 vocabitur
3103 3077 3237 3144 Vita,
3256 3081 3497 3150 quoniam
3523 3092 3689 3137 mater

2102 3175 2174 3219 est
2198 3166 2424 3219 onmium
2444 3168 2730 3221 uisentium.
2769 3188 2788 3221 ι
2825 3169 2937 3235 Quo
2974 3186 3203 3225 sermone
3230 3182 3562 3227 monstratum
3586 3183 3681 3241 est,

2103 3256 2350 3310 neminem
2384 3257 2619 3329 deinceps
2663 3259 2923 3313 hominum
2963 3262 3039 3315 vel
3065 3278 3171 3316 esse
3196 3280 3369 3333 posse,
3397 3264 3474 3317 vel
3503 3266 3681 3333 uiuae,

2102 3346 2187 3414 qui
2225 3362 2324 3401 non
2349 3358 2622 3418 conceptus
2653 3350 2891 3419 beneﬁcio
2915 3352 3232 3409 substitisset.
3263 3353 3395 3409 Cum
3422 3347 3552 3427 ergo
3573 3357 3682 3411 cla—

2102 3445 2239 3502 reat,
2268 3436 2322 3492 in
2357 3454 2416 3493 re
2440 3439 2655 3509 quidem
2682 3456 2791 3496 non
2818 3444 2993 3514 magni
3023 3444 3312 3515 potideris,
3342 3457 3523 3503 tamen
3550 3448 3680 3503 nihil

2102 3542 2133 3582 a
2164 3543 2249 3583 me
2270 3529 2343 3585 ita
2372 3528 2535 3586 fuisse
2564 3533 2848 3601 prolatum,
2871 3534 3066 3591 utillnd
3088 3545 3281 3607 praeter
3302 3538 3681 3608 impudentiam

2104 3618 2427 3689 singularem
2458 3623 2733 3691 quisquam
2764 3625 2932 3693 possit
2963 3640 3222 3696 arguere;
3251 3627 3424 3683 inusta
3455 3638 3681 3685 estnota

2106 3712 2329 3780 publica:
2368 3713 2613 3769 falsitatis
2640 3716 2988 3785 egentissimo
3008 3719 3269 3785 omnium,
3299 3720 3389 3790 qui
3418 3736 3541 3775 cum
3572 3722 3684 3776 vult

2103 3800 2479 3873 donarequod
2525 3820 2630 3859 non
2663 3813 2823 3871 tenet,
2855 3821 2960 3861 uno
3008 3815 3247 3878 tempore
3289 3810 3486 3878 pariter
3506 3810 3683 3868 delin-

2104 3893 2236 3962 quit,
2259 3902 2314 3947 et
2342 3894 2558 3963 penuria
2574 3895 2728 3965 juris,
2749 3904 2805 3951 et
2827 3896 3029 3952 ambitu
3051 3897 3327 3969 largitatis.

2177 3985 2311 4041 Avo.
2350 3985 2405 4040 Si
2432 4002 2537 4041 nun
2569 3996 2622 4040 tu
2653 3988 2721 4041 ita
2744 3990 2967 4057 posuisti
2993 3989 3135 4046 Libri
3161 3991 3315 4047 verba
3338 3992 3525 4054 divini.
3548 3994 3687 4047 siem

2104 4092 2205 4147 ego
2247 4079 2299 4131 in
2331 4078 2702 4152 illa.cbartula
2735 4080 2940 4147 inveni;
2974 4097 3079 4136 non
3108 4082 3221 4149 tibi,
3264 4082 3359 4138 sed
3388 4083 3437 4137 ei
3473 4084 3566 4153 qui
3609 4084 3686 4139 sic
3716 4088 3723 4095 '

2105 4168 2353 4237 scripsit,
2399 4170 2574 4239 ignovi
2608 4188 2621 4224 :
2653 4171 2741 4226 cui
2786 4172 2947 4228 ambo
2979 4172 3238 4229 debemus
3289 4175 3588 4244 ignoscere.
3628 4174 3686 4231 Si

2106 4267 2396 4314 antennae
2438 4268 2591 4328 putas
2620 4275 2724 4315 non
2762 4260 2864 4317 hoc
2915 4263 3180 4319 invenisse
3206 4264 3256 4318 in
3295 4264 3559 4331 chartula,
3592 4265 3688 4321 sed

2108 4358 2354 4419 tauquam
2403 4351 2501 4405 hoc
2532 4351 2849 4420 invenerim,
2894 4354 3014 4410 ideo
3053 4355 3383 4411 mendaciter
3413 4357 3499 4411 illa
3526 4358 3685 4413 verba

2108 4441 2369 4509 posuisse,
2404 4451 2459 4495 ut
2484 4453 2626 4497 esset
2667 4444 2808 4511 quod
2855 4444 3144 4501 tribuerem
3183 4447 3332 4516 quasi
3362 4449 3532 4502 errori
3566 4459 3685 4515 tuo;

2109 4545 2247 4585 nunc
2277 4531 2367 4584 tibi
2393 4542 2556 4597 certe,
2597 4533 2737 4602 quod
2772 4542 2877 4587 tam
2908 4535 3045 4590 male
3068 4550 3132 4591 ac
3160 4534 3293 4591 falso
3318 4537 3386 4591 de
3410 4553 3498 4593 me
3524 4538 3688 4595 lueris

2108 4623 2372 4690 opinatus,
2407 4624 2642 4693 ignosco.

2180 4713 2242 4765 V.
2269 4713 2387 4768 JL'L.
2411 4714 2693 4783 Postquam
2716 4730 2843 4784 ergo
2872 4715 2970 4770 hoc
2997 4718 3086 4771 tali
3101 4717 3358 4786 gravitate
3387 4720 3687 4787 reprehen-

2108 4804 2204 4870 dit,
2235 4806 2405 4875 pergit
2424 4805 2489 4858 ad
2521 4805 2737 4875 reliqua,
2773 4822 2835 4861 ac
2865 4818 3145 4877 patronum
3171 4824 3324 4862 suum
3354 4823 3684 4875 commonet,

2111 4906 2165 4951 nt
2191 4898 2274 4950 his
2298 4914 2417 4967 ιιιιιυ
2453 4907 2748 4968 sequuntur
2785 4886 3043 4954 attendat.
3091 4900 3449 4971 Deusligitur,
3497 4902 3684 4971 inquit,

2110 4989 2262 5041 maris
2304 4998 2499 5042 creator
2546 4998 2593 5041 et
2637 4990 2855 5058 femine,
2899 4991 3245 5044 conuenientia
3280 4993 3689 5061 generationibus

2110 5080 2328 5132 utrmbra
2354 5079 2607 5147 formavit.
2641 5079 2747 5133 Sed
2778 5078 2879 5134 hoc
2900 5089 3103 5135 tantum
3124 5078 3192 5135 de
3219 5082 3392 5151 capite
3422 5081 3684 5137 dictorum

2111 5183 2352 5222 meorum
2376 5168 2635 5234 inserens,
2666 5170 3035 5237 praetermissis
3056 5170 3301 5239 plurimis
3324 5173 3549 5227 omnino
3573 5187 3690 5227 ver-

2109 5260 2276 5325 sibus,
2299 5260 2488 5330 quibus
2535 5260 2742 5315 novitas
2782 5261 3111 5329 potissimum
3162 5261 3459 5317 inculcetur
3486 5264 3685 5318 anima-

2112 5366 2227 5405 rum
2274 5349 2400 5404 nihil
2431 5359 2521 5404 aut
2568 5350 2714 5404 carui
2761 5358 2849 5404 aut
2898 5350 3087 5405 semini
3131 5350 3459 5416 debentium,
3509 5352 3685 5406 subdit

2111 5441 2238 5496 illud
2266 5456 2441 5496 meum
2474 5454 2488 5493 :
2521 5439 2603 5494 Ita
2643 5442 2781 5512 gigni
2822 5457 3035 5509 corpora
3068 5442 3131 5496 de
3158 5442 3455 5511 corporibus
3480 5443 3686 5497 ordine.

2175 5555 2189 5584 ¹
2229 5553 2528 5614 t'ignien'us,
2553 5565 2676 5601 uere.
2724 5559 2850 5611 Mss,
2866 5553 3000 5613 jure.

2174 5616 2192 5645 ³
2227 5611 2303 5661 sie
2336 5622 2422 5662 Mss
2465 5615 2752 5676 \‘ignierius,
2778 5611 2986 5663 ninnium
3005 5611 3225 5676 quoniam
3247 5625 3338 5663 non
3362 5613 3532 5664 solum.

2176 5676 2195 5742 ξ
2225 5675 2383 5742 {inlex
2431 5675 2583 5742 t‘cn't._,
2629 5675 2722 5726 "lat
2758 5675 3160 5739 yu’pciisscturor
3184 5676 3253 5734 ei,
3300 5689 3410 5742 qmc
3432 5677 3492 5727 tle
3519 5678 3676 5731 latere.

2177 5736 2247 5798 (tl)
2282 5744 2438 5797 I~‘nrtt',
2466 5736 2653 5802 lcgitm‘.
