3954 6178
192 349 303 406 l3“

185 467 244 517 uit
267 479 286 518 :
308 478 523 533 quorum
554 471 718 517 tamen
748 462 1017 533 eﬂieientite
1057 462 1276 531 potentia
1316 463 1622 531 operationis
1662 463 1749 516 in-

186 553 400 621 tervenit,
423 568 569 607 omne
604 552 741 622 quod
784 561 874 617 est,
916 569 976 605 ea
1015 552 1374 606 administrans
1407 552 1606 617 virtute,
1650 567 1751 621 qua

182 642 421 697 condidit.
454 642 514 696 Si
544 642 699 712 igitur
722 658 821 695 non
852 642 948 694 nisi
987 658 1075 711 per
1103 657 1276 695 sexum
1315 644 1465 713 fetus,
1508 658 1607 695 non
1652 641 1750 695 nisi

182 750 262 789 uer
287 748 473 801 corpus
500 747 669 798 sexus,
698 748 797 785 non
820 732 917 784 nisi
950 749 1037 801 per
1060 730 1222 785 Deum
1253 747 1468 802 corpus;
1499 734 1609 801 quis
1639 748 1749 784 am-

179 827 304 894 bigat
342 823 697 893 fecunditatem
741 820 847 875 Deo
878 823 996 893 jure
1034 822 1294 891 reputari?
1320 822 1605 892 Postquam
1635 822 1748 875 hmc

181 920 350 985 itaque
379 914 447 968 de
487 930 606 968 meo
638 913 842 982 pesuit,
870 913 1210 968 Commendat
1243 913 1492 983 quoniam
1525 914 1540 944 ¹
1568 910 1751 967 eatbo-

180 1007 271 1058 tice
292 1019 357 1058 ea
383 1003 523 1058 dicta
554 1003 712 1057 etiam
741 1004 853 1072 ipse
881 1002 1123 1056 fateatur.
1154 1002 1283 1070 Quis
1303 1018 1405 1056 non
1436 1018 1563 1072 ergo
1593 1011 1748 1071 puta-

179 1104 252 1151 ret
294 1095 566 1150 hominem
599 1094 761 1150 fuisse
790 1096 1088 1151 mutatum?
1125 1096 1318 1150 Verum
1344 1113 1447 1150 non
1478 1095 1531 1149 lit
1560 1096 1750 1149 imme-

178 1201 289 1239 mor
331 1186 416 1240 sui
442 1202 456 1251 ;
487 1184 579 1239 sed
617 1186 844 1240 similem
887 1186 1243 1241 conditionem
1275 1186 1564 1240 arbitratur
1604 1185 1747 1255 pravi

175 1277 436 1346 dogmatis
465 1285 517 1331 et
540 1276 775 1347 pudoris,
813 1286 860 1330 ut
894 1277 1051 1330 etiam
1075 1275 1201 1330 illud
1231 1277 1508 1346 perspicuo
1536 1288 1750 1345 repare-

177 1381 254 1421 tur
281 1367 470 1429 exitio,
517 1367 653 1420 sicut
692 1365 779 1420 hic
806 1366 1021 1423 assiduo
1052 1366 1282 1420 durescit
1313 1366 1512 1419 attritu.
1562 1365 1756 1418 Probat

174 1473 294 1527 ergo
327 1459 648 1512 sententiam
677 1473 871 1525 meam,
900 1468 951 1511 et
973 1457 1168 1511 ferrum
1201 1457 1492 1526 praejudicii
1518 1457 1569 1509 in
1595 1454 1751 1509 tidem

174 1563 321 1600 suam
353 1555 647 1616 Spoataneo
675 1547 857 1617 deﬁgit
883 1547 1128 1616 amplexu
1155 1564 1167 1599 :
1197 1545 1290 1600 sed
1320 1557 1437 1615 post
1464 1545 1577 1599 lnec
1603 1544 1753 1614 quasi

175 1641 380 1709 integer
403 1638 621 1702 virium,
647 1646 889 1693 autumat
933 1652 1216 1706 superesse
1255 1651 1362 1706 quo
1393 1636 1629 1690 dimicet.
1663 1635 1753 1687 Sic

171 1729 314 1783 enim
346 1729 585 1798 sequitur
616 1746 628 1782 :
663 1726 789 1783 Post
818 1729 924 1782 lucc
945 1744 1056 1799 qua:
1082 1729 1322 1783 veraciter
1348 1737 1394 1781 et
1421 1726 1664 1780 catholico
1684 1726 1755 1779 di-

171 1829 243 1872 cta
268 1829 418 1882 sunt,
446 1821 546 1874 imo
568 1822 620 1875 in
652 1820 833 1874 divinis
860 1818 1023 1873 Libris
1051 1820 1289 1873 veraciter
1314 1820 1523 1889 scripta,
1549 1835 1648 1872 non
1669 1835 1758 1870 au-

171 1922 257 1963 tem
286 1911 357 1965 ab
382 1912 477 1965 isto
498 1910 739 1966 catholico
771 1911 903 1965 dicta
934 1920 1070 1977 sunt,
1109 1911 1227 1982 quia
1254 1928 1353 1965 non
1380 1911 1648 1965 intentione
1667 1926 1753 1962 ca-

170 2003 345 2057 tholici
374 2004 590 2074 pectoris
617 2003 750 2056 dicta
774 2014 927 2068 sunt;
959 2003 1071 2072 jam
1101 2012 1308 2074 propter
1340 2002 1474 2072 quod
1512 2018 1570 2054 ea
1605 2001 1754 2068 dixit,

174 2093 456 2164 Pelagiana
484 2105 529 2148 et
556 2093 855 2148 leestiana
883 2093 1087 2147 ltteresis
1112 2092 1287 2162 incipit
1305 2090 1573 2145 introduci.
1594 2090 1758 2143 Nam-

168 2200 251 2252 que
287 2183 500 2237 attende
541 2184 663 2254 quid
703 2183 947 2254 sequitur.
1006 2182 1101 2238 llic
1162 2182 1338 2236 denuo
1384 2192 1567 2236 nostra
1616 2180 1755 2234 dicta

170 2276 447 2344 subjungit
504 2292 516 2327 :
570 2275 705 2341 Quid
759 2292 877 2347 ergo
922 2291 1071 2329 suum
1114 2274 1345 2329 diabolus
1406 2273 1654 2344 cognoscit
1703 2273 1755 2326 in

167 2360 386 2429 scribus,
417 2382 510 2433 per
544 2365 680 2433 quod
704 2368 925 2435 fructum
967 2382 1138 2419 eorum
1170 2368 1290 2437 jure
1334 2364 1628 2433 possideat?
1657 2363 1754 2415 Di-

168 2456 446 2509 versitatem
469 2456 495 2508 ?
520 2455 626 2511 Sed
665 2455 772 2509 lucc
806 2457 857 2508 in
884 2458 1175 2526 corporibus
1199 2466 1290 2521 est,
1319 2472 1432 2525 qua:
1456 2452 1592 2508 Deus
1617 2452 1754 2523 fecit}

167 2546 620 2599 Commixtionem?
647 2544 751 2600 Sed
792 2562 890 2598 non
922 2546 1085 2598 minus
1119 2545 1470 2598 benedictionis
1496 2561 1646 2613 quam
1672 2545 1754 2596 in-

164 2636 443 2690 stitutionis
470 2635 728 2705 privilegio
754 2636 1053 2689 vindicatur.
1084 2634 1192 2689 νοω
1215 2637 1349 2689 enim
1374 2633 1466 2687 Dei
1494 2645 1586 2699 est,
1612 2652 1629 2685 ι
1660 2633 1755 2688 Re-

166 2728 356 2797 linquet
386 2726 536 2779 homo
561 2736 752 2795 patrem
777 2735 821 2779 et
848 2736 1083 2792 matrem,
1107 2735 1152 2779 et
1181 2725 1457 2793 adhaerebit
1493 2726 1639 2779 uxori
1654 2766 1669 2792 ,
1706 2735 1753 2779 et

166 2828 312 2871 erunt
332 2818 435 2870 duo
452 2817 504 2870 in
530 2833 680 2870 carne
707 2833 806 2870 una
830 2832 848 2871 :
872 2832 999 2871 «vos:
1025 2815 1118 2870 Dei
1139 2827 1228 2882 est,
1259 2834 1278 2868 ι
1310 2816 1545 2882 Crescite,
1566 2825 1611 2870 et
1633 2816 1754 2869 mul-

166 2907 488 2975 tiplicamini,
508 2917 554 2959 et
573 2907 755 2976 replete
781 2917 986 2961 terram.
1002 2926 1020 2959 ι
1042 2908 1117 2959 An
1136 2911 1267 2978 forte
1285 2907 1448 2976 ipsam
1474 2905 1755 2978 fecundita-

167 3014 261 3055 tem
278 3002 306 3055 ἵ
335 3001 443 3055 Sed
466 3002 577 3071 ipsa
603 3011 675 3056 est
704 3002 918 3055 instituti
937 3017 1090 3056 causa
1114 3002 1358 3073 conjugii.
1392 3001 1473 3055 Ad
1498 3000 1638 3071 quod
1668 3016 1752 3054 re.

165 3094 401 3162 spondit,
428 3092 552 3164 quia
584 3108 683 3148 nec
704 3093 1068 3148 diversitatem
1094 3107 1340 3158 sexuum,
1365 3106 1465 3146 nec
1498 3091 1757 3146 commix-

168 3185 390 3251 tionem,
432 3197 532 3239 nec
563 3183 941 3238 fecunditatem
964 3182 1207 3238 diabolus
1234 3190 1521 3253 cognoscat
1543 3182 1593 3235 in
1615 3181 1756 3235 sexi-

169 3275 283 3341 bus,
315 3290 407 3346 per
432 3275 574 3345 quod
604 3274 831 3329 fructum
858 3289 1042 3330 eorum
1070 3274 1190 3344 jure
1212 3275 1482 3345 possideat
1508 3289 1522 3327 :
1551 3274 1644 3330 sed
1670 3273 1754 3330 bis

168 3366 413 3422 ominibus
428 3365 686 3421 absolutis
716 3366 918 3422 invenit
942 3366 1083 3437 quod
1106 3366 1323 3421 diabolo
1342 3366 1637 3436 deputaret,
1654 3383 1753 3421 no-

169 3467 442 3528 stramque
472 3456 805 3514 honestatem
835 3462 1047 3514 nomine
1071 3460 1273 3515 timoris
1297 3458 1535 3526 incessit,
1558 3460 1645 3530 qui
1676 3460 1754 3513 iu-

172 3563 245 3607 ter
274 3560 354 3607 tot
392 3566 680 3621 corporum
729 3567 1062 3623 sexuumque
1112 3568 1355 3613 numera.
1403 3552 1559 3607 veriti
1587 3551 1753 3607 simus

170 3642 339 3697 carnis
364 3642 853 3711 concupiscentiam
886 3643 1179 3697 nominare.
1211 3643 1300 3698 Sic
1318 3657 1446 3713 ergo
1467 3641 1751 3696 adversum

171 3747 258 3786 me
276 3742 506 3802 patrono
534 3746 632 3788 suo
665 3732 899 3802 loquitur
926 3750 939 3785 :
971 3732 1077 3787 Sed
1104 3732 1197 3786 iste
1224 3732 1274 3785 in
1301 3731 1379 3785 his
1407 3730 1633 3785 omnibus
1658 3747 1753 3784 no-

170 3823 258 3875 luit
306 3824 571 3877 nominare
618 3824 1072 3895 concupiscentiam
1116 3824 1303 3884 carnis.
1344 3838 1457 3892 qua:
1495 3839 1593 3875 non
1624 3832 1693 3875 est
1722 3839 1755 3874 a

176 3909 343 3980 Patre,
374 3913 465 3966 sed
493 3930 557 3967 ea:
592 3914 778 3967 mundo
800 3924 870 3967 est
899 3912 939 3986 (Ι
963 3912 1120 3967 Joan.
1146 3928 1200 3975 tt,
1229 3914 1291 3968 IG
1312 3911 1367 3984 );
1396 3912 1541 3982 cujus
1581 3912 1754 3966 mundi

171 4006 401 4077 princeps
433 4004 597 4058 dictus
641 4014 712 4059 est
742 4004 973 4058 diabolus
993 4021 1012 4059 :
1034 4004 1119 4075 qui
1163 4020 1273 4058 eam
1315 4005 1367 4056 in
1408 4002 1625 4056 Domino
1654 4019 1754 4055 non

170 4096 373 4160 invenit,
401 4096 521 4166 quia
552 4094 795 4150 Dominus
823 4096 971 4150 homo
1011 4111 1110 4150 non
1141 4111 1229 4164 per
1252 4094 1415 4166 ipsam
1444 4093 1511 4145 ad
1531 4093 1755 4147 homines

172 4186 314 4239 venit.
376 4185 523 4240 Unde
580 4185 700 4241 dicit
740 4186 891 4240 etiam
938 4186 1065 4257 ipse,
1119 4203 1137 4236 ι
1167 4183 1301 4238 Ecce
1349 4185 1477 4238 venit
1523 4183 1755 4254 princeps

172 4277 339 4330 mundi
356 4276 533 4346 hujus,
557 4286 602 4331 et
625 4277 675 4330 in
697 4294 774 4330 me
802 4276 930 4330 nihil
954 4276 1165 4330 inueniet
1193 4295 1212 4328 ι
1235 4278 1253 4344 (
1282 4274 1438 4329 Joan.
1464 4290 1575 4339 xiv,
1605 4273 1712 4344 50)
1739 4292 1753 4329 :

172 4369 292 4423 nihil
328 4371 503 4437 utique
528 4370 738 4439 peccati,
770 4385 860 4423 nec
885 4368 1021 4439 quod
1048 4385 1079 4421 a
1108 4379 1342 4422 nascente
1387 4368 1625 4432 trahitur,
1663 4383 1753 4421 nec

170 4460 299 4522 quod
317 4476 350 4512 α
366 4460 556 4513 vivente
581 4460 804 4513 additur.
842 4458 988 4512 lianc
1011 4460 1102 4513 iste
1126 4459 1285 4513 noluit
1314 4459 1574 4512 nominare
1598 4458 1649 4511 in
1678 4458 1755 4510 his

172 4550 418 4614 ontnibus,
445 4566 559 4620 qua:
578 4552 998 4614 commemoravit,
1031 4549 1348 4603 naturalibus
1377 4549 1539 4612 bouis,
1569 4547 1633 4601 de
1656 4565 1754 4618 qua

172 4643 313 4696 etiam
330 4645 523 4713 nuptia:
541 4641 938 4713 confunduntur,
967 4656 1079 4710 quae
1097 4642 1158 4693 de
1175 4640 1253 4694 Itis
1274 4639 1503 4694 omnibus
1525 4639 1754 4710 glorian-

178 4746 270 4789 :ur.
302 4734 448 4789 Nam
474 4750 630 4803 quare
657 4734 785 4788 illud
810 4751 937 4803 opus
960 4733 1344 4803 conjugatorum
1370 4731 1683 4786 subtrahitur
1710 4742 1755 4785 ct

175 4827 497 4882 absconditur
517 4828 673 4881 etiam
699 4827 857 4880 oculis
886 4826 1129 4895 ﬁliorum,
1151 4825 1248 4878 nisi
1272 4825 1391 4894 quia
1419 4841 1518 4878 non
1548 4832 1756 4895 possunt

173 4935 272 4973 esse
290 4919 344 4973 in
375 4917 635 4972 laudanda
664 4917 1015 4970 commixtione
1032 4916 1141 4969 sine
1154 4915 1387 4983 pudenda
1405 4914 1609 4968 libidine
1625 4915 1651 4968 ἱ)
1679 4913 1758 4969 De

176 5011 265 5063 hac
285 5009 590 5064 erubuerunt
610 5009 758 5063 etiam
787 5009 873 5076 qui
903 5008 1053 5078 primi
1079 5006 1317 5078 pudenda
1342 5016 1570 5060 texerunt
1600 5006 1751 5077 (Gen.

176 5118 250 5167 ui,
280 5101 336 5172 7)
366 5118 381 5155 :
409 5118 523 5171 quae
550 5102 692 5171 prius
719 5100 959 5168 pudenda
988 5116 1088 5154 non
1127 5100 1351 5169 fuerunt,
1390 5099 1479 5152 sed
1518 5107 1757 5169 tanquam

178 5192 267 5246 Dei
288 5210 443 5265 opera
480 5193 805 5263 praadicanda
835 5202 984 5261 atque
1010 5189 1280 5262 glorianda
1315 5188 1334 5263 (
1365 5189 1442 5244 De
1471 5188 1680 5261 Nuptiis
1710 5198 1756 5244 et

176 5284 610 5355 (Ioucupiscentia,
662 5284 751 5339 lib.
801 5282 858 5350 ε,
897 5300 949 5336 n.
999 5281 1215 5353 12-14).
1245 5279 1340 5352 Egi
1366 5280 1601 5351 quidem,
1629 5280 1753 5335 bea-

178 5377 377 5433 tissime
408 5385 558 5447 pater
591 5376 766 5441 Flore,
814 5376 864 5429 in
907 5373 1063 5444 primi
1106 5374 1283 5443 operis
1307 5382 1535 5443 quatuor
1565 5372 1756 5428 libellis

178 5483 383 5523 causam
436 5467 761 5536 nuptiarum,
813 5480 1027 5521 causam
1079 5464 1493 5527 couuuixtionis,
1540 5479 1755 5518 causam

177 5575 480 5631 corporum.
514 5575 725 5615 causam
746 5574 989 5621 sexuum,
1022 5572 1235 5612 causam
1266 5556 1447 5628 operis
1479 5555 1591 5620 Dei,
1624 5571 1753 5608 eau-

177 5665 287 5706 sum
332 5660 606 5724 postremo
643 5650 1007 5706 asstittiatiouis
1037 5649 1148 5713 Dei,
1183 5664 1300 5718 qua!
1343 5646 1664 5711 necessario,
1702 5656 1758 5699 ut

243 5766 256 5799 ι
291 5768 361 5823 sic
383 5772 488 5816 stss.
538 5765 822 5825 \‘ignierius,
849 5776 1007 5824 quam.

1515 350 1708 404 Linea
1748 347 2092 417 QUARTUS.

3302 350 3454 413 ιω

1862 477 2081 530 operum
2108 476 2321 517 suorum
2368 463 2628 533 probitate
2677 465 2942 532 laudatur,
2988 469 3058 522 ita
3089 484 3274 524 eorum
3311 484 3438 525 sau-

1856 556 2025 608 ciatur
2055 552 2300 619 infamia;
2332 569 2393 608 ac
2443 571 2538 624 per
2572 564 2738 610 totum
2771 560 3090 629 scriptorum
3140 574 3294 631 opus,
3337 566 3438 618 nec

1856 645 2156 700 formationi
2187 647 2431 715 corporis
2457 646 2657 716 aliquid
2703 647 2973 703 diabolum
3024 650 3294 706 addidisse
3341 667 3441 708 nec

1857 736 2057 803 sensui,
2106 730 2541 791 inobumbrabilis
2581 740 2798 793 omnino
2840 742 3037 797 veritas
3079 744 3437 813 approbavit:

1857 838 1910 881 et
1939 826 2057 880 ideo
2080 825 2383 895 opinionem
2415 827 2646 882 traducis
2670 828 2738 883 de
2764 830 3036 886 Manicbaei
3068 835 3178 887 luto
3194 833 3437 887 haustam

1857 930 1997 982 esse,
2031 916 2339 985 perductum
2362 925 2465 990 est.

1928 1008 2059 1061 Anc.
2102 1005 2378 1074 Quomodo
2406 1007 2576 1077 egeris
2604 1007 2654 1061 in
2687 1008 2791 1062 illis
2816 1012 3206 1077 quatuorlibris
3229 1013 3354 1079 tuis,
3384 1023 3437 1067 et

1859 1095 2125 1164 quomodo
2157 1104 2335 1149 nostra
2380 1097 2725 1165 responsione
2755 1096 2920 1151 fueris
2945 1099 3269 1166 e0nfutatus,
3305 1112 3360 1154 ut
3392 1113 3443 1157 te

1862 1184 1989 1238 nihil
2017 1185 2188 1255 egisse
2211 1186 2457 1250 clareret,
2486 1187 2576 1257 qui
2604 1196 2656 1241 et
2696 1202 2846 1243 meos
2872 1196 2926 1243 et
2956 1198 3073 1243 tuos
3103 1190 3306 1260 legunt,
3335 1208 3441 1246 non

1858 1274 2143 1345 difﬁculter
2172 1277 2485 1347 intelligunt.
2516 1277 2829 1349 Quanquam
2858 1289 2911 1334 et
2945 1295 3065 1334 cum
3111 1283 3183 1335 tui
3216 1298 3318 1336 non
3362 1284 3436 1337 le.

1858 1377 2071 1435 guutur,
2099 1367 2192 1421 sed
2215 1368 2582 1421 tantummodo
2611 1369 2734 1434 mei,
2775 1381 2996 1439 apparet
3023 1371 3073 1424 in
3101 1372 3178 1425 eis
3205 1382 3439 1426 vestrum
3504 1405 3512 1412 -

1861 1458 2166 1514 lia‘reticum
2215 1460 2403 1529 dogma
2447 1460 2797 1516 destructum.
2850 1460 2952 1517 Sed
2999 1478 3117 1516 cum
3160 1479 3281 1519 meo
3330 1466 3441 1526 uni,

1859 1560 2085 1620 quatuor
2107 1548 2208 1604 illis
2235 1552 2337 1604 tuis
2376 1551 2452 1605 sic
2475 1552 2813 1619 responderis
2833 1554 2873 1619 ‘,
2905 1563 2960 1607 ut
2984 1554 3098 1623 ejus
3126 1556 3208 1608 vix
3232 1564 3439 1625 partem

1859 1641 2147 1710 attingeres
2194 1642 2425 1705 tertiam,
2459 1642 2763 1712 nullamque
2808 1643 3113 1710 refelleres;
3146 1655 3348 1698 tantutu
3374 1644 3443 1700 de

1860 1731 1962 1785 illis
1984 1731 2388 1803 przesumpsisti,
2416 1728 2476 1784 ut
2502 1740 2683 1785 contra
2716 1749 2878 1786 unum
2911 1733 3137 1788 alterum
3182 1749 3358 1788 meum
3390 1735 3441 1787 in

1860 1820 2046 1876 eadem
2075 1836 2255 1886 causa,
2303 1822 2431 1874 istos
2459 1831 2577 1876 tuos
2602 1832 2723 1875 octo
2750 1824 3156 1893 conscripseris,
3179 1825 3327 1894 quasi
3357 1840 3444 1878 me

1861 1926 1965 1966 non
1999 1912 2316 1966 vincendum
2351 1911 2683 1966 ﬁrmamento
2730 1912 3170 1981 disputationum,
3205 1914 3299 1967 sed
3344 1931 3444 1966 nuo

1848 2012 2009 2056 'mero
2034 1998 2358 2054 voluminum
2390 2004 2655 2070 putaveris
2681 2017 2802 2056 esse
2835 2003 3139 2056 terrendum
3176 2004 3195 2034 ³
3231 2020 3243 2056 :
3277 2019 3445 2072 usque

1859 2091 1994 2145 adeo
2015 2092 2215 2161 quippe
2252 2091 2545 2161 quadrupla
2574 2092 2657 2144 illa
2689 2092 3039 2160 reSponsioue
3076 2093 3204 2145 nihil
3236 2102 3289 2147 te
3320 2110 3443 2161 pro—

1862 2180 2052 2236 fecisse
2078 2182 2313 2247 sensisti,
2339 2190 2397 2235 ut
2423 2182 2535 2236 brec
2577 2182 2670 2236 tibi
2701 2184 2914 2251 octupla
2946 2184 3246 2237 necessaria
3284 2184 3440 2239 vide.

1861 2280 2025 2327 retur.
2054 2272 2110 2327 Si
2141 2287 2267 2342 ergo
2291 2273 2482 2325 talibus
2508 2273 2851 2327 incrementis
2882 2273 3175 2341 loquacitas
3200 2283 3286 2327 tua
3318 2289 3442 2343 pro-

1862 2373 2138 2428 movetur;
2168 2377 2325 2432 quem
2375 2379 2478 2416 non
2510 2372 2725 2427 terreat,
2760 2379 2864 2417 non
2895 2366 3109 2432 veritas,
3142 2365 3234 2419 sed
3258 2382 3445 2420 nume-

1860 2453 2051 2505 rositas
2078 2451 2332 2505 librorum
2365 2459 2596 2515 tuorum,
2630 2467 2787 2521 quam
2814 2463 3128 2524 computare
3160 2468 3244 2507 me
3262 2455 3444 2523 piget?

1861 2543 2031 2597 Ιίοιιιο
2074 2544 2215 2596 enim
2261 2543 2518 2612 stupenda
2551 2543 2792 2598 ubertate
2842 2543 3118 2607 facundus,
3161 2545 3251 2615 qui
3299 2544 3445 2614 prius

1860 2632 1948 2686 uni
1981 2648 2099 2686 nieo
2127 2643 2246 2686 tuos
2266 2644 2513 2703 quatuor,
2545 2640 2600 2688 et
2623 2633 2776 2688 alteri
2810 2650 2930 2689 meo
2959 2644 3077 2689 tuos
3102 2645 3224 2690 octo
3248 2638 3442 2705 putasti

1858 2738 1979 2779 esse
2008 2724 2340 2790 reddendos;
2369 2725 2490 2794 quis
2521 2741 2624 2779 non
2673 2727 2849 2781 timeat
2880 2743 2948 2781 ne
2992 2727 3126 2783 forte
3154 2743 3245 2783 sex
3293 2728 3445 2784 libris

1858 2815 1994 2870 meis
2019 2816 2247 2885 amplius
2275 2832 2431 2886 quam
2464 2817 2611 2872 mille
2642 2825 2762 2871 tuos
2802 2817 3028 2873 reddere
3072 2820 3363 2884 mediteris,
3399 2822 3443 2875 si

1858 2909 1947 2961 uni
1970 2923 2152 2962 eorum
2180 2909 2267 2979 qui
2296 2909 2441 2980 prior
2469 2919 2570 2974 est,
2595 2909 2704 2978 jam
2731 2910 3007 2965 sexdecim
3047 2912 3256 2977 reddas,
3286 2922 3445 2983 atque

1859 2997 1928 3050 ita
1958 2998 2193 3068 singulos
2207 3014 2444 3070 quosque
2471 3000 2805 3069 sequentium
2825 3001 3093 3071 duplicato
3112 3003 3446 3071 prtecedente

1858 3101 2085 3142 numero
2126 3088 2494 3158 persequaris,
2524 3090 2815 3144 ostendens
2851 3090 3007 3144 nobis
3030 3106 3188 3160 quam
3216 3094 3442 3147 multum

1857 3177 2095 3248 loquaris
2124 3194 2228 3232 non
2264 3177 2607 3249 intelligendo
2629 3194 2747 3249 qum
2787 3181 3058 3249 loqueris?

1929 3288 2017 3343 Vl.
2055 3288 2172 3344 Jun.
2213 3288 2412 3344 Tamen
2460 3304 2578 3345 cum
2612 3289 2713 3343 hoc
2758 3289 2825 3344 ibi
2865 3288 3206 3345 satiatissime
3236 3300 3447 3346 constet

1856 3378 2123 3444 ell'ectum,
2149 3379 2386 3435 breviter
2417 3379 2573 3446 licet,
2606 3380 2655 3434 in
2687 3380 2933 3451 persenti
2964 3395 3175 3451 quoque
3203 3381 3445 3451 disputa-

1858 3472 2000 3528 tione
2029 3480 2316 3542 repetetur.
2350 3471 2737 3526 Cunvertamur
2770 3488 2897 3543 ergo
2940 3473 3005 3527 ad
3056 3472 3227 3542 ipsum
3248 3514 3264 3541 ,
3294 3473 3447 3543 cujus

1855 3580 1977 3621 cum
2013 3565 2309 3619 eruditione
2350 3563 2709 3619 decertamus.
2742 3565 2945 3641 Aunuis
2978 3581 3170 3635 nempe
3190 3607 3204 3630 ,
3233 3581 3261 3618 a
3293 3565 3446 3620 nobis

1857 3666 2003 3712 recte
2045 3655 2204 3710 fuisse
2248 3655 2563 3720 collectum,
2604 3656 2724 3725 quia
2767 3656 2810 3710 si
2862 3655 2999 3711 fetus
3046 3672 3150 3711 non
3201 3657 3300 3713 nisi
3352 3672 3448 3725 per

1856 3760 2042 3801 sexum
2062 3786 2077 3812 ,
2106 3746 2151 3799 si
2183 3760 2342 3799 sexus
2373 3761 2476 3798 non
2510 3746 2609 3799 nisi
2653 3762 2747 3816 per
2776 3761 2969 3815 corpus
2991 3786 3006 3812 ,
3035 3746 3078 3800 si
3119 3761 3312 3815 corpus
3340 3762 3445 3800 non

1857 3836 1957 3889 nisi
1990 3850 2086 3905 per
2112 3836 2273 3888 Deum
2303 3836 2611 3897 exsmisspt.
2639 3836 2832 3904 ambigi
2864 3851 2967 3889 non
3000 3846 3180 3904 posset
3210 3836 3450 3889 recondi-

1859 3936 2020 3980 tatem
2049 3925 2113 3978 ad
2146 3925 2241 3978 Dei
2271 3940 2432 3994 opera
2461 3925 2748 3993 pertinere,
2778 3924 3012 3993 nihilque
3040 3940 3192 3977 suum
3225 3925 3275 3976 in
3305 3925 3448 3979 sexi-

1858 4017 1957 4072 bus
1984 4015 2597 4087 agnoscerepriucipem
2651 4014 3021 4077 tenebrarum,
3055 4022 3270 4081 propter
3304 4015 3448 4084 quod

1859 4108 2064 4163 fructus
2108 4122 2292 4163 eorum
2338 4107 2473 4177 juris
2519 4106 2599 4160 sui
2645 4106 2938 4160 assertione
2980 4106 3271 4169 retineret;
3321 4107 3444 4175 quia

1858 4209 1913 4256 et
1948 4199 2232 4255 diversitas
2273 4199 2570 4268 pertinebat
2604 4198 2668 4253 ad
2700 4213 2891 4252 sexum
2912 4238 2929 4263 ,
2960 4206 3014 4253 et
3047 4198 3352 4252 commixtio
3380 4200 3446 4253 ad

1860 4291 2218 4346 membrorum
2246 4290 2647 4353 diversitatem,
2678 4297 2733 4343 et
2775 4287 2974 4343 fructus
3018 4288 3352 4342 fecunditatis
3380 4289 3447 4342 ad

1859 4383 2049 4449 Deum,
2079 4382 2171 4453 qui
2200 4382 2357 4436 etiam
2393 4382 2759 4452 generaulium
2790 4379 2964 4435 fuerat
2992 4381 3012 4412 ³
3045 4380 3311 4434 iustitutor
3342 4398 3355 4434 :
3386 4397 3448 4434 ac

1859 4490 1956 4544 per
1986 4474 2085 4530 hoc
2121 4473 2251 4527 nihil
2281 4480 2612 4527 remanserat
2652 4479 2865 4539 prepter
2891 4469 3033 4541 quod
3062 4469 3276 4524 diabolo
3302 4480 3445 4524 esset

1858 4565 2256 4621 commixtionis
2297 4561 2643 4631 adjudicanda
2685 4560 2947 4615 fertilitas.
2998 4559 3148 4628 Quod
3179 4575 3305 4630 ergo
3356 4562 3444 4614 tibi

1860 4668 2016 4726 putas
2062 4657 2144 4711 vel
2191 4654 2434 4709 solatium
2474 4653 2558 4708 vel
2607 4651 2911 4722 praesidium
2957 4668 2987 4705 a
3032 4653 3296 4708 sermonis
3342 4654 3445 4709 mei

1861 4745 2141 4801 honestate
2164 4743 2415 4806 conferri,
2443 4743 2563 4812 quia
2594 4742 2735 4796 nolui
2764 4742 2815 4795 in
2844 4742 2947 4796 hoc
2974 4742 3091 4797 loco
3118 4744 3294 4798 carnis
3318 4758 3447 4798 cou-

1859 4835 2238 4906 cupisccutiam
2283 4832 2604 4888 nominare?
2649 4832 2793 4902 quod
2837 4832 2937 4888 etsi
2991 4834 3043 4886 in
3093 4834 3238 4888 omni
3286 4848 3448 4903 apere

1858 4925 2073 4982 silentio
2115 4924 2466 4995 prmterisscm
2493 4966 2508 4990 ,
2542 4924 2669 4978 nihil
2711 4932 2886 4977 tamen
2919 4923 3319 4992 vituperationis
3356 4933 3449 4977 aut

1861 5021 2069 5091 injuria:
2097 5035 2184 5075 res
2211 5019 2295 5074 illa
2327 5019 2642 5087 susciperet,
2671 5032 2787 5086 σιυω
2814 5015 3211 5070 honestioribus
3241 5017 3444 5086 signata

1861 5112 2165 5168 nominibus
2210 5109 2233 5142 ’⁵
2263 5110 2665 5175 vindicabatur,
2717 5117 2773 5163 et
2814 5108 3126 5164 clarissimis
3167 5109 3190 5142 ⁸
3233 5109 3446 5180 quidem

1860 5203 2222 5275 intelligentia:
2241 5202 2480 5259 vocibus.
2507 5201 2610 5255 Fac
2636 5200 2795 5271 igitur
2820 5216 2906 5256 me
2935 5200 3265 5270 prudentius,
3287 5217 3445 5271 quam

1860 5294 2094 5365 suscepti
2121 5293 2314 5365 negotii
2345 5293 2482 5347 ratio
2511 5291 2745 5362 petebat,
2764 5299 2951 5362 tegere
2974 5293 3210 5348 voluisse
3233 5291 3448 5347 silentio

1926 5430 1943 5461 ί
1978 5429 2051 5478 sic
2081 5433 2187 5476 Mss.
2211 5425 2332 5475 mliti
2356 5433 2547 5487 autem,
2570 5423 2656 5476 sed
2690 5421 2741 5475 in
2762 5436 2818 5475 eo
2838 5437 2935 5475 uno
2952 5459 2969 5486 ,
3004 5430 3205 5487 quatuor
3234 5418 3332 5472 illis
3352 5419 3447 5471 tuis

1861 5489 1933 5541 sic
1955 5489 2265 5552 respondens.

1927 5554 1946 5583 ⁸
1979 5549 2052 5600 sic
2070 5559 2173 5599 stss.
2200 5556 2247 5597 tn
2274 5549 2430 5611 t’ign,
2450 5549 2721 5611 ferendum.

1929 5615 1949 5676 β
1982 5615 2139 5676 \‘ign.,
2165 5609 2405 5676 fuerith
2434 5609 2561 5669 Mss,
2586 5611 2772 5676 [uerat._
2834 5669 2845 5676 _
2920 5666 2933 5676 _
3034 5671 3045 5676 ,
3214 5662 3225 5673 .
3268 5660 3278 5676 ε

1926 5675 1947 5741 5
1979 5664 2065 5723 sit?
2075 5664 2176 5722 Mss:
2204 5679 2251 5720 tn
2276 5673 2432 5741 \‘ig_u.,
2460 5664 2568 5741 qua:
2586 5664 2868 5741 honestioris
2890 5666 3076 5732 signata
3101 5664 3382 5715 nrvitiniltts.

1928 5740 1947 5770 '
1982 5746 2083 5786 Mss.
2111 5743 2219 5785 Mar.
2242 5743 2291 5785 ct
2321 5732 2815 5794 (:lar.,'t'ltmsissim£s.
