3934 6178
461 349 600 404 13ιὸ

461 476 653 515 nomen
697 458 812 526 ejus
855 456 966 518 rei,
1000 470 1154 524 quam
1202 453 1425 520 tegimus
1469 448 1660 501 amictu
1694 462 1706 498 :
1741 458 1863 497 num
1913 441 2032 495 idco

463 553 623 601 totius
665 546 916 608 rationis,
949 543 1106 596 totius
1135 541 1370 594 veritatis
1412 537 1613 606 jactura
1644 533 1878 588 facienda
1909 531 2032 583 est?

464 640 598 694 Num
631 638 748 692 ideo
779 635 1102 704 negotiorum
1128 631 1326 686 arbiter
1355 628 1648 682 intellectus
1672 623 1886 694 jacebit,
1910 623 2030 690 quia

460 739 543 782 est
582 725 775 794 aliquid
799 766 815 791 ,
845 724 984 794 quod
1017 732 1070 776 ut
1113 731 1235 775 ante
1271 718 1487 793 oculos,
1520 717 1588 770 ita
1631 713 1696 767 ad
1742 728 1896 766 aures
1927 726 2031 763 non

461 832 669 885 semper
695 816 885 869 decore
925 813 1093 882 possit
1119 809 1348 864 adduci?
1379 807 1756 862 Verumtamen
1783 800 1904 871 quid
1934 800 2032 855 de-

463 907 738 960 formitatis
769 905 961 967 habet,
994 902 1169 954 carnis
1209 897 1687 966 concupiscentiam
1721 894 2030 954 nominare;

458 1013 614 1063 quam
656 1004 708 1048 ct
749 1009 848 1063 ego
887 991 1179 1061 appellavi,
1219 1004 1339 1044 cum
1382 987 1618 1056 poposcit
1665 985 1850 1046 locus;
1899 991 1952 1036 et
1979 990 2034 1034 tu

463 1086 586 1139 licet
630 1084 1002 1138 indomabilem
1035 1091 1086 1136 te
1115 1096 1232 1136 eam
1274 1079 1473 1134 sentire
1499 1076 1815 1139 coulirmes,
1860 1083 2034 1127 tamen

460 1174 648 1227 crebro
677 1170 1107 1226 commemoras?

534 1268 664 1318 Asc.
711 1262 1034 1316 Domabilem
1061 1259 1215 1323 dico,
1246 1257 1296 1311 id
1322 1264 1432 1318 est,
1461 1269 1677 1310 carnem
1696 1292 1713 1319 ,
1743 1251 1836 1307 sed
1865 1266 2032 1321 expu-

461 1353 766 1423 gnatoribus
785 1393 800 1416 ,
831 1368 934 1405 non
967 1349 1321 1403 laudatoribus
1349 1347 1484 1417 ejus.

533 1443 643 1496 VII.
687 1443 800 1498 lue.
843 1442 1008 1498 Porro
1047 1440 1170 1496 hinc
1217 1448 1334 1508 post
1380 1437 1644 1492 modicum
1679 1453 1691 1489 :
1727 1455 1744 1487 ι
1779 1434 1881 1488 Per
1909 1432 2037 1502 quid

465 1537 623 1605 igitur
665 1543 788 1588 sunt
829 1534 928 1588 sub
970 1533 1179 1588 diabolo
1223 1530 1459 1600 parvuli,
1490 1528 1579 1598 qui
1618 1527 1685 1582 dc
1727 1524 2036 1596 corporibus

465 1637 753 1681 nascuntur
796 1642 912 1694 qum
959 1623 1080 1678 fecit
1129 1623 1306 1684 Deus,
1344 1620 1411 1674 de
1456 1616 1832 1672 commixtione
1880 1627 2038 1669 sexus

464 1734 620 1786 quem
647 1716 884 1770 distinxit
915 1713 1212 1777 formando,
1238 1711 1330 1766 sed
1361 1706 1720 1763 benedicendo
1744 1706 2034 1775 conjunxit,

464 1820 511 1861 et
548 1808 918 1862 fecunditatem
944 1804 1223 1859 inserendo
1252 1800 1614 1870 multiplicavit
1637 1799 1793 1860 Deus,
1816 1806 1869 1852 et
1896 1797 2038 1864 ipsos

470 1899 712 1966 parvulos
737 1899 803 1951 de
833 1895 1048 1950 materia
1078 1893 1293 1948 seminis
1323 1891 1444 1945 fecit
1467 1889 1642 1945 Deus?
1672 1888 1728 1943 Si
1758 1903 1850 1956 per
1872 1887 2037 1940 Deum

468 1989 738 2042 materiam
781 2002 1062 2055 corporum
1084 2027 1099 2050 ,
1133 1999 1224 2053 per
1254 1984 1416 2036 Deum
1456 1980 1702 2051 genitalia
1731 1991 2035 2048 corporum,

469 2092 559 2144 per
583 2078 744 2131 Deutn
767 2075 1192 2129 commixtioncm
1218 2071 1546 2140 genitalium,
1571 2085 1664 2138 per
1686 2069 1848 2122 Deum
1877 2065 2036 2120 etiam

467 2169 568 2220 vim
595 2166 874 2226 seminum,
899 2180 994 2233 per
1022 2165 1183 2218 Deum
1211 2177 1418 2232 quoque
1445 2162 1678 2215 omnium
1711 2157 2036 2212 nasccntium

466 2258 686 2309 formam
733 2265 890 2324 atque
922 2255 1079 2307 vitam
1110 2254 1344 2315 existere,
1366 2250 1678 2314 conﬁteris;
1722 2248 1847 2319 quid
1889 2255 2038 2314 putas

469 2345 809 2408 remansisse,
841 2353 1055 2413 propter
1082 2342 1222 2412 quod
1251 2341 1461 2394 diabolo
1489 2350 1564 2394 tot
1592 2339 1680 2394 Dei
1704 2353 1862 2407 opera
1895 2347 2038 2391 tran-

467 2435 666 2488 scribas
691 2452 710 2486 ι
743 2431 852 2504 (De
879 2431 1087 2500 Nuptiis
1112 2439 1158 2485 et
1177 2428 1610 2499 Concupiscentia,
1639 2427 1726 2480 lib.
1747 2426 1802 2492 2,
1831 2443 1883 2480 ιι.
1913 2425 2039 2496 15)?

471 2525 608 2595 Ergo
654 2523 896 2576 haeresim
940 2536 1098 2576 vocas
1141 2520 1359 2574 alterius
1402 2516 1774 2587 disputationis
1819 2529 2036 2584 corpus,

465 2613 616 2681 cujus
665 2611 901 2666 membra
949 2610 1126 2664 omnia
1170 2618 1316 2664 recta
1363 2615 1520 2676 atque
1565 2604 1822 2660 catholica
1867 2601 2037 2658 conﬁ-

469 2704 616 2758 leris.

537 2797 668 2847 Avo.
711 2791 1028 2846 Novatianos
1047 2833 1062 2855 ,
1095 2790 1350 2852 Arianos,
1381 2785 1738 2842 Eunomianos
1757 2827 1772 2850 ,
1803 2784 2040 2854 aliosque

468 2886 745 2939 nonnullos
765 2926 778 2949 ,
809 2899 984 2938 nonne
1009 2884 1167 2937 etiam
1209 2896 1330 2936 cum
1371 2889 1538 2933 totum
1569 2876 1878 2947 Symbolum
1907 2890 2038 2929 con-

469 2975 589 3028 fessi
621 2973 833 3039 fuerint,
852 2988 1104 3028 vocamus
1131 2969 1442 3026 haereticos?
1471 2969 1536 3024 Ut
1559 2983 1686 3038 ergo
1709 2968 1810 3022 alia
1833 2976 2035 3022 taceam

471 3066 780 3134 pertinentia
819 3064 884 3118 ad
925 3064 1165 3119 hmresim
1193 3072 1458 3126 vestram;
1500 3059 1766 3131 quomodo
1795 3075 1888 3113 vos
1933 3073 2038 3113 non

468 3155 547 3209 vis
577 3171 825 3210 vocemus
852 3155 1129 3210 haereticos
1151 3196 1164 3218 ,
1194 3154 1281 3224 qui
1319 3153 1520 3223 negatis
1551 3151 1794 3221 parvulos
1833 3151 1943 3204 erui
1975 3150 2041 3206 de

470 3254 726 3312 potestate
757 3245 1117 3309 tenebrarum,
1146 3242 1356 3312 quando
1384 3241 1768 3295 transferuntur
1792 3239 1858 3294 ad
1886 3237 2037 3294 Chri-

467 3346 633 3400 stum,
684 3337 734 3389 iu
779 3337 969 3404 quibus
1014 3335 1307 3404 acceptoris
1350 3334 1606 3402 Spiritum
1652 3344 1889 3386 sanctum
1934 3340 2039 3386 tota

467 3426 753 3493 antiquitus
808 3425 1078 3487 Ecclesia,
1128 3439 1246 3492 qua:
1297 3423 1474 3476 laudat
1520 3437 1709 3476 nomen
1759 3422 1963 3475 Domini
2010 3438 2039 3475 a

468 3516 596 3568 solis
641 3527 758 3568 ortu
804 3531 966 3582 usque
1005 3515 1071 3568 ad
1115 3528 1394 3578 occasura,
1426 3513 1672 3567 exsufflat
1698 3523 1750 3568 et
1780 3513 2043 3568 exorcizat

467 3604 706 3672 Spiritum
739 3603 1112 3657 immundum?

538 3693 671 3746 VIII.
712 3693 831 3746 .lt't.
870 3693 1002 3747 Nam
1051 3702 1326 3762 postquam
1369 3692 1736 3747 collectionem
1780 3701 2038 3758 nostram,

467 3799 584 3852 qua:
611 3791 751 3836 tanta
779 3792 858 3836 est
885 3783 1106 3837 veritate
1135 3784 1333 3837 munita
1353 3825 1366 3848 ,
1398 3791 1458 3836 ut
1486 3783 1539 3837 in
1573 3791 1622 3838 te
1655 3792 1760 3837 tota
1792 3784 2037 3849 ferretur,

469 3889 563 3928 nec
602 3875 842 3930 convicio
878 3891 994 3929 eam
1039 3883 1301 3930 temerare
1346 3875 1619 3946 quiveris,
1651 3875 1759 3929 Deo
1799 3875 2042 3946 adigente

469 3965 712 4031 laudasti,
743 3965 983 4018 effectum
1010 3974 1183 4020 tamen
1212 3967 1327 4034 ejus
1353 3980 1591 4021 accusas.

537 4057 669 4110 Auc.
711 4055 877 4121 Quem
903 4057 1040 4111 dicis
1065 4056 1179 4124 ejus
1205 4056 1451 4110 effectum
1472 4098 1487 4124 ,
1517 4071 1622 4110 non
1653 4056 1899 4127 intelligis
1923 4071 2041 4114 esse

467 4154 696 4200 vestrum
725 4145 1010 4200 defectum.
1060 4147 1134 4200 Ex
1182 4146 1262 4201 his
1307 4147 1447 4200 enim
1492 4146 1634 4201 veris
1672 4161 1790 4215 qua:
1835 4147 2038 4200 dicitis‘

465 4236 614 4304 quasi
645 4234 929 4299 catholici,
977 4251 1079 4288 non
1105 4234 1329 4289 efﬁcitur
1352 4235 1477 4289 illud
1503 4251 1610 4305 quo
1632 4238 1760 4291 estis
1784 4236 2036 4290 ha'retici.

467 4324 699 4392 Namque
726 4332 783 4376 ut
807 4324 1051 4378 catholici
1079 4324 1252 4377 dicitis
1283 4324 1425 4393 quod
1457 4340 1550 4394 per
1574 4340 1760 4380 sexum
1787 4327 1855 4380 sit
1883 4326 2037 4392 fetus,

466 4430 559 4482 per
587 4428 778 4482 corpus
809 4429 987 4479 sexus,
1019 4428 1114 4483 per
1141 4414 1304 4467 Deum
1333 4428 1548 4482 corpus,
1580 4415 1717 4468 unde
1748 4413 2040 4470 fecunditas

467 4507 574 4557 Deo
598 4503 717 4572 jure
744 4503 1043 4573 deputatur.
1077 4503 1180 4559 Sed
1213 4504 1464 4573 numquid
1492 4503 1612 4556 ideo
1639 4519 1740 4556 non
1772 4504 1894 4559 inde
1923 4505 2040 4559 talis

466 4593 696 4646 nascitur
717 4594 896 4658 homo,
919 4596 1006 4664 qui
1031 4611 1136 4648 non
1166 4595 1235 4648 sit
1258 4595 1370 4649 sine
1401 4594 1557 4648 sorde
1587 4593 1806 4662 peccati,
1831 4595 2039 4650 etiamsi

467 4685 622 4736 unius
648 4683 750 4737 dici
782 4685 848 4737 sit
878 4686 980 4738 vita
1008 4686 1124 4756 ejus
1152 4701 1312 4755 super
1342 4697 1535 4741 terram
1566 4685 1685 4757 (Job
1719 4701 1806 4740 xtv
1825 4727 1838 4744 .
1860 4687 1913 4751 4,
1935 4704 2035 4741 sec.

468 4770 671 4840 LXX)?
709 4771 822 4824 Non
872 4773 1029 4842 igitur
1073 4775 1156 4826 illa
1184 4790 1304 4828 vera
1347 4775 1607 4840 dicendo,
1638 4777 1728 4830 sed
1775 4776 1875 4831 hoc
1897 4777 2036 4846 quod

464 4863 644 4918 itidem
679 4879 859 4918 verum
887 4873 969 4918 est
998 4865 1272 4935 negando,
1304 4867 1430 4920 estis
1472 4867 1727 4923 hmretici.
1758 4868 1890 4935 Quia
1931 4870 2038 4922 uti-

463 4967 564 5006 uue
591 4952 728 5007 Deus
756 4970 858 5007 non
903 4963 985 5008 est
1011 4963 1197 5009 auctor
1238 4954 1511 5018 fatuitatis,
1551 4965 1605 5010 et
1643 4965 1816 5012 tamen
1855 4967 2038 5011 auctor

463 5051 544 5094 est
575 5041 740 5104 fetus,
769 5053 823 5098 et
847 5045 1060 5114 quando
1087 5044 1320 5098 nascitur
1363 5045 1552 5100 fatuus.
1583 5045 1673 5100 Sic
1700 5046 1963 5115 intellige,
1991 5048 2035 5100 si

464 5141 648 5212 potes,
681 5131 879 5187 innasci
925 5135 1122 5189 homini
1164 5150 1232 5191 ex
1272 5136 1474 5205 origine
1501 5135 1681 5190 vitium
1704 5177 1719 5203 ,
1751 5137 1902 5205 cujus
1929 5151 2034 5190 non

461 5225 530 5277 sit
567 5231 752 5276 auctor
785 5225 920 5277 Deus
940 5266 954 5288 ,
984 5241 1105 5280 eum
1134 5235 1342 5281 creator
1380 5228 1544 5296 ipsius
1575 5227 1803 5281 hominis
1826 5242 1930 5281 non
1968 5229 2037 5282 sit

463 5317 559 5370 uisi
588 5318 744 5370 De'us.
775 5315 1035 5370 Memento
1063 5334 1191 5374 sane
1215 5320 1543 5374 exorbitasse
1570 5329 1622 5374 te
1647 5333 1676 5373 a
1703 5329 1794 5372 tuo
1820 5318 2035 5388 dogma-

464 5421 512 5462 te
533 5452 547 5471 ,
575 5425 680 5478 quo
707 5409 907 5476 negatis
933 5410 1140 5476 Ope-rari
1173 5411 1334 5464 Demn
1376 5410 1427 5464 in
1468 5409 1740 5465 hominum
1771 5410 2033 5464 mentibus

465 5501 802 5552 voluntatem.
835 5498 962 5551 Nam
990 5515 1088 5569 ego
1115 5500 1270 5554 verba
1317 5511 1401 5554 tua
1424 5543 1436 5563 ,
1464 5517 1581 5571 qum
1617 5501 1873 5555 conﬁteor
1914 5509 1961 5554 ct
2004 5518 2030 5551 a

537 5668 551 5696 ³
574 5681 644 5715 sic
667 5674 770 5718 Mss.
807 5673 854 5717 tu
891 5670 1019 5730 \‘igu.
1046 5707 1056 5727 ,
1079 5682 1141 5718 ea;
1175 5669 1247 5720 ms
1287 5673 1411 5727 enim
1460 5684 1555 5722 νει-ι
1581 5683 1716 5733 quem
1763 5670 1936 5721 (licitis.

1133 341 1376 396 Oi'EitiS
1417 331 1816 390 tileEttFECTt
1857 329 2031 402 CONT

2173 319 2528 391 JULI.\.\U.\l,
2571 330 2626 382 δ.
2670 325 2805 382 AUG
2818 327 3042 384 υ.›ΤιΝῙ

3482 376 3504 393 ,
3581 330 3720 384 13M

2143 439 2345 494 Catholi
2371 441 2426 494 is
2471 440 2607 504 dici,
2651 441 2918 495 voluntate
2961 439 3200 501 laudavi,
3243 456 3358 506 quze
3406 453 3491 493 me
3538 450 3721 496 tamen

2141 531 2275 584 dlt'ls
2310 533 2414 584 Duo
2452 534 2693 600 adigente
2734 531 2994 583 laudas<e.
3029 530 3169 584 Exeo
3197 529 3463 597 quomodo
3492 529 3628 582 Deus
3663 531 3720 583 in

2143 623 2292 676 nobis
2317 633 2563 692 operatur
2585 632 2638 676 ct
2669 623 2802 677 velle
2830 620 3088 691 (Philipp.
3116 636 3148 674 ll
3175 660 3191 686 ,
3230 618 3338 688 l3),
3365 619 3506 688 quod
3532 619 3725 674 soletis

2141 720 2194 765 et
2219 721 2400 764 contra
2433 711 2736 780 Apostolqu
2768 725 2861 764 vos
2895 724 3108 779 negare.

2211 802 2299 856 1X.
2328 803 2444 856 Jun.
2481 822 2498 852 ι
2526 803 2579 856 Si
2609 802 2787 870 igitur,
2819 819 2835 851 ι
2871 799 3068 868 iuquio,
3099 816 3118 850 ι
3147 813 3251 852 ιιοιι
3282 796 3380 850 nisi
3411 813 3504 866 per
3528 813 3719 852 sexum

2141 891 2296 955 fetus,
2326 908 2428 946 non
2461 892 2560 945 nisi
2591 907 2684 960 per
2713 905 2904 958 corpus
2933 904 3091 944 sexus
3111 930 3127 952 ,
3159 902 3264 942 non
3296 887 3394 940 nisi
3425 903 3517 955 per
3550 888 3718 941 Deum

2140 997 2370 1050 corpus;
2418 983 2536 1052 quis
2578 981 2808 1050 ambigat
2848 978 3221 1034 fecunditatem
3256 977 3364 1031 Deo
3405 977 3525 1046 jure
3555 993 3718 1045 tepu-

2140 1072 2281 1127 tari?
2323 1073 2434 1127 [loc
2463 1081 2567 1126 tam
2603 1073 2619 1104 ι
2656 1078 2857 1126 certum
2901 1079 3019 1132 est,
3048 1078 3106 1122 ut
3145 1069 3305 1123 etiam
3345 1078 3430 1121 tua
3472 1069 3522 1122 in
3560 1085 3717 1123 suam

2138 1161 2347 1216 laudem
2377 1177 2468 1216 ora
2507 1161 2837 1216 concusserit
2870 1161 2911 1214 '.
2943 1177 2961 1207 ι
2995 1158 3189 1212 Verum
3232 1165 3352 1227 post
3392 1159 3718 1226 prmeouimn

2142 1253 2264 1308 huic
2290 1268 2319 1307 a
2350 1262 2401 1307 te
2431 1253 2546 1306 loco
2571 1251 2853 1314 redditum,
2879 1249 3121 1304 haeresim
3143 1247 3397 1302 admones
3427 1247 3718 1308 introduci,

2139 1360 2259 1399 etun
2287 1359 2348 1398 ea
2375 1359 2491 1413 qua)
2516 1342 2742 1402 subdidi.
2777 1340 2905 1396 nihil
2934 1339 3074 1394 aliud
3105 1353 3262 1409 quam
3292 1354 3408 1408 qute
3439 1338 3721 1408 praemissa

2142 1433 2366 1498 fuerant,
2398 1433 2608 1486 admota
2638 1431 3009 1501 explanatione
3037 1429 3439 1498 geminaveriut.

2209 1525 2342 1579 Auc.
2383 1521 2642 1592 Numquid
2681 1522 2734 1576 in
2789 1520 2898 1586 his,
2939 1515 3056 1590 qua:
3097 1533 3219 1573 vera
3269 1526 3320 1572 te
3356 1517 3548 1572 dixisse
3576 1532 3718 1572 con-

2139 1628 2424 1678 cesseram,
2448 1615 2679 1678 dixeras,
2708 1631 2726 1664 ι
2757 1610 2891 1678 Quid
2919 1627 3047 1681 ergo
3071 1625 3221 1664 suum
3250 1609 3490 1663 diabolus
3514 1625 3722 1679 cogno-

2139 1705 2240 1758 scit
2269 1705 2320 1758 in
2349 1704 2563 1758 scxibus
2589 1723 2607 1755 ι
2639 1701 2740 1775 (De
2771 1701 2979 1770 Nuptiis
3007 1712 3051 1754 et
3081 1699 3510 1769 Concupiscentia,
3538 1701 3628 1754 lib.
3658 1702 3717 1761 2.

2139 1791 2348 1865 n.l5)?
2397 1792 2493 1846 llic
2541 1793 2683 1846 enim
2729 1791 2936 1860 coepisti
2990 1789 3322 1843 introducere
3357 1804 3569 1843 sensum
3599 1790 3718 1844 ha:-

2139 1883 2274 1937 rcsis
2319 1893 2509 1938 vestra:
2543 1900 2556 1933 :
2588 1880 2738 1951 quasi
2789 1889 3063 1949 propterea
3113 1895 3215 1932 nou
3260 1879 3426 1947 possit
3471 1879 3725 1933 diabolus

2139 1970 2335 2040 aliquid
2363 1986 2515 2024 suum
2544 1984 2863 2038 cognoscere
2893 1969 2943 2022 in
2972 1967 3206 2030 sexibus,
3229 1967 3357 2036 quia
3390 1983 3482 2036 per
3504 1977 3720 2022 creato-

2139 2074 2254 2113 rem
2297 2059 2462 2113 Dcum
2509 2067 2590 2114 est
2631 2073 2824 2128 corpus
2866 2065 2920 2111 et
2967 2070 3123 2110 sexus
3166 2073 3179 2108 :
3225 2070 3346 2111 cum
3390 2056 3630 2111 diabolus
3663 2070 3721 2112 et

2139 2146 2335 2202 bonum
2367 2148 2457 2202 Dei
2486 2158 2539 2203 et
2567 2149 2761 2201 malum
2789 2146 2981 2200 diaboli
3011 2146 3168 2200 etiam
3210 2146 3261 2200 in
3289 2161 3347 2200 se
3375 2147 3486 2215 ipse
3510 2161 3719 2216 cogno-

2143 2248 2278 2300 scat,
2307 2236 2430 2291 illud
2457 2239 2658 2293 scilicet
2696 2237 2746 2291 iu
2782 2251 2876 2290 sua
2914 2245 3120 2300 natura,
3153 2235 3277 2290 illud
3306 2237 3358 2290 in
3381 2237 3507 2289 vitio
3552 2237 3639 2291 Sic
3665 2249 3724 2292 et

2147 2329 2201 2382 in
2228 2329 2439 2383 sexibus
2467 2331 2705 2398 agnoscit
2731 2329 2819 2382 ille
2846 2344 2963 2396 qua:
2992 2329 3080 2382 Dei
3108 2337 3257 2391 sunt,
3285 2329 3424 2382 sicut
3455 2339 3508 2382 et
3541 2329 3720 2398 ipsum

2141 2433 2346 2483 sexum,
2371 2426 2426 2472 et
2449 2433 2660 2488 corpus,
2688 2427 2742 2473 et
2770 2418 3013 2488 spiritum
3039 2435 3052 2469 :
3075 2417 3169 2472 sed
3195 2419 3432 2487 agnoscit
3456 2430 3508 2473 et
3531 2433 3717 2482 suum,

2141 2524 2246 2578 quo
2284 2523 2408 2563 caro
2451 2509 2778 2578 concupiscit
2824 2509 3077 2563 adversus
3120 2509 3406 2578 spiritum:
3440 2509 3527 2564 illa
3571 2511 3723 2564 enim

2141 2609 2263 2653 sunt
2290 2614 2319 2652 a
2351 2599 2602 2655 Creatore
2623 2642 2636 2665 ,
2670 2599 2820 2668 cujus
2850 2599 3136 2654 vindictam
3164 2600 3330 2654 vitare
3369 2615 3473 2655 non
3512 2602 3720 2670 potuit;

2143 2689 2264 2756 hoc,
2293 2689 2512 2745 vulnere
2541 2689 2679 2760 quod
2710 2689 2919 2744 inﬂixit.

2215 2778 2280 2832 Χ.
2320 2778 2440 2833 JUL.
2482 2779 2580 2832 Aio
2621 2780 2760 2833 enim
2800 2797 2815 2834 :
2863 2797 2881 2831 ι
2919 2777 3054 2848 Quid
3099 2793 3225 2848 eth
3275 2794 3426 2833 suum
3473 2780 3728 2835 diabolus

2141 2870 2411 2939 cognoscit
2437 2870 2487 2923 in
2517 2869 2760 2934 sexibus,
2796 2878 2852 2924 ut
2894 2869 3121 2923 fructum
3150 2885 3357 2935 eorum,
3385 2869 3520 2924 sicut
3561 2871 3724 2937 dicis,

2137 2962 2256 3030 jure
2294 2963 2602 3033 possideat?
2648 2963 3060 3018 Diversitatem?
3097 2961 3199 3016 Sed
3238 2961 3353 3016 hzec
3393 2963 3444 3016 in
3475 2965 3726 3031 corpori-

2142 3051 2240 3106 bus
2286 3062 2396 3116 est,
2427 3068 2544 3122 qua:
2575 3053 2714 3106 Deus
2758 3051 2902 3107 fecit.
2941 3051 3429 3106 Commixtionem?
3467 3051 3571 3107 Sed
3613 3067 3726 3106 non

2145 3143 2318 3197 n'niuus
2365 3143 2790 3208 benedictionis,
2843 3159 3000 3213 quam
3051 3143 3394 3197 institutionis
3445 3145 3728 3213 privilegio

2144 3234 2460 3288 vindicatur.
2508 3234 2587 3287 An
2629 3232 2764 3288 forte
2795 3234 2960 3303 ipsam
3009 3232 3428 3288 fecunditatem?
3464 3233 3568 3288 Sed
3609 3235 3724 3302 ipsa

2143 3333 2226 3377 est
2267 3323 2490 3378 instituti
2531 3339 2692 3378 causa
2721 3324 2970 3395 coujugii.
3005 3343 3023 3375 ι
3059 3323 3194 3389 Quid
3240 3322 3325 3377 hic
3358 3339 3483 3393 ergo
3524 3340 3724 3378 novum

2145 3415 2278 3482 fuit;
2316 3417 2439 3482 quid
2477 3432 2506 3470 a
2545 3417 2820 3486 superiore
2847 3432 3004 3486 quam
3034 3415 3353 3484 probaveras
3381 3409 3730 3472 conclusione

2143 3505 2497 3573 dissentiens,
2529 3507 2666 3576 quod
2714 3517 2831 3578 post
2874 3507 3078 3560 laudem
3117 3506 3520 3576 vituperandum
3564 3515 3725 3575 puta-

2142 3599 2272 3651 res?
2298 3595 2454 3652 Certe
2479 3597 2604 3651 nihil
2635 3615 2648 3650 :
2678 3612 2739 3651 ac
2765 3613 2861 3667 per
2885 3595 2984 3651 hoc
3009 3596 3133 3666 quid
3160 3597 3226 3651 de
3255 3606 3360 3650 tam
3389 3597 3524 3651 foeda
3550 3598 3729 3652 varie-

2145 3697 2250 3744 tate
2294 3689 2606 3759 colligitur?
2649 3703 2768 3742 cum
2813 3703 2841 3740 a
2887 3703 2973 3741 mc
3017 3684 3262 3741 videlicet
3310 3685 3596 3755 disputatio
3637 3689 3728 3740 in-

2145 3793 2332 3835 uovata
2380 3797 2482 3835 non
2519 3782 2539 3813 ³
2577 3781 2679 3846 sit,
2721 3795 2751 3835 a
2793 3790 2844 3835 te
2883 3794 3010 3834 vero
3053 3780 3122 3834 sit
3166 3779 3447 3833 mstimatio
3479 3793 3724 3833 meorum

2143 3872 2404 3928 dictorum
2451 3882 2782 3942 permutata,
2835 3871 3158 3926 teterrimam
3204 3885 3326 3926 esse
3373 3869 3726 3926 intentionem

2143 3971 2308 4029 tuam,
2341 3972 2394 4018 et
2423 3963 2679 4016 rationem
2711 3961 3050 4016 imbecillam.

2213 4053 2345 4107 Auc.
2387 4052 2591 4106 Miraris
2621 4052 2760 4120 quod
2789 4061 2908 4120 post
2951 4051 3158 4106 laudem
3185 4066 3404 4122 operum
3434 4051 3544 4115 Dei,
3580 4052 3727 4104 vitu-

2142 4142 2325 4212 peravi
2353 4141 2659 4196 insidiosam
2691 4141 3158 4210 interrogationem
3181 4150 3322 4195 tuam
3349 4159 3362 4193 :
3388 4140 3730 4211 interrogans

2142 4233 2336 4302 quippe
2362 4231 2561 4295 dixisti,
2595 4249 2614 4281 ι
2645 4231 2782 4297 Quid
2814 4231 2975 4300 igitur
2999 4245 3153 4284 suum
3181 4231 3422 4285 diabolus
3449 4231 3730 4299 cognoscit

2144 4324 2195 4378 iu
2223 4321 2479 4377 sexibus?
2511 4341 2529 4372 ι
2565 4321 2630 4375 Ει
2657 4325 2840 4375 volens
2869 4322 3187 4392 persuadere
3222 4322 3361 4391 quod
3401 4321 3531 4376 nihil
3563 4336 3725 4376 snmn

2142 4423 2424 4485 cognoscat
2466 4414 2517 4468 in
2561 4415 2774 4468 sexibus
2797 4456 2810 4479 ,
2841 4428 2901 4468 ea
2938 4414 3365 4468 commemorasti
3391 4454 3406 4477 ,
3444 4428 3562 4482 qua:
3594 4429 3726 4466 vere

2142 4505 2208 4560 ad
2250 4505 2517 4560 diabolum
2566 4519 2670 4558 non
2718 4505 3036 4574 pertineant,
3081 4503 3441 4558 diversitatem
3472 4503 3723 4567 fscilicet,

2142 4612 2243 4667 qua
2288 4595 2570 4650 fcminiuus
2608 4610 2637 4648 a
2684 4595 2977 4649 masculino
3015 4594 3258 4648 diversus
3300 4603 3382 4648 est
3423 4609 3619 4658 sexus;
3667 4607 3728 4649 ct

2141 4686 2588 4750 commixtionem,
2615 4701 2714 4756 qua
2742 4697 2799 4739 ut
2829 4685 2920 4739 ﬁlii
2945 4694 3282 4756 generentur,
3310 4699 3468 4738 sexus
3495 4691 3726 4752 uterque

2143 4780 2426 4842 miscetur;
2462 4786 2518 4833 et
2551 4777 2926 4833 fecunditatem
2947 4818 2960 4842 ,
2989 4791 3090 4846 qua
3118 4777 3217 4847 ipsi
3257 4775 3348 4830 ﬁlii
3372 4787 3722 4846 generantur.

2143 4869 2267 4923 Haec
2293 4869 2469 4922 omnia
2501 4869 2729 4922 fatemur
2748 4867 2918 4920 futura
2951 4866 3112 4922 fuisse
3139 4867 3190 4920 iu
3220 4865 3482 4935 paradiso,
3506 4867 3726 4921 etiamsi

2142 4976 2299 5015 nemo
2329 4969 2634 5030 peccasset:
2667 4959 2759 5013 sed
2793 4961 2875 5013 illa
2909 4960 2976 5013 ibi
3022 4959 3193 5013 futura
3236 4974 3338 5013 non
3378 4967 3523 5024 erat,
3553 4974 3726 5028 quam

2141 5059 2443 5116 senserunt,
2475 5051 2687 5119 quando
2717 5049 2955 5118 pudenda
2987 5058 3259 5110 texerunt,
3292 5048 3380 5117 qui
3411 5047 3726 5116 priusquam

2142 5149 2446 5208 peccareut,
2479 5139 2606 5193 nudi
2636 5147 2810 5204 erant,
2841 5150 2895 5193 et
2920 5155 3023 5192 non
3052 5137 3535 5192 confundebantur.
3567 5136 3731 5193 Hac

2140 5241 2194 5286 tu
2223 5232 2706 5302 concupiscentiam
2737 5231 2912 5285 carnis
2932 5272 2947 5295 ,
2979 5245 3080 5300 qua
3111 5245 3236 5283 caro
3263 5229 3588 5299 concupiscit
3620 5230 3728 5282 ad-

2143 5341 2329 5381 versus
2359 5325 2600 5394 spiritum
2621 5366 2634 5388 ,
2666 5324 2782 5378 siue
2809 5339 2910 5393 qua
2950 5322 3125 5376 nullus
3156 5321 3428 5375 hominum
3458 5320 3723 5382 nascitur,

2139 5427 2191 5471 ct
2221 5417 2355 5470 hanc
2382 5415 2696 5471 discordiam
2735 5414 2911 5468 carnis
2938 5420 2994 5466 et
3024 5412 3262 5481 spiritus,
3293 5426 3451 5482 quam
3477 5410 3670 5464 didicit
3706 5412 3727 5441 ⁸

2205 5550 2217 5579 ¹
2257 5549 2741 5610 viguierius,turnen.
2779 5554 2913 5610 _stss.,
2938 5552 3051 5595 tam.

2203 5611 2220 5638 ²
2256 5606 2354 5657 Ιιιῐο
2377 5617 2499 5666 uss,
2524 5606 2822 5657 concluserit.

2205 5673 2222 5698 ³
2257 5671 2337 5717 llic
2361 5664 2636 5730 [articulant
2654 5675 2920 5730 negantem
2952 5668 3248 5716 restituimus
3271 5679 3332 5715 ex
3359 5664 3722 5725 mauumriptis-

2208 5734 2221 5757 δ
2258 5728 2412 5778 (wex
2442 5738 2584 5787 I'ort.,
2609 5728 2771 5779 dicit:
2797 5731 2954 5777 miuns
2978 5732 3123 5777 bene.
