3934 6178
197 372 307 430 1365

185 482 450 540 catholicus
491 476 696 540 doctor,
728 471 924 542 Pelagii
950 470 1106 526 vestri
1138 479 1243 523 tam
1285 468 1606 523 excellenter
1634 481 1728 521 ore

185 574 417 633 nudatus,
451 583 548 636 per
577 563 1059 635 praevaricationem
1089 559 1245 629 primi
1288 558 1518 611 hominis
1547 557 1598 610 in
1627 571 1724 609 no-

185 674 326 715 stram
353 659 569 712 vertisse
598 664 834 710 naturam
862 651 1193 725 (Ambrosius,
1219 650 1305 703 lib.
1329 650 1360 703 7
1383 651 1434 702 in
1457 647 1582 704 an.
1602 650 1727 715 xu);

183 753 299 805 hanc
338 764 459 817 ergo
503 756 556 800 tu
596 758 761 814 quare
801 742 1052 798 tacuisti?
1100 741 1187 813 qui
1230 741 1563 809 interrogans
1602 737 1729 808 quid

182 855 313 893 suum
342 836 580 889 diabolus
618 840 903 903 cognoscat
945 831 998 885 in
1037 830 1249 885 sexibus
1268 870 1284 895 ,
1315 829 1415 881 alia
1446 826 1730 880 nominasti

180 943 281 996 qua:
307 923 498 978 dialmli
540 936 645 975 non
691 928 848 985 sunt,
877 929 931 975 et
956 919 1059 974 hoc
1087 917 1226 988 quod
1255 917 1372 986 ejus
1398 926 1480 971 est
1512 923 1621 969 ture
1652 915 1732 969 iu-

184 1007 502 1083 terrogationi
536 1010 761 1066 reddere
801 1008 1036 1079 noluisti.
1085 1007 1234 1062 ﬂant:
1268 1006 1732 1075 interrogationem

180 1115 301 1159 tuam
344 1101 585 1156 dolosam
632 1097 980 1170 reprehendi,
1030 1111 1137 1153 non
1178 1096 1356 1151 divina
1401 1107 1563 1165 Opera
1611 1106 1733 1164 quae

173 1194 277 1264 jure
307 1190 533 1246 laudavi.
717 1180 725 1189 ’

237 1280 320 1335 XI.
370 1278 493 1334 Jun.
542 1277 609 1332 Et
644 1276 787 1347 quod
823 1275 1006 1331 laudas
1047 1274 1306 1330 catholica
1329 1312 1345 1340 ,
1397 1272 1608 1343 pavoris
1656 1272 1732 1327 tui

176 1384 276 1426 esse
301 1372 342 1435 ⁸,
372 1366 481 1423 non
511 1366 654 1422 ﬁdei.

236 1463 361 1516 Aue.
401 1458 499 1515 llle
527 1459 580 1513 in
618 1455 774 1512 laude
811 1455 1068 1512 catholica
1094 1453 1243 1509 novit
1281 1462 1516 1508 nostram
1547 1451 1725 1515 tidem,

176 1552 251 1621 qui
293 1566 387 1620 per
429 1550 573 1605 illam
603 1557 836 1604 vestrum
874 1545 1203 1601 demonstrat
1240 1554 1298 1600 et
1335 1553 1605 1613 expugnat
1643 1556 1732 1597 er-

178 1655 333 1697 rorem
341 1680 355 1693 .

237 1731 342 1786 Xll.
382 1730 504 1787 Jun.
545 1728 696 1798 Quod
735 1742 864 1800 ergo
905 1726 1113 1783 laudata
1144 1726 1445 1797 vituperas.
1476 1740 1583 1779 non
1612 1737 1734 1780 esse

177 1823 355 1891 iudicii,
388 1821 485 1877 sed
518 1820 731 1875 furoris.

232 1934 361 1988 Anc.
401 1931 518 1987 Non
545 1932 755 1986 laudata
784 1930 1025 1999 vitupero
1060 1947 1073 1983 :
1104 1928 1197 1984 sed
1227 1926 1435 1982 laudavi
1466 1941 1583 1996 qua:
1609 1940 1733 1981 vera

180 2022 386 2089 dixisti;
419 2022 708 2093 vituperavi
738 2030 913 2075 autem
942 2020 1081 2091 quod
1108 2017 1360 2073 insidiose
1385 2018 1408 2049 ¹¹
1440 2017 1734 2085 interroga-

178 2114 229 2169 sti
248 2154 262 2179 ,
294 2114 482 2168 videns
511 2113 637 2184 quid
676 2111 768 2165 tibi
808 2108 1233 2180 respondendum
1276 2115 1446 2173 esset,
1477 2116 1635 2175 atque
1664 2106 1734 2159 ita

176 2206 260 2260 hoc
290 2215 479 2261 tacens
525 2204 675 2275 quasi
725 2218 828 2257 non
858 2211 1019 2257 esset.
1071 2201 1182 2255 lloc
1224 2207 1400 2254 utrum
1434 2197 1617 2267 judicii
1646 2196 1734 2261 sit,

176 2314 228 2351 an
256 2300 478 2365 furoris,
509 2298 732 2365 videbis,
768 2297 813 2352 si
838 2312 867 2351 a
898 2295 1074 2350 lurore
1102 2292 1489 2363 conquieveris.

229 2389 372 2444 Xlll.
415 2389 534 2445 Jun.
574 2391 688 2455 Quo
729 2388 905 2442 lurore
937 2386 1150 2456 quidem
1181 2397 1446 2453 nunquam
1476 2380 1738 2435 cariturus

177 2495 242 2543 es,
271 2479 373 2533 uisi
406 2479 552 2548 prius
582 2479 867 2534 obscenum
895 2477 1087 2546 dogma
1112 2472 1361 2543 rejeceris
1399 2490 1413 2525 :
1452 2471 1571 2541 quia
1603 2471 1739 2525 inter

179 2569 488 2635 pteuitentiac
525 2567 781 2638 pudorem
801 2608 816 2631 ,
846 2580 1113 2635 nunquam
1146 2573 1321 2618 tamen
1364 2577 1395 2616 a
1424 2561 1737 2617 Christianis

178 2666 466 2713 aversatum
488 2697 504 2722 ,
533 2665 583 2711 et
611 2654 1080 2725 argumentationis
1109 2651 1338 2721 inopiam
1358 2691 1374 2716 ,
1401 2666 1587 2722 graves
1614 2664 1734 2720 pcr-

177 2746 335 2801 ferens
361 2744 745 2818 Symplegadas
764 2785 778 2810 ,
810 2757 1027 2799 necesse
1064 2750 1147 2798 est
1184 2753 1242 2795 ut
1281 2740 1421 2795 bona
1446 2739 1588 2795 dicta
1615 2740 1734 2810 qui-

177 2833 264 2889 bus
289 2834 557 2900 obrueris,
588 2842 676 2888 aut
705 2833 967 2903 sequaris,
997 2839 1089 2885 aut
1115 2830 1337 2884 laceres.
1538 2881 1543 2886 .

238 2922 364 2978 A06.
405 2921 527 2978 Non
566 2932 688 2976 sunt
723 2921 861 2977 bona
889 2920 1060 2979 dicta.
1089 2917 1296 2973 Juliane
1317 2960 1331 2981 ,
1364 2931 1558 2987 negare
1584 2916 1737 2971 Chri-

177 3018 298 3065 stum
339 3011 579 3082 parvulis
620 3026 740 3066 esse
764 3010 944 3065 Jeuum
965 3050 980 3074 ,
1010 3016 1101 3061 aut
1133 3007 1316 3062 Jesum
1337 3048 1351 3071 ,
1380 3006 1432 3060 id
1460 3016 1541 3059 est
1568 3006 1738 3060 salva-

179 3112 361 3169 torem,
413 3103 494 3156 ita
537 3116 657 3157 esse
697 3100 928 3171 parvulis
968 3097 1243 3162 conﬁteri,
1293 3097 1430 3151 sicut
1479 3096 1738 3150 universae

180 3196 370 3250 mortali
410 3195 440 3227 ⁸
480 3202 769 3258 creatum,
817 3190 955 3245 unde
999 3188 1198 3244 dictum
1247 3194 1364 3252 est,
1416 3183 1657 3239 Homines
1692 3194 1740 3238 et

180 3287 379 3358 iumenta
409 3288 585 3341 salvos
629 3285 813 3355 facies,
857 3282 1073 3337 Domine
1100 3279 1266 3353 (Ρωι.
1296 3292 1446 3333 xxxv
1466 3317 1482 3341 ,
1514 3278 1590 3349 7).
1621 3276 1739 3331 Non

182 3385 446 3447 propterea
493 3376 582 3431 ille
612 3375 830 3429 veniens
859 3374 913 3428 in
954 3369 1298 3426 similitudine
1324 3367 1499 3422 carnis
1538 3364 1738 3436 peccati

182 3467 272 3521 tale
294 3481 492 3522 nomen
520 3452 722 3533 accepit
756 3480 769 3515 :
798 3462 914 3529 sed,
942 3458 1172 3521 Vacalus,
1201 3458 1275 3511 ait
1298 3456 1543 3535 angelus,
1560 3470 1740 3508 nomen

182 3554 274 3623 riu
306 3554 526 3620 Iesum;
567 3556 676 3626 ipse
710 3552 841 3607 enim
882 3551 1074 3604 salvum
1113 3549 1260 3620 faciet
1307 3547 1551 3618 populum
1593 3561 1740 3600 suum

187 3659 212 3695 α
235 3647 443 3715 peccatis
475 3625 647 3699 eorum
672 3642 883 3714 (Matth.
913 3655 952 3702 ι.
982 3640 1097 3708 ει).
1126 3637 1239 3695 Non
1267 3625 1390 3690 sunt
1418 3636 1552 3690 bona
1576 3634 1740 3700 dicta,

186 3736 243 3790 ab
268 3736 360 3791 hoc
402 3737 606 3807 populo
652 3733 899 3804 parvulos
924 3744 1204 3799 separare,
1237 3736 1293 3783 ct
1330 3726 1448 3781 ideo
1476 3725 1741 3779 Chrismm

185 3822 341 3881 dicere
364 3827 533 3881 etiam
564 3825 668 3878 illis
708 3838 826 3877 esse
851 3821 1030 3875 Jesum
1052 3859 1067 3885 ,
1094 3819 1216 3888 quia
1244 3817 1419 3871 salvos
1462 3829 1558 3869 eos
1596 3813 1741 3881 facit,

187 3929 276 3968 non
309 3932 338 3970 a
382 3916 654 3985 peccatis,
699 3912 793 3967 sed
838 3927 868 3965 a
907 3909 1159 3966 scabiolis
1200 3922 1405 3963 eorum.
1453 3904 1741 3973 Resipisce,

187 4004 391 4061 obsecro
420 4024 435 4059 :
479 4014 605 4074 puto
642 4003 782 4073 quod
814 4017 918 4056 non
948 4016 1015 4055 ex
1044 3998 1350 4068 parentibus
1378 3995 1475 4049 ista
1514 3992 1742 4048 creden-

190 4097 311 4152 tibus
335 4108 494 4152 nat-us
519 4111 618 4162 es;
648 4105 703 4150 et
723 4103 868 4150 certe
891 4092 942 4147 in
964 4088 1202 4146 Ecclesia
1229 4103 1335 4143 non
1362 4087 1460 4143 ista
1484 4083 1744 4141 credente

190 4196 380 4242 renatus
402 4203 489 4245 es.

247 4275 377 4331 XIV.
429 4275 559 4332 Jun.
607 4273 894 4329 Videamus
942 4281 1117 4325 tamen
1189 4267 1313 4339 quid
1367 4265 1745 4322 sententiarum

193 4380 404 4421 mearum
430 4364 758 4435 arripueris,
803 4361 942 4432 quod
988 4360 1204 4415 nomine
1250 4358 1447 4413 erroris
1492 4357 1745 4411 insessas.

200 4473 216 4505 ι
246 4456 341 4512 Sed
368 4458 474 4513 iste
493 4497 508 4522 ,
545 4475 564 4509 ι
598 4455 772 4526 inquis
792 4493 809 4521 ,
842 4471 860 4505 ι
895 4454 950 4507 in
979 4453 1062 4506 his
1089 4450 1333 4505 omnibus
1357 4449 1627 4503 nominare
1656 4460 1751 4501 no-

202 4565 217 4597 t
247 4547 334 4603 luit
353 4546 834 4618 concupiscentiam
862 4544 1071 4608 carnis,
1097 4557 1216 4612 qua:
1240 4555 1344 4595 non
1382 4549 1463 4594 est
1498 4554 1527 4592 a
1559 4538 1713 4592 Patre
1731 4578 1748 4605 ,
1845 4594 1858 4614 κ

1496 356 1691 411 Lmen
1731 355 2072 423 QUARTUS.

3265 366 3403 423 1316

1834 476 1975 521 easta
2002 468 2242 539 conjugia
2263 511 2275 531 ,
2308 469 2526 525 videbas
2548 512 2562 535 ,
2605 480 2655 524 et
2684 470 2891 526 tacebas
2910 512 2926 534 ,
2971 482 3023 526 et
3066 488 3150 527 nte
3177 473 3411 528 interro-

1834 559 2044 628 gatiune
2087 560 2563 614 fraudulmtissitna
2583 603 2597 626 ,
2629 561 2776 630 quasi
2808 561 2938 614 nihil
2974 572 3112 617 esset
3155 562 3293 631 quod
3322 578 3410 616 re-

1836 649 2082 716 sponderi
2128 659 2322 717 posset.
2356 640 2599 717 urgcbas.
2632 653 2735 703 Aut
2764 650 2806 703 si
2850 665 2954 703 non
2986 649 3234 715 videbas,
3278 666 3406 721 pro-

1835 737 1971 791 fecto
1998 737 2239 792 ha'resini
2270 747 2498 792 vestram
2530 739 2643 807 ipsa
2671 741 2904 793 caecitate
2930 739 3322 795 introducelias.

1904 827 2018 882 XV.
2059 828 2175 883 ιω..
2229 829 2333 884 Sed
2380 829 2459 883 ais
2507 844 2593 883 me
2648 831 2881 884 noluisse
2936 832 3411 900 concupiscentiam

1834 922 2009 975 carnis
2038 921 2330 976 nominare.
2362 922 2459 990 Qui
2492 923 2632 976 nolui
2661 924 2955 988 nominare,
2989 925 3158 988 tacui;
3187 936 3239 980 et
3268 927 3312 980 si
3337 934 3415 980 tei-

1834 1012 1918 1065 cui
1950 1013 1986 1077 ¹,
2038 1011 2168 1066 nihil
2193 1012 2333 1083 quod
2386 1013 2801 1083 reprehenderes
2847 1015 3237 1069 sum'ioeutus:
3294 1017 3412 1085 quis

1835 1115 1964 1170 ergo
2007 1118 2242 1157 errorem
2275 1104 2550 1172 persuadet
2584 1104 2850 1158 tacendo?
2889 1103 2935 1159 0
2974 1121 3106 1159 nova
3134 1108 3411 1160 criminum

1835 1198 1890 1246 et
1920 1190 2173 1246 hactenus
2200 1193 2428 1246 inaudita
2454 1201 2692 1261 portenta
2718 1195 2732 1248 !
2756 1194 2978 1249 Silentia
3006 1209 3125 1250 meo
3145 1196 3218 1249 ait
3248 1197 3268 1227 ³
3295 1211 3411 1264 pcr-

1834 1296 2045 1337 versum
2075 1282 2263 1353 dogma
2292 1285 2533 1354 componi
2556 1284 2570 1338 !

1907 1373 2040 1428 Ave.
2071 1372 2184 1426 Non
2212 1373 2446 1439 silentio,
2478 1373 2570 1428 sed
2602 1374 2780 1427 dolosa
2810 1373 3242 1444 interrogatione.
3275 1376 3413 1430 sicut

1836 1464 2079 1532 superius
2107 1463 2484 1518 demonstravi.
2515 1463 2822 1533 Quanquam
2848 1473 2902 1519 et
2925 1465 3191 1518 silentium
3223 1467 3414 1517 merito

1835 1551 2261 1621 reprelienditur.
2300 1552 2510 1622 quando
2538 1553 2588 1606 id
2630 1552 2771 1621 quod
2798 1553 3075 1608 dicendum
3117 1552 3248 1617 fuit,
3294 1553 3414 1606 ideo

1837 1655 1942 1694 non
1967 1639 2176 1708 dicitur,
2197 1654 2264 1696 ne
2286 1642 2679 1712 interrogationi
2703 1641 3010 1710 responderi
3034 1643 3266 1711 potuisse
3285 1656 3411 1696 cer-

1835 1742 2011 1787 MIUI‘.
3214 1804 3221 1807 _

1905 1820 2045 1901 XVI.
2073 1821 2191 1878 Jun.
2224 1822 2505 1892 Expendat
2531 1820 2635 1878 hoc
2675 1822 2947 1893 prudentia
2991 1823 3195 1888 omnis,
3242 1832 3295 1878 et
3339 1824 3415 1880 ri-

1815 1913 1959 1968 ‘deat
1986 1913 2007 1946 ⁸
2034 1916 2287 1970 orationis
2317 1915 2562 1969 invidiam
2588 1915 2804 1969 nomine
2836 1915 3203 1970 taciturnitatis
3230 1925 3414 1970 osten-

1837 2019 1971 2065 sam.
2005 2005 2289 2061 Conliteris
2336 2005 2493 2075 igitur
2520 2021 2605 2061 me
2634 2005 2764 2059 nihil
2811 2005 3011 2060 dixisse
3052 2006 3195 2076 quod
3237 2007 3413 2076 possis

1838 2112 2082 2167 arguere.

1909 2189 2043 2243 Atto.
2075 2186 2352 2241 lmo'vero
2370 2226 2386 2251 ,
2415 2185 2709 2240 rectissime
2737 2186 2976 2256 arguitur
3001 2186 3140 2256 quod
3184 2187 3412 2242 interro-

1837 2275 2010 2344 gando
2036 2274 2233 2329 dixisti.
2262 2265 2341 2330 Ut
2356 2275 2497 2329 enim
2527 2275 2655 2330 nihil
2684 2290 2804 2330 esse
2833 2285 3123 2345 putaretur,
3152 2276 3290 2346 quod
3319 2277 3414 2331 tibi

1840 2363 2146 2432 responderi
2171 2374 2365 2432 posset.
2383 2363 2509 2418 illud
2523 2364 2658 2433 quod
2684 2376 2878 2433 posset,
2900 2374 2953 2419 tu
2975 2366 3150 2421 dicere
3178 2367 3410 2421 noluisti.

1838 2455 1945 2508 Aut
1969 2465 2112 2509 certe
2137 2454 2301 2525 ipsam
2349 2471 2446 2509 cur
2489 2471 2591 2509 non
2634 2470 2798 2525 arguo
2839 2456 3166 2522 cmcitatem,
3214 2473 3316 2527 qua
3363 2458 3415 2512 id

1838 2558 1938 2598 nec
1962 2543 2141 2598 videre
2170 2545 2430 2613 potuisti?

1906 2628 2068 2684 XVII.
2108 2630 2224 2686 ιω..
2260 2631 2341 2685 'l'u
2384 2647 2513 2686 sane
2546 2640 2784 2704 nostrum
2826 2634 3067 2688 vexando
3113 2635 3411 2701 silentium,

1836 2722 2095 2791 protulisti
2123 2724 2260 2791 quod
2288 2723 2413 2776 olim
2441 2723 2649 2794 quidem
2677 2723 2885 2779 defendi
2928 2741 3031 2780 non
3056 2727 3247 2795 potuit;
3271 2744 3415 2784 nunc

1838 2825 1966 2865 vero
1988 2818 2263 2881 postquam
2286 2812 2557 2867 Manichari
2582 2814 2825 2882 epistola,
2855 2815 3005 2885 cujus
3030 2816 3081 2870 in
3105 2817 3239 2871 libro
3260 2820 3417 2872 tertio

1837 2903 2128 2956 sententias
2171 2904 2357 2972 posui,
2401 2904 2547 2958 venit
2571 2905 2636 2959 ad
2668 2907 2932 2975 publicum
2955 2948 2971 2973 ,
3003 2922 3101 2962 nec
3128 2908 3287 2963 celari
3319 2926 3416 2979 po-

1839 2997 1961 3045 test.

1914 3082 2047 3136 Ave.
2078 3080 2571 3150 Concupiscentiam
2601 3083 2777 3137 carnis
2800 3099 2897 3139 nec
2924 3085 3242 3141 Maniclireus
3267 3103 3417 3143 vera-

1840 3168 1976 3223 citer
2005 3171 2268 3238 vituperat
2295 3169 2357 3236 δς
2389 3186 2486 3225 nec
2513 3181 2569 3225 tu
2599 3172 2857 3226 veraciter
2884 3174 3066 3229 laudas
3094 3192 3108 3226 :
3142 3176 3263 3241 ille,
3293 3180 3415 3246 quia

1845 3262 2012 3315 nescit
2043 3263 2186 3317 unde
2216 3264 2315 3317 hoc
2341 3264 2411 3317 sit
2436 3264 2628 3317 malum
2643 3281 2665 3340 ,ς
2695 3251 2781 3333 tu,
2829 3268 2948 3335 quia
2980 3284 3140 3338 negas
3170 3270 3363 3325 malum
3398 3288 3412 3322 :

1846 3351 1951 3417 ille,
1985 3354 2104 3421 quia
2132 3366 2247 3406 eam
2274 3353 2550 3423 permixtae
2567 3352 2759 3409 'nobis
2782 3365 2982 3411 natura
3010 3359 3188 3413 tribuit
3209 3359 3415 3425 alienat;

1844 3450 1898 3494 tu
1923 3482 1938 3503 ,
1983 3441 2105 3510 quia
2142 3455 2258 3497 eam
2290 3451 2484 3496 nostra:
2505 3458 2609 3497 non
2638 3442 2716 3497 vis
2741 3458 2860 3498 esse
2889 3446 3081 3501 vitiatae
3108 3465 3122 3501 :
3151 3449 3265 3511 ille,
3297 3449 3418 3518 quia

1844 3545 1939 3600 per
1964 3532 2108 3586 illam
2137 3532 2306 3587 credit
2330 3534 2594 3601 corrmnpi
2624 3535 2711 3589 Dei
2745 3544 2945 3605 partem
2971 3537 3030 3601 ';
3061 3546 3143 3604 tu,
3175 3538 3293 3608 quia
3327 3555 3423 3611 per

1844 3623 1985 3677 illam
2013 3624 2366 3680 dehonestare
2393 3625 2605 3680 conaris
2624 3626 2782 3681 etiam
2807 3627 3035 3697 paradisi
3066 3628 3391 3683 felicitatem.

1915 3712 2100 3767 XVIII.
2132 3713 2250 3769 JUL.
2286 3734 2304 3764 ι
2341 3715 2550 3778 Noluit,
2589 3730 2611 3769 ι
2661 3717 2858 3788 inquit,
2892 3735 2911 3769 ι
2969 3723 3247 3776 nominare
3289 3735 3422 3775 con-

1845 3803 2220 3873 cupiscentiam
2256 3806 2458 3869 carnis,
2489 3820 2608 3874 qua:
2652 3821 2754 3860 non
2802 3817 2886 3862 est
2922 3822 2952 3861 a
2989 3808 3171 3873 Patre,
3218 3810 3309 3863 sed
3357 3826 3421 3863 ex

1846 3895 2045 3949 mundo
2069 3904 2146 3948 est
2167 3911 2181 3960 ;
2206 3895 2356 3963 cuius
2381 3895 2558 3949 mundi
2582 3896 2828 3964 princeps
2847 3896 3018 3949 dictus
3044 3906 3125 3950 est
3143 3898 3419 3952 diabolus:

1848 3985 1934 4054 qui
1962 4000 2078 4039 eam
2108 3985 2159 4038 in
2192 3984 2414 4038 Domino
2443 3998 2545 4037 non
2576 3984 2805 4047 invenit,
2833 3985 2953 4053 quia
2980 3985 3234 4038 Dominus
3262 3985 3426 4041 homo

1849 4090 1953 4130 noo
1977 4090 2071 4142 per
2095 4075 2259 4142 ipsam
2287 4073 2351 4126 ad
2376 4072 2616 4127 homines
2643 4074 2786 4127 venit
2811 4091 2829 4125 t
2861 4071 2965 4145 (De
2986 4071 3192 4141 Nuptiis
3212 4084 3256 4127 et
3280 4074 3417 4129 Con-

1849 4166 2168 4237 cupiscentia.
2188 4163 2275 4219 lib.
2297 4165 2353 4230 2,
2384 4181 2436 4219 η.
2463 4163 2761 4235 M).Verbis
2783 4178 2910 4234 ergo
2934 4164 3097 4234 ipsius
3122 4164 3419 4229 Manicha‘i,

1849 4255 2329 4325 concupiscentiam
2378 4254 2555 4308 carnis
2603 4269 2706 4307 non
2746 4269 2774 4307 a
2824 4255 2930 4309 Deo
2983 4253 3208 4316 factam,
3244 4254 3338 4308 sed
3395 4271 3425 4307 a

1850 4345 2081 4410 mundo,
2127 4345 2498 4413 cujustamen
2563 4342 2744 4397 mundi
2805 4342 3094 4412 principem
3155 4341 3423 4396 diabolum

1849 4438 1982 4494 dicis
1999 4479 2012 4500 ,
2063 4435 2329 4491 conditam
2372 4432 2657 4503 proﬁteris.

1923 4532 2056 4585 Aus.
2087 4525 2347 4597 Numquid
2365 4539 2465 4594 ego
2483 4523 2602 4578 dico
2622 4523 2888 4577 diabolum
2909 4521 3201 4590 principem
3218 4521 3426 4582 mundi.

204 4654 219 4686 ι
249 4637 335 4705 sed
360 4654 426 4694 ex
456 4611 655 4692 mundo
678 4645 793 4700 est;
823 4634 975 4703 cujus
1002 4611 1182 4687 mundi
1207 4631 1447 4701 princeps
1475 4626 1644 4682 dictus
1671 4634 1754 4682 est
1852 4611 1908 4675 et
1936 4620 2038 4676 hoc
2063 4619 2315 4674 Dominus
2356 4616 2470 4684 ipse
2513 4629 2617 4705 non
2658 4612 2829 4705 dicitl
2870 4611 3131 4705 Numquid
3177 4611 3280 4705 hoc
3327 4627 3431 4681 ego

206 4743 220 4774 ι
255 4725 487 4783 diabolus
518 4744 532 4780 :
564 4726 653 4795 qui
677 4740 793 4780 eant
838 4723 891 4778 in
937 4722 1159 4776 Domino
1202 4734 1306 4773 non
1351 4718 1582 4781 invenit,
1631 4716 1753 4788 quia

206 4834 222 4866 ι
256 4817 501 4872 Dominus
526 4816 684 4872 homo
713 4829 818 4870 non
853 4829 946 4883 per
974 4809 1233 4882 ipsam'ad
1278 4809 1517 4863 homines
1554 4808 1698 4863 venit
1729 4826 1749 4861 ι

203 4904 293 4960 ID:
334 4907 539 4977 Nuptiis
566 4915 612 4960 et
653 4901 1064 4971 Concupiscentia
1087 4941 1102 4965 ,
1137 4900 1222 4953 lib.
1251 4898 1308 4964 2,
1337 4914 1391 4953 ιι.
1422 4897 1532 4968 14).
1574 4897 1758 4951 Dixisti

203 5004 332 5050 certe
356 5011 441 5050 me
466 4993 707 5049 haeresim
733 4991 1065 5046 introducere
1084 5031 1099 5058 ,
1139 4986 1205 5043 ad
1251 4986 1390 5058 quod
1432 4984 1758 5056 probandum

206 5084 330 5138 nulla
358 5101 475 5140 mea
501 5084 637 5139 dicta
663 5082 954 5153 subjungis.

265 5177 395 5233 Atto.
426 5176 518 5232 llla
541 5176 677 5237 dicta
706 5184 792 5230 tua
839 5172 1097 5243 subjungo
1118 5212 1132 5237 ,
1162 5170 1352 5241 quibus
1393 5165 1758 5238 interrogasti,

210 5283 227 5316 ι
258 5268 378 5337 quid
408 5283 561 5323 suum
590 5266 829 5322 diabolus
850 5272 1136 5335 cognoscat
1161 5262 1211 5315 in
1249 5258 1481 5315 sexibus.
1521 5276 1540 5311 ι
1572 5257 1763 5312 Dolose

206 5357 387 5426 quippe
411 5362 508 5411 ista
535 5356 746 5413 dicebas
765 5395 780 5418 ,
809 5352 1019 5425 quando
1044 5348 1522 5421 concupiscentiam
1552 5347 1727 5401 carnis
1744 5386 1761 5413 ,

206 5446 345 5515 cujus
370 5448 675 5518 plerumque
713 5446 942 5503 motibus
970 5457 1185 5500 necesse
1224 5450 1308 5497 est
1334 5439 1582 5529 resistere
1605 5436 1763 5492 etiam

266 5620 284 5686 1
317 5619 701 5686 summa
729 5626 1063 5686 A‘?“5.-2.9W°

264 5679 286 5745 ξ
315 5677 395 5728 sit?
418 5687 518 5728 uss.
542 5677 1036 5745 tnytgn_.,_insidiosa.
1197 5737 1205 5745 _
1247 5743 1255 5745 _
1424 5735 1449 5745 υ

268 5738 289 5769 ³
321 5746 438 5792 vox.
455 5734 868 5796 mtalifadditur
887 5752 947 5787 cv
975 5737 1225 5793 manusth
1244 5743 1398 5785 torum
1423 5734 1514 5783 lide

1793 5792 1815 5820 Ι

1856 4711 2105 4766 dixissem
2133 4751 2146 4773 ,
2179 4708 2278 4764 nisi
2309 4707 2478 4775 ipsum
2503 4704 2701 4759 dixisse
2729 4702 2977 4772 legissem
2999 4702 3025 4754 ?
3051 4703 3191 4771 quod
3218 4717 3340 4757 cum
3370 4710 3432 4757 et

1856 4802 1970 4872 ipse
1990 4799 2206 4868 legeris,
2230 4812 2323 4853 cur
2341 4794 2696 4863 obiiciendum
2718 4793 2844 4847 mihi
2867 4792 3055 4863 putasti
3076 4792 3101 4845 ?
3119 4791 3225 4848 Nec
3252 4801 3433 4846 tamen

1859 4891 1978 4945 ideo
2002 4888 2241 4943 diabolus
2282 4887 2526 4955 princeps
2561 4884 2787 4940 cstctnli
2833 4890 2891 4937 et
2930 4891 3119 4944 terra),
3164 4890 3217 4936 et
3258 4874 3443 4936 omnis’

1860 4978 2095 5035 celestis
2118 4976 2484 5044 terrestrisque
2521 4982 2813 5037 creaturae,
2855 4971 3144 5026 secundum
3179 4970 3319 5039 quod
3347 4971 3436 5024 di-

1925 5114 1942 5145 ³
1977 5109 2115 5169 Editi,
2146 5105 2236 5159 cui
2276 5120 2369 5157 non
2598 5106 2769 5165 Abest,
2808 5114 2930 5163 non,
2969 5103 3369 5166 amanuscriptis.

1925 5174 1946 5205 ³
1980 5167 2107 5233 Apud
2139 5169 2423 5233 viguierium
2442 5167 2573 5233 ,ut's.
2640 5173 2694 5215 Μ.

1927 5234 1950 5267 ι
1979 5228 2052 5282 sic
2075 5228 2257 5281 min
2274 5230 2410 5291 editi,
2431 5228 2639 5291 videat._
3082 5286 3094 5291 _
3284 5283 3293 5291 ,

1926 5294 1948 5326 δ
1981 5292 2110 5355 apud
2148 5300 2262 5341 star.
2287 5286 2405 5355 clar.
2433 5297 2484 5355 et
2520 5289 2800 5355 editiones,
2833 5293 2948 5337 ante
2993 5286 3224 5355 verbum,
3250 5286 3434 5355 eitum:

1865 5362 1968 5415 rat,
1993 5341 2266 5417 legebatur,
2288 5355 2333 5401 et
2370 5347 2670 5401 invictissime
2694 5341 2859 5417 contra
2882 5344 3140 5417 Manichin
3170 5341 3216 5394 et
3256 5341 3437 5417 rettuli

1865 5401 2155 5469 Quanti;
2178 5401 2421 5463 Glossema
2463 5424 2521 5462 ex
2556 5412 2774 5474 margine
2817 5410 2912 5459 huc
2952 5406 3255 5462 translatum,
3305 5401 3438 5463 quod

1865 5479 2147 5530 auctorum
2177 5474 2352 5526 codicis
2372 5480 2611 5539 Pot-tarum
2634 5473 2976 5539 capuaximus-
3086 5538 3089 5539 γ
3116 5536 3151 5539 γ,

1930 5542 1954 5574 ⁵
1985 5539 2241 5593 Fditiones,
2281 5533 2584 5599 permirum.
2630 5530 2947 5599 Emendautur
2978 5539 3041 5576 ex
3065 5531 3435 5599 'manustrtptis.

1934 5602 1955 5632 ⁸
1990 5609 2112 5650 Duos
2130 5600 2203 5648 hic
2227 5594 2412 5654 versus,
2443 5609 2621 5656 nempe
2643 5608 2670 5643 a
2692 5594 2872 5651 verbis,
2894 5598 2963 5644 tu,
2992 5594 3105 5654 quia
3126 5597 3248 5641 eam,
3277 5596 3438 5656 usque

1874 5663 1930 5711 ad
1957 5663 2177 5717 verbum,
2197 5652 2469 5719 partarum
2512 5652 2800 5719 editiouibus
2836 5652 3180 5714 prth
3220 5652 3433 5698 restitui-

1876 5738 1980 5772 tmss
2006 5737 2067 5771 ex
2102 5718 2351 5779 manust-ri,
2370 5728 2528 5768 torum
