3954 6178
510 344 648 399 1547

505 467 651 512 ctum
680 462 782 516 est,
805 448 1024 503 Mundus
1049 459 1136 513 per
1155 457 1279 499 eum.
1297 439 1462 508 [actus
1486 443 1556 490 est
1584 449 1601 487 :
1627 430 1720 487 sed
1746 428 1868 499 quia
1896 422 2080 480 mundi

511 546 727 602 nomine
751 540 1043 611 appellatus
1066 541 1152 590 est
1177 531 1322 586 orbis
1348 538 1502 583 terrm
1525 526 1576 580 in
1601 520 1899 577 hominibus
1916 557 1930 580 ,
1958 530 2087 585 qua-

510 637 648 692 libus
673 608 857 705 plenus
887 636 988 689 est,
1017 623 1305 680 secundum
1332 617 1472 689 quod
1498 616 1695 670 dictum
1724 619 1828 676 est,
1854 608 1916 661 Et
1945 621 2089 659 mun-

510 729 605 782 dus
614 698 726 780 eum
751 739 851 776 non
867 720 1091 790 cognouit
1115 715 1290 787 (Joan.
1310 728 1349 778 t,
1372 710 1456 781 10)
1475 726 1489 771 ;
1514 705 1803 763 secundum
1824 699 1961 773 quod
1977 698 2088 790 die-

507 828 595 873 tus
621 825 704 871 est
731 823 783 869 et
805 788 1047 867 diabolus
1062 808 1304 878 «princeps
1327 801 1502 855 mundi
1525 799 1674 868 hujus
1703 795 1809 867 (Id.
1839 808 1937 858 xu,
1962 788 2085 860 5|);

510 904 800 973 secundum
828 900 967 971 quod
995 899 1191 952 dictum
1219 904 1299 949 est
1320 934 1334 955 ,
1365 890 1589 945 Mundus
1616 889 1667 940 in
1696 886 1916 954 maligno
1944 881 2087 952 posi—

508 1006 588 1050 tus
616 1005 685 1047 est
713 992 756 1061 (1
794 990 950 1044 Joan.
978 1003 1043 1053 v,
1076 985 1197 1055 l9);
1227 978 1513 1036 secundum
1559 974 1698 1047 quod
1741 973 1938 1028 dictum
1979 977 2088 1033 est,

514 1085 651 1151 Quia
676 1098 787 1135 vero
817 1080 878 1134 de
903 1076 1088 1131 mundo
1111 1090 1208 1127 non
1232 1072 1349 1126 estis
1374 1112 1388 1133 ,
1416 1077 1675 1138 propterea
1696 1064 1798 1117 odit
1830 1078 1914 1115 vos
1940 1075 2090 1113 mun-

511 1150 605 1227 dus
641 1171 817 1243 (Joan.
844 1184 912 1223 xv
934 1209 951 1234 ,
984 1164 1111 1236 19);
1141 1172 1195 1217 et
1239 1156 1641 1215 innumerabilia
1691 1153 1833 1206 talia.
1878 1150 1956 1203 Ac
1998 1162 2093 1217 per

512 1264 631 1326 hoc,
649 1238 947 1324 ‘muudum,
977 1252 1261 1323 Scripturis
1290 1249 1485 1304 sanctis
1506 1244 1840 1305 ducentibus,
1870 1257 1965 1311 pro
1989 1238 2091 1293 dif-

512 1352 730 1407 ferentia
763 1347 1145 1403 sententiarum
1167 1383 1182 1407 ,
1206 1355 1345 1395 nunc
1370 1340 1420 1392 in
1443 1338 1580 1391 bono
1601 1333 1889 1403 accipimus
1909 1372 1922 1393 ,
1953 1344 2094 1383 nunc

517 1445 569 1496 in
598 1442 758 1495 malo.
805 1438 883 1493 Ad
915 1437 1047 1491 bona
1077 1434 1191 1503 ejus
1220 1430 1483 1500 pertinent
1507 1427 1698 1481 C(Blllln
1742 1432 1795 1477 et
1842 1432 2009 1485 terra,
2041 1430 2095 1476 et

513 1534 685 1586 omnis
706 1532 759 1585 in
786 1530 862 1583 eis
882 1528 973 1582 Dei
999 1534 1240 1580 creatura
1271 1519 1363 1575 :ad
1390 1518 1525 1573 mala
1550 1517 1661 1586 ejus
1681 1514 1946 1585 pertinent
1971 1528 2093 1564 con-

515 1620 820 1691 cupiscentia
844 1618 1033 1681 carnis,
1053 1623 1097 1667 et
1112 1609 1509 1681 concupiscentia
1528 1605 1806 1668 oculorum,
1833 1612 1877 1656 et
1891 1600 2094 1655 ambitio

514 1713 719 1774 necati,
767 1709 889 1773 vel,
932 1707 1067 1760 sicut
1110 1705 1222 1774 ipse
1248 1695 1492 1772 posuisti,
1532 1696 1763 1766 superbia
1788 1695 1918 1748 vitm.
1948 1692 2096 1748 Sicut

517 1817 643 1871 ergo
673 1814 813 1855 nunc
842 1799 892 1852 in
924 1797 1061 1850 bono
1085 1835 1099 1858 ,
1138 1807 1280 1847 nunc
1323 1791 1373 1844 in
1404 1790 1544 1843 malo
1588 1787 1778 1857 legitur
1818 1782 2043 1837 mundus
2078 1799 2091 1835 :

516 1893 595 1945 sic
621 1892 753 1959 lege,
782 1889 825 1942 si
874 1894 1044 1956 potes,
1076 1880 1358 1952 aliquando
1399 1880 1450 1934 in
1476 1879 1618 1933 bono
1646 1874 1869 1944 pesitam
1896 1886 2095 1926 concu-

516 1981 830 2051 piscentiam
874 1976 1070 2041 carnis,
1126 1974 1205 2029 vel
1253 1967 1734 2040 concupiscentiam
1781 1963 2093 2020 oculorum:

515 2073 606 2126 sed
645 2072 722 2126 sic
749 2085 853 2125 non
888 2069 1144 2131 invenies,
1166 2066 1302 2119 sicut
1325 2078 1424 2117 nec
1443 2060 1744 2132 superbiam
1768 2059 1886 2112 vita:
1910 2099 1926 2123 ,
1954 2056 2094 2126 quod

516 2163 618 2216 illis
637 2160 844 2215 duobus
870 2157 1023 2212 malis
1049 2157 1064 2187 ί
1096 2154 1331 2208 additum
1360 2160 1445 2208 est
1473 2150 1703 2205 tertium.

587 2249 730 2320 XIX.
758 2249 874 2304 Jun.
901 2246 1023 2302 Ideo
1049 2254 1224 2298 autem
1250 2242 1359 2297 disi
1383 2241 1611 2310 eloquiis
1632 2249 1684 2293 te
1706 2253 1856 2294 usum
1879 2236 2095 2291 omnino

518 2340 824 2404 Manicltmi,
852 2338 973 2409 quia
1004 2336 1103 2391 etsi
1135 2336 1187 2389 in
1210 2332 1433 2404 apostoli
1457 2330 1677 2386 Joannis
1707 2327 1935 2398 Epistula
1962 2342 2097 2381 non-

514 2432 657 2485 nulla
685 2446 746 2485 ex
778 2429 859 2482 bis
890 2426 1047 2482 verba
1076 2433 1382 2487 teneantur;
1412 2431 1585 2474 tamen
1611 2418 1732 2488 quia
1760 2426 1962 2471 certum
1991 2423 2093 2479 est,

516 2536 623 2574 non
652 2518 725 2572 ibi
776 2518 923 2571 illum
955 2514 1209 2570 Ecclesiae
1236 2513 1548 2582 magistrum
1577 2518 1667 2562 aut
1694 2507 1762 2562 de
1786 2521 1947 2561 carne
1965 2548 1979 2572 ,
2007 2514 2098 2560 aut

517 2612 582 2665 de
611 2623 769 2665 sensu
796 2607 972 2663 carnis
988 2647 1005 2671 ,
1033 2612 1126 2659 aut
1145 2603 1210 2657 de
1231 2599 1656 2670 concupiscentia
1678 2597 1919 2668 nuptiali,
1941 2596 2097 2667 quid-

516 2718 674 2773 quam
703 2702 806 2756 tale
842 2699 1094 2763 sensisse,
1126 2697 1284 2766 quale
1326 2693 1645 2749 Mauichmus
1674 2692 1954 2748 verborum
1984 2691 2098 2761 ejus

516 2794 858 2863 usurpatione
885 2790 1193 2862 componit;
1224 2802 1328 2842 non
1375 2786 1566 2857 injuria
1610 2785 1727 2855 ejus
1774 2784 1935 2838 verba
1978 2798 2099 2839 esse

516 2884 659 2949 dixi,
688 2882 841 2951 cujus
866 2880 1048 2936 sensui
1091 2878 1417 2943 serviebant,
1449 2884 1507 2929 ut
1548 2875 1754 2945 eloquia
1792 2873 2099 2928 intentionis

516 2991 627 3030 sua:
655 2974 842 3028 merito
871 2978 1191 3026 censeantur
1216 2984 1233 3022 :
1262 2976 1316 3022 et
1343 2968 1477 3022 sicut
1498 2966 1637 3036 apud
1664 2973 1904 3022 sanctum
1933 2964 2097 3019 Joan-

517 3082 638 3121 nem
681 3064 971 3134 apostolica
1018 3068 1145 3116 sunt
1171 3059 1427 3129 dignitate
1457 3056 1768 3121 reverenda,
1815 3055 1938 3125 quia
1969 3055 2099 3110 insi-

522 3166 686 3212 nuant
720 3155 998 3210 veritatem
1041 3192 1055 3218 ,
1091 3152 1160 3206 ita
1201 3150 1342 3219 apud
1392 3148 1743 3203 Manichtuum
1790 3146 2101 3202 obumbrata

517 3248 726 3301 illorum
757 3244 906 3313 signa
934 3258 1040 3297 non
1070 3255 1320 3310 expressa
1352 3239 1648 3295 vidcantur.

586 3340 724 3391 Auc.
755 3333 891 3402 Quid
918 3331 1071 3387 addis
1107 3350 1126 3383 ι
1159 3329 1402 3399 nuptiali,
1441 3347 1461 3380 ι
1492 3337 1546 3382 ει
1576 3327 1710 3382 dicis
1745 3344 1763 3377 ι
1800 3325 1870 3381 de
1902 3340 2100 3380 concu-

517 3427 770 3496 plsccntia
800 3424 1041 3493 nuptiali,
1077 3440 1097 3474 ι
1134 3432 1191 3476 ut
1215 3422 1408 3475 vestias
1449 3419 1748 3488 pudendam
1794 3427 2098 3487 susceptam

523 3528 665 3570 tuam
693 3516 910 3570 nomine
949 3513 1173 3567 honesto
1218 3510 1571 3579 nuptiarum?
1614 3511 2103 3579 Concupiscentiam

530 3608 709 3662 extrnis
731 3606 872 3661 dixit
894 3604 1166 3673 apostolus
1194 3602 1461 3665 Joannes,
1490 3617 1594 3654 non
1622 3601 2106 3669 concupiscentiam

531 3696 844 3766 nuptialem;
863 3710 981 3765 qum
994 3702 1171 3763 posset
1194 3706 1312 3747 esse
1338 3694 1387 3745 in
1408 3692 1672 3761 paradiso,
1697 3692 1855 3745 etiam
1882 3691 1926 3744 si
1950 3707 2107 3745 nemo

526 3764 820 3859 peccasset,
858 3764 907 3840 in
936 3785 1170 3855 appetitu
1202 3782 1554 3847 fecunditatis,
1581 3797 1683 3837 non
1711 3783 1761 3836 in
1789 3783 1992 3850 pruritu
2016 3764 2108 3835 vo-

524 3879 769 3947 luptatis;
802 3885 893 3931 aut
919 3885 1065 3931 certe
1095 3874 1299 3945 spiritui
1330 3888 1542 3942 semper
1585 3873 1886 3942 subjacens,
1920 3882 1976 3926 ut
2003 3887 2106 3926 non

524 3971 625 4025 nisi
672 3968 859 4039 Spiritu
909 3967 1118 4022 volente
1162 3973 1496 4027 moveretur;
1543 3978 1810 4032 nunquam
1854 3962 2111 4017 adversus

523 4062 769 4132 spiritum
808 4059 1215 4128 concupiscens,
1249 4064 1306 4110 ut
1345 4063 1403 4111 et
1445 4055 1662 4124 spiritus
1704 4054 1961 4107 adversus
1990 4068 2106 4107 eam

525 4153 905 4221 concupiscere
937 4158 1239 4219 cogeretur.
1272 4146 1424 4201 Absit
1450 4146 1592 4200 enim
1622 4153 1680 4201 ut
1718 4145 1770 4198 in
1801 4145 1919 4199 loco
1949 4152 2110 4199 tanta:

528 4242 816 4306 felicitatis,
864 4249 919 4294 et
960 4240 1012 4293 in
1040 4237 1342 4292 hominibus
1373 4235 1480 4290 illic
1509 4242 1651 4289 tanta
1700 4250 1829 4304 pace
1870 4233 2110 4289 felicibus

527 4343 671 4391 esset
699 4332 804 4387 ulla
832 4327 1097 4385 discordia
1122 4325 1296 4381 carnis
1322 4333 1376 4379 et
1404 4324 1641 4393 spiritus.

603 4423 719 4478 XX.
747 4421 865 4477 ἔοι.
900 4418 1186 4488 Apostolus
1217 4416 1412 4486 quippe
1453 4413 1682 4469 Joannes
1706 4428 1827 4468 cum
1854 4412 1918 4467 ad
1945 4413 2109 4467 virtu-

532 4526 644 4569 tum
668 4514 905 4567 omnium
939 4508 1204 4580 fastigium
1232 4515 1545 4577 provocarat
1571 4504 1771 4570 fideles,
1798 4513 1852 4558 et
1880 4502 2110 4558 studium

530 4604 825 4658 sanctitatis
869 4601 935 4655 ad
979 4600 1311 4653 altitudinem
1372 4596 1653 4651 dominicm
1696 4596 2113 4650 conversationis

531 4691 870 4754 extenderet,
914 4688 979 4743 ad
1027 4688 1421 4757 compendium,
1470 4686 1651 4740 mundi
1698 4685 1859 4739 totius
1900 4685 2114 4739 nomine

536 4784 781 4838 universa
808 4782 1147 4851 pramentium
1175 4781 1431 4833 bonorum
1462 4780 1482 4810 ³
1501 4788 1553 4833 et
1578 4777 1966 4847 jucunditatum
1996 4777 2116 4830 irri-

537 4880 769 4928 tamenta
800 4867 1144 4933 concludens,
1180 4867 1368 4932 Nolite,
1402 4869 1591 4937 inquit,
1621 4868 1829 4936 diligere
1850 4867 2111 4933 mundum,

537 4982 694 5035 neque
721 4982 778 5019 ea
814 4979 930 5034 qua:
957 4962 1008 5016 in
1038 4961 1225 5017 mundo
1250 4970 1383 5015 sunt.
1425 4960 1487 5014 Si
1510 4961 1621 5030 quis
1646 4960 1810 5030 diligit
1838 4958 2111 5022 mundum,

539 5073 636 5109 non
660 5065 731 5108 est
758 5057 979 5107 cliaritas
1011 5051 1177 5105 Patris
1203 5052 1255 5104 in
1296 5066 1405 5123 eo.:_
1430 5050 1665 5117 quoniam
1711 5065 1856 5103 omne
1882 5047 2017 5117 quod
2045 5057 2117 5102 est

537 5147 588 5198 in
610 5143 796 5197 mundo
816 5185 828 5207 ,
861 5141 1257 5212 concupiscentia
1277 5141 1443 5194 carnis
1470 5182 1483 5204 ,
1506 5150 1551 5193 et
1573 5139 1973 5207 concupiscentia
1996 5155 2117 5191 ocu-

536 5235 700 5295 lorum
728 5242 799 5285 est
824 5272 839 5297 ,
872 5240 918 5284 et
970 5230 1203 5300 superbia
1238 5231 1393 5293 vita;
1437 5244 1550 5297 qua:
1588 5246 1687 5282 non
1726 5237 1797 5281 est
1835 5244 1898 5281 ex
1942 5227 2115 5292 Patre,

538 5325 627 5381 sed
652 5342 716 5381 ea:
742 5323 929 5377 mundo
956 5331 1027 5376 est
1060 5337 1078 5377 :
1104 5331 1150 5376 et
1179 5322 1396 5376 mundus
1412 5322 1590 5375 transit
1611 5362 1625 5385 ,
1650 5329 1695 5373 et
1715 5319 2119 5386 concupiscentia

536 5420 677 5489 ejus;
706 5416 791 5487 qni
828 5422 993 5468 autem
1039 5415 1158 5485 facit
1186 5414 1491 5467 voluntatem
1515 5411 1637 5475 Dei,
1665 5418 1830 5462 manet
1875 5424 1929 5461 in
1970 5424 2118 5462 teter-

538 5527 658 5565 num
673 5507 716 5582 (1
729 5508 883 5563 Joan.
902 5522 960 5572 ιι,
983 5506 1108 5562 l5-l
1119 5504 1196 5575 7).
1220 5506 1484 5571 Quantum
1497 5502 1561 5558 ad
1585 5501 1917 5573 superficiem
1931 5501 2120 5557 verbo-

605 5666 623 5696 ¹
659 5674 755 5715 noc
779 5666 923 5715 etiam
949 5662 1082 5719 loco,
1112 5658 1270 5717 titulis,
1290 5638 1629 5721 prater-ierunt
1653 5657 1908 5709 editiones.

611 5728 632 5756 ι
663 5732 714 5775 tu
747 5735 851 5775 uss.
875 5734 982 5774 nar.
1010 5730 1153 5783 νυνι,
1172 5721 1422 5771 honorum.

1200 325 1442 383 OPERIS
1482 314 1889 378 lblI’ERFECTl
1929 307 2194 367 CONTRA
2237 302 2593 367 JULIANUM,
2634 303 2690 358 S.
2734 296 3098 359 AUGUSTINI

3629 294 3754 348 1548

2196 435 2310 475 rum
2341 418 2575 487 respicit,
2625 417 2803 471 odium
2846 414 3093 471 omnibus
3141 409 3320 465 Indicit
3359 408 3666 473 clementis,
3706 418 3757 463 et

2196 512 2445 566 mundum
2472 520 2524 566 et
2546 518 2732 567 cuncta
2753 524 2870 578 qua:
2897 509 2949 560 in
2989 503 3187 560 mundo
3214 509 3339 557 sunt
3357 544 3371 568 ,
3400 515 3506 556 non
3545 514 3660 556 esse
3697 514 3753 555 ex

2196 598 2351 658 Patre
2368 644 2383 669 ,
2416 616 2587 672 neque
2612 600 2758 670 diligi
2784 596 2979 654 debere
3005 594 3301 651 denuntiat.

2266 714 2398 768 Auc.
2441 711 2671 766 inaniter
2698 711 2794 765 ista
2816 709 2947 764 dicis
2977 726 2990 762 :
3018 707 3195 763 nullus
3223 706 3307 760 vel
3345 705 3504 760 idiota
3545 703 3767 757 eatltoli~

2194 803 2390 859 euvsic
2428 803 2529 857 isto
2571 802 2689 857 loco
2721 798 3226 871 aceipitmuudum,
3275 805 3333 855 ut
3378 794 3446 851 de
3492 790 3757 851 elementis

2194 893 2390 962 aliquid
2432 893 2647 961 cogitet.
2690 891 2873 961 Neque
2898 891 3040 946 enim
3069 898 3125 944 et
3151 889 3239 943 ubi
3283 887 3503 943 dicitde
3546 886 3757 940 Domino

2196 983 2434 1046 Christo,
2487 981 2607 1051 Ipse
2650 991 2722 1037 est
2758 981 3045 1051 propitiatio
3066 970 3406 1049 peccatorum
3447 985 3755 1030 nostrorum:

2194 1088 2296 1127 non
2319 1071 2481 1126 solum
2498 1080 2800 1133 nostrorum,
2822 1069 2910 1125 sed
2930 1079 2975 1123 et
2994 1068 3145 1124 totius
3169 1067 3342 1121 mundi
3363 1066 3401 1135 (1
3422 1064 3581 1120 Joan.
3605 1080 3660 1127 u,
3675 1063 3754 1134 2);

2198 1162 2265 1214 ita
2296 1162 2573 1231 quisquam
2601 1160 2815 1229 desipit,
2844 1168 2902 1215 ut
2920 1161 3079 1214 etiam
3100 1148 3486 1213 elementorum
3536 1156 3623 1210 hic
3652 1157 3757 1210 exi-

2194 1253 2377 1309 stimet
2425 1251 2762 1322 intelligenda
2799 1266 2918 1306 esse
2964 1262 3200 1319 peccata.
3244 1249 3437 1304 Totum
3489 1247 3595 1302 hoc
3643 1262 3759 1315 ergo

2197 1343 2336 1413 quod
2369 1344 2471 1398 isto
2501 1343 2659 1398 modo
2699 1342 2894 1397 dicitur
2922 1341 3182 1403 mundus,
3214 1354 3319 1394 non
3348 1338 3450 1393 nisi
3489 1338 3541 1392 in
3598 1336 3760 1391 homi-

2199 1436 2355 1490 nibus
2381 1434 2710 1504 intelligitur,
2740 1434 2831 1503 qui
2875 1439 3000 1487 sunt
3028 1439 3329 1503 peratotum
3372 1428 3665 1491 mundum,
3711 1426 3760 1481 id

2197 1535 2311 1592 est,
2358 1534 2502 1589 toto,
2548 1538 2967 1594 quaquaversum
3004 1521 3272 1587 incolitur,
3311 1519 3442 1575 orbe
3485 1528 3758 1573 terrarum.

2201 1616 2371 1687 Ipsam
2399 1615 2627 1685 denique
2657 1614 2942 1691 humanam
2971 1613 3132 1667 vitam
3150 1652 3165 1677 ,
3197 1626 3298 1681 qua
3326 1625 3429 1665 non
3473 1608 3760 1664 secundum

2200 1709 2387 1773 Deum,
2418 1706 2511 1763 sed
2538 1704 2829 1762 secundum
2854 1704 3123 1759 hominem
3150 1702 3362 1766 vivitur,
3392 1700 3649 1754 mundum
3671 1699 3763 1753 hoc
3803 1703 3823 1773 ’ξ

2198 1801 2316 1855 loco
2341 1800 2625 1870 appellavit
2650 1796 2958 1868 Apostolus.
2991 1796 3117 1850 ldeo
3146 1794 3290 1863 diligi
3320 1801 3500 1856 vetat,
3532 1800 3589 1845 et
3614 1790 3762 1853 dicit,

2203 1890 2385 1945 Omnia
2408 1905 2521 1960 qua:
2561 1891 2614 1944 in
2642 1887 2831 1944 mundo
2858 1895 2975 1942 sum
2994 1926 3010 1952 ,
3038 1883 3441 1954 concupiscentia
3470 1883 3638 1934 carnis
3661 1891 3728 1934 est
3745 1921 3760 1945 ,

2198 1992 2244 2036 et
2273 1981 2674 2050 concupiscentia
2698 1979 2990 2051 oculorum,
3022 1986 3069 2030 et
3094 1975 3298 2028 ambitio
3323 1968 3499 2027 attenti
3516 2013 3533 2037 ,
3574 1972 3657 2026 vel
3680 1988 3764 2025 su-

2198 2070 2368 2141 perbia
2395 2071 2538 2137 vitm;
2558 2085 2671 2140 qua:
2690 2085 2791 2123 non
2814 2077 2887 2124 est
2911 2080 2943 2120 a
2972 2066 3154 2130 Patre,
3188 2064 3277 2120 sed
3327 2080 3389 2117 ea:
3437 2062 3632 2115 mundo
3676 2072 3761 2115 est.

2199 2160 2276 2214 Tu
2296 2199 2312 2225 ,
2357 2160 2400 2214 si
2431 2157 2557 2229 quid
2603 2169 2753 2228 potes
2776 2199 2791 2223 ,
2824 2158 2877 2211 in
2905 2157 3044 2210 bono
3073 2153 3356 2222 aliquando
3400 2152 3720 2205 nominatam
3751 2192 3766 2215 ,

2200 2249 2597 2320 Scripturarum
2638 2256 2941 2303 sanctarum
2971 2247 3091 2302 loco
3118 2247 3228 2301 ullo
3246 2287 3260 2309 ,
3287 2246 3768 2315 concupiscentiam

2198 2342 2373 2399 carnis
2397 2342 2619 2397 ostende
2652 2359 2665 2396 :
2696 2351 2752 2398 et
2796 2341 2903 2396 noli
2920 2340 3118 2410 apertis
3149 2338 3309 2395 rebus
3337 2338 3567 2393 nebulas
3588 2337 3770 2407 loqua-

2198 2432 2373 2488 citatis
2402 2431 2701 2488 effundere.

2271 2546 2410 2602 XXI.
2432 2546 2552 2603 Jun.
2579 2546 2734 2601 Certe
2746 2545 3019 2616 apostolus
3042 2553 3155 2611 est,
3183 2549 3237 2598 et
3258 2541 3520 2613 prmeipua
3551 2538 3771 2595 Domino

2198 2636 2326 2693 Jesu
2355 2636 2613 2692 charitate
2640 2636 2865 2692 dilectus
2897 2652 2911 2689 :
2943 2644 3118 2691 tamen
3146 2634 3245 2689 nisi
3269 2633 3613 2688 intentionem
3638 2632 3771 2702 ejus,

2199 2728 2283 2782 vel
2314 2728 2665 2799 Evangelium
2706 2727 2844 2798 quod
2884 2727 3120 2797 scripsit,
3147 2726 3230 2782 vel
3259 2725 3614 2795 Epistolarum
3653 2740 3772 2795 gra-

2201 2819 2336 2873 vitas
2364 2818 2647 2885 indicaret,
2678 2819 2835 2874 verba
2863 2818 2963 2873 ista
2999 2833 3119 2887 qua:
3144 2817 3447 2886 posuimus,
3478 2816 3548 2870 ita
3579 2815 3775 2870 nullum

2204 2916 2424 2978 possent
2448 2908 2608 2963 rebus
2631 2908 2823 2963 afferre
2846 2906 3205 2978 praejudieium
3225 2949 3241 2973 ,
3269 2916 3326 2961 ut
3353 2907 3640 2976 Scripturis
3657 2920 3772 2960 om-

2203 3000 2386 3065 nibus,
2417 3014 2536 3068 qure
2563 2999 2817 3054 mundum
2843 3015 2874 3054 a
2902 3000 3009 3054 Deo
3031 2995 3224 3053 factum
3244 3008 3491 3053 asserunt
3509 3038 3525 3063 ,
3546 2996 3738 3053 cedem
3758 2999 3773 3028 '

2204 3098 2537 3160 cogerentur.
2573 3089 2764 3144 Verum
2796 3090 2911 3160 ipse
2954 3089 3221 3160 Evangelii
3260 3087 3400 3159 quod
3441 3088 3779 3158 conscripsit,

2203 3182 2498 3237 reverenda
2538 3197 2595 3235 se
2624 3181 2973 3237 comumnivit
3018 3180 3238 3236 exordio
3268 3182 3310 3233 '.
3360 3179 3530 3244 Deus,
3582 3178 3777 3249 inquit,

2204 3286 2310 3329 erat
2348 3274 2601 3337 Verbum;
2625 3291 2713 3343 per
2737 3274 2905 3344 ipsum
2929 3278 3062 3344 facta
3083 3282 3197 3326 sunt
3222 3273 3422 3337 omnia,
3468 3280 3515 3324 et
3542 3271 3654 3325 sine
3672 3272 3781 3341 ipso

2206 3370 2396 3436 factum
2420 3375 2495 3419 est
2522 3365 2670 3419 nihil.
2714 3365 2793 3418 Ac
2843 3364 3135 3433 deinceps:
3188 3364 3314 3418 Erat
3360 3364 3530 3417 lumen
3578 3378 3780 3421 verum.

2206 3457 2343 3524 quod
2386 3457 2640 3511 illuminat
2690 3472 2888 3510 omnem
2932 3456 3182 3510 hominem
3231 3454 3506 3508 venieiuem
3553 3454 3607 3507 in
3654 3452 3785 3506 hunc

2208 3547 2450 3601 mundum
2472 3564 2491 3601 :
2520 3548 2572 3600 in
2602 3549 2695 3601 hoc
2740 3548 2927 3601 mundo
2969 3556 3108 3612 erat,
3147 3555 3195 3600 et
3234 3559 3450 3599 ntunaus
3491 3559 3584 3614 per
3622 3545 3790 3615 ipsum

2209 3644 2373 3710 factus
2399 3649 2491 3695 est.
2519 3639 2754 3710 Itemque
2783 3659 2796 3693 :
2848 3638 3064 3694 Verbum
3101 3654 3219 3691 caro
3247 3640 3436 3707 factum
3460 3644 3567 3702 est,
3611 3644 3665 3688 ut
3695 3636 3790 3687 lia-

2208 3733 2384 3787 bitaret
2409 3735 2460 3786 in
2489 3734 2630 3787 nobis
2652 3734 2828 3803 (Joan.
2860 3748 2899 3796 1,
2931 3732 2990 3797 1,
3020 3732 3075 3796 5,
3101 3730 3164 3796 9,
3201 3729 3300 3796 10,
3333 3728 3446 3798 Η).
3474 3728 3684 3793 Quibus
3710 3734 3793 3780 te-

2210 3824 2474 3880 stimoniis
2504 3824 2635 3879 nihil
2663 3825 2713 3878 in
2757 3826 3004 3878 sensibus
3022 3823 3133 3876 suis
3161 3820 3502 3875 obscuritatis
3531 3818 3752 3887 reliquit
3779 3833 3794 3870 :

2211 3918 2303 3972 sed
2331 3918 2567 3971 ostendit
2591 3919 2753 3971 Deum
2777 3932 2836 3971 se
2868 3930 3030 3970 nosse
3057 3924 3111 3969 et
3131 3928 3374 3967 asserere
3393 3912 3558 3965 totius
3584 3908 3796 3973 mundi,

2210 4017 2370 4078 atque
2393 4023 2575 4063 eorum
2595 4024 2711 4077 quae
2732 4008 2783 4061 in
2809 4005 3010 4061 mundo
3034 4014 3159 4059 sunt
3179 4002 3415 4058 omnium
3434 4000 3798 4061 conditorem,

2214 4098 2621 4168 Mauicltmisque
2669 4098 2872 4152 nullum
2923 4096 2989 4150 ad
3037 4095 3327 4151 sententias
3369 4107 3492 4147 suas
3516 4104 3799 4145 accessum

2213 4198 2395 4258 patere
2440 4188 2739 4257 perdocuit.
2770 4188 3029 4255 Quoniam
3073 4186 3161 4256 qui
3201 4185 3436 4239 onminm
3483 4192 3806 4236 naturarum

2219 4280 2382 4334 Deum
2414 4281 2605 4333 asserit
2631 4289 2926 4333 creatorem
2948 4319 2961 4341 ,
2990 4277 3242 4339 abutitur,
3270 4274 3387 4328 sine
3419 4272 3542 4326 fidei
3575 4272 3805 4340 diSpen-

2213 4370 2335 4435 dio,
2381 4368 2794 4424 stibstantiarum
2860 4367 3192 4431 nominibus,
3240 4365 3307 4419 ad
3351 4361 3806 4434 significationem

2213 4460 2514 4530 cupiditatis
2542 4460 2857 4515 immodicre.

2288 4578 2423 4633 Anc.
2451 4575 2556 4631 Sed
2586 4585 2639 4629 tu
2670 4572 3154 4642 concupiscentiam
3200 4568 3377 4623 carnis
3397 4609 3412 4632 ,
3458 4580 3558 4621 nec
3588 4562 3811 4633 quando

2219 4670 2497 4725 immodica
2530 4676 2612 4723 est
2628 4666 2670 4733 ³,
2691 4667 2770 4720 vis
2790 4664 3009 4734 intelligi
3034 4662 3231 4717 malum
3258 4674 3378 4714 esse
3398 4701 3413 4724 ,
3437 4656 3529 4711 sed
3559 4657 3770 4710 bonum
3796 4693 3811 4716 ,

2219 4779 2419 4834 eosque
2450 4762 2625 4832 potius
2651 4760 2791 4814 bono
2821 4756 2959 4810 male
2986 4754 3061 4808 uti
3081 4796 3095 4817 ,
3121 4753 3208 4822 qui
3240 4767 3303 4806 ca
3333 4759 3556 4803 utuntur
3603 4747 3811 4800 immo—

2220 4856 2357 4910 dice.
2382 4829 2463 4907 Aci
2480 4868 2573 4923 per
2592 4849 2693 4904 hoc
2714 4891 2728 4915 ,
2760 4845 2805 4901 si
2825 4842 3251 4914 concupiscentia
3269 4839 3447 4895 carnis
3464 4839 3666 4892 bonum
3691 4842 3813 4893 est;
3838 4829 3847 4835 ’

2221 4948 2457 5021 proiecto
2477 4954 2532 5000 et
2570 4942 2774 4998 modica
2795 4940 2990 4995 bonum
3008 4945 3089 4991 est
3112 4934 3400 4996 modicum,
3432 4938 3487 4984 et
3519 4926 3815 4982 immodica

2223 5018 2418 5095 bonum
2454 5045 2537 5093 est
2573 5033 2913 5090 immodicum
2945 5048 2959 5083 ι
2995 5028 3087 5084 sed
3118 5027 3323 5081 modica
3354 5023 3450 5082 uti.
3484 5018 3588 5075 hac
3616 5026 3734 5081 est,
3763 5025 3820 5066 ut

2221 5132 2376 5197 dicis,
2403 5130 2541 5184 bono
2569 5127 2705 5181 bene
2738 5124 2846 5190 uti;
2880 5119 3164 5175 immodica
3190 5131 3318 5171 vero
3346 5115 3443 5178 nti,
3473 5113 3577 5166 hoc
3614 5116 3731 5171 est,
3762 5116 3819 5158 ut

2224 5222 2376 5287 dicis,
2408 5220 2547 5275 bono
2573 5217 2710 5272 male
2748 5213 2844 5268 uti.
2877 5212 3024 5267 Sicut
3051 5212 3229 5264 vinum
3275 5205 3462 5279 procul
3504 5201 3675 5256 dubio
3723 5200 3820 5252 bo-

2225 5332 2349 5390 num
2377 5323 2493 5377 est;
2540 5311 2712 5367 omnis
2738 5308 2878 5363 enim
2905 5313 3147 5361 creatura
3180 5301 3271 5355 Dei
3301 5299 3436 5354 bona
3462 5304 3542 5349 est
3580 5291 3640 5361 (ι
3678 5289 3816 5343 Tim.

2292 5466 2307 5498 ι
2343 5464 2478 5522 Fditi,
2506 5462 2722 5513 credere.
2746 5458 2917 5509 Melius
2937 5453 3245 5523 manusa‘ipti
3264 5487 3279 5511 ν
3302 5449 3606 5523 cedem-7L,

2290 5529 2311 5559 ⁸
2336 5510 2544 5591 isiussi
2566 5510 2687 5591 fditi
2709 5535 2846 5580 vero,
2872 5510 3321 5591 gvangclium'quod
3344 5510 3656 5570 conscripsit,
3684 5511 3821 5550 ret?-

2228 5584 2379 5639 rcndo
2407 5583 2707 5635 commutavit
2729 5581 2949 5639 exordio,
3098 5637 3111 5643 _
3437 5630 3453 5643 .

2294 5627 2961 5705 Ξ“’ἒλιῖὗ’,”ἦῖὸᾶἑᾶι’ἓὲὲῖἓὶ
3004 5637 3160 5705 paulo
3188 5643 3324 5699 rost.
3368 5630 3453 5705 qui
3500 5627 3825 5705 60.395335?

2231 5691 2681 5771 manifestae
2695 5691 2893 5756 locoex
2916 5691 3354 5763 'maimscrip'torutn
3376 5691 3471 5745 ﬁde
3495 5691 3821 5752 castigantur-
