3954 6178
240 363 375 418 1549

230 493 304 541 tv,
336 475 404 547 4)
437 494 447 529 :
475 483 528 529 et
554 473 639 544 qui
671 471 880 526 modico
911 469 1034 522 vino
1058 468 1237 530 utitur,
1268 467 1406 518 bono
1447 466 1578 518 bene
1611 467 1807 526 utitur;

227 569 317 637 qui
342 579 468 620 vero
497 562 784 618 immodico
811 560 936 614 vino
965 559 1147 624 utitur,
1177 557 1315 612 bono
1337 555 1473 608 male
1495 555 1674 607 utitur.
1708 552 1813 608 Sed

225 657 463 712 Joannes
489 666 756 722 nunquam
784 650 986 705 diceret
1028 648 1204 701 vinum
1239 661 1270 700 a
1312 645 1464 699 Patre
1504 658 1606 698 non
1652 657 1771 698 esse
1796 682 1812 706 .

198 748 368 800 'sieut
395 741 878 813 concupiscentiam
907 738 1086 794 carnis
1112 737 1246 792 dixit
1285 751 1314 787 a
1355 736 1511 790 Patre
1537 750 1643 790 non
1671 749 1811 790 esse.

225 839 344 895 Non
371 839 528 908 igitur
553 834 780 899 iuvenis,
817 847 937 902 qua:
963 829 1390 897 concupiscentia
1415 827 1590 882 carnis
1615 841 1722 880 non
1746 825 1816 880 sit

221 949 258 985 τι
289 933 444 986 Patre
476 946 490 983 :
519 928 640 998 quia
663 935 716 981 et
739 923 1018 979 immodica
1042 922 1240 977 bonum
1270 927 1350 974 est
1371 917 1510 987 apud
1539 926 1623 982 te;
1650 928 1704 971 et
1729 916 1816 970 ille

225 1023 405 1091 potius
447 1034 552 1073 non
597 1027 678 1072 est
707 1016 898 1078 bonus,
941 1013 1030 1083 qui
1056 1011 1196 1066 bono
1236 1009 1520 1064 immodico
1548 1007 1730 1072 utitur,
1761 1005 1815 1060 id

221 1123 330 1174 est,
360 1110 449 1180 qui
479 1109 620 1164 bono
648 1106 785 1160 male
811 1104 993 1158 utitur.
1027 1101 1161 1170 Quid
1203 1116 1331 1170 ergo
1349 1099 1558 1154 dubitas
1584 1098 1818 1152 breviter

222 1212 520 1270 aperteque
566 1197 763 1259 dicere,
811 1192 954 1264 quod
1002 1193 1228 1247 obscure
1274 1191 1446 1259 longis
1488 1187 1817 1242 anfraCtibus

223 1291 382 1354 dicis,
412 1287 552 1358 quod
574 1286 706 1340 dixit
725 1285 958 1339 Joannes
985 1283 1171 1335 falsum
1201 1295 1342 1345 esse,
1369 1287 1423 1332 et
1445 1287 1494 1332 te
1521 1291 1703 1332 verum
1729 1276 1814 1330 di-

221 1379 390 1435 cere?
421 1379 632 1432 Falsum
660 1385 743 1430 est
778 1377 919 1429 enim
949 1373 1090 1443 quod
1123 1371 1210 1425 ille
1251 1371 1343 1436 ait,
1376 1370 1814 1437 Concupiscentia

223 1471 405 1526 carnis
451 1484 554 1522 non
583 1477 666 1522 est
708 1481 736 1518 a
767 1466 960 1530 Patre;
993 1479 1020 1516 a
1052 1478 1156 1532 quo
1185 1472 1310 1515 sunt
1350 1461 1526 1514 omnia
1559 1459 1816 1512 naturalia

229 1561 368 1614 bona
403 1577 415 1612 :
445 1559 487 1612 si
530 1555 961 1624 concupiscentia
1001 1553 1176 1607 carnis
1204 1553 1244 1616 ¹,
1276 1561 1327 1605 ιιι
1369 1549 1562 1612 dicitis,
1596 1557 1650 1602 et
1691 1557 1818 1602 tunc

229 1652 365 1704 bona
397 1657 498 1712 est,
534 1663 653 1701 eum
685 1659 746 1700 ea
786 1645 1009 1714 quisque
1052 1640 1332 1696 immodica
1376 1639 1557 1704 utitur;
1605 1638 1698 1692 sed
1731 1639 1817 1693 ille

228 1743 403 1796 malus
429 1750 511 1795 est
535 1739 623 1807 qui
652 1738 791 1792 bono
818 1737 839 1767 '
863 1735 1001 1789 male
1031 1733 1214 1788 utitur.

301 1831 466 1885 XXII.
497 1829 614 1884 Jun.
655 1826 902 1894 Praecipit
925 1839 1051 1893 ergo
1077 1837 1183 1876 non
1213 1821 1355 1890 diligi
1401 1819 1676 1883 mundum,
1715 1833 1814 1872 ne-

235 1936 342 1989 que
366 1935 426 1973 ea
449 1933 566 1988 qua:
612 1916 663 1970 in
711 1913 909 1968 mundo
947 1922 1106 1975 sunt;
1146 1919 1200 1964 et
1236 1909 1362 1963 dicit
1409 1908 1656 1977 quoniam
1684 1906 1816 1961 dile-

227 2009 470 2065 ctoribus
509 2005 690 2062 sreculi
733 2004 825 2058 Dei
868 2003 1098 2057 charitas
1146 2001 1321 2054 inesse
1363 2013 1466 2051 non
1511 1996 1829 2067 possitzsed'

231 2117 338 2154 non
368 2110 425 2154 ut
453 2101 555 2155 hoc
575 2098 790 2153 nomine
816 2095 1116 2150 dilectionis
1139 2109 1168 2146 a
1191 2092 1386 2146 smculo
1412 2089 1811 2150 submovendae,

228 2191 456 2245 alterum
479 2190 595 2258 ejus
615 2203 772 2257 quam
795 2187 959 2239 Deum
985 2198 1166 2237 verum
1199 2179 1417 2248 intelligi
1449 2177 1605 2232 faciat
1632 2175 1817 2230 condi-

232 2289 439 2346 torem;
472 2293 658 2332 verum
688 2284 743 2329 ut
771 2280 1061 2344 agnoscant
1105 2271 1311 2335 fideles,
1345 2268 1513 2322 nullas
1543 2265 1819 2335 prmsentis

231 2371 350 2424 vitae
381 2368 702 2437 cupiditates
731 2361 1091 2433 praeferendas
1111 2374 1230 2415 esse
1249 2357 1548 2422 virtutibus,
1578 2371 1646 2409 ne
1667 2368 1818 2408 tuens

232 2473 418 2515 eorum
449 2465 541 2510 aut
569 2452 939 2523 comparandis
977 2450 1186 2518 opibus,
1212 2457 1304 2502 aut
1322 2445 1696 2514 conquirendis
1722 2457 1817 2497 vo-

233 2547 521 2619 luptatibus
547 2552 823 2612 occupata,
850 2556 881 2595 a
918 2539 1240 2600 cltristianze,
1271 2551 1388 2604 qua:
1418 2547 1538 2588 vera
1565 2540 1666 2597 est,
1698 2530 1817 2599 phi-

236 2638 494 2708 losophia:
519 2634 811 2690 deducatur
834 2631 1031 2699 vigore.
1063 2627 1312 2692 Quoniam
1339 2639 1484 2677 omne
1515 2623 1649 2692 quod
1668 2630 1742 2676 est
1765 2621 1818 2674 in

235 2728 446 2793 mundo,
473 2723 870 2796 concupiscentia
909 2721 1096 2786 carnis,
1141 2727 1189 2771 et
1215 2715 1621 2785 concupiscentia
1648 2713 1820 2767 oculo-

235 2837 350 2872 rum
376 2827 464 2882 est,
491 2827 538 2870 et
564 2815 795 2885 superbia
816 2813 963 2874 vitae;
988 2825 1101 2878 qua:
1130 2825 1226 2861 non
1251 2815 1322 2860 est
1347 2821 1410 2858 ex
1447 2801 1620 2863 Patre.
1647 2803 1736 2857 sed
1757 2819 1821 2856 ea:

237 2911 426 2964 mundo
449 2919 518 2963 est
547 2925 566 2962 :
594 2917 638 2960 et
678 2905 898 2958 mundus
936 2901 1134 2964 transit,
1165 2908 1211 2953 et
1240 2895 1644 2966 concupiscentia
1672 2895 1820 2965 ejus;

236 3004 321 3072 qui
365 3012 528 3054 autent
576 2999 697 3070 facit
745 2996 1048 3050 voluntatem
1087 2989 1203 3053 Dei,
1254 2997 1418 3042 manet
1459 2988 1511 3039 in
1557 2995 1818 3040 internum.

238 3094 416 3149 Mundi
440 3107 566 3162 ergo
591 3089 825 3152 nomine,
857 3100 1035 3141 mores
1065 3083 1336 3137 hominum
1373 3080 1503 3134 nihil
1535 3087 1654 3147 post
1681 3076 1820 3131 hanc

238 3187 400 3238 vitam
429 3198 548 3238 esse
571 3178 978 3239 autumantium,
1007 3175 1348 3241 diversasque
1385 3167 1684 3224 mortalium
1715 3175 1818 3220 tam

239 3290 458 3346 pompas
484 3286 638 3338 quam
669 3269 902 3323 luxurias
932 3264 1200 3320 indicavit.

311 3366 444 3418 Auc.
488 3361 626 3428 Ergo
667 3361 711 3412 si
754 3375 774 3408 ι
823 3355 1004 3410 mundi
1047 3352 1282 3414 nomine,
1327 3363 1504 3404 mores
1547 3347 1819 3401 hominum

240 3453 367 3508 nihil
394 3458 516 3522 post
546 3449 681 3502 hanc
708 3447 868 3500 vitam
896 3459 1017 3499 esse
1045 3441 1446 3503 autumantium,
1479 3437 1822 3505 diversasque

241 3542 540 3598 mortalium
588 3549 692 3593 tam
738 3550 957 3606 pompas
999 3549 1155 3603 quam
1189 3531 1424 3584 luxurias
1473 3527 1760 3590 indicavit;
1797 3546 1815 3579 ι

243 3636 292 3688 in
323 3634 408 3688 his
445 3639 574 3685 sunt
609 3629 694 3683 illa
725 3642 844 3696 qua:
879 3640 998 3680 esse
1026 3623 1159 3677 dixit
1189 3621 1240 3674 in
1268 3619 1482 3680 mundo,
1525 3628 1579 3670 et
1603 3633 1631 3669 a
1663 3618 1820 3670 Patre

244 3740 342 3780 non
367 3737 525 3785 esse;
555 3722 605 3774 itt
633 3719 822 3789 quibus
847 3716 1070 3785 primum
1103 3713 1276 3765 locum
1304 3717 1450 3764 tenet
1473 3717 1556 3760 tua
1591 3707 1677 3759 illa
1709 3707 1821 3774 pul-

243 3816 365 3870 chra
391 3819 660 3879 suscepta,
689 3803 1113 3874 concupiscentia
1159 3801 1360 3854 scilicet
1396 3798 1587 3850 carnis.
1631 3795 1734 3850 Sed
1768 3805 1820 3849 tu

243 3907 454 3968 videris,
493 3905 543 3956 in
584 3901 820 3955 moribus
862 3896 1134 3949 hominum
1179 3892 1307 3945 nihil
1337 3896 1456 3958 post
1495 3888 1630 3940 hanc
1661 3887 1820 3940 vitam

243 4012 357 4050 esse
388 3993 741 4062 Opinantium,
788 3986 1022 4041 voluisse
1053 3981 1270 4051 itttelligi
1317 3978 1591 4033 oculorum
1619 3990 1820 4029 concu-

242 4087 573 4156 piscentiam,
595 4081 842 4152 quoniam
856 4077 948 4154 his
968 4075 1125 4130 rebus
1142 4087 1272 4141 quas
1290 4069 1469 4123 vident
1486 4066 1816 4130 inhzerendo,

243 4180 425 4232 nolunt
455 4193 516 4230 ea
545 4190 661 4244 qua:
692 4187 794 4225 non
825 4169 1008 4223 vident
1031 4166 1284 4224 credere;
1317 4163 1367 4214 in
1411 4159 1615 4230 pompis
1643 4166 1818 4212 autem

244 4270 568 4330 mortalium,
614 4262 956 4316 ambitionem
987 4255 1162 4310 surculi
1205 4252 1287 4306 vel
1326 4251 1626 4319 superbiam
1658 4249 1817 4312 vitae;

244 4369 292 4421 itt
325 4363 549 4419 Inxuriis
575 4374 718 4422 vero,
767 4349 1246 4421 concupiscentiam
1291 4346 1500 4409 carnis;
1546 4353 1604 4398 ut
1645 4343 1819 4396 omnia

245 4457 336 4510 tria
387 4470 504 4522 que
534 4450 766 4505 Joannes
814 4445 1005 4514 posuit,
1050 4439 1358 4509 complexus
1386 4450 1504 4490 esse
1547 4435 1817 4488 videaris:

243 4545 388 4611 q-tasi
435 4541 595 4610 possit
625 4537 645 4568 ⁸
672 4551 790 4590 esse
837 4533 1038 4587 luxuria
1065 4545 1222 4600 quam
1258 4531 1544 4595 vituperas,
1575 4524 1672 4576 nisi
1698 4538 1824 4577 con-

243 4635 501 4688 sentiatur
541 4623 980 4694 eoncupisccntim
1018 4620 1192 4674 carnis
1233 4633 1392 4686 quam
1423 4612 1818 4682 vituperandam

243 4743 358 4780 esse
390 4733 495 4777 non
527 4728 698 4790 putas,
729 4729 778 4769 et
809 4717 1000 4768 bonum
1031 4709 1344 4780 appellamlo
1371 4710 1586 4775 insuper
1618 4704 1817 4756 laudas.

244 4818 375 4884 Quid
418 4823 502 4871 est
543 4822 718 4865 autem
751 4808 1001 4869 insanius,
1033 4818 1186 4872 quam
1232 4801 1487 4853 luxuriam
1522 4797 1740 4860 malum,
1770 4805 1822 4847 ct

243 4905 720 4975 concupiscentiam
769 4898 987 4952 luxuriae
1039 4896 1229 4947 bonum
1275 4892 1494 4944 dicere?
1537 4899 1590 4942 et
1638 4899 1820 4956 putare

243 4997 539 5067 apostolum
569 4990 760 5046 Christi
775 4988 994 5042 nomine
1023 4981 1461 5050 concupiscentia:
1491 4979 1686 5040 carnis,
1713 4992 1818 5030 non

247 5091 408 5157 ipsam
457 5080 934 5152 concupiscentiam
981 5075 1174 5136 carnis,
1219 5072 1310 5126 sed
1342 5072 1515 5140 potius
1542 5082 1822 5122 accusasse

247 5179 531 5241 luxuriam,
572 5188 687 5242 qua:
725 5169 940 5223 omnino
985 5167 1122 5219 nulla
1152 5171 1251 5227 est,
1299 5161 1397 5214 nisi
1437 5174 1556 5214 cum
1601 5158 1821 5226 quisque

245 5263 669 5338 concupiscentia
713 5261 890 5316 earnis
929 5257 1157 5320 illicitur,
1191 5253 1429 5315 trahitur,
1483 5249 1820 5320 possidetur?

308 5448 322 5476 ι
350 5442 642 5504 v'ignieritts,
664 5437 748 5488 sed
792 5429 1169 5504 concupiscentia
1195 5427 1402 5504 centris;
1429 5436 1503 5504 et‘
1524 5425 1673 5504 paulo
1690 5433 1817 5504 post,

245 5505 286 5554 si
313 5489 581 5554 inciuilius.
609 5489 659 5548 at
683 5489 986 5558 manuscripti
1013 5494 1169 5556 priore
1195 5489 1299 5539 loco
1328 5490 1524 5547 habent,
1551 5489 1630 5547 si;
1656 5496 1815 5549 peste-

247 5569 392 5618 rinre.
413 5563 516 5613 sed.

307 5630 326 5656 ’
355 5625 520 5673 Codex
541 5630 669 5678 nam,
695 5619 830 5668 bona.

311 5687 330 5718 ⁸
361 5687 497 5740 miti,
539 5695 630 5730 non
652 5676 809 5742 possit.
839 5676 1060 5728 rarticula
1097 5686 1281 5737 negans
1321 5679 1604 5742 auctoritate
1649 5682 1812 5718 manu-

246 5749 356 5808 srri;
373 5756 531 5797 torum
556 5757 637 5805 ex]
656 5744 865 5804 ungitur.

1585 352 1779 406 noun
1821 349 2160 426 QUARTUS.

1925 464 2081 529 Quasi
2114 479 2216 517 nou
2264 466 2522 519 invenerit
2570 477 2742 521 tantus
2788 466 2970 521 doctor
3017 469 3152 522 ttude
3198 454 3358 534 illaut,
3405 471 3496 525 sed

1923 553 2060 608 unde
2106 555 2428 609 luxuriosum
2477 557 2689 610 nomine
2716 557 2846 626 pejus
2887 571 3160 628 argueret;
3193 576 3310 614 cum
3344 561 3498 615 luxu-

1923 645 2092 698 riosus
2130 660 2234 698 non
2271 656 2410 700 esset
2433 647 2753 718 arguendos,
2788 648 2885 702 nisi
2926 649 3041 716 ejus
3070 651 3344 704 desideriis
3368 653 3498 706 ohe.

1920 733 2076 789 diret.
2117 734 2306 788 Desine
2332 736 2552 789 ntultum
2581 737 2779 802 dicere,
2807 746 2860 791 et
2887 751 3069 807 parum
3100 755 3306 809 sapere.
3354 741 3500 795 Nun-

1921 842 2076 896 quam
2093 827 2310 891 efficies,
2329 828 2656 897 quantolibet
2673 829 3001 898 loquacitatis
3021 839 3122 885 tua:
3140 832 3376 898 flumine,
3395 850 3500 902 quo

1921 917 1973 972 in
2012 917 2272 988 profunda
2315 921 2574 988 raptoris;
2607 935 2821 989 prorsus
2869 936 3133 990 nunquam
3178 923 3396 990 efﬁcies,
3444 934 3498 978 ttt

1923 1007 2124 1062 luxuria
2151 1008 2218 1062 sit
2247 1010 2463 1074 malum,
2496 1019 2550 1064 et
2577 1012 2951 1078 concupiscere
2977 1026 3094 1079 qua:
3122 1011 3187 1065 ad
3233 1013 3494 1067 luxuriam

1923 1097 2186 1166 pertinent
2217 1114 2322 1153 non
2359 1100 2430 1153 sit
2457 1100 2674 1165 malum,
2707 1102 2911 1154 etiamsi
2955 1103 3042 1155 tali
3073 1104 3086 1134 ¹
3119 1104 3495 1173 concupiscen-

1922 1192 2008 1244 tia:
2037 1206 2141 1245 non
2181 1193 2558 1261 consentiatur,
2590 1208 2656 1248 ne
2687 1193 2879 1246 malum
2909 1204 3256 1263 perpetretur.

1991 1280 2179 1335 XXIII.
2215 1282 2332 1336 JUL.
2373 1282 2461 1337 Sic
2487 1282 2628 1336 enim
2654 1292 2707 1336 et
2736 1283 2785 1336 in
2820 1283 3106 1353 Evangelio
3131 1298 3227 1338 suo
3256 1284 3493 1339 dixerat:

1923 1371 2147 1427 Mundus
2184 1390 2272 1443 per
2300 1375 2464 1442 ipsum
2500 1375 2664 1442 [actus
2693 1385 2783 1436 est,
2815 1385 2860 1427 et
2891 1376 3107 1428 mundus
3147 1393 3259 1428 eum
3285 1393 3385 1430 non
3413 1392 3498 1430 ra-

1919 1466 2088 1535 gnovit
2118 1464 2296 1534 (Ιοηη.
2341 1481 2378 1531 ι,
2414 1465 2500 1536 10)
2538 1484 2550 1517 :
2585 1482 2686 1520 nou
2730 1467 2906 1535 utique
2950 1477 3006 1519 ut
3035 1466 3295 1528 elementa
3339 1467 3494 1520 Chri-

1921 1563 2061 1608 stum
2093 1556 2295 1610 ratione
2327 1557 2559 1610 carentia
2599 1557 2833 1625 potuisse
2861 1556 3162 1609 viderentur
3186 1556 3268 1610 vel
3296 1570 3494 1625 cogno-

1919 1659 2073 1699 scere
2112 1646 2191 1699 vel
2238 1661 2465 1715 negare;
2511 1645 2601 1700 sed
2633 1655 2690 1700 ut
2731 1646 2909 1700 mtmdi
2949 1646 3302 1716 appellatione
3346 1647 3524 1704 turba.

1921 1734 2210 1790 infidelium
2241 1736 2556 1804 signaretur.
2599 1735 2796 1790 Eodem
2827 1750 2954 1804 ergo
2988 1751 3136 1789 more
3167 1736 3216 1788 in
3251 1739 3497 1803 przesenti

1919 1838 2149 1892 quoque,
2180 1838 2338 1878 omne
2381 1824 2519 1893 quod
2549 1825 2600 1878 in
2632 1824 2827 1878 mundo
2853 1833 2952 1887 cst,
2987 1824 3036 1878 id
3063 1834 3164 1888 est,
3186 1825 3492 1893 omniage-

1920 1929 2048 1968 nera
2091 1913 2365 1968 hominum
2395 1915 2461 1968 ita
2509 1916 2862 1984 voluptatibus
2903 1915 3235 1980 inltrcrentia,
3269 1925 3324 1969 ut
3363 1916 3496 1969 bona

1919 2013 2108 2058 cuncta
2138 2005 2466 2059 rationabilis
2481 2006 2762 2058 animantis
2783 2015 2872 2058 aut
2898 2013 3217 2073 potestatum
3243 2005 3494 2074 phaleris,

1919 2105 2011 2149 aut
2052 2111 2210 2166 opum
2240 2097 2484 2160 sarcinis,
2515 2097 2758 2150 sensibus
2787 2097 3086 2159 metiantur,
3119 2111 3279 2149 exosa
3307 2098 3383 2150 ait
3407 2112 3496 2150 su-

1924 2185 2099 2252 perbia
2129 2187 2410 2255 turguissc,
2437 2202 2556 2256 qua:
2584 2201 2648 2240 ex
2671 2187 2780 2240 Deo
2797 2201 2900 2239 non
2926 2195 3026 2249 est,
3057 2186 3106 2239 id
3133 2196 3236 2250 est,
3267 2187 3374 2240 Deo
3397 2202 3497 2239 non

1923 2273 2112 2342 placet,
2150 2275 2241 2329 sed
2267 2291 2329 2330 ex
2361 2276 2559 2330 mundo
2589 2286 2688 2338 est,
2718 2275 2999 2330 Voluntatis
3025 2277 3228 2331 scilicet
3256 2276 3499 2330 ltutttattm

1922 2364 2178 2432 pravitate
2203 2374 2476 2434 concepta.
2506 2365 2572 2420 Et
2596 2365 2714 2419 ideo
2740 2379 2852 2430 vos,
2877 2366 3064 2436 inquit,
3092 2381 3187 2420 sua
3211 2383 3314 2420 non
3340 2367 3499 2420 debet

1921 2453 2255 2508 aemulatione
2298 2469 2636 2524 corrumpere
2669 2473 2683 2507 :
2715 2457 2834 2524 quia
2875 2455 2964 2523 qui
3002 2456 3125 2509 facit
3171 2455 3494 2510 voluntatem

1919 2543 2037 2610 Dei,
2063 2553 2274 2598 :eternre
2300 2544 2358 2598 fit
2384 2544 2721 2599 beatitudinis
2740 2559 2976 2614 compos,
2996 2560 3093 2598 nec
3113 2561 3232 2598 cum
3261 2559 3498 2614 prmsen-

1924 2633 2052 2687 tium
2091 2632 2373 2704 fragilitate
2399 2635 2750 2704 praetervolat.
2788 2636 2923 2705 Ergo
2955 2634 3190 2688 Joannes
3230 2635 3498 2703 apostolus

1921 2724 2044 2778 odio
2074 2725 2254 2779 haberi
2285 2725 2540 2779 mundum
2569 2727 2837 2795 prarccpit,
2868 2726 3134 2795 quomodo
3161 2735 3213 2780 et
3246 2727 3498 2780 Dominus

1923 2815 1974 2869 in
2014 2815 2320 2885 Evangelia,
2358 2833 2460 2870 non
2489 2815 2660 2870 solum
2700 2831 2914 2886 corpus,
2946 2816 3040 2872 sed
3065 2818 3221 2870 etiam
3267 2818 3497 2872 animam

1923 2903 2093 2974 ipsam
2118 2913 2350 2959 nostram
2379 2906 2501 2959 odio
2527 2904 2820 2986 habeqdam
2847 2921 2968 2960 esse
2998 2907 3309 2960 monstravit
3334 2924 3345 2957 :
3373 2907 3494 2973 Qui,

1923 2996 2109 3067 inquit,
2157 3014 2256 3052 non
2298 2999 2403 3051 odit
2445 3007 2658 3067 patrem,
2707 3008 2794 3050 aut
2838 2999 3064 3068 fratrem,
3109 2999 3312 3069 insuper
3349 3003 3499 3054 etiam

1922 3089 2143 3142 animam
2170 3105 2334 3154 suam,
2364 3106 2464 3142 non
2494 3101 2564 3142 est
2594 3105 2670 3142 me
2695 3089 2874 3157 dignus
2901 3089 3046 3159 (Luc.
3076 3107 3182 3152 xw,
3217 3091 3330 3160 ‘26).
3364 3093 3497 3145 Cum

1921 3189 2067 3233 certe
2095 3178 2323 3233 fidelium
2346 3180 2552 3233 animus
2579 3196 2636 3232 se
2661 3180 2835 3232 odisse
2861 3194 2965 3232 non
2997 3181 3180 3246 possit,
3211 3183 3296 3249 qui
3319 3198 3499 3236 amore

1921 3269 2314 3326 consultissima
2363 3265 2663 3323 felicitatem
2713 3286 2860 3323 suam
2915 3269 3186 3324 doloribus
3235 3273 3394 3325 etiam
3448 3283 3501 3326 et

1925 3362 2169 3433 periculis
2190 3371 2470 3416 mercatur.
2494 3361 2628 3426 Quid
2648 3363 2801 3429 igitur
2815 3362 3056 3431 egimus?
3087 3363 3394 3432 Apostolum
3420 3367 3497 3417 vi-

1924 3452 2116 3506 delicet
2143 3451 2419 3516 Joannem,
2449 3469 2511 3504 ex
2541 3468 2687 3506 more
2713 3452 3098 3522 Set-ipturarum
3139 3454 3316 3507 mutuli
3347 3471 3502 3509 voca-

1924 3542 2050 3596 hulo
2077 3558 2177 3595 tton
2210 3552 2446 3595 naturam
2477 3544 2762 3611 perculisse
2787 3559 2985 3606 rerum,
3031 3543 3122 3598 sed
3151 3545 3271 3597 vitia
3311 3546 3470 3598 volun

1925 3639 2088 3684 tatunt
2124 3649 2134 3684 :
2165 3642 2321 3700 atque
2347 3632 2416 3684 ita
2456 3633 2936 3700 concupiscentiam
2979 3634 3152 3687 carnis
3183 3650 3354 3704 negas.
3377 3652 3406 3689 e
3435 3653 3496 3689 ex

1927 3720 2036 3773 Deo
2077 3735 2216 3784 esse,
2266 3721 2400 3774 sicut
2444 3722 2618 3774 omnia
2664 3737 2779 3790 qua:
2829 3721 2880 3775 itt
2928 3723 3123 3775 mundo
3167 3733 3308 3776 sunt.
3350 3724 3498 3789 Quod

1923 3810 2241 3864 Maniehteus
2280 3826 2386 3864 non
2414 3811 2699 3865 secundum
2731 3811 2969 3878 Apostoli
2999 3826 3236 3875 sensum,
3281 3812 3373 3864 sed
3414 3828 3500 3865 se-

1924 3900 2154 3954 cundum
2186 3901 2455 3967 perfidiam
2477 3916 2624 3954 suam
2650 3901 2790 3954 velut
2808 3910 3192 3969 consequenter
3216 3901 3496 3968 arripiens,

1924 4011 2021 4050 nec
2045 3995 2525 4063 concupiscentiam
2564 3994 2756 4058 carnis,
2798 4007 2894 4046 nec
2921 3993 3085 4060 ipsam
3129 4007 3362 4054 carnem,
3401 4009 3500 4046 nec

1927 4097 2089 4141 totum
2123 4098 2390 4156 postremo
2433 4084 2683 4139 mundum
2711 4099 2741 4136 a
2771 4084 2878 4138 Deo
2906 4083 3180 4136 confirmat
3205 4081 3450 4136 effectum
3483 4101 3496 4136 :

1924 4195 2080 4249 quem
2109 4187 2161 4232 ttt
2188 4187 2420 4240 secutus,
2448 4175 2928 4243 concupiscentiam
2953 4173 3148 4240 carnis,
3177 4188 3280 4228 non
3307 4188 3337 4227 a
3369 4175 3498 4240 Deo,

1926 4271 2018 4326 sed
2049 4286 2078 4324 a
2104 4271 2314 4324 diabolo
2341 4268 2607 4323 conditam
2638 4267 2832 4322 credis.

1995 4365 2128 4417 Anc.
2173 4361 2318 4414 lIanc
2342 4375 2439 4429 ego
2461 4358 2938 4428 concupiscentiam
2955 4357 3130 4411 carnis
3154 4357 3347 4410 malum
3380 4355 3502 4410 dico

1926 4469 2063 4515 esse,
2094 4468 2250 4523 quam
2277 4451 2406 4505 dicit
2429 4449 2660 4504 Joannes
2686 4464 2715 4500 a
2749 4449 2900 4502 Patre
2929 4463 3030 4501 non
3071 4462 3216 4506 esse.
3250 4456 3303 4500 et
3342 4463 3500 4516 quam

1925 4545 2052 4599 dicit
2077 4543 2386 4598 Ambrosius
2415 4541 2468 4593 in
2515 4549 2753 4592 naturam
2780 4546 3012 4590 nostram
3046 4550 3114 4590 ex
3146 4536 3296 4603 primi
3331 4535 3502 4588 homi-

1928 4635 2008 4688 nis
2037 4631 2464 4702 przevaricatioue
2489 4628 2710 4682 vertisse
2734 4626 2867 4698 (Lib.
2896 4628 2926 4680 7
2957 4627 3008 4679 in
3031 4625 3155 4679 Luc.
3188 4626 3284 4696 xu)
3312 4642 3326 4690 ;
3363 4627 3503 4680 unde

1925 4726 2153 4780 Joannes
2181 4726 2360 4777 volens
2389 4721 2626 4775 homines
2655 4718 2893 4788 intelligi,
2921 4734 3038 4772 eam
3067 4719 3193 4772 dicit
3216 4735 3279 4771 ex
3309 4720 3504 4771 utundo

1925 4831 2062 4870 esse.
2107 4816 2248 4868 lianc
2273 4811 2747 4880 concupiscentiam
2774 4810 2948 4864 carnis
2969 4820 3022 4864 et
3047 4809 3364 4863 Mattieltwus
3393 4827 3503 4863 ma-

1929 4910 2032 4963 lum
2063 4907 2220 4970 dicit;
2253 4905 2344 4958 sed
2384 4903 2521 4957 unde
2549 4904 2615 4956 sit
2645 4902 2812 4956 nescit
2844 4921 2856 4954 :
2899 4912 2952 4955 ttt
2997 4911 3175 4954 autem
3203 4902 3394 4954 bonum
3423 4903 3504 4956 di-

1925 5002 2017 5065 cis,
2050 5001 2169 5070 quia
2210 5007 2263 5052 et
2292 5008 2345 5050 tu
2385 4996 2523 5050 unde
2553 4997 2624 5048 sit
2653 4995 2862 5056 nescis;
2895 5004 2946 5046 et
2974 5009 3090 5047 eam
3122 4993 3359 5060 negando
3385 5011 3504 5048 esse

1928 5092 2067 5146 unde
2089 5091 2225 5144 illam
2255 5103 2372 5142 esse
2396 5087 2522 5139 dicit
2542 5084 2870 5144 Ambrosius,
2902 5081 3027 5135 facis
3056 5091 3110 5134 ut
3133 5094 3330 5136 natura:
3357 5085 3496 5143 mali,

1926 5200 2082 5255 quam
2110 5184 2214 5236 Deo
2242 5190 2556 5235 coastcrnam
2584 5176 2794 5244 desipit,
2821 5183 2963 5230 recte
2994 5175 3090 5228 sibi
3122 5191 3236 5229 eam
3265 5176 3505 5228 videatur

1929 5275 2158 5327 tribucre
2203 5269 2539 5323 Maniehteus.
2583 5267 2719 5334 Ergo
2767 5274 2824 5318 ut
2870 5274 2922 5318 ct
2970 5272 3024 5317 tu
3073 5263 3408 5331 redarguaris
3447 5272 3501 5314 et

1927 5362 2263 5426 Manichmus,
2307 5359 2432 5413 illud
2471 5356 2611 5426 quod
2640 5356 2765 5410 dicit
2803 5355 3032 5410 Joannes
3071 5355 3356 5409 anastolus.
3390 5351 3501 5417 epi-

1928 5471 2118 5525 scopus
2154 5453 2368 5522 extionit
2397 5449 2725 5504 Ambrosius.
2766 5446 2914 5512 Quod
2945 5445 3084 5499 enim
3119 5459 3212 5512 per
3252 5439 3500 5508 prmvati-

1928 5548 2187 5601 cationcnt
2221 5543 2370 5612 primi
2404 5541 2627 5595 hozninis
2655 5541 2704 5592 in
2725 5549 2962 5592 naturam
2991 5536 3164 5596 vertit,
3191 5547 3290 5586 non
3317 5533 3508 5604 utique

1994 5663 2008 5692 ί
2047 5659 2327 5718 \‘ignierius,
2373 5652 2565 5724 ctirntri
2593 5647 2982 5723 roncuptsa‘ntitc
3005 5679 3018 5692 ε
3042 5646 3233 5702 omisso,
3265 5643 3350 5692 tuli
3365 5657 3384 5704 ;
3409 5646 3502 5697 sed

1930 5725 2195 5772 restituitur
2232 5735 2289 5768 ev
2339 5731 2588 5777 trauuscrt,
2631 5729 2685 5762 ts.

3362 358 3492 412 133A
3553 379 3558 387 ε
