3934 6178
447 329 484 382 1
494 327 591 384 351

439 441 567 493 'Deo
591 445 909 492 coarternum
941 434 1132 487 malum
1159 443 1241 488 est
1267 452 1280 498 ;
1311 441 1480 487 taceat
1507 447 1630 502 ergo
1670 430 2022 485 Mauichmus:

434 524 508 583 πει
536 539 708 581 tamen
738 527 930 578 malum
959 532 1075 582 est;
1107 531 1278 576 taceat
1301 537 1428 590 ergo
1456 523 1613 576 etiam
1639 521 1895 575 Julianus.

522 614 710 670 XXIV.
737 614 855 667 Jun.
884 612 1101 666 Constat
1121 612 1294 680 itaque
1319 611 1527 664 beatum
1544 610 1798 664 Joannem
1825 609 2023 664 nullam

455 707 543 762 tibi
591 704 788 758 erroris
836 703 1164 756 occasionem
1209 701 1462 756 dedisse:
1497 709 1545 754 te
1592 715 1748 768 porro
1795 699 1843 752 id
1885 699 2027 767 quod

454 795 768 852 Manichmus
799 794 1013 862 protulit
1041 793 1332 847 imbibisse.
1375 793 1544 860 Atque
1574 801 1632 845 ut
1669 790 1894 858 apostoli
1918 790 2026 858 jam

429 886 839 940 existimatione
868 884 1106 946 defensa,
1136 899 1347 938 manum
1374 899 1533 952 super
1561 883 1664 936 hoc
1685 883 1770 936 vel
1800 881 2028 936 breviter

432 986 815 1029 ronstruamus
842 993 854 1026 :
881 973 1005 1043 quid
1053 973 1137 1027 hic
1177 981 1414 1027 sanctum
1456 965 1712 1026 Joannem
1756 972 2026 1025 existimas

433 1065 712 1130 intimare,
739 1079 858 1118 cum
884 1063 1362 1132 concupiscentiam
1384 1062 1558 1116 carnis
1583 1070 1636 1116 et
1649 1063 2026 1128 concupiscen-

447 1157 570 1208 tiam
599 1155 869 1210 oculorum
900 1170 963 1208 ex
984 1155 1094 1208 Deo
1121 1169 1226 1207 non
1255 1169 1375 1207 esse
1403 1153 1748 1222 pronuntiat?
1777 1151 2026 1207 chusne

446 1249 617 1316 ipsum
637 1248 1094 1316 concupiscentiae,
1111 1262 1227 1316 quae
1246 1263 1348 1300 non
1373 1246 1734 1300 mediocritate
1752 1259 2023 1310 concessa,

444 1339 537 1390 sed
589 1340 856 1394 nimietate
895 1338 1155 1407 prohibita
1205 1339 1255 1390 in
1286 1338 1470 1390 vitium
1519 1337 1691 1400 cadit;
1740 1351 1805 1389 an
1851 1335 2023 1390 solum

444 1442 743 1492 excessum,
788 1428 874 1497 qui
906 1443 1008 1481 non
1042 1427 1316 1492 naturalis,
1356 1426 1450 1480 sed
1480 1426 1806 1479 Voluntarius
1830 1423 2024 1493 depre-

437 1517 730 1571 alieuditur?

516 1609 649 1662 Auc.
690 1608 743 1662 Si
791 1607 840 1660 in
888 1608 1069 1661 vitium
1096 1606 1256 1671 cadit,
1298 1613 1420 1659 tunc
1446 1621 1563 1660 eam
1607 1605 1796 1659 saltem
1826 1603 2022 1657 malum

443 1713 562 1752 esse
587 1699 817 1753 Concede
853 1719 866 1752 :
897 1699 988 1752 sed
1019 1713 1116 1751 cur
1141 1713 1257 1751 eam
1287 1705 1410 1750 tunc
1437 1710 1649 1765 quo-pte
1679 1695 1872 1748 bonum
1899 1708 2019 1748 esse

443 1787 742 1851 contendis,
767 1796 818 1840 et
843 1803 963 1841 eum
995 1786 1134 1841 bono
1163 1786 1298 1840 male
1323 1788 1395 1838 uti
1420 1785 1572 1849 dicis,
1599 1785 1688 1853 qui
1713 1797 2022 1838 concessum

443 1877 559 1943 ejus
591 1877 800 1930 modum
829 1876 1080 1930 excedit?
1109 1876 1196 1930 Sic
1223 1875 1362 1928 enim
1394 1890 1496 1927 nou
1527 1874 1658 1942 ipsa,
1686 1873 1782 1927 sed
1814 1873 1902 1925 ille
1927 1885 2020 1924 ca-

441 1965 518 2018 dit
544 1966 594 2018 in
611 1965 816 2030 vitium,
841 1965 925 2033 qui
943 1981 1003 2018 ea
1027 1965 1165 2018 male
1186 1966 1368 2018 utitur.
1396 1963 1622 2017 Videsne
1637 1977 1794 2030 quam
1817 1961 2022 2016 nescias

441 2057 564 2124 quid
605 2056 855 2126 loquaris,
898 2056 1109 2126 quando
1155 2070 1253 2111 nec
1302 2056 1354 2109 in
1407 2064 1494 2108 tua
1537 2053 1846 2108 deﬁnitione
1889 2068 2021 2108 con-

441 2147 583 2201 sistis
607 2144 632 2197 ?

511 2253 676 2307 XXV.
723 2254 840 2308 JUL.
891 2253 948 2309 Si
996 2253 1226 2320 dixeris,
1275 2254 1488 2308 nomine
1535 2251 2017 2322 concupiscentiae,

439 2344 596 2395 etiam
626 2344 771 2396 illum
800 2346 968 2411 ipsum
1009 2342 1245 2405 modum,
1277 2357 1382 2412 quo
1413 2343 1553 2395 licita
1596 2358 1770 2396 rerum
1803 2348 2016 2393 natura-

439 2433 564 2486 lium
604 2432 831 2485 afﬁcitur
877 2432 1162 2500 voluptate,
1214 2440 1270 2484 ut
1296 2431 1720 2500 concupiscentia
1762 2430 1938 2484 carnis
1966 2431 2018 2484 in

441 2523 742 2577 universum
771 2523 1046 2591 reprobata
1095 2521 1330 2575 videatur
1362 2539 1375 2574 :
1405 2536 1530 2590 ergo
1559 2530 1612 2575 et
1636 2535 1850 2575 sensum
1895 2535 2022 2575 ocu-

436 2612 637 2675 lorum,
667 2620 720 2664 et
742 2610 992 2664 mundum
1024 2611 1216 2679 ipsum,
1243 2619 1296 2663 et
1336 2609 1589 2679 quidquid
1613 2610 1663 2663 in
1695 2609 1890 2662 mundo
1914 2617 2016 2673 est,

439 2715 467 2752 a
499 2699 711 2753 diabolo
739 2698 1007 2753 conditum
1040 2699 1324 2766 prolitere;
1356 2699 1476 2767 quia
1507 2699 1680 2752 omnia
1727 2697 1923 2766 pariter
1948 2713 2014 2752 ex

439 2789 548 2843 Deo
589 2803 692 2842 non
722 2803 840 2842 esse
877 2788 1140 2841 dicuntur.
1171 2786 1318 2854 Quod
1345 2797 1490 2842 certe
1517 2789 1562 2841 si
1592 2786 1865 2852 annueris,
1913 2801 2018 2840 non

435 2880 682 2934 elﬁcieris
706 2879 1058 2942 Manichzeus;
1089 2893 1148 2933 es
1192 2879 1334 2934 enim
1381 2879 1538 2933 etiam
1583 2893 1724 2932 nunc
1751 2896 1765 2932 :
1793 2877 1888 2932 sed
1919 2880 2020 2932 tt‘oc

441 2981 492 3024 te
518 2986 659 3035 esse,
685 2981 740 3024 ut
781 2970 1106 3041 argumentis
1136 2970 1238 3024 tuis
1267 2969 1415 3036 olim,
1447 2970 1518 3024 ita
1562 2985 1770 3039 quoque
1811 2968 2018 3039 profes-

433 3063 585 3116 sione
615 3063 952 3116 monstrabis.
995 3059 1050 3116 Si
1079 3071 1257 3116 autem
1298 3061 1546 3114 nudatum
1577 3076 1810 3114 errorem
1859 3075 2018 3130 pave-

435 3167 607 3211 scens,
665 3151 862 3205 dixeris
925 3146 1235 3219 ApostOlum
1301 3151 1514 3204 nomine
1577 3150 2017 3234 concupiscentiae

430 3243 609 3296 carnis
629 3251 681 3295 et
705 3241 977 3296 oculorum
999 3241 1460 3309 concupiscentiae,
1488 3249 1541 3294 et
1567 3242 1778 3294 nomine
1804 3239 2010 3306 mundi,

433 3347 538 3384 non
569 3347 657 3386 res
685 3331 846 3398 ipsas,
879 3345 997 3398 qua:
1031 3344 1152 3382 cum
1181 3329 1314 3382 intra
1349 3343 1634 3383 concessos
1673 3329 1803 3382 ﬁnes
1830 3338 2018 3383 tenen-

432 3429 540 3480 tur,
575 3422 818 3473 inuocua:
840 3428 1003 3482 sunt;
1031 3433 1152 3472 cum
1181 3428 1356 3471 autem
1387 3417 1439 3470 in
1468 3417 1643 3470 illicita
1677 3425 2015 3484 procurrunt,

433 3508 564 3560 ﬁunt
608 3505 1072 3574 reprehensibiles,
1119 3505 1402 3559 adnotasse
1436 3522 1448 3556 :
1481 3505 1736 3570 clarebit,
1781 3503 1922 3574 quod
1966 3505 2017 3558 in

433 3597 606 3664 primo
649 3610 810 3664 Opere
856 3595 1080 3664 egimus,
1129 3593 1571 3660 concupiscentia
1617 3594 1868 3647 naturalis
1910 3609 2017 3647 non

432 3701 619 3756 genus,
649 3701 753 3739 non
795 3683 1044 3753 speciem,
1079 3699 1184 3737 non
1217 3682 1448 3744 modum.
1480 3682 1570 3736 sed
1595 3697 1876 3738 excessum
1904 3692 2019 3736 tau-

432 3788 543 3830 tum
573 3778 623 3829 in
664 3777 870 3845 culpam
901 3775 1100 3828 venire.
1143 3775 1312 3842 Atque
1353 3773 1474 3828 ideo
1516 3773 1619 3827 hoc
1660 3773 2017 3827 testimonium

434 3870 670 3938 Apestoli
715 3869 765 3921 in
798 3868 1054 3936 reliquum
1088 3865 1345 3935 pudenter
1371 3875 1577 3929 caveto,
1610 3881 1677 3918 ne
1704 3864 1830 3918 illud
1856 3865 1900 3918 si
1935 3865 2018 3919 vel

433 3959 532 4013 Icvi
551 3960 1052 4013 commemoratione
1075 3958 1345 4027 pollueris,
1364 3957 1611 4011 defensus
1629 3956 1840 4026 quidem
1860 3955 2014 4022 nihil,

435 4052 702 4119 prOpaIam
735 4063 861 4104 vero
905 4049 1143 4118 proditus
1184 4048 1495 4117 approberis
1522 4050 1563 4100 ί.

505 4144 638 4196 Auc.
681 4141 810 4205 Sed,
859 4141 1016 4194 homo
1041 4140 1391 4199 contentiose,
1426 4138 1612 4192 modus
1640 4137 2018 4206 concupiscen-

432 4233 543 4295 ti:c,
575 4247 730 4299 quem
758 4229 891 4283 dicis
919 4243 1036 4282 esse
1065 4243 1400 4291 concessum,
1430 4236 1557 4281 tunc
1597 4243 1701 4280 non
1731 4235 1973 4280 servatur
1999 4265 2013 4290 ,

431 4325 643 4396 quando
671 4323 742 4377 illi
771 4321 1058 4391 impellenti
1090 4320 1421 4376 consentitur
1469 4329 1560 4374 aut
1583 4319 1809 4384 ceditur,
1837 4327 1891 4373 et
1915 4318 2019 4371 itur

434 4416 486 4469 in
514 4421 626 4483 ejus
653 4427 925 4467 excessum
963 4429 975 4462 :
1007 4426 1111 4478 quo
1138 4417 1194 4462 ut
1225 4423 1326 4462 non
1355 4417 1525 4472 eatur,
1567 4407 1830 4462 resistitur
1854 4407 2012 4460 malo.

431 4502 562 4569 Quis
587 4504 725 4555 enim
766 4502 968 4554 dubitet
996 4499 1188 4552 malum
1216 4513 1334 4552 esse
1359 4499 1403 4560 ’,
1435 4497 1521 4551 cui
1559 4496 1602 4550 si
1632 4496 1870 4558 obedias,
1902 4509 2014 4548 ma-

433 4586 542 4638 lum
576 4584 736 4647 facis;
769 4586 811 4636 si
837 4599 1118 4652 repugnes,
1149 4585 1342 4636 bonum
1363 4580 1387 4633 ἲ
1411 4580 1510 4648 Qui
1536 4594 1665 4648 ergo
1687 4580 1795 4633 vult
1815 4588 2016 4646 tempe-

434 4681 614 4726 ranter
656 4671 857 4736 vivere,
901 4687 1004 4723 non
1047 4672 1345 4726 consentiat
1369 4670 1512 4723 man
1549 4668 1687 4738 quod
1717 4669 1932 4730 laudas;
1963 4676 2017 4722 et

432 4764 521 4832 qui
557 4762 669 4814 vult
702 4760 922 4814 fideliter
947 4761 1138 4824 vivere,
1171 4774 1274 4814 non
1315 4759 1406 4813 tibi
1435 4760 1728 4814 consentiat
1751 4775 1869 4814 cum
1902 4775 2015 4813 ma-

434 4853 542 4906 lum
571 4851 752 4905 laudas
778 4869 790 4904 :
823 4850 1042 4918 proinde
1070 4857 1127 4902 ut
1159 4863 1254 4903 vos
1295 4859 1497 4914 caveat,
1529 4848 2010 4918 concupiscentiam

431 4943 610 4995 carnis
650 4943 843 4994 malum
891 4954 1008 4994 esse
1037 4938 1204 5004 sciat;
1239 4949 1294 4992 ut
1337 4946 1510 4993 autem
1553 4948 1608 4993 et
1632 4954 1726 4993 vos
1771 4949 1825 4992 et
1853 4937 2016 4990 Mani-

435 5033 640 5096 chzeos,
671 5032 810 5086 unde
835 5032 904 5085 sit
930 5031 1084 5085 sciat.

510 5138 699 5195 XXVI.
741 5139 860 5194 JUL.
902 5139 1125 5194 Exercui
1168 5141 1306 5194 hunc
1334 5139 1505 5192 locum
1533 5139 1587 5194 in
1613 5129 1844 5195 secundo
1874 5140 2014 5210 prio-

435 5232 510 5285 ris
559 5229 735 5297 operis
781 5228 977 5292 libello,
1031 5237 1188 5298 atque
1237 5229 1466 5292 ostendi,
1513 5230 1660 5298 prius
1707 5231 1756 5282 in
1802 5230 2013 5283 homine

435 5319 912 5389 concupiscentiam
943 5320 1116 5372 carnis
1143 5336 1259 5388 qum
1303 5321 1534 5388 speciem
1562 5320 1582 5351 ³
1613 5320 1784 5373 irritat
1811 5323 2014 5388 saporis

501 5456 517 5485 ι
552 5451 689 5510 Editi,
712 5462 798 5514 per
840 5447 1002 5512 palam
1030 5447 1699 5514 veromperditusapparebis.
1737 5449 2014 5500 Concinnior

437 5525 618 5582 nostra,
657 5508 766 5583 qua;
791 5508 1010 5580 veterum
1037 5508 1384 5583 εεδιηῑίἣιιριχιιιῐιἱ
1407 5508 1566 5560 lectio.

504 5580 519 5604 τ
555 5568 853 5634 vignierius:
906 5570 1027 5634 Quis
1053 5571 1178 5634 enim
1201 5570 1386 5621 dubitat
1428 5584 1558 5632 esse;
1601 5571 1775 5619 omisso
1813 5568 2007 5629 malum,

441 5633 569 5694 quod
595 5633 699 5680 erat
723 5635 770 5681 in
797 5633 1143 5692 manuscriptis.

503 5696 522 5722 ³
557 5701 604 5740 ιιι
629 5700 755 5752 Mss,
782 5706 926 5756 spent.
955 5691 1100 5742 locus
1121 5691 1388 5756 perplexas
1414 5701 1464 5742 et
1487 5692 1793 5756 depravatus.

1167 324 1410 379 OPERIS
1450 320 1854 376 IMPERFECTI
1891 318 2164 373 CONTRA
2201 320 2554 385 JULMNUJI,
2596 323 2652 376 S.
2695 324 3053 380 AUGUSTINI

3573 339 3597 391 ί
3609 337 3712 392 35?.

2137 441 2189 484 et
2215 432 2482 485 oculorum
2523 433 2703 499 fuisse,
2734 452 2888 504 quam
2916 438 3144 507 culpam.

2205 524 2336 577 Auc.
2379 523 2509 577 lluic
2532 525 2666 580 libro
2693 537 2780 597 tuo
2807 529 3058 589 secundo.
3083 531 3213 585 satis
3241 534 3487 602 respondi
3525 553 3708 608 ψει-ιο

2134 626 2273 666 meo.
2305 611 2433 665 Nam
2477 615 2611 668 sicut
2655 616 2744 679 ihl,
2785 618 2855 670 ita
2883 629 2935 671 et
2978 619 3064 674 hic
3110 623 3280 690 garris
3324 623 3522 682 inania.
3551 629 3712 688 Nullo

2132 702 2271 754 enim
2315 713 2472 756 moao
2513 706 2809 768 os'eudisti,
2847 710 3326 777 eottcupiscentiam
3373 719 3570 782 carnis,
3599 737 3707 790 qua

2131 804 2255 844 caro
2282 795 2604 862 concupiscit
2631 795 2886 850 adversus
2911 799 3174 867 spiritum,
3221 803 3366 870 prius
3391 805 3442 858 in
3491 808 3710 866 homine

2131 899 2250 939 esse
2269 888 2514 956 cmpisse,
2546 904 2702 958 quam
2728 891 2955 960 culpam.
2985 892 3248 964 Quidquid
3272 898 3399 952 illud
3429 913 3533 966 est,
3561 908 3706 972 quod

2129 977 2236 1031 duo
2265 979 2336 1031 illi
2366 979 2607 1034 homines
2635 992 2752 1049 post
2781 993 3066 1057 peccatum,
3084 985 3134 1038 in
3163 989 3416 1044 membris
3441 994 3555 1047 suis
3582 1011 3710 1048 sen-

2130 1079 2312 1122 serunt
2355 1087 2572 1134 novum,
2602 1073 2740 1127 unde
2769 1074 2936 1142 pudor
2972 1090 3153 1130 eorum
3197 1079 3438 1147 pudenda
3467 1089 3711 1139 contexit

2133 1157 2277 1228 (Cen.
2305 1147 2380 1218 iu.
2413 1161 2497 1230 7),
2528 1164 2704 1229 procul
2731 1163 2894 1217 dubio
2917 1166 3068 1233 culpa
3097 1170 3381 1222 contraxit.

2170 1247 2407 1302 .XXVII.
2438 1250 2552 1304 λιιι.
2591 1251 2686 1306 Hic
2724 1263 2898 1305 tamen
2937 1256 3234 1309 necessario
3278 1259 3464 1328 exigo,
3503 1262 3706 1331 quibus

2130 1336 2219 1390 tibi
2245 1339 2463 1393 somniis
2489 1341 2774 1394 revelatum
2803 1342 2887 1404 sit,
2918 1351 2974 1396 ut
2994 1344 3205 1398 nomine
3223 1351 3670 1416 concupiscentia-
3687 1393 3708 1414 ,

2126 1429 2427 1482 coeuntimn
2475 1429 2744 1483 libidinem
2787 1431 3068 1486 iudicatam
3100 1444 3332 1502 putares.
3363 1438 3532 1493 Salvis
3558 1444 3706 1496 enim

2125 1519 2352 1587 Opibus‘
2395 1520 2664 1587 veritatis,
2712 1537 2843 1590 quas
2886 1522 3170 1593 disputatio
3216 1526 3372 1596 longa
3418 1530 3703 1597 patefecit,

2127 1616 2372 1675 putemus
2397 1609 2617 1662 necdum
2649 1610 2924 1675 claruisse,
2953 1612 3018 1666 ad
3047 1613 3290 1669 eumdem
3320 1628 3588 1673 auctorem
3611 1631 3704 1675 at-

2127 1698 2295 1752 tinere
2323 1714 2510 1753 sensus
2537 1702 2710 1756 carnis
2734 1743 2749 1768 ,
2799 1703 2863 1756 ad
2890 1719 3047 1773 quem
3073 1705 3191 1774 ejus
3217 1705 3384 1762 forma
3418 1714 3700 1779 pertineat.

2193 1789 2326 1844 Anc.
2348 1789 2448 1842 Alii
2471 1799 2594 1845 sunt
2619 1793 2795 1846 carnis
2823 1807 3033 1859 sensus,
3054 1797 3247 1864 quibus
3265 1813 3390 1852 caro
3411 1806 3692 1869 praasentia

2124 1880 2416 1948 corporalia
2446 1880 2650 1949 spiritui
2677 1883 2902 1952 quodam
2928 1885 3086 1939 modo
3114 1889 3348 1953 nuntiat;
3380 1901 3434 1945 et
3459 1892 3546 1944 alii
3573 1907 3701 1948 sunt

2123 1968 2352 2023 carnalis
2376 1971 2817 2040 concupiscentia:
2841 1983 3042 2038 motus,
3077 1976 3268 2044 quibus
3293 1993 3420 2033 caro
3442 1976 3704 2036 adversus

2123 2059 2365 2128 spiritum
2395 2063 2775 2131 concupiscens
2812 2064 2864 2118 in
2890 2081 3114 2136 quicque
3147 2068 3327 2123 illicita
3357 2083 3514 2140 atque
3541 2074 3702 2127 inbo-

2124 2158 2272 2202 ncsta
2303 2151 2610 2222 praecipitat,
2639 2153 2736 2208 nisi
2758 2153 3014 2210 adversus
3031 2171 3146 2210 eam
3167 2159 3323 2212 etiam
3347 2165 3457 2230 ipse
3482 2163 3704 2231 spiritus

2122 2239 2460 2308 concupiscat
2491 2259 2504 2294 :
2537 2257 2656 2310 quae
2700 2241 2961 2298 discordia
3003 2246 3178 2302 carnis
3223 2257 3277 2302 et
3313 2250 3556 2317 spiritus,
3586 2268 3700 2306 non

2121 2333 2346 2384 creatori
2376 2335 2549 2386 carnis
2578 2342 2667 2388 aut
2700 2350 2923 2400 sensus,
2969 2336 3060 2390 sed
3092 2338 3230 2390 malo
3260 2341 3462 2394 suasori
3500 2352 3553 2395 et
3590 2343 3699 2396 bo-

2125 2421 2249 2474 mini
2282 2423 2668 2490 prmvaricatori
2699 2425 2944 2479 tribuitur
2965 2425 3032 2481 ab
3059 2427 3157 2493 eis,
3190 2444 3410 2496 quorum
3439 2430 3542 2486 ﬁde
3564 2447 3696 2487 sana

2121 2520 2272 2564 error
2301 2511 2513 2566 insanus
2533 2512 2928 2583 Pelagianorum
2951 2523 3005 2570 et
3031 2515 3438 2572 Manichaeorum
3463 2521 3654 2576 damna
3673 2553 3690 2563 -

2121 2607 2228 2654 tur.

2191 2688 2426 2744 XXVIII.
2469 2690 2589 2745 JuL.
2631 2691 2734 2746 Sed
2775 2693 2820 2747 si
2868 2693 2968 2748 hoc
3009 2695 3232 2764 ﬁngatur
3267 2696 3600 2767 ambiguum,
3643 2711 3699 2754 te

2119 2780 2370 2833 continuo
2393 2781 2718 2835 crassissima
2741 2781 2882 2836 dubii
2909 2785 3076 2838 nubes
3097 2785 3348 2841 involvet.
3370 2786 3480 2842 lic
3499 2789 3700 2858 quippe

2119 2869 2544 2938 concupiscentia
2600 2871 2776 2935 carnis
2831 2874 3031 2927 nullum
3071 2876 3326 2929 absolute
3378 2881 3693 2945 genitalium

2121 2966 2330 3012 tenetur
2367 2959 2615 3013 iudicium
2634 2962 2676 3012 '.
2714 2963 2890 3015 Dicam
2929 2977 3055 3032 ergo
3096 2979 3251 3018 aures
3290 2963 3388 3018 hoc
3435 2968 3699 3023 vocabqu

2119 3049 2386 3103 variorum
2415 3050 2652 3104 sitientes
2679 3053 2970 3104 carminum
2996 3053 3298 3119 verberari,
3325 3053 3496 3108 dicam
3526 3059 3698 3110 casti»

2115 3138 2231 3209 gari
2256 3153 2289 3192 ι
2319 3149 2502 3193 sancto
2523 3139 2729 3194 Joanne
2755 3140 3059 3196 hclluonum
3091 3143 3320 3212 palatum
3342 3185 3358 3210 ,
3388 3145 3558 3200 dieam
3579 3148 3699 3201 cul-

2123 3232 2232 3299 pari
2274 3231 2672 3285 immorientes'
2697 3231 2948 3287 odoribus
2989 3248 3174 3298 nares;
3220 3243 3384 3288 totum
3425 3248 3700 3303 postremo

2122 3332 2314 3389 praeter
2340 3321 2390 3374 id
2427 3321 2567 3389 quod
2599 3329 2655 3375 tu
2687 3322 2959 3376 arbitraris
2986 3340 2998 3375 :
3027 3322 3190 3377 libera
3222 3333 3305 3377 est
3339 3324 3563 3387 electio,
3602 3327 3697 3380 ubi

2120 3407 2365 3476 specialis
2392 3409 2536 3463 verbi
2567 3409 2710 3463 nulla
2739 3425 2986 3480 pressura
3014 3418 3118 3464 est.
3153 3413 3256 3465 Aut
3283 3427 3409 3482 ergo
3444 3429 3573 3483 nega
3600 3415 3698 3468 illa

2119 3512 2236 3568 quae
2255 3499 2481 3554 diximus
2500 3501 2827 3570 concupisci;
2850 3513 2902 3556 et
2916 3499 3174 3568 inﬁciare,
3198 3512 3256 3557 ut
3275 3503 3435 3570 soles,
3453 3506 3697 3558 omnium

2119 3591 2457 3644 conscientia:
2481 3609 2492 3644 :
2515 3601 2603 3645 aut
2631 3592 2674 3644 si
2706 3592 2928 3646 necdum
2971 3607 3037 3646 eo
3064 3607 3230 3662 usque
3257 3593 3577 3662 impudentia
3606 3596 3699 3648 iu-

2119 3680 2321 3747 calluit,
2353 3689 2409 3734 ut
2437 3680 2520 3735 his
2542 3690 2767 3736 conetur
2794 3681 2982 3744 obniti,
3012 3683 3273 3736 assentire
3299 3682 3698 3738 damnationem

2119 3771 2363 3840 genitalis
2387 3770 2730 3839 iucunditatis
2756 3785 2855 3825 nec
2880 3771 2930 3824 in
2959 3774 3297 3827 sermonibus
3322 3773 3566 3826 inveniri.

2191 3862 2322 3920 Anc.
2347 3861 2421 3914 Ita
2443 3860 2542 3913 hoc
2560 3859 2712 3924 dicis,
2732 3860 2880 3930 quasi
2907 3875 3002 3914 nos
3021 3862 3702 3930 concupiscentiamcarnis

2121 3952 2173 4006 in
2219 3953 2383 4007 solam
2432 3952 2754 4020 voluptatem
2801 3952 3106 4021 genitalium
3159 3953 3394 4006 dicamus
3442 3963 3700 4007 a‘stuare.

2121 4043 2344 4097 Prorsus
2386 4043 2438 4095 in
2481 4057 2812 4111 quocumque
2857 4045 3095 4111 corporis
3139 4059 3298 4097 sensu
3340 4059 3465 4096 caro
3507 4055 3704 4098 contra

2121 4133 2364 4200 Spiritum
2411 4131 2765 4200 concupiscit,
2807 4131 2918 4200 ipsa
2962 4133 3412 4200 cognosciturzct
3441 4135 3703 4199 quoniam

2121 4221 2164 4276 si
2208 4236 2312 4274 non
2353 4221 2606 4274 adversus
2633 4236 2749 4274 eam
2780 4222 2994 4289 spiritus
3022 4221 3208 4274 fortius
3233 4222 3600 4290 concupiscat,
3629 4225 3704 4278 ad

2119 4309 2254 4363 mala
2309 4308 2602 4378 pertrahit,
2661 4311 2856 4364 malum
2906 4325 3024 4364 esse
3070 4312 3418 4364 convincitur.
3474 4313 3709 4380 Propter

2121 4401 2289 4469 ipsam
2335 4401 2604 4468 Scriptura
2648 4400 2772 4454 dicit
2809 4417 2821 4452 :
2856 4399 3084 4469 Nequius
3131 4402 3273 4455 oculo
3315 4403 3434 4470 quid
3474 4414 3709 4456 creatum

2118 4501 2189 4544 est
2215 4489 2399 4564 (Eccli.
2432 4507 2561 4545 χχχι
2586 4532 2601 4554 ,
2633 4490 2764 4563 15)?
2793 4492 2857 4546 Et
2883 4493 3062 4561 utique
3090 4494 3301 4548 oculum
3322 4534 3337 4557 ,
3367 4509 3471 4546 non
3500 4498 3707 4562 nequi-

2120 4582 2279 4644 tiam,
2312 4582 2510 4636 creavit
2542 4582 2778 4638 omnium
2807 4591 3016 4635 creator
3059 4582 3195 4636 Deus
3237 4593 3290 4636 et
3328 4597 3612 4652 corporum
3647 4593 3712 4638 ct

2119 4688 2389 4727 sensuum.
2411 4672 2547 4727 Ecce
2568 4672 2704 4726 unde
2736 4673 2992 4742 intelligas
3016 4672 3081 4742 (si
3102 4673 3304 4728 veritati
3327 4689 3430 4727 non
3452 4675 3712 4742 resistas)

2121 4764 2292 4819 inesse
2339 4765 2536 4818 malum
2584 4774 2782 4818 natura:
2822 4774 3037 4828 nostrae,
3082 4765 3239 4818 etiam
3285 4779 3404 4818 cum
3449 4775 3710 4832 creatur,

2117 4853 2356 4922 quamvis
2382 4863 2593 4906 creetur
2630 4867 2659 4906 a
2699 4853 2840 4906 bono
2868 4852 3002 4907 bene
3033 4853 3252 4906 bonum.
3296 4853 3399 4907 Sed
3448 4853 3587 4907 unde
3632 4857 3716 4909 sit

2123 4943 2223 4998 hoc
2252 4944 2467 5007 malum,
2499 4943 2646 4998 disce
2671 4944 2738 4999 ab
2765 4943 3069 5008 Ambrosio,
3101 4959 3167 4998 ne
3194 4943 3258 4997 ad
3287 4945 3464 5008 aliam,
3498 4943 3548 4997 id
3581 4955 3677 4998 est
3697 4988 3713 5008 ,

2119 5035 2241 5088 mali
2271 5045 2507 5088 naturam
2535 5034 2967 5088 introducendam
2997 5035 3106 5088 Deo
3131 5045 3475 5098 comtcrnam,
3504 5035 3720 5088 suffra-

2117 5127 2257 5195 gium
2281 5126 2517 5192 praebeas
2539 5124 2847 5180 Manicha-o.

2189 5214 2380 5269 XXIX.
2405 5214 2522 5268 Jun.
2543 5213 2676 5279 Quid
2703 5229 2829 5282 ergo
2845 5214 2936 5268 tibi
2953 5213 3198 5283 opitulari
3223 5223 3410 5283 potest,
3433 5213 3574 5281 quod
3597 5231 3723 5283 ego

2121 5307 2255 5360 inter
2293 5306 2720 5359 commixtionem
2770 5319 3027 5370 sexuum,
3075 5305 3444 5360 fecunditatem
3489 5319 3720 5358 coenu-

2120 5397 2272 5462 tium,
2295 5397 2436 5450 nolui
2453 5396 2893 5478 concupiscentiae
2921 5395 3132 5450 nomine
3156 5395 3410 5458 lacerare,
3432 5410 3553 5448 cum
3576 5415 3725 5457 eam

2183 5571 2198 5638 ξ
2235 5570 2307 5638 Sic
2460 5564 3037 5638 Editi‘autemhoperibns.

2181 5632 2200 5698 ξ
2233 5637 2306 5679 sic
2325 5636 2430 5698 uss.
2455 5637 2507 5678 At
2529 5631 2666 5686 editi,
2689 5630 2937 5684 iudicium.

2185 5695 2204 5724 ³
2228 5700 2381 5745 Forte.
2403 5695 2718 5740 inunorantes.
