3954 6178
264 260 383 330 lilii?»

259 374 346 440 nec
366 392 416 435 tu
435 394 553 435 eum
582 372 871 434 Manu-ham
894 374 1207 432 diabolicam
1231 371 1466 445 potueris
1485 369 1811 442 approbare;

260 471 307 532 et
325 474 424 543 jam
451 470 561 542 ipsa
591 470 888 542 praemisism‘
905 458 1274 538 disputationis
1302 453 1679 534 consequentia
1705 459 1816 513 cla-

257 568 456 631 ruisset,
477 563 542 618 ad
569 561 806 632 ejusdem
837 574 1050 631 operam
1080 571 1358 614 recurrere
1385 568 1601 611 sensum
1631 551 1780 608 illum
1799 591 1816 617 ,

257 653 354 729 quo
377 655 780 711 comtnixtorum
810 666 1004 722 corpus
1032 638 1291 713 afﬁcitur,
1333 648 1398 704 ad
1424 645 1583 727 cujus
1600 632 1818 701 institu-

258 745 442 807 tiunem
463 760 709 817 corpora,
736 736 978 815 conjugia
1005 737 1205 797 semina
1228 732 1586 796 referrentur?

321 842 447 895 Anc.
476 837 589 893 Alia
619 844 703 891 est
726 834 806 889 vis
833 832 1129 896 sentiendi,
1176 830 1317 886 aliud
1360 829 1543 885 vitium
1572 823 1826 895 concupi-

253 925 426 985 s'cendi
454 946 467 982 :
491 927 738 982 discerne
764 925 870 979 duo
897 924 995 978 ista
1021 916 1303 993 diligenter
1322 961 1337 986 ,
1380 904 1485 974 noli
1523 912 1704 973 errare
1731 904 1825 969 dc-

254 1017 504 1074 formiter.
531 1018 642 1070 Alia
662 1022 765 1075 est.
785 1012 1024 1084 inquam,
1047 1012 1126 1067 vis
1153 1009 1438 1075 sentiendi,
1468 1006 1612 1061 aliud
1642 1005 1824 1060 vitium

251 1107 673 1178 concupiscendi.
702 1092 844 1176 Lege
870 1098 1247 1174 Eva‘ng'e‘lium:
1274 1084 1375 1166 Qui
1399 1090 1597 1183 viderit,
1624 1095 1826 1183 inquit,

253 1197 506 1257 mulierem
541 1198 609 1253 ad
642 1188 1095 1268 concupiscendum
1122 1210 1264 1259 eam,
1296 1188 1411 1270 jam
1455 1180 1729 1244 moechatus
1756 1184 1831 1240 est

250 1286 354 1348 eam
379 1292 430 1347 in
456 1291 609 1345 corde
631 1305 723 1345 suo
749 1274 960 1362 (Matth.
989 1303 1040 1351 v,
1075 1276 1168 1359 38)
1190 1303 1204 1339 :
1240 1276 1346 1340 non
1369 1277 1528 1348 dixit,
1553 1277 1653 1349 Qui
1680 1277 1830 1333 vide-

250 1374 334 1449 rit,
378 1370 520 1453 quod
557 1381 641 1436 es‘t
677 1374 874 1435 sentire
917 1390 1012 1446 per
1051 1372 1175 1432 eum
1221 1369 1436 1430 sensum
1474 1368 1715 1443 corpdris
1743 1365 1832 1440 qui

250 1472 439 1528 dicitur
463 1471 635 1536 visus;
665 1469 782 1535 Sed,
811 1463 898 1541 qui
921 1462 1121 1532 uiderit,
1150 1465 1342 1536 inquit,
1374 1462 1443 1517 ad
1465 1461 1832 1533 concupiscen-

251 1557 401 1628 dum,
443 1562 587 1634 quod
617 1569 700 1618 cst
729 1560 910 1615 videre
942 1558 1009 1613 ad
1045 1557 1264 1612 malum.
1306 1555 1463 1610 Visus
1488 1567 1616 1624 ergo
1646 1566 1835 1608 sensus

250 1655 423 1710 carnis
461 1663 547 1709 est
589 1648 1241 1720 bonuszconcupiseentia
1268 1661 1398 1703 vero
1440 1646 1617 1701 carnis
1660 1653 1838 1700 motus

252 1743 334 1800 est
376 1744 576 1799 malus.
607 1743 725 1813 Quo
752 1743 895 1799 malo
923 1741 967 1797 si
995 1741 1130 1796 bene
1156 1740 1322 1794 utitur
1345 1738 1688 1809 eonjugatus,
1730 1751 1836 1823 non

253 1834 374 1891 eum
419 1832 621 1891 bonum
663 1828 818 1898 facit;
846 1832 938 1887 sed
977 1828 1125 1900 operi
1155 1828 1295 1908 bono
1320 1827 1521 1884 servire
1545 1825 1837 1905 compellit.

254 1911 402 1982 Facit
429 1926 575 1982 enim
607 1916 818 1979 nonnisi
843 1915 968 1979 boni
993 1921 1189 1993 aliquid
1214 1931 1270 1976 et
1292 1916 1388 1992 per
1416 1916 1609 1991 ipsum,
1636 1920 1680 1974 si
1708 1908 1841 1974 nihil

248 2012 411 2070 faciat
442 2026 663 2086 propter
689 2015 860 2084 ipsum
886 2012 966 2068 :si
994 2022 1170 2067 autem
1203 2010 1360 2066 faciat
1384 2007 1603 2080 aliquid,
1634 2008 1728 2064 sed
1756 2003 1840 2064 ta-

250 2104 374 2159 men
404 2106 460 2158 in
494 2104 749 2174 conjuge,
779 2110 994 2172 propter
1020 2102 1190 2170 ipsum
1211 2141 1228 2166 ,
1255 2114 1361 2153 non
1382 2097 1433 2153 ei
1458 2098 1667 2152 veniam
1693 2094 1844 2152 daret

247 2181 549 2265 Apostolus
585 2181 753 2263 gratia
797 2188 1098 2263 nuptiarum
1143 2186 1202 2263 (l
1233 2187 1353 2245 Cor.
1394 2181 1490 2256 vti,
1536 2186 1615 2262 6),
1649 2182 1697 2243 si
1736 2193 1841 2242 ndn

244 2293 577 2357 agnosceret
598 2299 718 2340 esse
743 2280 1040 2353 peccatum.
1106 2351 1112 2359 .
1406 2354 1412 2362 η

314 2373 505 2431 XXX.
546 2372 665 2431 lui“
706 2374 990 2445 Oporteret
1025 2362 1242 2444 quidem
1286 2367 1416 2426 nihil
1459 2374 1579 2440 post
1614 2364 1845 2440 primunt

246 2468 408 2538 opus,
439 2465 587 2537 quod
613 2463 680 2520 ad
711 2471 954 2519 sanctum
990 2461 1336 2519 Turbantium
1370 2459 1542 2525 edidi,
1571 2458 1735 2531 super
1755 2474 1848 2515 ne-

246 2559 496 2615 cessario
540 2552 862 2612 naturalium
911 2552 1114 2624 pudore
1154 2545 1448 2617 disserere;
1493 2550 1613 2621 quia
1657 2547 1727 2604 ibi
1772 2549 1845 2604 ita

248 2649 409 2720 plene
431 2654 618 2702 actum
644 2654 725 2701 est
742 2684 759 2711 ,
808 2652 866 2699 ut
891 2643 991 2699 nisi
1017 2641 1274 2713 depositis
1298 2640 1517 2697 omnino
1544 2627 1844 2707 mentibus,

247 2737 384 2795 nihil
414 2737 554 2794 hinc
576 2736 745 2808 possit
769 2730 1124 2805 ambiguitatis
1148 2728 1370 2788 oborirl.

316 2830 462 2888 Auc.
474 2824 723 2885 Sanctus
737 2827 873 2881 forte
889 2818 1233 2891 Turbantius,
1255 2818 1372 2894 ipso
1390 2824 1555 2893 opere
1575 2829 1666 2877 tuo
1682 2818 1845 2889 lecto,

242 2920 389 2990 quod
422 2919 508 2976 ad
532 2934 653 2975 eum
680 2926 733 2974 te
759 2916 1038 2988 Scripsisse
1072 2928 1484 2980 commemoras,
1531 2912 1693 2969 etiam
1718 2922 1848 2983 proé

244 3018 433 3083 pterea
463 3010 533 3065 in
563 3000 876 3065 catholicam
916 3005 1075 3062 fidem
1105 3002 1413 3075 respiravit,
1439 3004 1689 3075 quoniam
1715 3009 1769 3058 te
1793 3001 1848 3057 lu‘

243 3102 334 3157 tali
361 3115 541 3159 causa
567 3098 828 3155 defecisSe
856 3097 1124 3168 cognovit.

559 3185 681 3248 ιω..
706 3190 908 3245 Tamen
922 3155 1057 3244 cum
1082 3182 1331 3243 defensor
1355 3178 1586 3241 traducis
1609 3196 1676 3240 ne
1706 3155 1852 3240 tenui

248 3283 475 3356 Quidem
501 3280 673 3352 possit
698 3281 767 3339 ab
790 3295 857 3336 eo
884 3282 1061 3351 ungue
1085 3276 1390 3343 deﬂectere,
1416 3286 1700 3347 meumque
1725 3271 1852 3331 rhe-

252 3374 423 3429 lorica
451 3371 725 3443 elegantia
754 3369 935 3442 fatiget
960 3369 1217 3442 pudorem
1237 3408 1253 3435 ,
1296 3381 1391 3424 cur
1413 3366 1640 3423 dirersis
1678 3366 1855 3423 homi-

250 3464 449 3521 nibus‘
486 3465 766 3535 negotium
814 3462 985 3532 ipsum
1027 3459 1419 3517 commixtionis
1443 3458 1594 3530 juvat
1633 3458 1760 3515 hinc
1790 3458 1855 3515 ea

249 3570 372 3625 qua:
403 3550 583 3611 rebus
609 3554 744 3609 actis
766 3553 1037 3618 convenit,
1066 3551 1322 3623 parcitate
1347 3550 1680 3606 decernere?
1703 3546 1771 3606 Et
1802 3549 1858 3605 in

249 3647 350 3700 hoc
377 3648 519 3716 ergo
542 3638 685 3710 loco,
715 3653 768 3700 et
793 3644 844 3698 in
871 3642 1231 3706 inferinribus,
1260 3630 1347 3696 ubi
1374 3657 1473 3712 ego
1496 3641 1642 3708 dixi,
1677 3659 1697 3693 ι
1720 3627 1857 3697 Pro-

248 3746 360 3804 pter
385 3738 492 3790 hoc
522 3735 771 3805 relinquet
800 3731 949 3789 homo
990 3743 1183 3805 patrem
1218 3740 1266 3786 et
1295 3742 1523 3798 matrem,
1551 3740 1596 3786 et
1624 3732 1858 3786 adiutare-

250 3837 353 3880 scet
383 3826 585 3890 uxori;
616 3836 662 3880 et
690 3834 835 3879 erunt
876 3828 977 3879 duo
1019 3823 1072 3878 in
1116 3839 1267 3877 carne
1307 3838 1410 3876 una
1437 3820 1586 3893 (Gen.
1621 3838 1680 3890 ll,
1724 3822 1858 3891 24):

248 3931 308 3971 ut
342 3919 696 3989 capt-interm
721 3915 877 3972 fidem
917 3931 1137 3986 operum
1164 3913 1421 3985 pmpheta
1452 3927 1619 3983 prope
1646 3914 1859 3983 pericu-

248 4008 362 4063 lum
395 4004 637 4080 pudoris
661 4007 914 4072 accessit;
943 4023 963 4058 s
1013 4005 1163 4077 quasi
1206 4004 1438 4075 przcdam
1475 4002 1748 4059 inveniens
1773 4018 1864 4074 ge-

247 4102 369 4167 stit,
394 4099 667 4160 exsultat,
690 4107 744 4154 et
774 4099 969 4153 clamat
995 4114 1008 4149 :
1031 4096 1215 4165 Aperta
1236 4111 1462 4166 prorsus,
1488 4104 1535 4148 et
1554 4096 1602 4148 ui
1621 4095 1860 4161 veritatis,

249 4187 431 4260 inquit
450 4230 468 4255 ,
510 4197 710 4243 extorta
747 4185 1032 4254 confessio!
1059 4184 1271 4239 Dicatur
1297 4202 1470 4251 causa,
1501 4202 1590 4239 cur
1613 4187 1665 4239 in
1691 4186 1865 4254 expria-

247 4281 460 4334 mendis
489 4278 731 4350 operibus
760 4278 873 4343 Dei,
899 4278 1146 4350 prop/leta
1175 4294 1330 4347 prape
1353 4278 1631 4349 periculum
1659 4278 1868 4349 pudoris

249 4370 560 4429 arcesserit;
600 4373 747 4426 Itane
778 4386 893 4427 vero
933 4372 1154 4425 humana
1182 4387 1333 4441 opera
1361 4364 1595 4442 pudenda
1628 4386 1735 4425 esse
1767 4387 1869 4425 non

250 4467 479 4529 debent,
535 4464 628 4517 sed
656 4464 807 4534 plane
829 4460 1125 4535 glorianda,
1166 4472 1212 4516 et
1250 4460 1418 4516 divina
1446 4462 1682 4532 pudenda
1714 4452 1871 4518 sunt?

251 4555 412 4611 Itane
446 4573 578 4611 vero
606 4557 657 4608 in
686 4555 973 4625 eloquendis
1012 4565 1057 4609 et
1087 4556 1423 4632 exprimendis
1460 4554 1690 4625 operibus
1736 4554 1831 4609 Dei
1850 4596 1869 4623 ,

210 4650 215 4655 ’
248 4666 355 4701 non
383 4650 690 4701 honoratur
715 4648 973 4715 prop/tela:
1001 4643 1080 4699 vel
1098 4662 1238 4698 amor
1259 4647 1336 4699 vel
1365 4646 1526 4712 labor,
1552 4647 1640 4700 sed
1666 4648 1870 4717 pericli-

249 4751 399 4792 tatur
429 4737 651 4808 pudor?
692 4734 827 4805 Quid
857 4738 987 4791 enim
1016 4737 1173 4806 potuit
1211 4736 1347 4789 Deus
1387 4729 1569 4808 facere,
1600 4739 1736 4807 quod
1762 4739 1874 4807 ejus

248 4831 671 4899 prmdicatorem
713 4828 899 4899 pudeat
929 4828 1132 4882 dicere?
1162 4820 1227 4880 Et
1250 4827 1386 4898 quod
1413 4835 1486 4880 cst
1517 4829 1738 4897 gravius,
1777 4845 1875 4897 pu-

245 4926 373 4977 deat
404 4923 678 4978 hominem
705 4922 923 4993 alicujus
949 4921 1132 4991 operis,
1156 4914 1293 4991 quod
1311 4935 1411 4973 non
1437 4920 1606 4985 homo,
1634 4921 1724 4973 sed
1738 4918 1877 4975 Deus

244 5018 378 5089 fecit
408 5017 470 5070 in
507 5013 722 5066 homine
748 5025 896 5079 zeum
926 5028 1098 5067 omnes
1126 5012 1333 5081 opiﬁces
1356 5020 1598 5079 quantum
1616 5012 1638 5042 ⁹
1668 5021 1879 5081 possunt

247 5108 442 5162 labore
470 5116 527 5160 et
562 5106 813 5159 industria
842 5104 895 5157 id
924 5113 1196 5175 uganlhue
1220 5104 1281 5155 de
1317 5102 1421 5157 suis
1450 5102 1680 5173 operibus
1708 5104 1881 5157 erube-

243 5212 404 5255 scant
420 5199 454 5254 ἵ
485 5197 607 5253 Sed
632 5200 855 5269 profecto
876 5194 1006 5249 illud
1028 5212 1117 5249 nos
1139 5195 1307 5264 pudet,
1332 5195 1465 5259 quod
1483 5194 1661 5264 puduit
1692 5194 1880 5265 primos

243 5291 377 5348 illos
408 5290 664 5346 homines
682 5331 696 5355 ,
736 5283 939 5361 quando
965 5285 1200 5359 pudenda
1230 5296 1455 5341 texerunt
1481 5287 1608 5340 :illa
1638 5296 1708 5340 est
1734 5302 1881 5356 plena

315 5409 333 5441 ε
365 5413 537 5457 Forte
555 5438 574 5462 ,
598 5402 879 5454 nominibus.

310 5468 339 5503 9
378 5477 537 5521 Mss...
558 5461 759 5526 quanto.
776 5462 993 5513 -t.lber
1016 5461 1258 5514 secundus
1279 5463 1342 5526 de
1358 5463 1538 5525 Nuptiis
1574 5468 1626 5512 et
1657 5462 1885 5525 Concupi-

241 5532 484 5583 scentia,
519 5523 593 5573 η(
616 5524 694 5589 2'2,
720 5526 831 5582 fert,
872 5537 982 5573 cum
1017 5538 1178 5574 onmes
1229 5523 1440 5588 opiﬁces
1470 5531 1646 5589 quanto
1689 5523 1884 5587 possunt

239 5590 466 5647 labore;
484 5599 615 5637 cum
642 5587 728 5635 huc
766 5594 927 5635 tanton
965 5596 1114 5647 nota:
1148 5603 1170 5630 ι
1193 5588 1407 5634 notiores
1428 5587 1557 5647 3135.,
1574 5598 1682 5635 cum
1724 5598 1885 5639 omnes

233 5666 255 5698 ι
288 5651 524 5715 egi/tces
544 5655 788 5708 quantum
809 5654 998 5711 possunt
1021 5645 1201 5697 labore.
1237 5663 1259 5691 ι
1332 5654 1385 5696 -.\t.

507 5738 809 5801 Patruus.
848 5742 1029 5803 XLV.

1582 246 1780 309 LIBER
1818 246 2159 319 QUARTUS.

3366 237 3502 308 1354

1927 366 2136 433 peccati,
2180 362 2271 420 illa
2306 364 2458 438 plaga
2494 365 2851 436 vestig‘umqite
2889 365 3096 435 percuti,
3139 362 3232 419 illa
3267 365 3498 420 illecebra

1925 459 2176 530 famesque
2216 461 2435 530 peccati,
2481 461 2574 515 illa
2614 462 2696 515 lea:
2734 462 2787 515 in
2824 459 3052 514 membris
3087 472 3375 531 repugnans
3401 458 3504 530 legi

1923 554 2122 607 mentis.
2154 551 2323 625 Hujus
2348 553 2517 623 pudet,
2553 563 2598 606 et
2635 554 2807 607 merito
2837 548 3009 622 pudet.
3043 549 3181 605 Nam
3205 551 3251 605 si
3274 553 3369 605 hac
3402 557 3501 606 uoti

1927 654 2072 709 esset,
2100 644 2222 714 quid
2245 644 2385 698 nobis
2412 655 2536 698 esset
2558 642 2825 714 ingratius,
2854 643 2975 708 quid
3003 641 3350 714 irreligiosius,
3379 642 3425 698 si
3450 644 3503 697 in

1846 764 1853 769 ι
1928 734 2162 789 membris
2197 736 2380 789 nostris
2398 776 2413 799 ,
2454 750 2554 788 non
2582 735 2643 788 de
2669 735 2787 789 vitio
2811 734 2889 788 vel
2913 751 3059 805 poma
3084 743 3254 788 nostra
3273 775 3288 796 ,
3328 733 3417 787 sed
3444 734 3508 787 de

1929 821 2036 877 Dei.
2052 824 2474 895 confunderemur
2500 824 2730 894 operibus
2772 823 2887 891 (De
2922 823 3130 893 Nuptiis
3171 832 3215 877 et
3258 821 3509 892 Concupi-

1929 919 2136 982 sccntia,
2171 913 2257 971 lib.
2297 916 2435 983 2,42.
2466 914 2595 983 22)?
2621 915 2821 971 Clztrnit
2848 924 2993 970 certe
3022 915 3248 985 qualiter
3279 914 3507 985 gestiat:

1931 1006 2122 1076 gaudio
2163 998 2262 1062 auo
2286 1022 2390 1061 non
2421 1014 2595 1076 potest
2618 998 2872 1061 adhibere
2906 1002 3121 1070 fren‘os;
3162 1006 3307 1059 tenet
3337 1019 3511 1059 meam

1933 1097 2271 1161 sententiam,
2318 1111 2419 1167 qua
2457 1097 2942 1165 concupiscentiam
2984 1092 3277 1150 naturalem
3316 1093 3510 1149 malam

1936 1187 2104 1258 possit
2129 1174 2434 1255 ostendere,
2465 1188 2519 1243 et
2545 1177 2737 1242 diaboli
2765 1182 3018 1257 operibu‘s
3044 1182 3333 1257 deputare:
3356 1196 3517 1257 quam

1935 1270 2251 1333 sententiam
2295 1278 2360 1333 de
2399 1274 2496 1334 ore
2538 1276 2658 1333 meo
2696 1262 2827 1334 dicit
2862 1275 2914 1333 ri
2951 1272 3190 1335 veritatis
3215 1277 3513 1345 extortam,

1937 1364 2385 1438 concionaturque
2411 1368 2845 1424 scelestissimum
2888 1360 3047 1440 atque
3089 1363 3517 1440 profanissimum

1937 1456 2092 1524 esse,
2137 1458 2180 1537 si
2219 1474 2282 1513 ea
2310 1456 2429 1530 quia
2457 1474 2487 1513 a
2519 1460 2629 1515 Deo
2665 1459 2799 1515 facta
2825 1460 3099 1528 dicamus,
3144 1456 3347 1532 pudore
3390 1464 3521 1531 opes

1939 1548 2119 1605 rienda
2149 1538 2431 1605 fateamur.
2456 1546 2563 1606 Sed
2585 1548 2859 1606 alacritate
2880 1552 3195 1607 commotior
3218 1567 3323 1606 non
3352 1551 3522 1621 potuit

1943 1637 2239 1709 ponderare
2284 1640 2410 1710 quid
2440 1639 2643 1697 diceret
2671 1658 2685 1695 :
2713 1639 2961 1697 asserens
2999 1640 3143 1696 enim
3184 1642 3236 1696 in
3272 1640 3523 1714 operibus

1942 1730 2038 1793 Dei
2081 1731 2388 1802 pu’dcnduni
2416 1726 2545 1787 nihil
2572 1730 2730 1802 esse,
2762 1749 2982 1803 operam
3011 1729 3187 1789 autem
3212 1734 3522 1804 genitalium

1944 1820 2243 1892 pudendam
2281 1839 2426 1887 esse,
2473 1822 2527 1880 et
2572 1825 2692 1880 ideo
2732 1822 2837 1880 non
2883 1826 3040 1895 posse
3078 1842 3195 1881 eam
3224 1814 3526 1882 Conditoris

1944 1909 2198 1985 Operibus
2238 1912 2504 1979 adscribi;
2552 1906 2729 1970 subito
2771 1917 3048 1972 confessus
3094 1928 3175 1973 est
3228 1916 3373 1972 illam
3419 1922 3525 1971 non

1944 2004 2118 2059 solum
2171 2003 2486 2072 honestam,
2542 2006 2637 2060 sed
2694 2006 2854 2061 etiam
2901 2007 3128 2077 justam;
3188 2008 3293 2063 non
3349 2008 3525 2063 solum

1946 2087 2164 2150 creante
2194 2095 2323 2162 Deo,
2351 2092 2534 2150 verum
2559 2092 2718 2152 etiam
2742 2096 3034 2167 judicante,
3069 2090 3264 2155 nostris
3291 2101 3530 2170 corpori.

1947 2183 2050 2270 ltus
2066 2187 2083 2222 ³
2110 2174 2437 2244 attributam.
2458 2170 2676 2246 Ostendi
2699 2191 2750 2244 in
2775 2178 2933 2245 tertio
2952 2190 3144 2270 prioris
3168 2193 3343 2262 Operi‘s
3370 2193 3527 2258 libro.

1949 2268 2057 2332 non
2080 2290 2240 2349 posse
2265 2276 2407 2334 idem
2438 2276 2650 2350 pinnam
2677 2276 2797 2336 esse
2825 2268 2967 2351 quod
2992 2274 3222 2351 culpam.

2020 2356 2155 2425 Luc.
2185 2368 2300 2423 Non
2328 2362 2644 2433 ostendisti,
2685 2361 2829 2441 quod
2880 2381 2932 2426 te
2975 2360 3274 2428 ostendisse
3304 2356 3534 2451 inaniter

1947 2455 2151 2536 iactas:
2170 2457 2278 2514 imo
2300 2451 2461 2515 etiam
2492 2452 2605 2530 ipse
2628 2461 2858 2532 quodam
2884 2463 3002 2519 loco
3029 2458 3224 2520 oblitus
3253 2465 3378 2536 quid
3408 2477 3535 2522 ante

1952 2531 2197 2631 dixisses,
2222 2549 2497 2608 confessus
2520 2568 2579 2609 es
2604 2531 2813 2625 culpam
2839 2543 2999 2611 etiam
3027 2572 3238 2627 pinnam
3265 2531 3385 2615 esse
3410 2574 3538 2630 pec-
3620 2532 3633 2543 κ

1951 2639 2142 2725 cautis.
2157 2641 2307 2710 Quod
2325 2656 2568 2725 egotcum
2594 2634 2686 2698 tibi
2707 2644 2949 2725 superius
2974 2638 3352 2717 reaponderem
3376 2638 3540 2720 (Con-6

1951 2723 2033 2823 ira
2055 2729 2353 2823 Jullauum,
2382 2722 2471 2788 lib.
2503 2733 2566 2823 5',
2594 2750 2648 2788 η.
2683 2722 2794 2823 l6),
2822 2736 2953 2791 satis
2979 2737 3255 2796 evidenter
3281 2736 3535 2798 Ostende-

1953 2812 2068 2878 i'am
2088 2821 2304 2907 ,etiam
2351 2837 2446 2894 per
2481 2812 2795 2895 Apostoium
2839 2826 3070 2907 probans
3106 2828 3282 2898 puniri
3319 2840 3538 2901 peccata

1955 2902 2330 2987 peccatiszqui
2356 2909 2477 2971 cum
2516 2915 2586 2992 de
2610 2908 2927 2988 quibusdam
2956 2902 3212 2992 dixisset,
3255 2920 3395 2992 quod
3431 2922 3535 2978 im-

1955 2985 2276 3060 mutaverint
2314 3004 2538 3075 gloriam
2574 2985 2988 3077 incorruptibilis
3017 3008 3108 3065 Dei
3231 2985 3539 3068 similitudi-

1956 3091 2079 3150 uem
2111 3082 2354 3166 imaginis
2381 3092 2743 3167 eoi‘ruptibilis
2772 3098 3034 3166 hominis,
3064 3109 3119 3156 et
3147 3100 3418 3159 volucrum
3439 3143 3455 3168 ,
3485 3112 3543 3158 et

1956 3182 2377 3271 quadrupedum,-
2402 3195 2454 3271 et
2481 3187 2836 3269 serpentium;
2865 3190 3109 3260 protinus
3136 3173 3238 3249 hoc
3265 3201 3543 3263 pacatum

1960 3268 2079 3332 aliis
2106 3278 2334 3354 peccatis
2359 3268 2649 3335 ostendens
2671 3294 2794 3337 esse
2822 3279 3063 3354 punitum
3084 3325 3100 3349 ,
3129 3281 3430 3354 Propterea,
3454 3285 3543 3342 in-

1962 3366 2109 3437 quit,
2140 3348 2348 3454 tradidit
2376 3368 2493 3423 illos
2519 3359 2660 3427 Deus
2682 3370 2737 3426 in
2764 3348 3013 3454 desideria
3037 3372 3208 3429 cordis
3230 3348 3464 3444 illorum,
3489 3374 3545 3430 its

1960 3447 2364 3547 itumuuditium;
2401 3471 2455 3517 ut
2496 3462 2813 3547 contumeliis
2852 3447 3072 3547 adiciant
3108 3482 3323 3539 corpora
3361 3483 3459 3523 sua
3492 3468 3547 3523 iis

1961 3550 2241 3622 semetipsis
2282 3542 2459 3633 (Rom.
2488 3567 2544 3618 ι,
2584 3542 2699 3633 23,
2731 3553 2846 3626 24),
2878 3542 2934 3612 et
2957 3552 3150 3614 Caetera
3174 3572 3293 3629 quae
3316 3557 3389 3615 ibi
3413 3573 3547 3615 con-

1963 3644 2149 3696 texuit.
2183 3640 2292 3697 Nec
2327 3643 2380 3696 in
2417 3627 2631 3699 i’salmo
2667 3630 2967 3710 diceretur,
3009 3627 3216 3718 Appone
3238 3649 3549 3721 iniquitatem

1963 3748 2116 3812 super
2138 3732 2448 3815 iniquitatem
2475 3750 2668 3800 eorum,
2693 3732 2744 3790 et
2766 3737 2787 3768 ²
2818 3754 2919 3808 uon
2942 3738 3128 3792 intrent
3155 3740 3207 3792 in
3231 3748 3369 3792 tuam
3393 3741 3536 3812 justi-

1966 3820 2086 3872 tiam
2136 3816 2315 3892 (Psal.
2345 3837 2539 3888 vam,
2567 3816 2698 3891 28);
2730 3824 2829 3878 nisi
2858 3824 3005 3893 justo
3029 3825 3230 3893 judicio
3269 3827 3360 3880 Dei
3394 3828 3537 3896 puni-

1967 3920 2153 3966 rentur
2179 3911 2370 3967 additis
2400 3913 2754 3982 praecedentia
2789 3924 3005 3984 peccata
3036 3916 3286 3985 peccatis.

2040 3993 2255 4063 XXXII.
2287 4006 2403 4062 Jun.
2438 4006 2506 4061 Et
2545 4006 2666 4062 ideo
2704 4022 2865 4079 super
2905 4007 3008 4063 hoc
3053 4007 3402 4063 laborandum
3444 4024 3551 4067 non

1970 4106 2083 4151 est:
2108 4097 2425 4153 commendo
2452 4105 2629 4172 tamen
2654 4099 3001 4169 disputatoris
3024 4099 3366 4155 acrimoniam
3389 4099 3432 4166 ³,
3461 4102 3553 4171 qui

1971 4203 2129 4258 quam
2159 4189 2286 4243 dicit
2309 4204 2339 4242 a
2366 4190 2476 4245 Βθο
2500 4189 2785 4257 redditam,
2810 4205 2917 4246 non
2936 4191 3047 4243 vult
3067 4205 3097 4243 a
3124 4190 3232 4244 Deo
3255 4190 3552 4257 conditam;

1972 4278 2324 4349 pronuntians
2354 4280 2446 4335 Dei
2480 4296 2585 4336 non
2615 4281 2901 4337 convenire
2929 4280 3183 4351 operibus
3207 4321 3224 4347 ,
3268 4280 3408 4351 quod
3447 4282 3560 4337 Vult

1974 4370 2089 4440 ejus
2117 4373 2403 4427 convenire
2426 4372 2658 4440 judiciis.

2045 4463 2181 4519 Ave.
2221 4464 2454 4534 Apparet
2495 4472 2547 4518 te
2585 4478 2689 4517 non
2736 4448 3030 4535 intelligere
3060 4463 3326 4534 quomodo
3358 4464 3558 4522 dictum

1977 4555 2065 4621 sit,
2095 4554 2235 4610 Deus
2263 4565 2471 4608 mortem
2500 4571 2600 4608 non
2625 4554 2742 4623 fecit
2775 4556 2929 4628 (ευρ.
2963 4573 3011 4620 ι,
3054 4558 3146 4628 l3)
3166 4575 3179 4609 :
3198 4557 3348 4626 cujus
3379 4565 3560 4614 tamen

1973 4646 2172 4717 judicu)
2193 4648 2281 4717 qui
2306 4654 2493 4716 peccat
2516 4645 2760 4701 moritur.
2783 4646 3044 4703 Convenit
3068 4664 3196 4719 ergo
3217 4649 3419 4718 judicio
3443 4649 3561 4719 ejus

1980 4747 2037 4791 ut
2064 4734 2319 4791 moriatur
2344 4746 2621 4806 peccator;
2668 4752 2768 4792 nec
2796 4747 2971 4794 tamen
2997 4740 3146 4808 operi
3173 4741 3288 4809 ejus
3316 4741 3566 4796 convenit

1982 4843 2147 4892 mors,
2172 4829 2293 4898 quia
2324 4816 2462 4882 Deus
2488 4839 2698 4883 mortem
2719 4845 2819 4883 non
2840 4830 2975 4897 fecit.
3001 4831 3128 4900 Ejus
3147 4832 3341 4900 quippe
3359 4832 3563 4901 justum

1982 4931 2065 4975 est
2104 4921 2398 4992 judicium,
2442 4931 2501 4975 ut
2544 4931 2761 4991 peccato
2791 4936 2888 4976 suo
2925 4921 3149 4992 quisque
3178 4936 3397 4992 pereat,
3443 4940 3563 4980 cunt

1983 5021 2256 5084 peceatum
2295 5014 2436 5069 Deus
2479 5028 2584 5067 non
2626 5013 2783 5067 faciat
2808 5030 2822 5066 :
2845 5013 2985 5067 sicut
3014 5022 3239 5067 mortem
3270 5014 3375 5069 non
3406 5014 3563 5080 fecit,

1985 5114 2039 5159 et
2066 5113 2240 5159 tamen
2269 5119 2426 5173 quem
2458 5112 2627 5158 morte
2657 5102 2871 5172 dignum
2917 5111 3135 5167 censet,
3166 5103 3378 5159 occidit.
3409 5104 3565 5161 Unde

1986 5197 2201 5269 legitur,
2228 5196 2365 5251 Deus
2387 5206 2593 5251 mortem
2621 5212 2721 5249 non
2751 5196 2901 5267 fecit;
2927 5197 3142 5267 legitur,
3173 5196 3314 5250 Mors
3343 5204 3388 5248 et
3417 5195 3515 5249 vita
3536 5212 3568 5248 α

1987 5288 2204 5342 Domino
2235 5280 2343 5344 Deo
2368 5298 2440 5342 est
2466 5286 2653 5358 (Eccli.
2686 5304 2760 5349 xt,
2788 5287 2876 5353 Η)
2903 5305 2916 5342 :
2940 5303 3059 5359 quae
3084 5288 3190 5342 duo
3214 5288 3353 5341 inter
3373 5298 3432 5339 se
3461 5301 3568 5341 non

1987 5396 2107 5439 esse
2141 5379 2404 5436 contraria
2444 5378 2682 5450 profecto
2722 5379 2899 5448 videt,
2945 5379 3182 5450 quisquis
3202 5377 3284 5431 'ab
3319 5374 3571 5445 operibus

2055 5544 2069 5574 ¹
2107 5542 2225 5592 Editi
2243 5577 2257 5599 ,
2295 5538 2534 5602 operibus.
2559 5537 2727 5589 Melius
2752 5545 2880 5598 .\tss.,
2905 5532 3197 5597 corporibus.

2052 5606 2074 5636 ²
2111 5604 2382 5666 \ignierius
2402 5603 2597 5660 omittit,
2623 5609 2685 5666 et.
2748 5609 2812 5666 st.

2055 5668 2076 5698 ³
2107 5663 2180 5715 sic
2201 5674 2299 5714 uss.
2328 5671 2375 5712 tu
2399 5667 2557 5727 tign.,
2579 5663 2880 5712 arimmiam.

2677 5735 3278 5823 (Carmente-troia.)
