3934 6178
377 340 520 393 1.355

379 453 778 525 divinisjnilicia
803 453 976 509 divina
1002 449 1291 504 discernit‘
1321 464 1330 498 :
1353 444 1492 515 quod
1519 453 1571 497 tu
1597 443 1639 496 si
1662 441 1923 511 potuisses
1941 478 1955 502 ,

385 567 490 603 non
523 550 702 617 utique
733 547 831 600 i5ta
867 558 999 596 vana
1031 541 1282 596 dixisses.

454 637 689 693 XXXIII.
734 633 851 690 JUL.
897 635 1033 702 Ergo
1060 632 1110 685 in
1143 629 1393 699 operibus
1423 625 1538 696 ejus
1581 624 1756 678 nullus
1793 619 1965 692 pudor

382 741 495 794 est;
544 730 596 782 in
640 727 918 781 sententiis
947 734 1122 778 autem
1153 736 1356 774 sutnma
1388 717 1717 773 deformitas.
1750 715 1963 769 Certum

381 835 460 880 est
493 838 714 892 nempe,
760 820 899 892 quod
931 833 1141 890 pmnam
1172 823 1437 870 mereatur
1463 821 1671 866 reatus:
1693 824 1816 863 num
1845 806 1966 860 ideo

383 930 558 971 tamen
588 914 829 970 confusio
855 913 1022 983 culpre
1053 911 1249 976 debita,
1284 909 1334 962 in
1367 905 1593 961 vindicta
1621 901 1876 966 recurrit,
1909 906 1968 952 ut

381 1009 680 1079 appelletur
719 1005 836 1061 sine
883 1005 1088 1076 pudore
1134 1000 1274 1071 quod
1329 998 1452 1054 fecit
1494 1011 1656 1057 rcus,
1714 991 1807 1048 sed
1859 1005 1964 1044 non

384 1102 548 1169 possit
579 1098 694 1153 sine
721 1097 1007 1168 ignominia
1037 1093 1140 1148 dici
1167 1092 1310 1163 quod
1333 1088 1620 1161 judicando
1647 1085 1769 1142 fecit
1794 1081 1967 1138 Deus?

453 1193 590 1249 Ave.
618 1189 752 1258 Quid
779 1189 1036 1260 explicata
1067 1186 1326 1256 implicas,
1357 1192 1411 1239 et
1435 1182 1644 1237 evoluta
1672 1175 1960 1238 convolvis,

309 1293 313 1298 ‘
383 1295 442 1338 ut
491 1282 715 1354 ingeniis
758 1279 1112 1342 tardioribus,
1154 1276 1329 1348 qualia
1375 1275 1427 1328 in
1474 1271 1778 1328 hominibus
1817 1267 1968 1337 plura

382 1382 538 1441 sunt,
567 1371 794 1427 videaris
820 1370 1000 1425 dicere
1027 1367 1248 1440 aliquid,
1277 1380 1398 1420 cum
1425 1363 1571 1418 dicas
1603 1359 1762 1414 nihil?
1798 1359 1968 1412 IIomo

384 1478 445 1518 es
463 1462 630 1532 enim,
661 1462 748 1533 qui
782 1461 959 1532 potius
993 1456 1365 1513 inverecundia
1391 1469 1547 1524 quam
1580 1450 1818 1506 facundia
1849 1464 1968 1517 per-

385 1554 611 1609 suadere
639 1553 872 1614 conaris,
896 1550 1034 1621 quod
1059 1547 1368 1604 deformitas
1393 1545 1477 1600 vel
1505 1539 1667 1608 nulla,
1696 1541 1776 1595 vel
1808 1552 1968 1610 parva

387 1644 476 1709 sil,
507 1653 564 1699 ut
593 1659 711 1699 cum
743 1642 980 1711 subjecta
1007 1655 1125 1695 esse
1155 1653 1279 1693 caro
1306 1635 1509 1706 Spiritui
1540 1633 1749 1698 debeat,
1776 1629 1970 1684 adver-

385 1749 477 1788 sus
503 1733 747 1804 Spiritum
793 1732 1167 1802 concupiscat;
1211 1737 1303 1783 aut
1340 1725 1478 1798 quod
1517 1740 1622 1780 non
1663 1724 1732 1777 sit
1765 1722 1968 1792 justum

391 1824 482 1880 Dei
506 1824 799 1895 judicium,
844 1823 1142 1892 relinquere
1184 1819 1610 1888 delinquentem,
1645 1823 1703 1869 ut
1730 1814 1841 1883 ipse
1870 1811 1970 1866 sibi

388 1913 457 1967 sit
489 1929 666 1983 paena,
692 1913 778 1969 cui
810 1913 948 1968 Deus
975 1911 1145 1967 fuerat
1171 1927 1294 1965 vera
1330 1909 1584 1973 felicitas;
1615 1914 1705 1961 aut
1731 1901 1872 1976 quod
1902 1902 1970 1958 de

389 2014 608 2072 peccato
637 2004 857 2068 debeat,
900 2019 1003 2056 non
1030 2002 1098 2057 de
1127 2017 1280 2071 pmna
1311 2015 1404 2055 sua
1435 1999 1658 2068 quisque
1685 1993 1968 2058 confundi;

390 2109 508 2149 cum
542 2093 776 2164 plerique
801 2095 867 2149 de
890 2092 1118 2163 peccatis
1138 2094 1247 2146 suis
1272 2106 1379 2146 non
1402 2089 1740 2150 erubescant,
1760 2087 1805 2141 si
1828 2084 1969 2140 nulla

393 2201 547 2255 paena
594 2184 751 2240 fuerit
793 2187 1077 2239 subsecuta
1120 2198 1280 2255 quam
1323 2181 1588 2248 sentiant,
1616 2188 1670 2235 et
1696 2193 1790 2234 eos
1816 2175 1973 2231 faciat

393 2291 545 2345 perna
593 2273 883 2341 confundi,
928 2273 1070 2345 quod
1116 2287 1222 2330 non
1265 2271 1480 2328 fecisset
1516 2268 1820 2342 impunitas.
1865 2264 1969 2321 Sed

389 2375 576 2420 contra
608 2381 693 2420 res
720 2365 1082 2435 apertissinias
1108 2379 1264 2435 quem
1307 2363 1494 2418 liberet
1533 2377 1651 2416 esse
1676 2361 1930 2415 disertum
1951 2399 1967 2424 ,

393 2454 493 2509 nisi
521 2470 552 2509 a
573 2454 794 2509 veritate
821 2453 1130 2509 desertum?
1155 2451 1453 2522 Utrumque
1480 2460 1656 2505 autem
1685 2464 1782 2504 nos
1807 2448 1973 2503 libere

390 2544 650 2612 dicimus,
678 2552 734 2600 et
761 2543 900 2614 quod
932 2542 1056 2598 fecit
1092 2543 1254 2598 homo
1283 2541 1502 2610 volens,
1541 2551 1595 2598 et
1619 2541 1756 2612 quod
1784 2554 1972 2612 passus

389 2644 468 2690 est
490 2634 709 2700 nolens;
738 2635 790 2688 id
815 2643 915 2701 est,
939 2642 993 2690 et
1017 2633 1239 2703 spiritus
1265 2631 1698 2696 inobedientiam,
1721 2639 1776 2688 et
1793 2630 1972 2686 carnis

386 2733 572 2780 contra
611 2721 855 2796 spiritum
896 2721 1383 2795 concupiscentiam
1409 2721 1543 2780 :sed
1571 2738 1733 2777 unum
1782 2721 1970 2776 borum

388 2814 567 2871 dicere
597 2824 650 2870 tu
679 2815 1053 2880 erubescebas,
1081 2829 1151 2868 ne
1179 2827 1278 2869 nos
1307 2812 1626 2868 admoneres
1657 2811 1796 2868 unde
1826 2820 1969 2867 tuum

389 2907 824 2962 conrinceremus
853 2919 1115 2962 errorem.
1142 2904 1209 2958 Et
1236 2918 1376 2958 nunc
1403 2902 1615 2972 quando
1635 2901 1744 2973 jam
1770 2917 1971 2958 concu-

392 2996 699 3065 piscentiam
739 2997 920 3052 carnis
948 3006 1001 3050 et
1026 2993 1300 3050 libidinem
1345 2993 1620 3059 nominas,
1662 3007 1730 3048 ne
1771 2990 1839 3048 de
1870 3001 1972 3046 tua:

388 3099 652 3156 suscepttc
679 3087 894 3141 nomine
919 3084 1237 3140 erubescere
1258 3083 1454 3140 dicaris
1471 3125 1486 3153 ,
1517 3083 1632 3155 plus
1659 3081 1973 3140 erubescere

390 3176 568 3243 times,
599 3184 654 3230 et
683 3189 867 3231 errare
895 3191 1002 3230 non
1034 3175 1208 3230 times.

460 3263 699 3321 XXXIV.
726 3265 843 3321 JL'L.
872 3265 1093 3320 Constat
1119 3274 1294 3320 tamen
1323 3273 1685 3319 accusatorem
1732 3272 1972 3320 nostrum

389 3359 442 3412 in
467 3355 679 3425 eodem,
699 3369 857 3428 quem
886 3364 1184 3422 aversatur,
1205 3355 1488 3412 Iutovolvi.
1513 3345 1644 3410 Cum
1673 3356 1812 3411 enim
1838 3371 1972 3410 con-

392 3449 603 3505 tinxerit
635 3449 777 3518 iuste
803 3447 1063 3503 redditam
1092 3447 1329 3504 libidinis
1356 3461 1587 3518 poenam,
1620 3453 1675 3502 et
1722 3448 1858 3501 hanc
1884 3446 1974 3516 ju-

303 3557 306 3562 ·
392 3539 585 3593 stillam
611 3537 806 3593 divinae
829 3537 1056 3592 inculcat
1086 3537 1376 3593 convenire
1394 3537 1698 3600 sententiae,
1722 3537 1774 3592 in
1797 3537 1974 3607 prola-

372 3628 538 3682 tione
557 3636 733 3682 autem
758 3625 1040 3682 sententize
1069 3639 1204 3697 opus
1232 3625 1325 3682 Dei
1346 3639 1465 3681 esse
1489 3622 1594 3681 nea
1635 3625 1881 3696 denegat,
1910 3643 1976 3682 ex

393 3731 493 3788 qua
515 3716 791 3772 libidinem
818 3717 1060 3773 evenisse
1083 3715 1232 3784 dicit,
1264 3733 1423 3788 quam
1451 3717 1869 3772 erubescendam
1901 3717 1979 3772 fa-

394 3817 566 3876 tetur;
597 3809 649 3864 in
670 3823 886 3879 operam
921 3809 1172 3864 nimirum
1217 3809 1333 3878 Dei,
1358 3807 1529 3878 illum,
1578 3825 1734 3880 quem
1762 3808 1978 3879 pr0pul-

392 3909 622 3964 saverat,
648 3900 866 3957 reduxit
889 3899 1167 3970 pudorem.

463 3991 600 4048 Anc.
628 3989 744 4047 Jam
773 3990 868 4046 tibi
895 3990 1102 4047 dictum
1130 3998 1234 4058 est,
1275 3989 1414 4046 Deus
1440 3999 1649 4046 mortem
1671 4007 1773 4045 non
1816 3990 1930 4061 fecit
1958 4005 1978 4044 :

393 4083 446 4137 in
476 4080 766 4153 prolatione
793 4087 970 4134 autem
997 4081 1276 4136 sententia:
1303 4079 1395 4135 Dei
1423 4089 1525 4145 est,
1554 4080 1719 4134 Morte
1753 4081 1980 4135 morieris

397 4171 552 4243 (Gen.
581 4187 638 4240 ιι,
675 4171 783 4241 I7).
823 4170 963 4227 Ecce
994 4171 1134 4226 Deus
1166 4169 1268 4226 hoc
1287 4171 1508 4226 retribui
1539 4173 1802 4242 peccatori
1833 4170 1976 4240 fecit,

393 4263 534 4336 quod
565 4265 705 4319 Deus
732 4263 847 4333 ipse
870 4278 976 4316 non
1006 4261 1149 4317 fecit.
1182 4262 1246 4316 Et
1286 4272 1460 4317 tamen
1486 4263 1606 4332 quia
1656 4262 1795 4318 Deus
1824 4263 1979 4317 ultio-

395 4373 520 4411 num
547 4365 630 4411 est
658 4353 830 4425 (Psal.
859 4368 1008 4417 xcm,
1042 4353 1123 4424 I),
1153 4352 1283 4408 dicit
1326 4353 1490 4408 etiam
1522 4368 1706 4408 creare
1743 4367 1803 4408 se
1842 4354 1982 4409 mala

398 4447 551 4518 (Isai.
577 4460 705 4516 ην,
735 4447 788 4516 7)
825 4455 922 4503 :et
945 4445 1186 4517 qundam
1229 4445 1279 4499 in
1321 4443 1458 4502 libro
1504 4443 1875 4500 Ecclesiastieo
1915 4445 1982 4498 at!

396 4540 682 4595 vindictam
739 4547 916 4595 creata
979 4539 1227 4597 dicuntur
1275 4534 1461 4612 (Eccfi.
1494 4535 1823 4607 xxxix,55).
1877 4536 1981 4592 Sed

396 4648 517 4686 cum
539 4640 812 4700 peccatum
850 4631 1010 4684 etiam
1037 4645 1174 4700 pona
1197 4630 1396 4699 peccati
1425 4637 1527 4694 est,
1563 4643 1668 4684 non
1699 4630 1836 4684 Deus
1859 4645 1984 4700 pec-

397 4731 576 4778 catum
608 4720 730 4775 facit
749 4735 914 4789 opere
938 4719 1139 4789 iniquo,
1171 4720 1265 4775 sed
1297 4729 1353 4774 ut
1398 4715 1673 4790 peccatum
1719 4720 1788 4775 sit
1826 4734 1980 4790 pcena

400 4811 668 4884 peccantis
696 4810 819 4866 facit
847 4824 1008 4880 opere
1030 4809 1193 4880 justo.
1211 4809 1342 4878 Quis
1369 4811 1511 4864 enim
1543 4817 1698 4880 neget
1720 4825 1839 4866 esse
1861 4825 1984 4879 pec-

395 4913 595 4972 catum,
620 4901 892 4973 prophetis
921 4900 1268 4956 mendacibus
1293 4899 1548 4955 credere?
1573 4900 1638 4954 Et
1667 4910 1841 4955 tamen
1872 4901 1984 4955 haec

398 4997 498 5051 fuit
520 5009 676 5065 poma
709 4995 848 5064 regis
877 4992 1092 5059 Achab,
1128 4991 1307 5047 divino
1337 4991 1533 5046 inflicta
1579 4992 1799 5061 judicio,
1848 4993 1986 5046 sicut

397 5087 707 5156 Regnorum
727 5091 954 5138 testatur
997 5083 1216 5138 historia
1257 5080 1349 5153 (III
1381 5080 1506 5153 Reg.
1540 5081 1695 5152 xm).
1722 5082 1830 5138 Nec
1865 5083 1984 5139 ideo

435 5175 678 5245 uisquam
730 5171 801 5228 Ita
839 5173 1053 5244 desipit,
1100 5182 1158 5228 ut
1203 5172 1788 5244 pseudoprophetarum
1834 5183 1984 5243 putet

399 5264 657 5322 laudanda
684 5278 805 5321 esse
827 5263 1121 5331 mendacia,
1150 5274 1243 5320 aut
1268 5265 1529 5320 mendacii
1549 5265 1714 5321 Deum
1735 5265 1875 5321 dicat
1891 5282 1984 5320 au-

402 5369 619 5422 ctorem,
674 5370 796 5412 cum
817 5353 1018 5425 judicio
1043 5355 1210 5424 justo,
1258 5357 1348 5412 ubi
1390 5357 1480 5413 tali
1517 5372 1676 5427 ptena
1733 5358 1984 5428 perspicit

397 5441 636 5516 dignum,
690 5445 814 5500 facit
859 5444 1031 5514 decipi
1075 5461 1340 5516 quemque
1380 5447 1682 5503 mendacio.
1737 5447 1899 5518 Lege,
1930 5455 1985 5504 et

402 5617 413 5626 _
464 5560 482 5589 ι
518 5566 719 5628 prosper
748 5557 814 5628 in_
820 5557 1183 5628 sententiarum
1205 5555 1348 5628 libro,
1371 5561 1616 5628 sententia
1631 5560 1746 5628 303,
1765 5559 1860 5628 hoc
1881 5559 1986 5628 loco

400 5617 574 5682 inserit
596 5616 862 5682 verliailla
901 5629 914 5682 ξ
951 5616 1067 5682 quia
1088 5617 1222 5682 atiud
1244 5626 1316 5682 est
1336 5616 1549 5672 ἐνευηαο
1593 5634 1685 5672 non
1728 5616 1985 5672 instituisse

393 5677 675 5750 mortalem,
720 5679 858 5728 aliud
884 5677 1162 5750 judicando
1203 5677 1408 5750 plectere
1441 5689 1757 5748 peccatorem.
1800 5685 1984 5734 Absunt

399 5742 596 5794 omnino
612 5749 641 5786 tt
656 5740 992 5804 manuscriptis
1010 5741 1154 5805 huius
1185 5740 1364 5805 aperis.

1081 332 1321 390 Ol‘iiiliS
1362 327 1770 384 ITliPEI‘tFiiCTI
1811 323 2080 379 CON'l‘IiA
2120 322 2479 390 JULIANUM,
2519 325 2575 383 S.
2619 327 2978 384 AUGUSTI?“

3521 332 3653 387 1356

2072 437 2336 510 intelligo;
2365 450 2418 495 et
2448 441 2552 497 noli
2584 443 2698 512 tibi,
2730 459 2794 498 ne
2835 443 3114 512 intelligas,
3153 444 3377 499 tumultu
3415 445 3652 516 loquaci-

2071 529 2191 582 tatis
2218 530 2543 602 obstrepere.

2142 619 2360 677 XXXV.
2387 621 2506 678 ιω..
2541 624 2621 679 Ad
2642 625 2782 696 quod
2813 634 2988 680 tamen
3018 627 3167 696 quasi
3196 627 3531 682 corollarium
3558 644 3652 700 pe-

2071 712 2283 765 Culiaris
2304 715 2519 768 sceleris
2539 715 2796 786 adjunxit,
2829 725 2885 770 ut
2914 716 3068 770 talem
3109 733 3323 788 ptenam
3364 734 3394 772 a
3440 719 3548 774 Deo
3589 720 3654 774 iI-

2075 803 2231 857 latam
2265 805 2484 872 diceret,
2514 823 2631 878 qua:
2659 815 2802 862 esset
2831 807 3078 862 illecebra
3108 818 3162 863 et
3207 797 3376 865 fbmes
3429 792 3652 880 peccati,

2072 910 2188 964 qu:e
2216 895 2301 951 lcx
2328 897 2378 951 in
2433 899 2688 953 membris
2737 898 2926 952 invicta
2965 911 3282 968 repugnaret
3323 901 3422 972 legi
3463 903 3654 957 mentis

2072 997 2269 1040 nostra:
2298 1005 2312 1041 :
2341 1003 2446 1059 quo
2471 1003 2666 1058 genere
2692 989 2908 1044 ultionis
2933 989 3307 1060 multiplicaret
3333 992 3472 1047 Deus
3511 992 3658 1063 ﬂagi-

2074 1077 2163 1141 tia,
2195 1094 2298 1133 non
2321 1079 2563 1150 puniret;
2612 1088 2665 1136 et
2693 1081 2782 1152 qui
2811 1082 2973 1135 iratus
3020 1089 3134 1136 erat
3180 1083 3332 1136 mala:
3371 1083 3655 1148 voluntati,

2073 1183 2175 1236 qua
2207 1168 2375 1223 fuerat
2404 1177 2658 1236 erratum,
2683 1171 2942 1240 reliquum
2975 1171 3171 1226 faceret
3202 1173 3455 1239 peccandi
3481 1189 3659 1228 neces.

2075 1259 2304 1314 sitatam.
2359 1259 2524 1328 Quale
2567 1262 2636 1316 sit
2685 1271 2862 1318 tamen
2911 1262 3010 1316 hoc
3049 1262 3325 1331 judicium,
3380 1261 3656 1320 Manieluci

2074 1351 2220 1406 furor
2249 1353 2437 1408 viderit
2460 1372 2474 1407 :
2497 1353 2621 1407 dum
2640 1363 2865 1420 constet,
2888 1354 3010 1425 quia
3037 1355 3121 1410 hic
3142 1353 3308 1424 judex
3333 1355 3419 1424 qui
3450 1355 3518 1410 ab
3551 1357 3659 1410 Au-

2074 1445 2282 1513 gustino
2311 1444 2544 1515 fingitur,
2567 1445 2830 1500 simularit
2853 1461 2912 1500 se
2939 1444 3156 1499 horrere
3185 1455 3474 1514 peccatum,
3507 1458 3661 1502 cete-

2074 1550 2190 1588 rum
2225 1543 2367 1589 tanto
2405 1536 2482 1592 eis
2509 1536 2746 1591 adhaeret
2773 1534 2991 1602 affectu,
3021 1545 3078 1589 ut
3115 1536 3506 1607 diligentiorem
3555 1553 3657 1591 nu-

2075 1626 2280 1681 tritium
2305 1626 2544 1682 invenire
2575 1644 2681 1682 non
2700 1629 2926 1699 possint.
3133 1608 3141 1618 ’
3659 1621 3662 1624 ’

2145 1718 2280 1774 Anc.
2313 1717 2452 1788 Lege
2476 1717 2617 1787 quod
2648 1719 2900 1788 scriptum
2925 1728 3026 1786 est,
3056 1721 3306 1789 quoniam
3348 1737 3447 1775 non
3476 1722 3659 1790 proba-

2075 1817 2250 1862 t'erunt
2276 1807 2440 1862 Deum
2469 1808 2648 1863 habere
2672 1811 2726 1863 in
2769 1811 2964 1874 notitia,
2999 1810 3206 1864 tradidit
3253 1812 3369 1866 illos
3425 1811 3562 1868 Deus
3605 1814 3658 1866 in

2075 1897 2340 1964 reprobam
2401 1909 2647 1962 mentem,
2705 1909 2758 1952 ut
2810 1900 3001 1969 faciant
3050 1917 3164 1972 qua:
3213 1919 3311 1955 non
3361 1904 3660 1957 conveniunt

2075 1986 2252 2059 (Rom.
2283 2004 2319 2053 ι,
2347 1987 2439 2061 28)
2472 2005 2485 2042 :
2513 1997 2566 2044 et
2596 1988 2714 2043 vide
2734 1989 2976 2061 qutedam
3021 1999 3236 2060 peccata
3259 1992 3420 2045 etiam
3469 2007 3658 2061 prunas

2075 2093 2195 2133 esse
2216 2079 2568 2148 peccantium.
2583 2079 2863 2150 Quomodo
2884 2090 3063 2136 autem
3090 2080 3140 2136 id
3165 2081 3320 2136 faciat
3337 2082 3476 2138 Deus
3501 2092 3559 2137 ut
3579 2083 3660 2137 in-

2077 2168 2301 2248 telligas,
2330 2169 2507 2241 relege
2533 2170 2674 2241 quod
2716 2179 2767 2226 te
2797 2171 3047 2225 admonui
3098 2173 3343 2242 superius
3393 2173 3463 2228 de
3513 2173 3659 2244 Rege

2076 2263 2260 2318 Achab
2289 2265 2477 2333 :cujus
2506 2265 2684 2336 utique
2714 2274 2987 2334 peccatum
3018 2265 3114 2319 fuit
3173 2265 3391 2320 credere
3431 2264 3657 2336 pseudo-

2077 2355 2381 2424 prOpIietis;
2412 2365 2465 2412 et
2505 2366 2678 2412 tamen
2732 2356 2835 2414 hoc
2875 2367 3171 2428 peccatum,
3205 2358 3313 2413 Deo
3339 2357 3655 2421 vindicatae,

2077 2444 2174 2500 fuit
2215 2447 2375 2501 etiam
2425 2461 2580 2516 pmna
2618 2448 2910 2518 peccantis.
2957 2447 3059 2502 Ista
3105 2448 3403 2515 considera,
3453 2458 3506 2504 et
3550 2448 3658 2504 noli

2076 2537 2340 2592 oblatrare
2364 2536 2596 2606 veritati,
2647 2554 2748 2620 ne_
2769 2539 2821 2594 in
2873 2547 2925 2595 te
2951 2555 3164 2616 quoque
3187 2553 3508 2610 agnoscatur
3544 2539 3658 2595 lucc

2073 2643 2253 2698 plena.
2893 2698 2898 2700 _

2081 2771 2085 2773 .
2147 2717 2387 2774 XXXVI.
2414 2717 2533 2776 Jun.
2564 2719 2701 2791 Quid
2727 2737 2853 2792 ergo
2880 2721 2981 2786 vis,
3029 2721 3375 2783 subtilissime
3419 2721 3658 2791 disputa-

2077 2811 2198 2866 tor?
2245 2813 2554 2882 saerilegam
2594 2827 2714 2868 esse
2760 2813 2811 2867 in
2847 2813 2940 2868 Dei
2965 2813 3215 2883 operibus
3263 2813 3665 2886 verecundiam,

2076 2905 2199 2980 quia
2220 2907 2396 2960 omnia
2423 2922 2542 2976 quce
2574 2906 2712 2961 Deus
2739 2905 2940 2971 fecerit,
2971 2906 3168 2975 passim
3197 2907 3278 2976 agi
3302 2904 3554 2972 debeant,
3583 2919 3656 2962 ne

2077 3007 2255 3052 nostra
2280 2999 2560 3072 trepidatio
2586 2999 2828 3067 opificem
2867 2998 3110 3054 videatur
3153 2998 3412 3070 arguere?
3435 2999 3661 3054 ‘Erravit

2077 3105 2204 3160 ergo
2228 3091 2499 3160 apostolus
2525 3091 2738 3156 Paulus,
2767 3090 2859 3161 qui
2885 3091 2978 3146 Dei
3001 3106 3164 3161 opera
3185 3091 3515 3157 describens,
3541 3091 3615 3144 ait
3640 3109 3656 3144 :

2083 3183 2455 3240 Verecundiam
2495 3193 2668 3238 nostra
2711 3185 2954 3254 majorem
3000 3183 3308 3238 honestatem
3345 3183 3560 3248 habent;
3608 3193 3659 3235 et

2078 3274 2217 3330 Deus
2242 3275 2528 3344 temperavit
2552 3289 2756 3344 corpus,
2783 3275 2830 3327 ei
2847 3275 2927 3328 cui
2955 3273 3126 3328 deerat
3145 3273 3510 3341 abundantior:
3535 3273 3659 3326 dato

2078 3367 2288 3432 honore,
2335 3376 2394 3420 ut
2433 3383 2535 3420 non
2573 3366 2638 3420 sit
2681 3366 2903 3421 scissura
2961 3366 3017 3420 in
3073 3381 3283 3438 corpore
3331 3365 3372 3437 (I
3401 3363 3518 3421 Cor.
3559 3380 3660 3431 xu,

2077 3457 2293 3528 25.25).
3534 3446 3536 3448 '

2151 3551 2286 3606 Atto.
2311 3548 2454 3619 Lege
2482 3547 2780 3617 diligenter,
2808 3557 2861 3604 et
2885 3549 3086 3618 inspice
3115 3547 3352 3604 codicem
3393 3560 3659 3618 grzecum;

2080 3655 2136 3702 et
2160 3644 2398 3700 invenies
2425 3642 2738 3713 Apostolum
2779 3641 3044 3695 inhonesta
3063 3639 3263 3696 dixisse
3290 3638 3392 3712 (a),
3421 3653 3540 3709 qua:
3577 3653 3663 3692 ee-

2080 3735 2380 3790 recundiora
2403 3743 2458 3788 tu
2499 3733 2752 3788 diciszet
2796 3745 3040 3799 quaerens
3072 3745 3169 3786 cur
3205 3729 3484 3786 inhonesta
3531 3728 3664 3793 sint.

2081 3842 2201 3897 quae
2227 3827 2377 3896 prius
2401 3839 2571 3895 usque
2601 3823 2734 3879 adeo
2756 3822 2963 3878 fuerant
2989 3823 3232 3890 honesta,
3265 3821 3460 3878 utnudi
3485 3830 3667 3877 essent

2082 3917 2189 3973 duo
2214 3918 2310 3984 illi,
2329 3925 2383 3972 et
2406 3931 2512 3971 non
2538 3914 2989 3970 confunderentur
3005 3913 3159 3986 (Gen.
3179 3930 3237 3981 ιι,
3264 3913 3380 3986 25);
3401 3914 3664 3983 reperies,

2083 4009 2130 4065 si
2153 4023 2259 4064 non
2288 4016 2341 4062 te
2358 4006 2669 4061 animositas
2696 4005 3052 4060 contentionis
3075 4013 3332 4071 excaecat,
3362 4013 3418 4059 ut
3448 4004 3550 4058 hoc
3582 4018 3672 4057 se-

2083 4109 2357 4171 queretur,
2385 4099 2722 4168 przrcessisse
2748 4107 3022 4166 peccatum
3053 4115 3067 4150 :
3092 4111 3264 4166 neque
3285 4096 3337 4151 in
3358 4095 3668 4150 hominibus

2085 4193 2270 4263 primis
2301 4191 2465 4246 Deum
2506 4188 2704 4258 aliquid
2747 4188 2937 4244 fecisse
2979 4187 3351 4253 inhonestum;
3399 4187 3537 4240 sicut
3566 4201 3670 4242 nec

2087 4291 2310 4338 mortem
2337 4279 2461 4335 fecit
2485 4278 2646 4342 Deus,
2667 4292 2788 4333 cum
2816 4292 3008 4348 corpus
3033 4293 3140 4332 non
3170 4276 3327 4332 faciat
3352 4276 3452 4330 nisi
3495 4276 3668 4340 Deus;

2087 4380 2142 4428 et
2165 4382 2362 4436 tamen,
2383 4368 2581 4440 Corpus
2612 4369 2813 4439 quidem
2843 4377 3091 4422 mortuum
3127 4377 3200 4420 est
3249 4375 3454 4438 propter
3491 4380 3669 4436 parcae

2087 4475 2212 4529 tum,
2241 4477 2399 4518 verax
2425 4461 2550 4515 dicit
2574 4459 2858 4528 Apostolus
2879 4457 3054 4530 (Rom.
3083 4473 3195 4523 vm,
3232 4455 3339 4526 I0).

2159 4552 2419 4609 XXXVII.
2449 4551 2567 4608 JUL.
2600 4549 2757 4604 Errat
2783 4550 2940 4604 etiam
2970 4549 3313 4602 honestorum
3337 4546 3672 4614 cautio,qn:e

2089 4646 2416 4701 naturalibus
2463 4643 2622 4698 rebus
2647 4641 2979 4698 verecundiae
3017 4638 3297 4710 prmtendit
3341 4637 3668 4691 umbracula.

2089 4739 2167 4794 Tu
2192 4753 2316 4809 ergo
2346 4738 2458 4806 ipse
2482 4734 2730 4805 reliquias
2751 4735 2988 4788 ciborum
3011 4773 3025 4798 ,
3054 4747 3186 4803 quas
3213 4739 3361 4786 certe
3399 4729 3672 4784 conﬁteris

2089 4844 2194 4884 non
2222 4828 2487 4898 pertinere
2512 4825 2578 4880 ad
2610 4824 2902 4888 libidinem,
2935 4823 3037 4876 sub
3064 4821 3230 4877 oculis
3258 4819 3466 4890 depelle
3496 4834 3667 4888 popu-

2089 4921 2295 4985 lorum;
2346 4918 2452 4972 imo
2500 4925 2561 4971 ut
2603 4914 2835 4985 degmati
2881 4922 2970 4968 tuo
3001 4911 3367 4967 auctoritatem
3422 4909 3676 4964 concilies

2090 5008 2355 5077 exemplo,
2386 4988 2438 5060 in
2466 5005 2703 5060 Ecclesia
2754 5003 2915 5058 facito
2961 5002 3161 5068 omnia,
3212 5017 3330 5071 qua:
3383 4999 3447 5054 ad
3490 5007 3676 5052 nutum

2091 5100 2222 5155 dicis
2261 5099 2371 5152 fieri
2419 5096 2725 5162 voluntatis,
2786 5093 3208 5162 contentusque‘
3249 5107 3464 5160 operam
3515 5089 3679 5144 solius

2091 5188 2481 5246 commixtionis
2508 5187 2770 5251 occulere,
2798 5200 2827 5238 a
2857 5199 2978 5254 qua,
3007 5193 3062 5238 et
3087 5183 3213 5236 olim
3238 5181 3532 5252 praposito,
3566 5178 3677 5232 for-

2090 5284 2248 5350 sitan,
2280 5290 2334 5337 et
2361 5295 2500 5335 nunc
2529 5281 2677 5335 senio
2701 5277 2970 5342 destitisti,
2999 5276 3161 5330 dicito
3181 5274 3246 5328 ad
3270 5273 3472 5344 grande
3502 5271 3672 5326 sacri-

2092 5375 2284 5445 legium
2310 5373 2596 5441 pertinere,
2628 5371 2672 5424 si
2691 5385 2776 5424 res
2803 5384 2923 5438 quze
2946 5369 3110 5421 Deum
3137 5365 3469 5420 conditorem
3495 5363 3678 5424 habet,

2091 5465 2362 5534 publicum
2385 5462 2513 5516 vitet
2539 5467 2834 5530 aspectum.
2861 5457 3093 5513 Comede
3139 5456 3297 5527 igitur
3319 5455 3374 5508 in
3414 5453 3553 5516 fore,
3589 5459 3682 5505 aut

2155 5665 2170 5694 ε
2207 5661 2362 5723 vign.,
2386 5663 2780 5717 conuentusque.
2803 5665 2908 5706 Mss.
2925 5689 2941 5716 ,
2966 5659 3311 5714 canentum-ul.

2155 5744 2230 5808 (a)
2270 5742 2331 5794 I‘t‘t
2353 5740 2650 5793 asrhe‘mona.
