3934 6178
303 307 430 361 I373?

296 425 346 476 in
375 421 676 493 synagogis,
717 421 765 474 in
791 419 982 491 quibus
1007 416 1392 489 disputationes
1424 423 1524 468 tuze
1553 424 1873 483 personant;

294 524 344 567 et
372 530 494 568 cum
535 515 850 566 vestimenta
876 511 976 568 sub
1001 510 1111 564 sole
1141 507 1340 562 torrido
1367 505 1561 560 fuerint
1600 508 1770 569 oneri,
1801 516 1877 561 te-

289 619 421 671 gens
450 604 591 656 illam
638 601 1002 656 tantummodo
1057 599 1297 668 corporis
1343 597 1414 650 lui
1471 604 1673 664 partem
1715 611 1873 666 quam

286 693 531 747 diabolus
583 693 776 751 movit.
821 690 1018 759 reliqua
1068 689 1239 742 nudus
1286 687 1518 742 incedito
1551 705 1563 740 :
1593 688 1712 756 quia
1747 703 1874 756 pro-

285 785 504 838 nuntias
532 783 792 854 ingratum
839 796 959 835 esse
985 789 1040 834 et
1075 779 1377 850 profanum,
1426 779 1469 832 si
1498 777 1622 848 quid
1669 788 1876 849 tegatur

283 875 428 943 quod
461 875 550 929 Dei
575 873 828 943 Operibus
853 870 1190 926 adscribitur.
1222 868 1373 934 Quod
1416 884 1535 922 cum
1560 869 1750 924 horum
1796 870 1873 922 ni-

283 964 355 1018 hil
382 965 511 1019 facis
535 965 602 1033 (si
632 975 806 1018 tamen
825 978 928 1017 non
954 961 1280 1032 proficiendo
1302 963 1318 994 ¹
1341 961 1574 1030 feceris),
1593 961 1720 1030 ipsis
1741 976 1870 1032 ope-

282 1058 436 1112 ribus
459 1056 747 1112 coofirmas
774 1058 997 1112 alterum
1027 1055 1094 1111 de
1146 1055 1373 1122 duobus,
1401 1058 1502 1110 'aut
1546 1056 1723 1110 omnia
1773 1057 1870 1112 ista

282 1147 350 1202 ad
383 1149 656 1203 diabolum
691 1149 975 1218 pertinere.
1006 1163 1124 1217 qua:
1153 1163 1255 1201 non
1288 1149 1596 1218 exsequeris
1622 1148 1721 1203 sub
1744 1164 1871 1203 con-

281 1250 470 1309 spectu
497 1241 740 1310 publico;
764 1250 854 1294 aut
873 1240 1065 1310 dogma
1089 1248 1343 1305 vestrum,
1373 1238 1417 1294 si
1444 1255 1551 1294 non
1573 1239 1756 1307 corde,
1787 1241 1870 1296 vel

189 1383 194 1388 .
281 1341 468 1386 ventre
495 1341 585 1385 tuo
611 1341 743 1385 teste
770 1330 1044 1385 cecidisse.

193 1415 198 1423 ’
354 1423 488 1476 Anc.
518 1420 714 1474 Eorum
747 1433 865 1490 qua:
893 1420 1120 1474 occultat
1149 1418 1335 1489 pudor,
1365 1409 1465 1474 alia
1490 1429 1616 1475 sunt
1651 1420 1872 1475 horribi-

284 1510 373 1574 lia,
407 1511 506 1565 alia
529 1510 957 1579 concupiscibilia
988 1511 1109 1564 :illa
1133 1511 1466 1576 occuluntur,
1498 1527 1566 1568 ne
1607 1512 1866 1566 horrean-

282 1613 389 1668 tnr,
423 1603 558 1656 sicut
583 1602 888 1672 egestiones
939 1602 1278 1672 reliquiarum
1322 1617 1384 1656 ex
1431 1601 1726 1667 alimentis;
1769 1602 1866 1656 ista

277 1708 426 1757 vero,
459 1708 525 1746 ne
550 1693 1010 1762 concupiscuntur,
1041 1693 1120 1747 vel
1149 1708 1215 1746 ne
1244 1692 1293 1746 id
1325 1691 1466 1762 quod
1515 1709 1609 1762 per
1634 1708 1696 1747 ca
1746 1692 1861 1748 fieri

276 1783 437 1847 solet,
459 1783 779 1836 admoneant
819 1783 1143 1852 conenpisci,
1185 1779 1321 1838 sicut
1350 1791 1473 1836 sunt
1501 1797 1562 1838 ea
1603 1783 1863 1849 membra,

272 1889 398 1941 qua:
426 1874 493 1928 ab
524 1874 637 1943 ipso
664 1873 872 1944 pudore
897 1874 1108 1943 proprie
1149 1873 1389 1943 pudenda
1417 1875 1682 1938 dicuntur,
1716 1875 1796 1930 vel
1820 1877 1866 1932 si

269 1967 357 2018 eis
383 1967 552 2034 ipsmn
583 1965 1024 2035 concupiscentia:
1058 1981 1191 2037 opus
1220 1967 1411 2036 agitur.
1443 1965 1572 2020 Nam
1596 1975 1650 2021 ct
1673 1976 1862 2022 cretera

267 2057 518 2125 corporis
537 2057 604 2111 ab
640 2057 721 2110 his
755 2057 1063 2122 remotiora,
1093 2072 1212 2111 cum
1228 2057 1389 2126 pudet
1411 2059 1548 2110 nuda
1568 2056 1865 2126 relinquere

260 2147 392 2201 sive
414 2148 638 2210 nudare,
664 2147 728 2200 ad
760 2147 860 2201 hoc
891 2148 1136 2214 pertinet,
1179 2147 1430 2216 quoniam
1476 2148 1865 2216 concupiscen-

260 2237 344 2290 tia
374 2238 552 2292 carnis
582 2237 736 2291 latius
762 2252 857 2306 per
895 2238 1077 2293 oculos
1103 2237 1352 2307 pascitur.
1380 2236 1531 2293 Unde
1574 2237 1646 2292 illi
1687 2239 1864 2306 impu-

254 2325 378 2381 dici
413 2328 657 2398 pudicam
686 2326 1004 2391 Susannam,
1032 2338 1287 2396 quantum
1327 2336 1634 2397 potuerunt,
1663 2328 1864 2384 nudare

260 2417 558 2470 voluerunt
585 2417 744 2486 (Dan.
778 2433 892 2484 xm,
916 2418 1029 2486 3‘3).
1072 2417 1256 2471 Potest
1289 2432 1420 2486 ergo
1461 2417 1600 2471 bene
1643 2417 1861 2488 intelligi

259 2511 433 2564 etiam
475 2509 638 2572 Deus,
675 2508 916 2576 ejusdem
942 2523 1154 2578 quoque
1197 2507 1416 2576 pudoris
1460 2507 1863 2564 commendasse

260 2615 478 2664 curam,
519 2598 731 2669 quando
775 2599 898 2652 illos
938 2597 1026 2668 qui
1055 2598 1156 2651 sibi
1204 2597 1553 2652 succinctoria
1604 2596 1858 2664 fecerant,

261 2691 451 2746 desoa
472 2689 706 2744 nuditate
729 2687 956 2752 confusi,
981 2689 1138 2743 etiam
1174 2687 1362 2742 tunicis
1389 2687 1592 2752 induit;
1619 2697 1860 2756 propter-

265 2798 344 2836 ca
372 2781 580 2851 quidem
608 2780 842 2848 pelliceis
871 2777 1020 2852 (Gen.
1049 2795 1126 2844 ιιι,
1155 2775 1271 2852 21),
1332 2789 1386 2832 ιιι
1429 2779 1860 2848 corruptibilibus

257 2873 382 2942 jam
413 2871 722 2942 corporibus
750 2886 894 2924 mors
917 2870 1218 2939 signaretur
1245 2869 1519 2938 adjuncta.
1547 2868 1602 2922 In
1649 2869 1860 2938 publico

265 2977 450 3017 autem
495 2962 636 3017 vesci
667 2977 782 3016 mos
809 2960 1078 3030 prohibet,
1120 2970 1485 3030 quostmmque
1514 2959 1780 3029 prohibet,
1806 2969 1861 3016 et

266 3055 450 3108 facere
473 3061 658 3107 contra
681 3067 884 3106 morem
903 3051 1094 3107 merito
1115 3051 1299 3120 pudet.
1326 3049 1457 3105 Nam
1483 3051 1710 3106 Romani
1759 3066 1858 3106 an-

268 3145 430 3215 tiqui,
454 3143 595 3214 quod
623 3145 780 3198 etiam
802 3145 915 3214 ipse
933 3143 1126 3214 legisti,
1157 3142 1210 3196 in
1233 3142 1510 3212 prepatulo
1535 3142 1861 3200 etenitabant

264 3250 434 3305 atque
465 3237 847 3308 prausitabant.
880 3235 1016 3305 Quid
1043 3245 1125 3292 est
1147 3251 1276 3306 ergo
1305 3233 1464 3306 quod,
1510 3250 1614 3290 non
1654 3236 1860 3290 ratioci-

267 3329 480 3394 nando,
527 3329 622 3384 sed
671 3327 1018 3384 conviciando
1055 3327 1303 3398 spaliaris
1346 3327 1397 3380 in
1458 3326 1718 3380 vacuum?
1765 3327 1858 3382 [le-

264 3421 422 3488 spice
451 3420 565 3474 illos
597 3419 794 3488 primos
815 3425 1086 3488 parentes,
1131 3416 1218 3487 qui
1265 3415 1389 3470 nudi
1426 3423 1600 3482 erant,
1648 3426 1702 3470 et
1751 3431 1854 3471 non

263 3511 733 3567 confundebantur
763 3528 777 3565 :
807 3509 1020 3564 attende
1059 3508 1185 3580 quid
1224 3509 1474 3574 texerint,
1517 3518 1571 3563 ct
1601 3509 1855 3564 confitere

262 3605 397 3676 quid
442 3605 726 3660 senserint.
767 3604 810 3658 A
847 3602 1216 3658 succinctoriis
1272 3601 1338 3655 ad
1382 3601 1587 3656 tunicas
1638 3610 1852 3656 ventum

262 3704 387 3751 cst:
414 3697 536 3750 inde
575 3696 756 3765 cmpit,
787 3703 839 3750 et
866 3691 1270 3749 crcvitbumani
1312 3692 1554 3761 corporis
1600 3692 1851 3762 tegimen,

261 3789 359 3843 ubi
391 3788 633 3842 humanis
672 3785 924 3841 membris
967 3783 1330 3854 pulendorum
1368 3789 1452 3837 est
1491 3782 1710 3836 inditum
1753 3797 1853 3836 no-

261 3896 414 3933 men.
444 3879 515 3932 Ibi
539 3877 755 3948 pudoris
785 3876 955 3945 major
982 3884 1064 3930 est
1087 3889 1233 3940 cura,
1260 3873 1347 3929 ubi
1376 3873 1575 3926 resistit
1599 3872 1854 3942 concupi-

181 3965 190 3974 ’
259 3971 484 4027 εοειιιίευ
514 3971 780 4040 pudicitia.
827 3967 997 4024 Pudet
1037 3967 1180 4021 enim
1227 3974 1472 4020 naturam
1538 3965 1852 4020 rationalem

259 4063 465 4134 aliquid
499 4063 692 4118 habere
722 4061 774 4116 in
802 4075 963 4115 carne
992 4073 1108 4125 sua,
1134 4057 1220 4111 ubi
1251 4057 1294 4111 si
1328 4074 1430 4112 non
1476 4057 1590 4111 vult
1615 4071 1708 4126 per
1750 4055 1852 4110 im-

260 4157 570 4224 pudicitiam
593 4151 952 4218 dehonestari,
973 4165 1190 4207 necesse
1217 4149 1287 4204 sit
1305 4149 1570 4215 reluctari,
1594 4159 1698 4202 tam
1718 4163 1850 4204 con-

251 4248 460 4319 jugatis
485 4263 551 4301 ne
577 4245 783 4312 illicito,
818 4259 976 4314 quam
1001 4240 1396 4297 continentibus
1425 4255 1490 4294 ne
1522 4240 1628 4294 ullo
1654 4254 1852 4294 concu-

258 4341 381 4394 bitu
410 4338 768 4393 sordidcntur.
799 4335 924 4391 Haec
953 4333 1218 4389 discordia
1246 4333 1421 4386 carnis
1456 4342 1511 4385 et
1549 4331 1767 4401 spiritus
1798 4331 1850 4385 in

258 4429 533 4498 paradiso,
566 4429 609 4484 si
635 4443 790 4482 nemo
819 4433 1114 4498 peccasset,
1153 4424 1291 4478 absit
1325 4432 1382 4476 ut
1417 4437 1538 4478 esse
1580 4423 1850 4492 potuerit:

256 4535 374 4576 non
399 4531 574 4575 autem
607 4535 702 4574 nos
729 4535 794 4573 ex
815 4518 1002 4572 aliena:
1033 4526 1236 4576 natura:
1255 4515 1636 4570 commixtione
1664 4529 1850 4584 posse-

254 4611 344 4665 dit
373 4628 387 4662 :
413 4610 548 4664 unde
569 4625 696 4678 ergo
723 4608 788 4662 ad
817 4623 932 4673 nos,
963 4607 1066 4661 nisi
1093 4622 1158 4661 ex
1197 4605 1350 4674 primi
1388 4604 1618 4659 hominis
1643 4620 1849 4676 praeva-

254 4702 521 4757 ricatione
549 4699 859 4755 descendit?

338 4791 623 4848 XXXVIII.
680 4791 800 4846 Jun.
856 4791 962 4844 Res
1010 4790 1200 4860 inepta:
1253 4795 1410 4854 sunt,
1459 4795 1513 4843 et
1561 4802 1677 4858 quae
1727 4786 1850 4841 stilo

254 4893 450 4938 nostro
477 4882 773 4938 convicium
801 4881 965 4951 magis
991 4878 1185 4934 faciant
1234 4895 1391 4946 quam
1443 4877 1678 4933 laborem
1709 4895 1722 4930 :
1755 4877 1847 4933 sed

254 4974 426 5030 fidem
455 4984 595 5028 tuam
625 4975 644 5006 ²
678 4973 980 5028 necessario
1026 4976 1438 5038 consequuntur.
1469 4967 1846 5024 Verumtamen

249 5065 458 5128 adhuc,
503 5074 562 5118 ut
604 5064 673 5118 sit
710 5064 942 5118 intentus
984 5062 1171 5122 lector,
1198 5058 1478 5113 admoneo.
1529 5059 1764 5113 Conatus
1791 5074 1848 5115 es

251 5174 457 5227 nempe
477 5171 738 5221 asserere,
768 5155 908 5227 quod
938 5154 1031 5209 Dei
1076 5166 1210 5222 opus
1255 5152 1504 5220 probetur
1545 5151 1845 5220 pudendum

253 5267 372 5306 non
401 5263 546 5312 esse;
579 5247 671 5303 sed
701 5257 760 5300 ut
789 5248 890 5299 hoc
918 5244 1131 5299 efficere
1174 5241 1475 5311 nequivisti,
1511 5242 1579 5294 ita
1610 5257 1847 5312 spopon-

251 5339 386 5394 disti
411 5338 535 5396 illud
565 5335 976 5396 absolutissime,
1025 5332 1241 5387 demere
1267 5340 1319 5386 te
1367 5347 1397 5385 a
1442 5331 1659 5386 libidine
1699 5347 1848 5388 vere-

246 5425 533 5488 cundiam,
579 5426 622 5479 si
653 5439 784 5494 opus
815 5424 906 5478 Dei
933 5437 1054 5477 esse
1096 5419 1378 5484 doceatur;
1411 5421 1552 5491 quod
1593 5423 1643 5476 in
1678 5424 1847 5490 primo

251 5533 426 5587 cpcre
453 5518 520 5570 ita
551 5515 858 5585 approbavi,
893 5522 950 5568 ut
974 5529 1074 5568 nec
1117 5523 1166 5567 te
1192 5512 1317 5567 inde
1347 5525 1524 5581 putem
1571 5513 1844 5570 dubitatur—

327 5652 346 5684 ι
379 5651 454 5699 sic
474 5658 579 5700 uss.
607 5657 658 5699 Αι
678 5649 836 5710 vign.,
861 5643 1172 5710 perficiendo.

326 5713 346 5744 '
371 5712 508 5772 ωιιι,
529 5711 704 5772 etiam;
732 5706 1025 5771 prmium.
1061 5706 1379 5755 Emendantur
1405 5717 1466 5754 cx
1490 5713 1596 5757 Mss.

1636 299 1836 352 LiBLii
1877 301 2216 365 QUAII'HIS.

3435 305 3570 368 {3‘38

1988 429 2104 468 rom
2133 428 2274 476 esse,
2303 429 2422 469 cum
2452 416 2677 487 legeris:
2707 427 2882 472 tamen
2899 417 3145 488 quoniam
3178 419 3276 474 hoc
3296 433 3568 475 commen-

1985 512 2092 557 tum
2127 514 2271 560 tuom
2303 506 2582 576 significat,
2614 507 2838 563 necdum
2869 509 2934 562 ad
2967 524 3153 563 manus
3180 519 3297 564 tuas
3323 510 3440 566 illos
3474 527 3566 566 ve.

1984 593 2125 649 uisse
2155 595 2336 657 libros,
2385 596 2434 650 id
2480 597 2648 665 ipsum
2683 597 2732 651 in
2765 599 3012 670 prmsenti
3041 615 3248 670 quoque
3285 604 3569 658 ostendere

1983 700 2087 736 non
2130 685 2344 755 pigebit.
2392 685 2784 741 lrrationabiles
2817 688 2974 758 igitur
3013 691 3328 757 animantes,
3378 708 3405 742 a
3461 709 3566 762 quo

1982 774 2222 827 conditas
2245 787 2418 845 putas,
2449 791 2568 846 qua:
2613 778 2772 830 certis
2815 779 3143 847 temporibus
3190 781 3564 838 ardentissima

1982 863 2194 919 libidine
2225 877 2652 932 commoventur,
2700 867 2771 920 ita
2823 876 2878 921 ιιι
2921 868 3078 922 etiam
3132 868 3368 926 feritates
3411 886 3565 928 acuat

1979 955 2342 1022 singularum?
2373 957 2521 1012 Tunc
2565 973 2738 1013 StltVllS
2776 974 2926 1028 aper,
2963 968 3084 1016 tunc
3115 963 3344 1031 pessima
3391 967 3561 1035 tigris.

1980 1046 2117 1100 Ante
2143 1061 2328 1101 omnes
2377 1046 2523 1101 furor
2569 1057 2652 1102 est
2695 1049 2918 1118 insignis
2970 1067 3223 1120 equarmn
3267 1052 3562 1126 (Virgilius,

1981 1135 2163 1208 Georg.
2194 1138 2280 1192 lib.
2312 1140 2365 1204 3,
2421 1157 2546 1192 vers.
2593 1140 2718 1204 218,
2751 1141 2902 1212 266).
2941 1143 3074 1199 Vere
3111 1152 3315 1201 tument
3362 1146 3560 1204 herhm.

1979 1226 2115 1281 Vere
2141 1227 2463 1284 abundantia
2496 1232 2659 1284 teneri
2687 1232 2926 1286 humoris
2957 1236 3234 1290 exuberat.
3267 1236 3331 1292 Et
3361 1239 3559 1295 coitum

1975 1319 2136 1372 certis
2162 1330 2404 1387 repetunt
2425 1331 2662 1376 armenta
2682 1322 2870 1377 diebus
2891 1322 3072 1395 (lbid.,
3093 1325 3178 1380 lib.
3204 1326 3260 1394 2,
3287 1343 3412 1383 vers.
3435 1331 3558 1394 32L

1977 1409 2100 1476 55l,
2130 1410 2275 1481 529).
2308 1411 2546 1482 Longum
2596 1424 2678 1468 est
2717 1414 2792 1469 ire
2827 1431 2925 1486 per
2961 1417 3209 1488 singula:
3242 1423 3418 1476 omnia
3471 1439 3562 1494 ge-

1984 1516 2133 1568 nera,
2163 1519 2279 1573 quc
2324 1505 2601 1575 suspendit
2627 1506 2852 1575 volatus,
2881 1525 3000 1579 qua:
3047 1511 3301 1567 demersit
3329 1525 3560 1577 natatus,

1973 1607 2091 1661 qua:
2120 1594 2314 1662 sparsit
2342 1607 2583 1665 vagams,
2611 1611 2708 1666 per
2733 1613 2879 1662 acra,
2908 1614 3000 1667 per
3015 1598 3168 1664 freta,
3198 1616 3294 1670 per
3320 1617 3560 1667 nemora,

1972 1700 2072 1739 nec
2103 1693 2275 1742 tamen
2301 1699 2392 1742 aut
2418 1688 2718 1743 sublimavit
2746 1692 2902 1758 ratio,
2962 1701 3052 1744 aut
3089 1693 3243 1763 culpa
3271 1695 3557 1764 depressit,

1971 1787 2095 1832 nota
2126 1781 2645 1836 eommiSt'endorum
2677 1798 2963 1852 corporum
2993 1783 3261 1854 voluptate
3283 1785 3560 1843 ﬂammati-

1973 1877 2074 1921 tur.
2107 1867 2258 1922 Illum
2307 1885 2435 1940 ergo
2479 1886 2703 1925 sexuum
2761 1889 2916 1941 quem
2972 1875 3243 1942 patiuntur
3286 1875 3564 1944 ardorem,

1973 1957 2064 2012 Dei
2087 1973 2152 2013 an
2175 1959 2371 2012 diaboli
2398 1975 2564 2030 opere
2593 1963 2979 2030 susceperunt?
3008 1953 3290 2018 Clamabis
3316 1967 3432 2021 sine
3461 1968 3559 2021 du-

1972 2046 2078 2113 bio,
2113 2048 2225 2102 Dei.
2258 2049 2398 2102 Deus
2449 2065 2576 2119 ergo
2605 2065 2790 2105 sexum
2831 2053 3059 2105 naturali
3117 2053 3390 2124 voluptate
3437 2069 3558 2112 suc-

1971 2139 2179 2207 cendit;
2234 2140 2374 2210 quod
2419 2150 2565 2196 certe
2613 2145 3027 2213 conscquentius
3071 2161 3228 2216 quam
3267 2156 3341 2214 tu,
3393 2149 3558 2205 Manio

1971 2229 2151 2286 chreus
2174 2239 2348 2300 negat.
2373 2229 2466 2285 Ille
2494 2232 2659 2298 enim,
2693 2247 2722 2287 a
2751 2249 2856 2304 quo
2876 2237 3358 2304 concupiscentiam
3380 2239 3558 2295 Carnis

1971 2321 2223 2377 damnare
2251 2322 2502 2390 didicisti,
2534 2323 2658 2392 quid
2690 2324 2789 2379 sibi
2831 2325 3115 2380 dicendum
3171 2337 3316 2383 esset
3353 2345 3558 2400 expen—

1968 2411 2123 2479 dcos,
2157 2430 2266 2468 rem
2290 2430 2446 2484 quam
2471 2413 2786 2469 diabolicam
2814 2415 3148 2484 definiverat,
3195 2427 3355 2488 atque
3388 2434 3417 2473 a
3461 2420 3556 2477 Dei

1967 2505 2216 2574 operibus
2244 2514 2565 2571 removerat,
2598 2521 3022 2576 quaquaversum
3053 2521 3170 2562 eam
3202 2511 3370 2579 potuit
3398 2511 3556 2568 iuvc-

1967 2598 2083 2653 nire
2109 2597 2444 2668 persequitur
2475 2608 2560 2652 :et
2584 2597 2702 2654 ideo
2731 2605 2784 2653 ut
2804 2615 2902 2671 per
2922 2601 3411 2670 concupiscentiam
3428 2617 3554 2658 coro

1967 2704 2095 2758 pora
2119 2689 2414 2756 hominum,
2465 2690 2534 2744 ita
2569 2707 2664 2759 per
2709 2691 2973 2760 homines,
3024 2707 3211 2749 omnes
3254 2695 3556 2753 animantes

1965 2781 2178 2835 diabolo
2199 2781 2468 2851 deputavit
2495 2783 2719 2837 auctori.
2766 2782 2846 2837 Tu
2890 2793 3089 2849 autem,
3121 2801 3242 2840 cum
3278 2787 3331 2842 in
3389 2787 3556 2845 Mani-

1965 2873 2096 2928 chaei
2125 2875 2316 2929 castris
2359 2873 2881 2950 hactennsmanens,
2914 2878 3205 2932 maximum
3250 2879 3369 2950 ejus
3409 2881 3554 2938 feras

1965 2964 2284 3032 draconem,
2309 2966 2500 3034 dequo
2533 2966 2832 3022 infelicibus
2863 2969 3129 3025 mentibus
3173 2984 3270 3040 per
3313 2975 3553 3029 naturale

1967 3053 2161 3108 malum
2193 3063 2245 3108 et
2274 3056 2494 3108 crimina
2536 3057 2837 3125 nuptiarum
2868 3057 3064 3112 lethale
3115 3060 3343 3129 inspiras
3383 3078 3550 3119 vene-

1967 3162 2114 3211 nmn;
2153 3161 2256 3200 non
2290 3147 2368 3201 vis
2410 3157 2584 3201 tamen
2639 3149 2690 3202 in
2723 3163 2909 3204 omnes
2956 3158 3175 3205 naturas
3226 3161 3469 3223 suggesta
3519 3171 3551 3210 a

1965 3239 2220 3308 magistro
2249 3238 2350 3292 tela
2377 3238 2600 3308 jaculari
2634 3249 2728 3295 :et
2771 3239 2939 3295 brutis
2982 3241 3297 3298 familiarior
3337 3244 3552 3318 (quibus

1965 3338 2140 3384 tamen
2167 3330 2236 3385 ob
2261 3329 2362 3384 hoc
2380 3331 2572 3400 parcis,
2595 3339 2650 3385 ut
2678 3331 3064 3388 rationabilium
3093 3341 3288 3389 statum
3311 3346 3553 3393 auctora-

1966 3424 2068 3476 tius
2094 3421 2444 3492 crimineris),
2460 3425 2731 3478 censentis
2750 3425 2799 3477 in
2822 3423 3034 3479 illorum
3051 3425 3362 3496 corporibus
3383 3428 3548 3486 Deum

1963 3514 2186 3580 fecisse,
2222 3514 2362 3585 quod
2395 3514 2446 3568 in
2493 3514 2690 3570 nostris
2731 3515 2747 3546 ¹
2787 3514 3054 3570 diabolum
3079 3532 3091 3567 :
3116 3531 3237 3571 cum
3283 3526 3459 3575 tamen
3497 3522 3547 3577 id

1963 3608 2156 3677 ipsum,
2176 3607 2269 3662 sed
2289 3607 2467 3662 mitius
2481 3609 2530 3661 in
2555 3608 3040 3680 hominibus,quam
3063 3611 3114 3664 in
3133 3612 3414 3681 pecoribus
3429 3629 3551 3670 esse

1962 3697 2180 3751 fateare.
2209 3695 2276 3753 Ut
2299 3711 2428 3767 ergo
2448 3696 2570 3766 quid
2590 3697 2660 3752 sit
2679 3697 2947 3765 effectum,
2971 3700 3204 3771 prudens
3221 3702 3387 3758 lector
3408 3705 3551 3759 acci-

1962 3787 2088 3856 piat,
2117 3785 2388 3841 libidinem
2414 3802 2695 3857 corporum
2728 3787 2781 3842 in
2820 3789 3137 3844 animalibus
3159 3791 3350 3848 factam
3376 3810 3407 3848 a
3438 3795 3549 3851 Deo

1961 3893 2065 3931 non
2087 3891 2270 3946 negas.
2299 3875 2415 3931 Non
2434 3885 2661 3947 estergo
2680 3878 2768 3932 Dei
2789 3879 3037 3947 operibus
3059 3880 3272 3950 indigna
3295 3883 3381 3938 illa
3407 3884 3543 3940 affe-

1960 3968 2090 4032 ctio,
2115 3982 2234 4038 qua:
2248 3966 2300 4021 in
2313 3965 2395 4020 bis
2417 3966 2727 4022 substantiis
2751 3968 2927 4022 acrior
2952 3967 3241 4037 invenitur,
3270 3988 3390 4044 qua:
3417 3975 3546 4030 nihil

1959 4057 2029 4113 de
2051 4057 2246 4112 diaboli
2277 4056 2438 4122 malo,
2481 4057 2562 4112 vel
2590 4055 2729 4112 tenui
2757 4057 3028 4113 voluntate
3056 4071 3364 4128 rapuerunt.
3399 4063 3541 4136 Ergo

1959 4152 2080 4221 quia
2127 4149 2554 4219 concupiscentia
2585 4149 2802 4204 defensa
2829 4159 2910 4206 est
2933 4151 3181 4222 exemplo
3209 4153 3540 4221 animalium,

1960 4241 2174 4296 defensa
2196 4241 2354 4296 etiam
2385 4240 2637 4312 dignitate
2688 4241 2921 4296 auctoris
2949 4241 3052 4308 sui,
3103 4257 3203 4298 nec
3246 4245 3405 4311 mala,
3446 4261 3546 4302 nec

1958 4331 2218 4388 diabolica
2249 4343 2351 4400 est,
2391 4349 2552 4404 quam
2597 4332 2722 4387 fecit
2776 4333 2916 4386 Deus
2952 4331 3208 4387 formator
3235 4347 3542 4403 corporum,

1957 4433 2013 4480 et
2036 4441 2192 4497 quam
2222 4434 2364 4481 tenet
2391 4440 2454 4480 ea
2479 4440 2596 4496 qua:
2617 4431 2700 4478 est
2725 4439 2916 4494 expers
2943 4433 3126 4480 natura
3157 4428 3356 4495 peccati
3387 4445 3542 4485 :cum

1959 4515 2064 4572 hoc
2123 4532 2252 4588 ergo
2302 4517 2512 4582 claruit,
2563 4515 2772 4586 inquiro
2817 4526 2994 4570 utrum
3048 4517 3202 4572 istam
3246 4519 3542 4588 libidinem,

1955 4625 2116 4682 quam
2166 4625 2388 4680 corpora
2431 4609 2661 4665 humana
2741 4612 3089 4681 persentiunt,
3137 4614 3301 4674 Deum
3353 4616 3544 4676 fecisse

1956 4701 2294 4758 consentias?
2331 4703 2386 4756 Si
2413 4703 2697 4770 annueris,
2744 4705 2952 4760 sublata
3003 4709 3278 4763 contentio
3320 4720 3422 4775 est,
3481 4722 3538 4768 tu

1957 4792 2291 4858 emendatus,
2323 4803 2376 4848 et
2404 4791 2726 4850 Manichtcus
2753 4797 3084 4864 permanebit
3105 4801 3337 4856 attritus.
3367 4802 3422 4857 Si
3444 4820 3530 4861 air

1959 4893 2065 4940 tem
2084 4883 2301 4948 dixeris,
2333 4885 2386 4938 In
2413 4887 2727 4956 corporibus
2755 4887 3027 4942 hominum
3056 4905 3085 4942 a
3110 4891 3217 4944 Deo
3235 4909 3340 4948 non
3372 4898 3540 4966 potuit

1958 4975 2071 5030 fieri
2107 4992 2120 5030 :
2151 4976 2348 5042 refero,
2397 4976 2540 5030 illam
2587 4978 2910 5047 voluptatem
2963 4987 3017 5033 et
3054 4985 3537 5052 concupiscentiam

1955 5067 2152 5130 carnis,
2177 5067 2407 5122 hominis
2436 5076 2510 5136 te,
2542 5085 2646 5123 non
2692 5069 2784 5124 Dei
2835 5069 3085 5139 operibus
3129 5074 3399 5148 indignam
3444 5099 3540 5152 ραι-

1957 5170 2091 5214 tare.
2142 5159 2350 5229 Ambigi
2387 5158 2581 5230 quippe
2637 5173 2742 5214 non
2785 5171 2978 5228 potest,
3013 5165 3262 5236 quoniam
3313 5170 3357 5224 si
3397 5169 3535 5242 quod

1956 5251 2228 5308 confiteris
2251 5267 2278 5304 a
2319 5253 2425 5305 Deo
2455 5251 2772 5322 ubicumque
2814 5251 3028 5319 factum,
3060 5256 3162 5312 hoc
3188 5257 3334 5312 dicas
3363 5260 3414 5313 in
3445 5261 3538 5316 ho.

1956 5345 2164 5400 mines‘
2193 5344 2305 5398 fieri
2340 5343 2656 5411 nequivisse,
2689 5359 2791 5398 non
2831 5347 3272 5418 concupiscentia:
3303 5351 3540 5403 testimo~

1956 5438 2043 5492 nia
2071 5436 2249 5491 aufers
2274 5435 2472 5513 debita,
2498 5436 2588 5490 sed
2613 5434 2844 5492 humano
2863 5442 3071 5509 corpori
3094 5441 3362 5509 conquiris
3388 5441 3537 5498 inde-

2019 5590 2037 5622 ί
2074 5587 2191 5638 editi
2209 5622 2224 5647 ,
2247 5585 2776 5658 multis,_loco,_nostris
2804 5602 2823 5640 :
2848 5598 2898 5640 et
2919 5591 2966 5639 in
2988 5596 3232 5658 sequente
3253 5603 3418 5656 versu,
3447 5588 3536 5643 mf-

1956 5664 2072 5707 tms,
2100 5664 2201 5711 pro,
2224 5651 2400 5714 mitius.
2427 5651 2746 5714 Emendantur
2771 5664 2832 5700 ex
2859 5651 3210 5714 manusdiptis.

2023 5714 2041 5743 ³
2075 5709 2230 5766 Ferte.
2255 5710 2303 5760 iu
2327 5709 2531 5761 homine.
