3954 6178
393 370 532 435 1559

393 495 524 549 bita.
557 489 690 547 Vide
710 505 837 559 ergo
861 485 1010 558 cujus
1033 483 1365 554 profanitatis
1382 481 1451 534 sit
1477 487 1637 534 secta:
1665 486 1768 531 tum
1799 473 1916 528 finis
1938 475 1976 527 ‘.

393 585 536 640 Dicis
563 597 680 638 esse
708 579 978 648 indignum
1011 587 1172 628 carne
1201 570 1490 634 mortalis’,
1521 566 1662 637 quod
1707 565 1979 636 indignum

393 695 500 733 non
528 677 625 730 fuit
653 685 816 742 opere
842 666 1166 724 Conditoris.
1190 660 1356 734 igitur
1383 662 1483 715 hoc
1525 675 1689 715 sensu
1714 673 1820 713 non
1864 655 1983 710 libi-

392 767 571 822 dinem
607 759 953 830 vituperasti;
985 755 1080 811 sed
1111 755 1405 820 hominem,
1435 765 1592 822 quem
1621 761 1873 803 accusare
1891 761 1985 800 vo-

393 858 588 919 lueras,
617 841 1086 908 extulisti.'Talem
1125 846 1286 900 habet
1320 841 1673 900 constantiam
1719 839 1984 907 talemque

395 945 720 1013 mercedem,
756 943 847 1014 qui
874 941 1083 997 veritati
1115 937 1300 993 indicit
1323 935 1546 1001 bellum,
1597 941 1655 987 ut
1692 929 1985 986 ‘contrariis

393 1054 607 1109 semper
629 1038 965 1091 conatui‘suo
989 1029 1212 1086 feriatur
1233 1027 1530 1084 effectibus.
1565 1025 1675 1094 Ego
1702 1037 1830 1092 ergo
1847 1031 1989 1074 nunc

397 1132 500 1184 tuis
526 1128 701 1183 verbis
730 1121 1168 1194 eonsequentius,
1197 1119 1336 1174 sicut
1377 1115 1552 1170 omnis
1592 1112 1869 1184 prudentia
1897 1125 1988 1163 eo-

395 1220 621 1298 gnoscit,
671 1211 926 1286 insurgo.
963 1214 1107 1268 Itane
1138 1211 1190 1264 in
1237 1206 1480 1262 taxandis
1531 1214 1584 1260 et
1625 1201 1988 1273 exprimendis

397 1296 649 1386 operibus
675 1309 788 1375 Dei,
825 1324 929 1362 non
957 1304 1169 1360 auditur
1190 1301 1346 1364 ratio,
1377 1314 1479 1353 non
1503 1296 1738 1352 omnium
1769 1301 1987 1348 natura-

400 1383 516 1462 rum
547 1403 955 1459 considerantur
981 1392 1226 1463 exetnpla
1258 1391 1358 1463 (De
1381 1386 1591 1458 Nuptiis
1644 1395 1689 1440 et
1732 1383 1987 1452 Concupi-

399 1496 606 1560 scentia,
631 1492 718 1546 lib.
749 1492 806 1558 2,
834 1483 1033 1558 12.22);
1057 1483 1152 1540 sed
1179 1484 1231 1537 in
1265 1490 1468 1535 tantum
1504 1473 1744 1530 hominis
1771 1473 1990 1528 effertur

401 1586 630 1652 insania,
659 1593 718 1637 ut
763 1588 910 1652 putet
945 1574 1325 1633 inconveniens
1363 1570 1475 1625 suis
1517 1582 1637 1624 esse
1675 1563 1986 1626 visceribus,

401 1676 545 1748 quod
597 1689 692 1745 per
739 1672 833 1727 Dei
887 1683 1105 1739 operam
1146 1668 1198 1719 in
1227 1671 1430 1719 naturae
1460 1674 1570 1715 sua:
1599 1657 1772 1714 cernit
1813 1655 1992 1726 vigere

403 1765 778 1824 consortibus?
820 1761 1002 1832 Neque
1040 1757 1183 1814 enim
1206 1754 1308 1810 alia
1350 1760 1656 1809 nostrorum
1707 1762 1989 1818 corporum

404 1870 508 1927 est,
536 1857 619 1914 vel
648 1856 820 1926 origo,
849 1853 936 1909 vel
967 1850 1124 1916 ratio,
1153 1864 1310 1920 quam
1340 1855 1633 1901 mutorum.

477 1953 611 2005 Anc.
654 1948 749 2004 Dic
781 1961 910 2016 ergo
953 1942 1399 1999 resurrectionem
1441 1946 1601 2005 atque
1633 1933 1989 2003 incorruptio-

408 2058 530 2114 nem
575 2037 956 2108 sempiternam
995 2033 1243 2088 humanis
1278 2029 1589 2101 corporibus
1628 2041 1735 2080 non
1773 2022 1990 2088 deberi;

406 2135 527 2208 quia
547 2134 685 2190 sicut
707 2131 960 2196 belluina,
983 2128 1142 2184 etiam
1166 2135 1376 2181 terrena
1405 2123 1517 2193 ipsa
1543 2129 1700 2176 sunt:
1727 2116 1814 2173 dic
1836 2116 1993 2172 finem

410 2241 514 2288 non
545 2239 665 2280 esse
692 2235 850 2294 posse
875 2219 1164 2282 diversum,
1197 2215 1285 2271 ubi
1323 2229 1427 2269 non
1458 2221 1541 2267 est
1570 2211 1719 2281 origo
1739 2208 1946 2263 diversa
1978 2224 1991 2259 :

408 2318 493 2371 dic
525 2317 652 2381 ista,
704 2314 748 2368 si
793 2312 1002 2382 placet;
1049 2317 1102 2364 et
1144 2317 1328 2362 contra
1370 2298 1992 2372 evangelicas'Litteras,

409 2418 664 2477 quantum
691 2401 1032 2458 saecularibus
1068 2397 1258 2453 litteris
1287 2393 1597 2465 profeceris,
1626 2393 1825 2461 impetu
1851 2403 1997 2443 ranae

411 2493 743 2565 loquacitatis
767 2501 996 2546 ostenta.
1023 2488 1079 2545 Si
1106 2497 1281 2541 autem
1309 2485 1410 2539 hoc
1427 2483 1607 2540 dicere
1628 2497 1735 2537 non
1755 2480 1994 2545 audebis;

412 2588 579 2642 fatere
607 2583 900 2642 secundum
928 2580 1270 2638 christianam
1301 2577 1482 2642 fidem,
1511 2576 1670 2631 etiam
1699 2574 1854 2628 istam
1879 2585 2000 2627 esse

414 2677 646 2734 hominis
689 2689 930 2746 pmnam,
955 2671 1102 2742 quod
1138 2677 1474 2743 comparatus
1501 2677 1582 2727 est
1609 2663 1886 2740 pecoribus
1915 2666 1998 2720 in-

414 2766 664 2834 sensatis,
707 2773 762 2822 et
797 2761 986 2823 similis
1014 2762 1188 2820 factus
1212 2774 1296 2818 est
1320 2763 1400 2818 eis
1445 2759 1629 2834 (Ρωι.
1658 2774 1839 2821 XLVIII,
1872 2757 1998 2831 15).

414 2859 552 2920 lluic
577 2875 704 2932 ergo
731 2861 832 2916 ista
870 2857 1090 2913 miseria
1134 2860 1250 2919 est,
1281 2864 1402 2908 cum
1443 2852 1637 2907 misera
1663 2865 1782 2906 esse
1810 2862 2002 2920 pecora

417 2971 524 3012 non
555 2952 760 3024 possint
787 2969 802 3006 :
828 2951 907 3006 sic
931 2957 986 3004 et
1018 2946 1195 3002 carnis
1217 2942 1665 3014 concupiscentia,
1696 2938 1896 2996 homini
1920 2945 2005 2994 est

418 3062 598 3119 paena,
622 3059 728 3100 non
756 3043 960 3107 bestize,
991 3040 1044 3094 in
1068 3049 1170 3109 qua
1192 3050 1468 3107 nunquam
1485 3049 1609 3090 caro
1627 3032 1882 3088 adversus
1898 3029 2007 3101 spi-

418 3140 576 3195 ritum
603 3135 948 3204 concupiscit.
979 3131 1063 3185 An
1093 3130 1263 3200 placet
1296 3128 1408 3192 tibi,
1438 3127 1514 3180 sic
1559 3140 1770 3196 mquare
1807 3131 2005 3176 mortao

421 3231 496 3285 les
522 3241 759 3292 naturas,
791 3235 844 3279 ut
876 3224 927 3278 in
953 3223 1137 3277 bestiis
1157 3235 1366 3290 quoque
1387 3229 1595 3273 asseras
1616 3230 1832 3270 carnem
1874 3227 2005 3268 con-

421 3334 501 3376 tra
528 3321 771 3390 spiritum
799 3312 1220 3386 concupiscere?
1249 3312 1400 3380 Quod
1424 3311 1467 3366 si
1497 3325 1600 3364 non
1628 3309 1778 3375 facis,
1807 3323 1873 3362 ne
1899 3307 2005 3360 sic-

419 3424 478 3468 ut
497 3427 666 3482 equus
689 3422 741 3466 et
763 3409 936 3464 mulus
963 3423 1070 3462 non
1091 3405 1290 3460 habeas
1307 3403 1632 3458 intellectum
1658 3398 1826 3471 (Psal.
1850 3413 2006 3465 xxxi,

421 3504 526 3573 9);
558 3515 788 3572 agnosce
826 3498 1118 3563 libidinem,
1149 3495 1355 3565 qnaiem
1395 3492 1652 3557 dicimus,
1685 3492 1736 3544 in
1767 3489 2009 3560 paradiso

420 3592 651 3650 futuram
683 3607 787 3644 non
818 3588 1013 3652 fuisse,
1039 3589 1082 3642 si
1113 3602 1268 3641 nemo
1299 3594 1586 3654 peccasset,
1610 3577 1712 3653 qua
1733 3598 1856 3636 caro
1877 3599 2008 3655 cou-

424 3680 650 3752 cupiscit
677 3680 932 3735 adversus
962 3677 1224 3748 Spiritum.
1256 3674 1398 3729 Talis
1426 3672 1617 3744 quippe
1653 3673 1702 3726 in
1735 3672 2012 3740 pecoribus

429 3781 657 3835 nonest,
684 3787 745 3825 ex
772 3769 964 3840 quibus
982 3773 1090 3822 tua:
1114 3778 1374 3835 suscepta:
1396 3764 1499 3818 tale
1522 3764 1866 3834 patrocinium
1889 3778 2012 3834 pro-

433 3865 643 3928 vidisti,
677 3863 762 3917 ubi
794 3861 956 3915 mutis
995 3859 1097 3913 illis
1128 3867 1180 3912 tu
1207 3872 1392 3928 posses
1422 3871 1543 3912 esse
1581 3856 1856 3911 verbosus.
1881 3855 2010 3909 Nam

427 3960 470 4015 si
501 3958 729 4011 humana
761 3953 975 4009 libidine
1011 3967 1136 4006 caro
1173 3967 1278 4004 non
1317 3948 1716 4018 concupisceret
1759 3947 2014 4005 adversus

428 4050 693 4120 Spiritum,
725 4043 818 4100 Sed
851 4040 1013 4099 libido
1040 4042 1160 4096 talis
1191 4041 1243 4095 in
1276 4039 1582 4094 hominibus
1623 4046 1802 4102 esset,
1849 4046 1908 4091 ut
1946 4037 2015 4091 ad

432 4149 617 4196 nutum
645 4136 946 4201 voluntatis,
981 4149 1102 4197 cum
1142 4147 1277 4202 Opus
1309 4139 1482 4196 esset,
1515 4139 1859 4200 exsurgeret,
1893 4143 2013 4182 cum

431 4242 610 4287 autem
645 4245 746 4284 non
777 4239 912 4296 opus
940 4233 1116 4289 esset,
1148 4221 1290 4275 nulla
1319 4220 1657 4274 incitamenta
1682 4226 2012 4288 suggereret.

345 4387 348 4396 ι
434 4343 553 4382 cum
573 4324 763 4394 quibus
779 4316 1093 4375 cohibendis
1109 4324 1267 4384 atque
1285 4310 1554 4367 frenandis
1569 4311 1815 4365 voluntas
1837 4318 2015 4364 nostra

339 4405 347 4437 ³
437 4422 730 4488 pugnaret;
777 4409 905 4465 nihil
935 4421 1030 4462 vos
1067 4416 1450 4474 argueremus,
1491 4399 1632 4470 quod
1680 4400 1730 4452 in
1772 4397 2017 4468 paradiso

435 4487 586 4572 eam,
635 4503 736 4558 hoc
771 4510 886 4566 est,
914 4499 967 4553 in
998 4493 1323 4551 habitatione
1368 4498 1526 4546 tantm
1568 4487 1875 4555 felicitatis,
1900 4495 2016 4542 tam

437 4595 717 4650 infeliciter
746 4593 921 4645 locare
939 4586 1165 4644 velletis.

507 4682 752 4740 XXXIX.
792 4681 912 4735 Jun.
951 4679 1020 4734 Ut
1050 4678 1190 4732 enim
1218 4675 1498 4746 imaginem
1527 4671 1621 4728 Dei
1643 4671 1837 4726 mentis
1856 4670 2019 4725 ratio-

437 4794 508 4833 ne
545 4772 918 4843 suscepimus:
965 4769 1035 4822 ita
1064 4767 1492 4822 communionem
1535 4762 1800 4835 pecudum
1843 4762 2022 4816 carnis

437 4868 694 4923 affinitate
719 4862 1006 4926 sentimus;
1034 4857 1184 4928 cujus
1226 4857 1349 4912 licet
1373 4857 1443 4911 sit
1486 4855 1652 4911 forma
1679 4855 1909 4917 diversa,
1938 4863 2023 4909 est

437 4973 617 5016 tamen
660 4957 726 5014 de
755 4953 974 5012 materia
1009 4951 1396 5008 elementorum
1436 4962 1541 5003 una
1569 4946 1894 5012 substantia;
1929 4959 2023 5015 pro

435 5049 768 5106 rationabilis
807 5060 935 5102 sane
976 5041 1140 5098 animi
1183 5039 1385 5095 meritis
1413 5038 1762 5093 aeternitatem
1805 5037 1980 5091 visura
2006 5075 2021 5101 ,

434 5143 519 5199 vel
553 5138 805 5196 aerumnis
831 5136 1113 5197 miseram,
1145 5129 1229 5187 vel
1255 5129 1488 5201 praemiis
1508 5128 1810 5200 gloriosam.

512 5235 644 5288 Auc.
669 5229 725 5286 Si
752 5243 849 5300 pro
873 5223 1146 5280 rationalis
1169 5223 1332 5278 animi
1353 5221 1572 5287 meritis,
1593 5230 1653 5274 ut
1677 5218 1879 5284 fateris,
1902 5231 2027 5271 caro

439 5335 674 5389 terrena,
704 5329 758 5375 et
782 5317 920 5374 sicut
957 5315 1162 5386 pecoris
1200 5311 1580 5383 corruptibilis,
1607 5319 1782 5365 tamen
1809 5308 2028 5363 aeterni-

371 5437 373 5439 ί
444 5425 604 5471 tatem
642 5413 796 5482 longe
831 5409 1042 5464 diverso
1082 5405 1186 5462 fine
1210 5406 1385 5460 visura
1415 5413 1530 5469 est;
1559 5416 1654 5456 cur
1677 5416 1782 5455 non
1811 5399 2027 5469 accipis,

444 5525 540 5580 pro
570 5505 812 5578 imaginis
833 5503 924 5558 Dei
957 5500 1160 5556 meritis
1179 5539 1196 5566 ,
1221 5513 1341 5568 quae
1367 5497 1514 5552 nullo
1540 5494 1710 5549 fuerat
1737 5491 2028 5547 deformata

447 5607 662 5669 peccato
685 5638 701 5665 ,
731 5595 809 5650 sic
834 5593 980 5664 prius
1011 5590 1172 5646 fuisse
1196 5588 1465 5644 conditam
1493 5600 1709 5642 carnem
1737 5624 1751 5652 ,
1781 5582 2030 5656 quamvis

451 5815 454 5818 .
512 5748 534 5818 Ξ
572 5753 706 5818 nam
733 5747 973 5818 ﬁmus-.4“
993 5754 1123 5818 uss,
1144 5742 1272 5818 ﬁnis:

512 5808 532 5836 ⁸
569 5807 706 5873 Edita,
733 5807 964 5869 'mortati;
987 5807 1387 5858 dissentientibus
1411 5807 1760 5869 manusaiptis.
1806 5809 1810 5812 ’

1037 368 1311 426 ⁴ΟΡΕΒΙΞ
1351 363 1764 422 liliPERFECTl
1803 358 2072 416 CONTRA
2112 355 2471 422 JULlANUM,
2511 359 2567 411 S.
2610 353 2973 412 AUGUSTINI

3451 362 3460 364 “
3533 354 3664 410 1560

2085 473 2153 527 de
2191 470 2414 526 materie
2441 478 2671 532 terrena,
2705 469 2832 522 utsi
2876 483 3032 522 nemo
3079 476 3379 536 peccasset,
3425 475 3569 521 esset
3606 469 3658 522 in

2085 564 2380 620 aeternitate
2410 572 2568 630 atque
2596 561 2648 612 in
2679 558 3071 627 incorruptione
3103 571 3378 620 mansura;
3409 570 3509 610 nec
3526 567 3663 611 esset

2085 653 2430 724 corruptibile
2453 665 2642 721 corpus
2671 664 2961 719 aggravans
2987 651 3240 714 animam,
3275 649 3374 702 hoc
3397 656 3500 707 est,
3533 648 3666 702 ima-

2084 749 2260 818 ginem
2285 745 2416 810 Dei;
2447 743 2541 799 sed
2572 744 2642 797 ita
2671 743 2745 796 illi
2767 738 3056 806 subditum,
3085 750 3136 792 ut
3178 747 3394 810 propter
3421 739 3556 793 ﬁlios
3583 755 3669 809 ge-

2089 838 2370 900 nerandos,
2403 835 2538 890 sicut
2585 841 2776 888 etetera
2818 832 3008 901 quibus
3042 829 3238 900 aliquid
3277 845 3582 900 operamur,
3607 829 3668 884 ad

2087 938 2272 984 nutum
2291 925 2576 982 voluntatis
2592 925 2750 978 etiam
2773 921 3009 977 membra
3033 921 3277 990 genitalia
3302 930 3671 984 moverentur;

2087 1030 2180 1073 aut
2219 1019 2342 1073 talis
2381 1025 2526 1073 esset
2556 1016 2733 1070 carnis
2765 1013 3225 1082 concupiscentia,
3263 1027 3383 1082 quae
3419 1012 3520 1066 nisi
3566 1013 3676 1066 ani-

2089 1121 2193 1177 ma,
2224 1109 2326 1165 hoc
2351 1117 2435 1164 est
2463 1108 2555 1162 Dei
2591 1106 2852 1177 imagine,
2885 1105 3099 1160 volente
3141 1119 3246 1158 non
3283 1113 3546 1173 surgeret,
3579 1119 3673 1158 nec

2087 1203 2419 1272 demergeret
2452 1199 2824 1270 cogitationem
2854 1198 3045 1250 mentis
3081 1195 3402 1250 exundantia
3438 1195 3675 1264 volupta-

2093 1296 2200 1350 tis?
2231 1295 2289 1350 Si
2319 1295 2460 1349 enim
2492 1277 2800 1347 etiamltalis
2830 1304 2972 1343 nunc
2999 1297 3161 1353 esset,
3189 1287 3386 1342 nonde
3413 1288 3502 1342 ilia
3532 1287 3673 1342 dice-

2091 1394 2270 1451 retur,
2303 1384 2442 1454 quod
2482 1398 2510 1436 a
2552 1383 2707 1437 Patre
2737 1397 2841 1434 non
2871 1389 3049 1444 esset;
3081 1377 3177 1432 sed
3213 1394 3280 1433 ex
3309 1377 3510 1432 mundo
3536 1386 3678 1432 esset

2093 1476 2133 1547 (l
2160 1475 2317 1530 Joan.
2349 1491 2406 1541 ιι,
2429 1474 2549 1543 ‘16),
2581 1473 2631 1527 id
2660 1480 2774 1536 est,
2804 1486 2867 1525 ex
2899 1469 3235 1535 hominibus,
3263 1470 3351 1535 qui
3380 1483 3472 1538 per
3497 1469 3638 1522 ilium
3659 1509 3674 1533 ,

2091 1573 2146 1622 et
2173 1581 2294 1620 cum
2327 1565 2414 1619 illa
2445 1571 2734 1618 nascuntur
2763 1559 2994 1626 mundo,
3039 1568 3093 1614 et
3134 1561 3317 1630 procul
3347 1559 3506 1614 dubio
3537 1561 3677 1629 peri-

2095 1657 2197 1711 turi
2222 1664 2347 1710 sunt
2376 1653 2476 1709 nisi
2505 1660 2850 1708 renascantur
2879 1649 3275 1706 Deo.'Materici
3319 1665 3448 1720 ergo
3489 1665 3679 1719 corpo-

2093 1748 2247 1816 ralis,
2277 1747 2431 1803 nohis
2474 1745 2857 1816 pecoribusque
2904 1742 3242 1808 communis,
3297 1743 3680 1796 convenienter

2094 1841 2327 1899 creditur
2349 1882 2364 1907 ,
2407 1839 2597 1894 merito
2621 1833 2986 1907 iinaglnis'Dei
3008 1877 3023 1902 ,
3054 1835 3285 1890 nondum
3325 1843 3550 1903 peccato
3571 1847 3681 1888 cm-

2097 1942 2186 2003 pto
2213 1932 2479 1987 diversum
2509 1929 2673 1985 fuisse
2696 1926 2902 1984 initium
2920 1927 2961 1994 ί,
2987 1927 3128 1981 sicut
3155 1935 3371 1996 peccato
3403 1935 3679 1994 assumpto

2095 2025 2336 2080 diversus
2366 2031 2448 2078 est
2473 2021 2614 2075 finis.

2167 2114 2278 2172 XL.
2319 2114 2437 2170 Jun.
2478 2113 2590 2182 Qua
2623 2125 2752 2182 ergo
2791 2111 2995 2166 ratione
3041 2108 3312 2179 indignum
3348 2116 3522 2173 esset,
3575 2118 3681 2160 non

2099 2207 2326 2277 imagine
2365 2205 2458 2260 Dei
2478 2247 2492 2269 ,
2525 2204 2646 2274 quia
2684 2202 2875 2256 animai
2900 2213 3059 2271 quam
3094 2197 3271 2254 carnis
3289 2197 3520 2252 “diversa
3551 2197 3680 2251 sub.

2099 2300 2290 2356 stantia
2329 2307 2446 2362 eat,
2480 2295 2580 2350 sed
2627 2293 2893 2362 mancipio
2939 2289 3233 2346 dissolubili
3281 2288 3527 2359 imaginis
3557 2289 3678 2354 Dei,

2099 2393 2239 2464 quod
2269 2390 2542 2461 indignum
2582 2401 2686 2442 non
2724 2385 2892 2440 fuerat
2917 2382 3132 2439 conditu
3177 2381 3344 2453 ipsius
3386 2379 3684 2436 Dei?Fecit

2100 2499 2230 2555 ergo
2258 2497 2478 2552 corpora
2510 2481 2647 2536 Deus
2667 2520 2682 2545 ,
2727 2476 2970 2532 distinxit
2991 2490 3183 2530 sexum
3207 2487 3490 2543 corporum
3521 2472 3680 2533 Deus.

2101 2569 2226 2635 fecit
2245 2571 2484 2632 membra
2507 2568 2753 2644 genitalia
2783 2569 2943 2636 Deus,
2975 2563 3166 2624 indidit
3189 2562 3435 2623 affectum
3456 2562 3683 2636 (ιιιοῖΗή

2102 2669 2219 2724 bare
2259 2679 2481 2735 corpora
2520 2663 2870 2719 miscerentur
2899 2661 3038 2714 Dens
3057 2700 3071 2723 ,
3103 2655 3250 2713 dedit
3275 2656 3569 2711 etiam'vim
3596 2668 3684 2709 se-

2103 2759 2304 2814 minum
2335 2756 2497 2823 Deus,
2529 2761 2779 2824 operatur
2807 2752 2860 2808 in
2899 2749 3120 2806 secretis
3147 2746 3442 2803 naturaede
3465 2745 3690 2801 materia

2104 2848 2374 2903 seminum
2391 2845 2532 2901 Deus
2559 2861 2572 2898 :
2601 2841 2732 2898 nihil
2759 2848 2937 2896 autem
2966 2838 3185 2906 malum,
3215 2835 3345 2892 nihil
3381 2851 3533 2891 reum
3565 2835 3688 2889 facit

2107 2939 2268 2996 Deus.
2353 3004 2368 3011 ,

2179 3034 2312 3089 Anc.
2359 3049 2378 3082 ι
2411 3021 2554 3085 Nihil
2585 3019 2968 3093 malum,-"nih'il
2995 3037 3144 3079 reum
3180 3020 3304 3076 facit
3333 3020 3502 3084 Deus;
3529 3034 3562 3071 τ
3591 3017 3688 3072 sed

2107 3123 2160 3179 in
2191 3129 2443 3195 quantum
2475 3122 2612 3175 Deus
2645 3117 2802 3184 facit,
2839 3132 2941 3170 non
2970 3115 3020 3168 in
3055 3124 3306 3184 quantum
3332 3127 3505 3166 massa
3533 3111 3691 3166 viti?-

2111 3228 2160 3274 ta
2190 3227 2347 3287 atque
2374 3216 2619 3270 damnata
2655 3220 2766 3276 est,
2792 3210 2858 3265 de
2883 3225 2987 3278 qua
3014 3207 3157 3262 facit.

2180 3304 2315 3361 XLI.
2356 3305 2473 3360 ιω..
2515 3302 2809 3357 Libidinem
2839 3307 2896 3353 ut
2918 3309 3193 3369 pecorum,
3221 3297 3293 3350 ita
3317 3294 3590 3350 hominum
3613 3292 3692 3348 fee

2109 3399 2351 3456 cit'Deus
2393 3414 2407 3451 :
2448 3395 2541 3451 sed
2577 3394 2632 3448 in
2660 3393 2939 3464 pecoribus
2976 3389 3294 3445 incoercitos
3341 3387 3540 3442 dimisit
3564 3385 3692 3440 απυδ

2111 3500 2250 3556 ctus,
2273 3490 2328 3544 in
2356 3488 2570 3542 homine
2595 3497 2770 3540 autem
2802 3483 3097 3538 rationabili
3126 3480 3341 3535 modum
3373 3479 3513 3533 Deus
3540 3477 3690 3531 instia-

2115 3583 2232 3636 tuit.
2281 3580 2545 3634 Amictum
2599 3577 2648 3631 ei
2690 3574 2964 3644 prudentia
3003 3583 3059 3627 et
3097 3572 3350 3631 honestas
3384 3578 3690 3638 comparat,

2113 3688 2272 3744 quam
2291 3667 2437 3726 dedit
2465 3671 2621 3725 Deus.
2651 3667 2810 3738 Igitur
2840 3681 2944 3719 non
2969 3662 3210 3728 modum,
3243 3677 3347 3716 non
3371 3676 3572 3732 genus;
3601 3658 3693 3713 sed

2115 3778 2391 3820 excessum
2417 3761 2535 3831 ejus
2575 3758 2755 3828 culpat
2783 3746 2953 3821 Deus,
2988 3755 3075 3824 qui
3103 3753 3169 3808 de
3199 3753 3479 3806 insolentia
3515 3751 3694 3804 liberae

2115 3855 2400 3908 voluntatis
2423 3853 2691 3917 exoriens,
2726 3849 2862 3902 haud
2894 3847 3129 3901 statum”
3156 3853 3378 3912 naturae,
3410 3843 3502 3898 sed
3533 3843 3692 3897 meria

2119 3957 2229 4001 tum
2261 3945 2466 4016 agentis
2495 3951 2728 3997 accusat.

2188 4040 2324 4094 Ann.
2366 4035 2472 4092 Cur
2515 4050 2641 4106 ergo
2668 4033 2831 4088 libido
2866 4032 3073 4101 spiritui
3115 4031 3317 4085 resistit
3357 4031 3408 4084 in
3453 4029 3695 4090 homine,

2117 4127 2258 4199 quod
2291 4142 2394 4181 non
2428 4125 2552 4181 facit
2577 4127 2627 4179 in
2658 4136 2884 4194 pecore:
2916 4123 3014 4178 nisi
3041 4123 3162 4192 quia
3191 4122 3417 4190 pertinet
3449 4121 3514 4175 ad
3544 4129 3698 4174 natus

2118 4237 2230 4276 ram
2258 4221 2485 4291 pecoris,
2515 4220 2579 4274 ad
2605 4234 2813 4290 pinnam
2843 4233 2973 4274 vero
2999 4216 3230 4271 hominis
3250 4257 3264 4280 ,
3305 4216 3418 4270 sive
3448 4215 3568 4284 quia
3599 4223 3698 4277 est,

2120 4329 2239 4384 qua:
2268 4312 2409 4366 nulla
2435 4321 2597 4375 esset,
2621 4310 2733 4364 sive
2758 4310 2879 4379 quia
2906 4308 3126 4372 resistit,
3146 4323 3262 4376 qua:
3279 4305 3513 4374 subjecta
3539 4312 3701 4366 eset,

2121 4406 2165 4459 si
2195 4410 2414 4475 peccato
2459 4400 2592 4455 facta
2612 4399 2633 4431 ³
2665 4400 2750 4455 vel
2781 4401 2959 4453 vitiata
3007 4413 3108 4452 non
3138 4395 3318 4452 esset?
3355 4395 3485 4449 Nam
3518 4395 3561 4448 si
3605 4413 3623 4446 ι
3652 4395 3702 4447 in

2122 4495 2403 4566 pecoribus
2428 4493 2566 4548 Deus
2591 4492 2909 4547 incoercitos
2936 4489 3137 4545 dimisit
3175 4487 3436 4552 affectus;
3477 4505 3496 4537 ι
3533 4485 3708 4554 profe-

2122 4595 2208 4642 cto
2230 4585 2498 4647 libidines,
2521 4581 2949 4654 quandoquidem
2978 4580 3074 4634 hos
3095 4579 3228 4633 dicis
3249 4577 3492 4643 affectus,
3522 4576 3706 4630 fateris

2124 4679 2190 4733 ab
2216 4678 2432 4733 homine
2467 4673 2705 4731 coerceri
2734 4692 2747 4729 :
2780 4674 2919 4728 nulla
2946 4683 3122 4726 autem
3160 4674 3363 4724 ratione
3389 4683 3706 4722 coerceren-

2126 4778 2232 4838 tur,
2265 4770 2364 4823 nisi
2392 4769 2582 4823 vitiose
2620 4774 2984 4821 moverentur.
3016 4763 3155 4817 Ecce
3197 4762 3336 4816 enim
3369 4760 3549 4813 ‘Deum
3580 4759 3712 4815 dicis

2127 4861 2180 4916 in
2201 4860 2416 4914 homine
2445 4857 2658 4913 modum
2691 4856 2980 4910 instituisse
3018 4851 3221 4907 libidini
3249 4869 3262 4906 :
3295 4867 3389 4905 cur
3415 4851 3468 4904 in
3498 4865 3563 4904 eo
3597 4867 3711 4904 mo-

2129 4959 2196 5014 do
2224 4975 2328 5014 non
2355 4967 2489 5022 stat,
2524 4959 2574 5011 in
2605 4971 2710 5026 quo
2741 4966 2821 5011 est
2857 4954 3106 5010 divinitus
3133 4952 3370 5007 instituta
3393 4990 3408 5015 ,
3441 4946 3532 5002 sed
3567 4959 3710 5004 cum.

2132 5053 2232 5107 nisi
2258 5060 2590 5116 coercentur,
2616 5049 2923 5117 egreditur?
2953 5045 3230 5114 Quomodo
3252 5059 3380 5113 ergo
3412 5042 3605 5095 bonum
3629 5035 3713 5089 di-

2131 5143 2287 5208 citur,
2315 5157 2433 5211 qum
2460 5149 2615 5208 urget
2634 5148 2686 5192 et
2705 5137 2975 5207 compellit
3003 5135 3268 5191 hominem
3298 5133 3472 5187 facere
3493 5129 3710 5189 malum,

2133 5233 2180 5290 si
2223 5232 2271 5286 ei
2322 5245 2425 5284 non
2476 5227 2792 5284 resistatur?
2847 5226 3076 5281 Videsne
3117 5224 3363 5279 eximiam
3413 5227 3714 5289 susceptam

2137 5334 2278 5377 tuam
2305 5321 2356 5376 in
2383 5328 2567 5374 natura
2610 5311 2842 5373 hominis
2880 5326 2972 5372 aut
3017 5332 3081 5372 ex
3130 5322 3346 5385 peccato
3373 5322 3586 5377 natam,
3627 5318 3717 5362 aut

2139 5421 2355 5482 peccato
2385 5425 2505 5465 esse
2529 5409 2762 5464 vitiatam
2787 5425 2801 5474 ;
2831 5420 2882 5463 et
2911 5409 3031 5461 hinc
3058 5422 3178 5462 esse
3205 5404 3351 5468 illud,
3389 5403 3529 5473 quod
3563 5398 3715 5472 primi

2140 5503 2384 5558 homines
2411 5509 2529 5571 post
2553 5509 2824 5569 peccatum
2858 5498 3101 5569 pudenda
3142 5505 3420 5559 texerunt,
3462 5494 3553 5564 qui
3594 5489 3714 5544 nudi

2198 5617 2221 5688 ,ί
2259 5613 2378 5662 aliti
2433 5611 2596 5662 ferunt
2615 5646 2630 5672 ,
2684 5610 2928 5661 meritum.
2985 5611 3284 5674 castigantur
3337 5621 3402 5658 ex
3458 5606 3714 5655 manuscri-

2197 5685 2252 5724 lS.
2346 5693 2356 5701 '

2142 5685 2227 5816 pt:
2258 5738 2331 5816 sit;
2479 5737 2940 5816 .'.'_‘.,l§‘$l‘.:i_‘_’.’"’,‘.".’?:

2255 5801 2328 5850 Sic
2352 5805 2454 5848 Mss.
2479 5798 2591 5846 Editi
2619 5806 2798 5857 autem,
2816 5796 2963 5858 facta.
