3934 6178
253 332 389 391 1361»

251 452 404 500 erant
441 449 566 497 ante
594 448 870 511 peceatum
891 482 907 508 ,
942 448 995 496 et
1032 452 1137 494 non
1163 433 1665 493 confundebantur?
1693 429 1832 501 Quid

252 543 333 592 est
370 533 514 589 enim
540 531 682 602 quod
709 530 864 598 dicis,
898 549 916 582 ι
948 531 1215 585 Λιιιίειιιιιι
1245 526 1446 583 homini
1471 522 1751 597 prudentia
1780 530 1835 577 et

253 628 505 684 honestas
532 631 828 694 comparat,
858 638 1015 694 quam
1058 622 1206 678 dedit
1247 620 1428 677 Deus?
1456 638 1475 673 ι
1516 617 1677 674 Stulti
1704 630 1835 687 ergo

255 725 406 774 erant
433 723 491 771 et
514 714 780 771 inhonesti
797 754 813 780 ,
842 722 896 768 et
922 712 1282 784 imprudentes
1308 696 1479 781 atque.
1498 707 1834 779 impudentes

255 807 503 861 homines
522 813 646 860 ante
667 813 963 874 peccatum,
986 803 1198 874 quando
1218 817 1313 858 eos
1332 799 1587 859 nuditatis
1611 813 1717 854 non
1741 812 1835 866 pus

257 894 455 950 debat?
480 894 691 951 Gratias
721 900 940 966 peccato
964 911 977 948 :
1007 908 1129 953 nam
1155 893 1234 948 sic
1258 891 1657 949 remansissent.
1683 884 1841 955 Quod

257 989 301 1042 si
326 985 711 1041 absurdissima
752 983 963 1048 dicitur,
996 981 1235 1053 profecto
1264 980 1543 1051 prudentia
1584 977 1839 1033 naturalis

259 1087 313 1135 et
342 1076 596 1132 honestas
634 1074 879 1146 pudenda
919 1082 1195 1140 texerunt;
1226 1071 1322 1131 sed
1355 1086 1475 1142 qua:
1499 1078 1622 1127 ante
1648 1082 1839 1139 peccao

262 1177 370 1222 tum
400 1163 644 1235 pudenda
670 1180 777 1218 non
799 1162 1034 1219 fuerunt.
1063 1163 1328 1218 Excessus
1367 1158 1587 1231 proinde
1606 1157 1841 1213 libidinis

263 1258 312 1310 in
343 1264 560 1327 peccato
587 1263 667 1311 est
697 1271 711 1307 :
742 1253 838 1309 sed
865 1253 1025 1308 etiam
1057 1252 1316 1323 impulsus
1357 1250 1409 1306 in
1438 1250 1586 1306 vitio.
1632 1248 1709 1305 De
1736 1262 1842 1319 quo

263 1347 489 1418 impulsu
516 1345 844 1402 erubuerunt
868 1344 983 1411 illi,
1009 1344 1099 1415 qui
1134 1343 1375 1398 membra
1394 1355 1513 1413 quae
1538 1348 1722 1396 contra
1746 1353 1842 1395 eo-

265 1453 380 1491 rum
410 1436 733 1490 voluntatem
755 1442 999 1505 suscepta
1028 1443 1115 1488 tua
1145 1431 1483 1497 sollicitabat,
1518 1428 1656 1485 nuda
1682 1428 1844 1484 relin-

264 1546 427 1601 quere
454 1530 758 1585 noluerunt.

336 1620 497 1675 XLII.
535 1620 657 1676 Jun.
697 1618 926 1675 Attende
954 1632 1083 1674 sane
1111 1630 1253 1673 nunc
1289 1615 1446 1688 quale
1477 1615 1579 1680 sit,
1609 1611 1750 1685 quod
1780 1611 1848 1668 de

271 1721 354 1765 tua
379 1712 632 1783 opinione
651 1711 919 1781 colligitur
944 1728 959 1765 :
993 1709 1241 1766 videlicet
1268 1707 1616 1779 operiendum
1644 1704 1847 1776 pudore

272 1818 374 1858 non
394 1819 533 1871 esse,
555 1803 809 1875 quidquid
831 1804 1027 1858 bonum
1050 1801 1306 1858 creditur.
1334 1799 1443 1856 Nos
1465 1807 1639 1855 autem
1664 1796 1849 1854 docui-

270 1909 388 1949 mus
416 1894 736 1950 voluntatem
762 1896 777 1927 ⁸
819 1894 965 1950 illam
999 1892 1314 1955 naturaliter
1338 1890 1554 1947 sexibus
1583 1888 1803 1947 inditam
1828 1928 1845 1954 ,

271 1994 379 2040 tam
402 1985 592 2041 malam
630 2000 735 2040 non
763 1999 902 2052 esse,
933 2000 1093 2055 quam
1120 1983 1186 2038 ad
1214 1983 1317 2040 Dei
1339 1996 1556 2053 operam
1584 1977 1851 2057 pertinen-

270 2086 402 2134 tem.
433 2080 510 2134 Ac
537 2095 630 2149 per
650 2078 753 2132 hoc
780 2085 835 2131 tu
864 2087 955 2132 aut
982 2076 1305 2145 impietatem
1337 2084 1479 2128 tuam
1502 2070 1739 2145 deseres,
1760 2076 1854 2124 aut

267 2169 551 2240 pudorem.
602 2168 709 2224 Sed
749 2167 876 2238 quid
929 2182 1027 2222 nos
1071 2167 1187 2221 haec
1231 2164 1486 2220 autem“!
1533 2162 1595 2217 Si
1642 2159 1854 2217 mutabit

263 2258 522 2328 xEtkiops
548 2258 725 2328 pellem
753 2272 897 2312 suam
916 2297 932 2325 ,
971 2263 1059 2310 aut
1086 2253 1278 2327 pardus
1304 2253 1595 2308 varietatem
1621 2246 1851 2321 (Jerem.

267 2366 404 2417 xm,
434 2349 507 2406 25
529 2348 586 2421 );
617 2349 689 2404 ita
718 2356 773 2407 et
810 2355 868 2404 tu
891 2362 923 2402 a
957 2344 1371 2404 Manichaeorum
1399 2343 1666 2417 mysteriis
1703 2340 1855 2401 elue-

267 2455 369 2497 τις.

344 2530 483 2589 Anc.
523 2524 637 2581 lmo
664 2533 720 2582 tu
741 2524 1065 2589 Manichteos
1089 2524 1342 2596 adjuvare
1362 2539 1466 2578 non
1492 2521 1729 2590 desines,
1751 2521 1856 2577 nisi

275 2619 435 2675 istam
462 2627 764 2687 susceptam
788 2626 954 2683 tuam,
996 2631 1154 2688 quam
1180 2616 1340 2670 etiam
1366 2613 1636 2673 Manichaci
1663 2612 1856 2668 malam

272 2725 397 2767 esse
419 2709 767 2777 convincunt,
795 2724 917 2764 eum
952 2707 1239 2764 Ambrosio
1259 2715 1314 2764 et
1342 2722 1464 2763 cum
1488 2704 1737 2763 omnibus
1759 2704 1859 2761 Ca-

277 2802 493 2859 tholicis
510 2801 729 2869 dixeris,
768 2817 835 2859 ex
862 2800 1307 2871 praevaricatione
1349 2801 1506 2873 primi
1532 2799 1767 2857 hominis
1804 2798 1859 2859 in

278 2900 516 2948 nostram
551 2891 774 2947 vertisse
816 2899 1094 2946 naturam:
1123 2905 1192 2946 ne
1230 2890 1524 2947 secundum
1560 2891 1700 2959 illos,
1726 2904 1862 2961 quos

278 2983 529 3040 nesciens
546 2981 763 3051 adjuvas
781 2980 1038 3037 nefandos
1070 2980 1375 3047 hzercticos,
1403 2980 1513 3037 Deo
1537 2988 1863 3040 comternum

278 3073 529 3129 credatur
551 3072 748 3130 habere
776 3070 1118 3143 principium,
1142 3078 1250 3125 tam
1271 3069 1606 3126 manifestum
1633 3068 1865 3133 hominis

280 3163 490 3219 vitium.
1456 3224 1457 3227 η

356 3250 539 3310 XLIII.
576 3252 696 3310 JnL.
745 3251 1000 3325 Sequitur
1037 3266 1166 3324 ergo
1196 3260 1255 3308 ut
1293 3250 1665 3309 verecundiam
1703 3250 1867 3321 depo-

283 3360 406 3411 nas,
432 3361 495 3401 ac
519 3355 766 3406 manente
792 3344 1029 3401 amicitia
1054 3360 1175 3401 cum
1199 3344 1474 3416 magistro,
1516 3343 1727 3415 Cynicis
1762 3341 1868 3398 fm-

281 3438 491 3504 dereris
521 3454 692 3511 :quos
720 3448 897 3494 tamen
923 3437 1243 3509 aliquorum,
1275 3444 1332 3491 ut
1362 3433 1546 3491 Cicero
1575 3436 1627 3491 in
1668 3433 1870 3491 Officiis

284 3531 474 3600 refert,
503 3533 663 3588 etiam
690 3531 989 3599 Stoicorum
1019 3538 1328 3601 argumenta
1351 3529 1691 3584 comitantur.
1725 3546 1745 3581 ι
1769 3527 1873 3583 Ar-

281 3620 456 3697 guunt
476 3625 667 3697 quippe
686 3638 1026 3682 communem
1048 3622 1404 3688 honestatem,
1425 3620 1567 3692 quod
1588 3635 1651 3676 ea
1671 3636 1793 3691 qua:
1811 3634 1872 3676 re

286 3715 465 3785 turpia
500 3730 602 3770 non
624 3715 750 3781 sint,
773 3713 945 3774 verbo
971 3711 1228 3783 flagitiosa
1257 3709 1511 3766 ducamus
1542 3709 1671 3783 :illa
1696 3719 1873 3765 autem

287 3821 414 3877 quae
448 3820 507 3861 re
537 3803 709 3874 turpia
737 3804 865 3871 sint,
896 3802 1203 3859 nominibus
1236 3800 1569 3872 appellemus
1597 3800 1727 3857 suis.
1767 3800 1873 3856 La-

288 3897 575 3953 trocinium
616 3906 947 3973 perpetrare,
1011 3894 1252 3951 fraudem
1305 3892 1504 3960 facere,
1554 3893 1876 3950 adulterium

287 3987 647 4053 committere,
694 4002 752 4042 re
781 3994 936 4056 turpe
969 3993 1071 4052 est,
1113 3983 1208 4040 sed
1248 3983 1443 4039 dicitur
1467 3999 1571 4040 non
1598 3984 1829 4040 obscene
1859 3999 1875 4039 :

290 4078 474 4134 liberis
501 4093 716 4148 operam
743 4077 894 4143 dare,
922 4076 1204 4132 honestum
1225 4084 1307 4132 est
1336 4091 1413 4144 re,
1445 4076 1664 4133 nomine
1688 4076 1877 4132 obsce-

290 4183 444 4223 num.
468 4166 726 4239 Pluraque
747 4167 798 4221 in
816 4181 934 4223 eam
952 4167 1292 4231 sententiam,
1315 4166 1382 4221 ab
1399 4165 1620 4231 eisdem,
1644 4184 1663 4218 ι
1688 4165 1879 4236 inquit,

293 4268 486 4317 contra
511 4257 884 4315 verecundiam
906 4258 1262 4329 disputantur.
1290 4257 1395 4313 Nos
1429 4266 1608 4314 autem
1638 4265 1879 4323 naturam

295 4369 607 4426 sequamur,
638 4361 693 4409 et
731 4367 889 4409 omne
918 4351 1059 4424 quod
1087 4351 1340 4408 abhorret
1374 4352 1443 4413 ab
1476 4352 1751 4417 oculorum
1783 4368 1882 4407 au..-

294 4446 542 4515 riumque
563 4444 947 4517 approbatione
976 4444 1236 4516 fugiamus
1258 4462 1276 4499 ι
1319 4442 1420 4518 (De
1448 4444 1654 4517 Oﬁciis,
1683 4445 1773 4501 lib.
1806 4443 1887 4517 ιλ.

295 4535 367 4591 Et
394 4549 450 4590 tu
478 4551 635 4608 ergo,
665 4536 749 4591 cui
775 4535 1018 4606 displicet
1044 4536 1145 4595 ista
1189 4536 1326 4595 ratio
1356 4536 1613 4596 naturalis
1636 4551 1885 4608 germana

294 4626 616 4693 honestatis,
661 4634 754 4682 aut
799 4626 908 4694 dic,
959 4634 1014 4681 et
1047 4626 1349 4694 latrocinio,
1391 4636 1446 4682 et
1487 4628 1784 4699 sacrilegio,
1831 4636 1888 4684 et

293 4715 603 4787 parricidio,
636 4732 755 4787 quae,
778 4717 963 4781 omnia,
982 4715 1036 4770 in
1064 4732 1125 4781 re
1144 4715 1344 4775 habent
1372 4718 1889 4787 turpitudinentmar

275 4796 520 4874 iximam,
547 4808 599 4862 in
647 4807 949 4875 nominibus
996 4806 1203 4873 nullam
1248 4807 1650 4876 obscenitatem,
1702 4808 1895 4872 tetrius

291 4913 422 4953 esse
446 4907 498 4952 et
521 4897 791 4969 profanins
816 4912 1032 4970 operam
1059 4896 1188 4958 dare
1212 4897 1411 4962 liberis,
1435 4914 1593 4970 quam
1620 4914 1886 4961 verecun-

292 4992 406 5051 ἀίω
435 4993 659 5061 reposcit
690 4991 921 5048 officium
955 5008 970 5046 :
998 5000 1091 5055 aut
1129 4991 1185 5056 si
1204 4992 1477 5059 erubescis
1503 5008 1571 5049 eo
1598 5009 1765 5065 usque
1790 5011 1892 5053 nu-

293 5085 442 5164 ptias
468 5099 741 5152 accusare,
770 5094 829 5139 ut
855 5085 1017 5140 etiam
1044 5084 1332 5142 sceleribus
1350 5084 1555 5140 collaL-te
1576 5086 1889 5156 praeponde—

296 5186 429 5247 rent
449 5192 473 5248 ;_
491 5176 776 5249 adhortare
813 5177 1203 5257 coniugestam
1227 5191 1416 5245 secure
1445 5179 1715 5250 appellare
1748 5179 1891 5234 illam

370 5354 390 5387 ι
427 5360 583 5414 Forte,
607 5352 912 5414 voluptatem.

367 5416 399 5486 ξ
418 5417 491 5486 sic
519 5412 1066 5486 viguieriuset'uorel,
1092 5414 1398 5486 ξζςωεριὶιη
1424 5417 1577 5486 ιιηβί.
1612 5425 1660 5468 ιιι
1686 5422 1733 5467 Β.
1758 5431 1774 5468 :
1800 5418 1891 5469 sed

300 5476 434 5548 «mist
456 5476 705 5548 uerum
719 5485 894 5548 eum
911 5476 1167 5548 simam
1186 5476 1580 5548 Αςιιιίορςβειιειιι
1594 5493 1752 5548 sum
1772 5488 1892 5548 ρωο,

298 5538 469 5602 addita
492 5537 582 5589 hac
618 5539 865 5588 notatione
892 5553 904 5589 :
936 5557 959 5586 ι
998 5547 1106 5590 Post
1155 5539 1242 5591 sed
1339 5537 1358 5550 ”
1408 5537 1568 5593 ἠοιΡ
1599 5537 1899 5591 subaudien-

307 5617 335 5641 α
358 5601 481 5646 dum
503 5607 597 5649 est.
621 5598 968 5649 existimem.
992 5599 1080 5649 Vel
1111 5574 1236 5649 forte
1275 5541 1574 5649 mimum:
1620 5602 1711 5649 sed
1734 5615 1899 5649 auem-

307 5598 335 5641 ὁ
358 5601 481 5671 dum
503 5607 597 5671 est,
621 5598 968 5671 existimem.
992 5599 1080 5671 vel
1111 5598 1236 5671 forte
1280 5598 1596 5671 legendum;
1620 5602 1711 5659 sed
1734 5615 1900 5671 quem-

308 5676 336 5704 n
360 5658 630 5710 admodum
680 5660 913 5715 Jeremias
968 5661 1036 5713 ait
1054 5695 1068 5723 ,
1122 5661 1170 5714 si
1212 5658 1411 5715 mutabit
1468 5658 1681 5732 mm:
1721 5658 1897 5729 p'eltem

311 5738 343 5780 σε
363 5732 528 5780 ευριπ.
550 5730 649 5776 ειη.
671 5738 694 5769 s
766 5731 822 5773 Μ.

334 5738 694 5781 εδιαιπιοεω.»
766 5738 822 5773 Μ.

1586 314 1794 373 LIBER
1830 259 2174 380 ρυΑιιτυέ.

3387 320 3525 376 1362

1940 428 2394 498 commixtionem,
2436 436 2648 501 tamque
2678 429 2859 498 libere,
2887 445 3063 502 quam
3082 430 3317 488 solemus
3345 434 3517 501 perri.

1939 523 2134 579 eidium
2159 531 2213 579 et
2236 522 2569 579 latrocinium
2591 522 2885 579 nominare.
2909 521 3159 580 Jamvero
3184 522 3228 577 si
3251 521 3523 578 addideris

1939 616 2368 687 coniunctionem
2386 631 2669 686 corporum
2691 614 2885 673 fetibus
2920 614 3259 681 destinatam,
3290 612 3361 669 ob
3400 614 3518 669 illu-

1910 788 1915 793 Ξ
1939 710 2195 775 dendum,
2214 718 2269 764 ut
2296 709 2457 775 soles,
2487 708 2704 764 auribus
2729 706 3055 776 christianis,
3074 706 3218 767 nulla
3245 704 3519 776 iniquitate

1942 801 2217 868 maculari,
2259 799 2353 856 sed
2381 814 2485 870 pro.
2505 814 2602 854 suo
2628 797 2789 853 modo
2824 798 3016 853 bonam
3065 811 3224 867 posse
3276 796 3520 859 censeri,

1942 891 2248 962 amplexare
2274 889 2474 947 factum
2497 888 2626 945 illud
2652 888 2822 944 Cratae
2851 887 2869 920 ¹
2892 885 3152 954 Thebani,
3188 885 3418 943 hominis
3447 885 3528 940 lo-

1942 983 2168 1053 cupletis
2205 991 2261 1038 et
2288 981 2502 1050 nobilis,
2524 981 2608 1037 cui
2636 980 2772 1036 adeo
2796 978 2897 1035 fuit
2919 977 3068 1034 cordi
3113 987 3259 1034 secta
3300 975 3530 1049 Cynico-

1943 1091 2084 1141 rum,
2108 1084 2164 1130 ut
2186 1074 2496 1144 relinquens
2523 1081 2770 1142 paternas
2793 1086 2944 1143 opes,
2961 1070 3196 1128 Athenas
3214 1084 3336 1144 cum
3364 1084 3532 1124 uxore

1946 1166 2260 1238 migraverit
2297 1165 2617 1239 Ilyparcide,
2658 1164 2774 1236 pari
2798 1164 2978 1219 animo
3003 1163 3157 1218 istius
3181 1161 3531 1233 philosophiae

1946 1257 2248 1323 sectatrice,
2269 1271 2389 1311 cum
2408 1270 2509 1326 qua
2528 1270 2650 1310 cum
2671 1254 3027 1311 concumbere
3045 1253 3099 1308 in
3118 1252 3328 1324 publico
3348 1252 3530 1316 vellet,

1948 1358 2007 1404 ut
2030 1346 2191 1404 refert
2221 1347 2501 1404 Cornelius
2529 1345 2727 1417 Nepos,
2777 1354 2833 1402 et
2870 1346 2960 1400 illa
2993 1342 3291 1402 occultandi
3337 1343 3530 1414 gratia,

1947 1440 2092 1512 pallii
2122 1440 2366 1496 velamen
2408 1438 2720 1506 obduceret,
2753 1436 3032 1493 verberata
3085 1444 3168 1493 est
3216 1435 3246 1489 a
3290 1436 3529 1491 marito:

1956 1551 1975 1586 ι
2003 1531 2130 1588 Tuis
2150 1532 2396 1587 sensibus
2413 1530 2682 1597 nimirum,
2708 1548 2728 1582 ι
2764 1529 2954 1601 inquit,
2984 1545 3004 1580 ι
3031 1542 3219 1598 parum
3235 1524 3409 1581 adhuc
3433 1525 3537 1580 do-

1949 1633 2034 1680 cta
2059 1639 2140 1693 es,
2165 1640 2284 1695 qua:
2309 1622 2450 1696 quod
2472 1633 2523 1678 te
2542 1631 2688 1678 recte
2717 1620 2891 1677 facere
2911 1620 3145 1686 noveris,
3181 1618 3235 1675 id
3253 1618 3372 1674 aliis
3394 1632 3532 1689 prte-

1950 1717 2192 1774 sentibus
2205 1731 2457 1775 exercere
2473 1731 2583 1773 non
2607 1714 2826 1772 audeas.
2849 1733 2870 1768 ι
2898 1715 3130 1772 Debetur
3160 1712 3380 1769 omnino
3418 1711 3539 1767 talis

1952 1809 2165 1865 habitus
2190 1808 2381 1865 vestris
2415 1807 2686 1879 gregibus,
2712 1815 2771 1863 ut
2804 1806 3086 1873 naturalia,
3135 1804 3259 1877 quia
3302 1819 3397 1877 per
3436 1803 3539 1860 hoc

1952 1899 2092 1956 bona
2119 1902 2141 1932 ¹
2165 1899 2310 1972 quod
2337 1913 2368 1953 a
2390 1898 2502 1954 Deo
2516 1897 2728 1953 condita
2753 1897 2807 1952 in
2828 1895 3320 1967 multiplicationem
3349 1908 3540 1964 corpo«

1954 2004 2076 2044 rum
2128 1989 2564 2059 comprobantur,
2622 1986 2740 2043 sine
2793 1986 2902 2042 ullo
2947 1985 3166 2057 pudoris
3219 1992 3544 2056 usurpentur

1955 2077 2189 2147 obiectu.
2220 2077 2502 2134 Restituite
2543 2075 2703 2147 igitur
2739 2074 3172 2147 quadrupedibus
3209 2073 3455 2145 gratiam,
3487 2082 3547 2128 ut

1957 2170 2080 2241 quia
2114 2169 2205 2225 illa
2245 2182 2461 2224 sensum
2490 2181 2772 2238 corporum
2808 2175 3110 2222 vestrorum
3144 2178 3176 2219 a
3203 2163 3547 2236 possessione

1957 2259 2155 2317 diaboli
2180 2266 2236 2316 et
2270 2273 2367 2315 ore
2388 2256 2669 2315 Manichazi
2705 2256 2817 2313 suis
2868 2264 3083 2312 tuentur
3119 2254 3400 2325 exemplis,
3449 2267 3547 2311 vos

1959 2366 2172 2427 quoque
2215 2350 2429 2407 illorum
2452 2348 2506 2405 in
2530 2345 2774 2405 coeundo
2800 2346 3100 2403 libertatem
3138 2359 3249 2417 pro,
3273 2344 3353 2401 rei
3388 2342 3548 2399 bona:

1959 2442 2298 2499 attestatione
2320 2441 2622 2498 sectemini.
2661 2438 2919 2511 Congruit
2962 2439 3162 2511 quippe
3205 2445 3262 2493 ut
3291 2444 3551 2507 pratstent.

1959 2547 2169 2590 morum
2187 2532 2573 2605 magisterium,
2593 2530 2787 2602 quibus
2810 2529 3161 2601 patrocinium
3188 2529 3550 2600 praestiterunt

1961 2626 2345 2683 membrorum.
2376 2625 2444 2680 Et
2463 2633 2521 2681 ut
2543 2624 2687 2695 quod
2723 2624 2929 2695 egimus
2957 2622 3275 2694 repetitione
3304 2620 3548 2691 assigne-

1962 2725 2048 2772 tur
2072 2716 2093 2749 ³
2118 2734 2132 2771 :
2154 2714 2337 2773 dixisti
2373 2714 2671 2781 libidinem,
2722 2715 2769 2769 si
2810 2728 2931 2771 eam
2958 2712 3099 2771 Deus
3132 2711 3368 2776 fecisset,
3403 2708 3552 2771 nullo

1962 2807 2310 2864 amiciendam
2333 2807 2538 2879 pudore
2563 2827 2577 2862 :
2603 2821 2704 2864 nos
2726 2806 2851 2863 licet
2869 2806 2922 2861 in
2947 2814 3173 2877 quatuor
3189 2804 3384 2876 prioris
3410 2817 3549 2874 ope--

1961 2899 2039 2956 ris
2059 2900 2207 2956 libris
2230 2898 2286 2955 id
2314 2899 2471 2970 plene
2499 2897 2770 2969 egerimus
2786 2938 2804 2964 ,
2833 2904 3013 2955 tamen
3041 2897 3096 2953 in
3129 2895 3381 2967 praesenti
3412 2909 3551 2964 quo-

1964 3005 2070 3062 que
2092 2989 2330 3046 ontnium
2372 2987 2678 3043 animalium
2707 2986 3042 3054 testimonio,
3067 3000 3186 3056 qua:
3216 3001 3249 3041 a
3277 2984 3390 3041 Deo
3426 2997 3557 3039 con-

1966 3081 2078 3137 dita
2104 3081 2316 3136 interim
2341 3077 2635 3144 conﬁteris,
2657 3078 2933 3133 libidinem
2957 3092 3181 3133 sexuum
3205 3091 3237 3131 a
3261 3076 3376 3131 Deo
3399 3089 3522 3130 crca
3536 3104 3554 3115 ο

1969 3180 2078 3228 tam
2119 3186 2240 3228 esse
2275 3168 2710 3237 monstravimus,
2747 3183 2907 3239 quam
2938 3177 3117 3223 tamen
3158 3167 3211 3222 in
3252 3164 3558 3221 hominibus

1968 3261 2177 3334 pudore
2228 3260 2649 3318 obumbrandam
2701 3259 2928 3317 fatemur
2955 3274 2970 3312 :
2996 3266 3146 3314 tuum
3192 3270 3323 3328 ergo
3365 3254 3556 3327 dogma

1970 3352 2336 3423 consequitur,
2379 3361 2436 3408 ut
2470 3352 2631 3424 longo
2660 3350 2986 3424 postliminio
3032 3347 3356 3422 Cynicorum
3403 3348 3560 3403 nobis

1971 3453 2324 3514 repraesentes
2349 3442 2622 3510 decorem,
2652 3451 2707 3500 et
2734 3456 2796 3498 ea
2824 3457 2943 3514 quae
2964 3440 3223 3497 naturalia
3245 3447 3397 3507 sunt,
3436 3438 3561 3509 quia

1973 3550 2005 3590 a
2026 3534 2135 3592 Deo
2156 3535 2292 3591 facta
2311 3545 2459 3603 sunt,
2487 3534 2539 3591 in
2561 3534 2731 3591 oculis
2758 3533 2986 3589 civitatis
3014 3547 3285 3590 exerceas.
3314 3530 3563 3596 Sentisne

1974 3641 2136 3697 quam
2180 3626 2433 3683 involutis
2486 3625 2777 3681 luminibus
2820 3623 3107 3680 insiliveris
3146 3624 3205 3679 in
3240 3621 3560 3678 sententiam

1977 3732 2174 3785 meam,
2196 3732 2300 3788 qua
2338 3716 2471 3782 dixi,
2507 3734 2527 3768 ι
2558 3716 2628 3773 Ut
2649 3716 2973 3786 exprimeret
2998 3715 3158 3777 fidem
3184 3729 3403 3785 cperum
3432 3729 3565 3786 pro-

1976 3808 2157 3879 pheta,
2184 3821 2352 3877 prope
2380 3805 2671 3876 periculum
2700 3804 2918 3874 pudoris
2936 3802 3197 3863 accessit?
3225 3821 3249 3865 ι
3270 3803 3397 3858 Haec
3419 3802 3563 3861 enim

1980 3909 2039 3956 ut
2061 3906 2448 3970 consequenter
2468 3896 2626 3969 juxta
2674 3910 2809 3958 suas.
2846 3895 3054 3951 fabulas
3100 3904 3397 3967 praeceptor
3445 3904 3568 3950 tuus

1979 3991 2179 4062 arguit,
2199 3989 2350 4061 cujus
2372 3989 2426 4047 in
2456 3987 2592 4044 libro
2616 3986 2773 4059 posui
2806 3986 3084 4058 superiore
3107 3994 3446 4052 commenta,
3477 3986 3569 4056 qui

1982 4082 2161 4139 omnia
2182 4095 2408 4152 corpora
2428 4078 2567 4134 facta
2595 4094 2627 4135 a
2655 4079 2767 4134 Deo
2786 4085 3073 4150 pernegat;
3104 4076 3178 4149 ita
3202 4085 3260 4131 tu
3284 4075 3570 4151 impuden-

1985 4183 2066 4231 ter
2090 4182 2425 4233 contrectare
2442 4186 2605 4230 ausus
2628 4187 2710 4239 es,
2727 4171 2817 4242 qui
2853 4179 3150 4231 creatorem
3179 4169 3349 4236 Deum
3388 4168 3572 4224 fateris

1987 4264 2251 4337 (timendo
2282 4263 2427 4337 licet)
2455 4279 2763 4333 corporum,
2793 4277 3020 4334 quorum
3060 4276 3277 4321 sensum
3311 4259 3574 4316 adscribis

1988 4358 2215 4430 principi
2243 4358 2579 4420 tenebrarum
2605 4373 2620 4410 :
2650 4355 2791 4428 quod
2820 4363 2965 4411 certe
2984 4362 3130 4419 tanta
3154 4353 3396 4419 veritatis
3421 4361 3574 4423 pote-

1988 4457 2126 4510 state
2148 4448 2401 4509 detritum
2420 4457 2524 4514 est,
2546 4454 2743 4517 quanta
2770 4444 2875 4501 fide
2898 4445 3099 4503 dictum
3113 4444 3183 4509 ah
3204 4443 3573 4514 Evangelista,

1989 4539 2127 4607 Quia,
2150 4553 2244 4608 per
2270 4539 2437 4593 Deum
2463 4537 2601 4607 facta
2633 4544 2752 4592 sunt
2787 4534 2979 4610 omnia,
3005 4543 3053 4594 α
3087 4534 3197 4594 sine
3228 4534 3342 4607 ipso
3383 4537 3574 4606 factum

1991 4640 2063 4685 est
2091 4630 2218 4691 nihil
2243 4627 2419 4699 (Joan.
2447 4643 2482 4694 ι,
2502 4626 2582 4700 5).

2062 4723 2200 4787 Anc.
2241 4720 2507 4792 Numquid
2538 4734 2722 4791 posses
2750 4719 2801 4779 in
2828 4718 3006 4781 carnis
3031 4716 3463 4788 concupiscentia
3492 4717 3579 4771 vel

1994 4814 2214 4870 libidine
2240 4811 2441 4869 bestias
2457 4811 2760 4869 hominibus
2786 4824 3116 4882 comparare.
3143 4810 3246 4874 nisi
3273 4810 3435 4873 etiam
3458 4808 3582 4863 illos

1994 4906 2466 4978 primosparentes
2495 4904 2711 4974 generis
2738 4901 2956 4958 humani
2982 4900 3581 4972 tanquamcorrupttbi-

1997 5001 2066 5061 lia
2090 5010 2338 5072 gerentes
2365 5014 2611 5069 corpora,
2630 4996 2838 5053 etiamsi
2855 5011 2960 5050 non
2978 5003 3309 5064 peccassent,
3331 4994 3584 5050 crederes

1997 5094 2161 5151 fuisse
2186 5091 2507 5149 morituros?
2534 5092 2613 5147 Ac
2651 5089 2832 5147 hocin
2861 5087 3081 5145 haeresis
3120 5098 3314 5145 vestrae
3350 5100 3533 5140 errore
3563 5084 3584 5114 ⁸

1999 5186 2202 5242 novitio
2230 5184 2310 5239 sic
2353 5181 2615 5239 catholica
2663 5178 2884 5241 damnat
2934 5179 3196 5246 Ecclesia,
3239 5188 3298 5235 ut
3341 5175 3583 5243 Pelagius

2001 5278 2248 5349 princeps
2284 5283 2462 5332 vester
2492 5272 2545 5328 id
2580 5271 2692 5329 sibi
2720 5270 2863 5329 inter
2888 5278 3083 5329 cetera
3128 5270 3394 5340 obiectum
3429 5263 3582 5334 apud

2066 5479 2085 5510 ί
2119 5483 2318 5537 nomen,
2341 5478 2520 5537 cratc,
2544 5472 2765 5537 addimus
2787 5486 2851 5523 ex
2870 5479 2985 5524 les.
3308 5488 3313 5491 ·

2066 5540 2088 5572 ¹
2120 5538 2266 5602 mliti,
2303 5529 2394 5602 'pro
2549 5535 2684 5587 bona.
2727 5537 3026 5602 castigantur
3050 5545 3114 5581 ex
3156 5529 3512 5602 manusqutis.

2069 5602 2091 5634 ³
2115 5599 2179 5649 Ad
2201 5588 2335 5649 oram
2355 5597 2532 5648 codicis
2554 5605 2796 5647 Portarum
2818 5588 3012 5659 antiqua
3032 5605 3195 5659 manu,
3216 5588 3527 5659 insigniumr.

2067 5662 2090 5693 δ
2122 5668 2171 5709 ιιι
2197 5660 2342 5711 editis
2376 5660 2624 5723 omissum,
2663 5671 2830 5710 errore
2856 5670 2874 5707 :
2896 5652 3087 5707 tametsi
3134 5652 3385 5706 exstct'in
3417 5665 3561 5721 manu

2007 5724 2200 5783 scriptis
