3934 6178
371 336 510 410 i563

368 466 771 542 quatuordecim
793 467 1072 538 episcopos
1087 464 1396 529 orientales,
1415 465 1666 535 aquibus
1687 463 1954 534 jmlieiims

367 558 703 625 audiebatur,
733 554 1090 612 damnationis
1116 566 1231 611 sua!
1255 556 1443 610 timore
1469 555 1746 610 damnaret
1773 555 1871 625 (α).
1899 552 1954 607 in

369 667 472 721 quo
492 649 693 723 judicio
714 645 959 720 profecto
984 647 1143 701 etiam
1185 655 1239 701 tu
1285 648 1398 716 ipse
1435 646 1713 701 damnatus
1756 661 1833 704 es.
1866 646 1953 714 qui

363 740 499 798 dicis
528 740 694 797 Adam
723 743 791 796 ita
817 740 1033 808 factum,
1059 747 1117 795 ut
1142 743 1253 796 sive
1277 750 1537 810 peccaret,
1567 739 1678 795 sive
1710 755 1811 793 non
1832 754 1957 807 pec-

364 812 847 898 caret,'morituru's
864 842 1006 888 esset
1028 851 1041 889 ε
1064 832 1433 887 contradicens
1462 834 1496 884 Λ
1507 832 1712 900 postolo
1734 829 1951 895 dicenti,

366 922 563 995 Corpus
589 932 841 978 mortuum
872 933 943 978 est
972 935 1175 992 propter
1202 933 1458 993 peccatum
1487 925 1501 988 (
1517 922 1662 976 Rom.
1692 937 1805 980 rm.
1843 919 1950 989 l0).

365 1013 553 1079 Porro,
582 1014 625 1068 si
653 1024 759 1068 non
807 1014 1141 1083 pra'ccdcnte
1187 1022 1401 1081 peccato
1431 1012 1683 1065 moritura
1726 1011 1809 1065 illa
1849 1026 1953 1064 non

364 1092 517 1159 erant
544 1119 789 1174 corpora,
815 1106 997 1174 utique
1022 1119 1122 1158 nec
1151 1103 1512 1173 Corruptibilia
1536 1098 1706 1169 erant,
1735 1117 1801 1155 ne
1830 1102 1956 1157 bea-

367 1208 446 1250 tas
466 1196 672 1252 animas
690 1196 805 1251 illas
821 1204 1164 1266 aggravarent
1189 1193 1422 1264 :Corptts
1448 1195 1575 1247 enim
1605 1193 1951 1262 corruptibile,

363 1289 499 1343 sicut
523 1288 779 1358 scriptmn
810 1296 1172 1357 est,cggravat
1195 1288 1416 1340 animant
1450 1283 1603 1357 (Sap.
1629 1300 1701 1348 ιχ,
1738 1282 1847 1354 15).
1878 1284 1956 1338 Ac

368 1395 461 1448 per
486 1379 608 1444 hoc.
639 1378 1088 1450 quemadmodum
1114 1394 1261 1433 mors
1287 1388 1446 1447 atque
1470 1379 1740 1446 corruptio
1769 1375 1955 1431 belini-

372 1471 453 1525 nis
482 1470 835 1541 humanisque
872 1469 1185 1539 corporibus
1224 1469 1393 1539 potuit
1430 1484 1533 1522 non
1560 1482 1680 1522 esse
1708 1483 1955 1524 commu-

366 1564 469 1627 nis,
495 1561 737 1632 quamvis
774 1562 1074 1617 communis
1107 1560 1186 1615 eis
1226 1568 1369 1615 esset
1406 1570 1615 1615 terrena
1654 1559 1902 1614 materies
1935 1562 1949 1613 ἑ

365 1655 436 1710 ita
469 1655 638 1725 potuit
667 1669 765 1709 nec
814 1654 864 1709 in
918 1652 1272 1724 propagandis
1326 1651 1448 1705 illiis
1499 1652 1577 1706 eis
1628 1665 1747 1707 esse
1790 1650 1954 1707 libido

364 1747 698 1813 communis;
721 1746 814 1801 sed
840 1755 931 1801 aut
953 1740 1095 1801 milia
1116 1746 1167 1799 in
1196 1744 1593 1812 ltominibus,ut
1618 1743 1957 1815 quemadmo-

351 1820 490 1893 dum
516 1836 632 1890 aliis
660 1836 919 1891 membris
956 1836 1031 1889 ad
1057 1849 1221 1905 opera
1268 1849 1522 1904 congrua,
1579 1834 1656 1889 sic
1700 1832 1767 1889 ad
1819 1847 1955 1904 opus

364 1925 653 1997 generandi
672 1927 941 1981 voluntate
954 1925 1112 1980 motis
1132 1924 1291 1980 etiam
1312 1925 1627 1995 genitalibus
1643 1926 1951 1992 uterentur;

363 2025 454 2072 aut
482 2032 586 2072 non
611 2016 732 2072 talis
760 2017 936 2088 qualis
965 2019 1016 2071 in
1044 2016 1249 2082 bestiis,
1278 2017 1371 2071 sed
1393 2015 1456 2070 ad
1481 2024 1667 2070 nutum
1691 2016 1951 2083 serviens,

367 2118 423 2164 ct
453 2123 721 2179 nunquam
751 2116 986 2165 mentem
1017 2122 1048 2163 a
1082 2108 1419 2178 cogitationis
1455 2107 1651 2178 vigilia,
1696 2119 1798 2162 nec
1838 2105 1954 2176 ipsa

362 2207 632 2269 postremo
669 2199 688 2232 ί
727 2199 996 2269 voluptate
1024 2196 1320 2268 deponens.
1349 2197 1502 2254 Nunc
1527 2208 1704 2252 autem
1747 2211 1953 2266 praece-

365 2290 527 2346 dente
552 2302 791 2361 peecato,
818 2302 925 2361 quo
946 2290 1174 2345 humana
1196 2291 1250 2345 in
1278 2290 1512 2345 deterius
1542 2299 1726 2345 natura
1752 2298 1951 2345 mutata

360 2390 465 2447 est,
491 2380 625 2438 facta
659 2391 782 2437 sunt
820 2382 872 2438 'ei
908 2382 1161 2452 poenalia,
1192 2397 1311 2453 qua:
1343 2390 1469 2438 sunt
1506 2392 1708 2437 natura:
1745 2382 1953 2452 pecoris

360 2488 593 2543 congrua
637 2489 651 2525 :
695 2471 790 2528 sed
843 2473 896 2529 in
944 2472 1047 2527 hoc
1084 2474 1244 2538 malo,
1295 2487 1402 2543 quo
1450 2486 1577 2529 caro
1627 2471 1954 2543 concupiscit

365 2563 623 2619 adversus
648 2563 929 2632 spiritum,
974 2562 1146 2634 major
1190 2563 1410 2633 puderis
1460 2572 1543 2618 est
1584 2578 1764 2626 causa,
1809 2560 1951 2633 quod

363 2655 505 2712 inter
526 2653 652 2718 duo,
685 2668 910 2724 quorum
938 2653 1003 2708 ad
1033 2663 1269 2711 nostram
1296 2654 1526 2723 pertinet
1551 2663 1835 2725 utrumque
1855 2667 1952 2707 na-

363 2754 555 2808 turam,
580 2757 634 2801 et
662 2760 887 2815 quorum
938 2745 1202 2815 imperare
1238 2761 1425 2811 unum,
1480 2746 1682 2801 servire
1724 2746 1951 2801 alterum

360 2837 540 2901 debet,
568 2846 751 2891 exorta
784 2846 864 2892 est
890 2852 996 2891 non
1022 2836 1251 2891 dolenda
1282 2844 1489 2891 tantum
1512 2878 1526 2901 ,
1566 2850 1750 2891 verum
1791 2837 1949 2892 ctiam

360 2929 586 2985 multum
616 2929 979 2984 erubescenda
1020 2927 1306 2984 discordia.
1348 2927 1485 2996 Quid
1516 2927 1674 2999 igitur
1702 2928 1793 2983 tibi
1822 2944 1950 3000 pro-

363 3020 575 3075 fuerunt
602 3019 669 3074 ad
696 3034 812 3074 rem
838 3032 942 3074 non
966 3018 1284 3089 pertinentia
1310 3028 1600 3074 convocata
1624 3019 1821 3075 auxilia
1844 3019 1950 3093 Cy-

361 3110 639 3173 nicorum;
669 3108 1098 3180 quandomtidem
1134 3118 1189 3164 te
1225 3110 1282 3166 in
1309 3108 1409 3164 hac
1448 3109 1521 3164 tui
1554 3111 1754 3165 erroris
1779 3111 1861 3165 via
1883 3110 1951 3166 de

358 3201 443 3257 via
469 3200 828 3266 deiicientem,
862 3215 963 3256 nec
1000 3214 1062 3256 ea
1104 3215 1223 3271 quae
1264 3198 1568 3261 hominibus
1606 3201 1947 3273 comparasti,

355 3292 596 3365 jumenta
626 3291 819 3362 juvare‘
835 3298 1118 3360 potuerunt
1138 3290 1163 3344 ἓ

430 3380 618 3436 XLIV.
657 3380 778 3438 ius.
818 3380 1053 3450 Tempus
1096 3379 1351 3435 admonet
1385 3372 1536 3436 ut‘ad
1569 3382 1670 3437 alia
1708 3390 1947 3438 transca~

359 3488 482 3528 mus
510 3488 526 3527 :
551 3472 645 3527 scd
676 3471 930 3541 quoniam
955 3480 1161 3526 certum
1186 3478 1300 3537 est,
1329 3470 1462 3527 nilnil
1495 3481 1547 3527 te
1583 3470 1784 3529 habere
1808 3472 1948 3542 quod

360 3562 604 3620 vendite:
634 3562 895 3633 imperitis
924 3563 1141 3617 auribus
1168 3571 1363 3633 praeter
1383 3562 1759 3618 verecundiam
1790 3575 1948 3619 natu-

359 3652 550 3709 ralium
575 3669 590 3719 ;
618 3660 776 3723 quam
801 3651 1113 3709 brevissime
1135 3660 1340 3722 potero,
1361 3651 1504 3723 quod
1522 3661 1735 3723 putatur
1754 3668 1949 3724 super-

364 3758 519 3811 esse,
560 3742 884 3813 coutingam.
908 3742 1043 3811 Quis
1062 3757 1189 3814 ergo
1221 3752 1395 3814 neget,
1427 3744 1757 3800 honestatem
1785 3745 1945 3814 hanc,

361 3850 463 3906 qua
485 3835 735 3906 genitalia
768 3842 950 3890 nostra
981 3835 1336 3906 contegimus,
1368 3849 1465 3905 pro
1499 3835 1760 3905 personis,
1794 3836 1946 3904 locis,

359 3925 551 3982 ofiiciis
579 3926 925 3997 moribusque
954 3927 1180 3995 variari?
1203 3925 1294 3983 Sic
1323 3927 1375 3981 in
1416 3927 1801 3983 conventiculis
1843 3942 1946 3998 pu-

358 4019 513 4073 blicis
542 4019 826 4076 obscenior
852 4015 1083 4083 nuditas,
1138 4018 1271 4074 nihil
1317 4019 1474 4074 habet
1514 4019 1855 4089 turpitudinis
1893 4021 1945 4075 in

359 4109 605 4165 lavacris.
634 4110 724 4165 Sic
747 4109 885 4165 alter
907 4119 987 4164 est
1012 4109 1331 4165 cubicularis
1366 4108 1606 4177 habitus,
1635 4109 1947 4166 seminudus

358 4210 413 4255 et
437 4214 657 4256 securus
677 4214 692 4267 ;
719 4201 855 4255 alter
872 4214 1000 4255 vero
1020 4200 1268 4265 ferensis,
1287 4201 1565 4256 sollicitior
1583 4210 1638 4257 et
1657 4201 1942 4272 profusior.

356 4289 521 4360 Quid,
544 4290 689 4362 quod
717 4290 789 4349 ad
812 4290 1176 4346 testimonium
1212 4290 1400 4346 crebro
1428 4290 1822 4359 familiaritatis,
1854 4306 1945 4349 re-

357 4382 514 4452 spicit
534 4382 849 4454 negligentia
890 4382 1174 4451 cautionis,
1232 4390 1287 4437 et
1328 4391 1527 4453 quanto
1577 4400 1803 4455 persona
1855 4397 1947 4444 aut

358 4473 589 4543 ignotior
615 4481 707 4527 aut
735 4474 1047 4530 honoratior
1070 4472 1317 4541 adfuerit,
1350 4484 1497 4529 tanto
1518 4474 1822 4547 diligentior
1846 4476 1945 4533 ba-

354 4560 501 4617 bitns
523 4565 899 4632 comparatur?
924 4565 1079 4639 Quid,
1102 4564 1242 4638 quod
1264 4566 1439 4620 nautis
1460 4577 1511 4621 et
1532 4567 1810 4637 opiﬁcibus
1834 4570 1946 4640 ple-

360 4653 541 4720 risque
570 4666 728 4705 nemo
757 4654 885 4707 vitio
911 4655 1201 4710 nuditatem
1232 4656 1415 4710 dedit?
1454 4660 1530 4713 Ac
1559 4674 1625 4713 ne
1662 4658 1760 4715 ista
1810 4662 1943 4715 sim-

357 4743 563 4813 plicitas
615 4744 856 4814 personis
902 4746 1068 4815 magis
1116 4760 1275 4816 quun
1328 4749 1553 4817 negotiis
1604 4751 1895 4821 imputetur
1925 4795 1939 4818 ,

362 4850 513 4891 more
545 4836 781 4891 omnium
810 4838 972 4898 etiam
1009 4837 1198 4891 Petrus
1226 4840 1513 4907 apostolus,
1542 4849 1595 4897 et
1620 4852 1738 4911 post
1766 4859 1946 4899 resur.

357 4929 648 4983 rectionem
674 4930 877 4985 Domini
909 4930 1081 4985 nudus
1097 4930 1149 4983 in
1170 4929 1382 4999 navigio
1400 4932 1421 4964 '
1442 4932 1745 4999 piscabatur
1762 4934 1939 5007 (lacn.

359 5032 474 5082 nt,
501 5017 579 5086 7).
607 5018 783 5088 Dirige
812 5020 937 5074 hinc
974 5021 1160 5075 oculos
1190 5019 1256 5074 ad
1282 5020 1641 5077 medicantum
1671 5040 1890 5082 munera
1926 5046 1939 5082 :

359 5107 559 5160 ducunt
583 5117 753 5162 artem
777 5109 954 5165 studio
982 5109 1168 5172 salutis
1192 5112 1243 5165 in
1270 5110 1418 5169 locus
1444 5114 1679 5183 pudoris.
1712 5118 1941 5174 Athletis

359 5197 572 5253 uuditas
594 5198 752 5253 etiam
780 5198 977 5254 decora
1002 5211 1106 5258 est.
1152 5201 1269 5257 iam
1317 5217 1445 5258 vero
1474 5218 1579 5259 non
1607 5205 1780 5260 solum
1811 5208 1941 5262 ado-

357 5288 686 5355 lescentulis,
707 5296 762 5344 et
787 5289 1045 5359 petulanti
1073 5290 1173 5345 sibi
1199 5292 1456 5349 societate
1493 5293 1820 5365 conjunctis,
1842 5298 1938 5354 sed

357 5382 516 5436 etiam
537 5383 660 5438 totis
674 5381 990 5453 quibusdam
1003 5384 1246 5453 gentibus
1258 5394 1482 5450 uterque
1503 5402 1660 5442 sexus
1683 5398 1933 5458 reiectus,

354 5483 409 5526 et
448 5474 565 5529 sine
598 5472 790 5529 secreti
811 5479 897 5528 est
923 5472 1184 5529 electione
1227 5477 1556 5532 commixtio.
1589 5477 1724 5547 Quid
1756 5489 1933 5536 tamen

420 5586 438 5650 ξ
469 5586 542 5650 sic
561 5593 669 5637 uss.
691 5594 748 5637 Λι
770 5584 907 5650 editi.
933 5591 1186 5650 potirentur.

355 5706 405 5763 ω
419 5647 631 5756 ξιέειιη
659 5649 817 5700 nudus
838 5646 1113 5710 piscabatur
1131 5663 1149 5713 ;
1171 5652 1367 5713 omisso,
1389 5651 1441 5705 in
1458 5655 1684 5720 natigio;
1707 5660 1831 5720 quod
1861 5670 1935 5710 est

419 5771 492 5832 (α)
524 5770 638 5829 me
659 5783 736 5838 θυι
751 5783 821 5831 ra,
857 5773 918 5823 de
941 5775 1096 5825 Gestis
1115 5773 1310 5847 Pelagii,
1336 5790 1415 5828 nn.
1443 5776 1519 5839 3i,
1540 5781 1615 5840 57,
1636 5780 1705 5832 eo.

1043 352 1286 408 OPERIS
1327 347 1735 407 IMPERFECTI
1777 345 2050 403 εοδιιιιι
2091 344 2452 413 JUUANL'M,
2493 348 2554 406 S.
2594 347 2962 407 AUGUSTI.“

3514 353 3649 417 not

2067 459 2281 526 mirum,
2314 460 2357 516 si
2380 459 2431 517 id
2455 460 2644 518 Scotus
2664 462 3065 535 vicinarumque
3101 466 3340 536 gentium
3381 466 3652 525 barbaries

2061 560 2216 623 agat;
2246 569 2366 608 cum
2408 564 2462 611 et
2489 554 2819 628 pbilosopiiia
2847 600 2861 623 ,
2894 559 3046 627 cujus
3072 572 3231 629 supra
3259 574 3651 617 commemora-

2065 646 2260 702 tionem
2293 645 2515 719 fecimus
2568 648 2705 703 idem
2752 650 3043 713 censuerit,
3087 660 3142 705 et
3193 650 3653 709 Traducianornm

2063 736 2167 793 huc
2189 737 2380 810 dogma
2422 740 2760 809 pervenerit?
2803 739 2932 810 Qum
2972 756 3102 811 ergo
3135 741 3351 811 pudoris
3383 743 3652 800 tenebitur

2061 830 2349 901 quantitas,
2397 832 2555 902 quive
2610 832 2761 887 limes
2811 833 2950 887 inter
2991 841 3069 888 tot
3117 835 3235 903 ejus
3284 830 3647 902 diversitates,

2060 930 2220 992 atque
2242 924 2380 977 inter
2399 931 2604 993 cceptus
2631 924 2819 993 partim
2848 925 3211 989 necessarios,
3255 927 3446 994 partim
3474 928 3653 981 socie—

2063 1020 2169 1067 tate
2193 1012 2464 1082 defensos,
2492 1031 2586 1084 per
2606 1030 2763 1086 quem
2786 1016 2955 1085 possit
2996 1014 3200 1081 doceri,
3235 1015 3505 1071 diabolum
3559 1034 3654 1073 na-

2062 1103 2286 1158 turalem
2307 1103 2553 1160 ardorem
2584 1104 2800 1163 sexibus
2829 1105 3143 1161 miscuisse?
3170 1108 3246 1160 Ac
3298 1120 3393 1177 per
3446 1105 3566 1169 hoc,
3597 1117 3654 1163 ut

2060 1194 2363 1264 prmsidium
2391 1196 2656 1267 Opinionis
2682 1208 2788 1253 tua:
2831 1205 3060 1259 constat.
3105 1186 3314 1266 officiis,
3342 1197 3492 1261 locis,
3538 1215 3645 1252 mo-

2060 1274 2231 1353 ribus,
2259 1286 2481 1353 artibus,
2510 1300 2563 1343 et
2593 1289 2722 1342 totis
2748 1287 2901 1342 simul
2933 1288 3178 1357 gentibus
3205 1287 3552 1352 dissolutum;
3579 1289 3653 1343 ita

2062 1376 2320 1445 remansit
2346 1361 2619 1443 invictum,
2654 1377 2797 1448 quod
2830 1392 2927 1431 nos
2954 1378 3065 1446 ipsa
3096 1376 3303 1431 ratione
3324 1387 3379 1432 et
3402 1379 3651 1447 apostolo

2061 1467 2227 1523 Paulo
2278 1468 2504 1525 docente
2553 1470 2910 1534 defendimus,
2955 1472 3131 1526 omnia
3169 1486 3417 1540 corpora,
3471 1472 3654 1527 omnia

2062 1561 2298 1616 membra
2349 1575 2633 1631 corporum
2664 1601 2681 1630 ,
2728 1576 3020 1631 omnesque
3073 1577 3263 1617 sensus
3314 1578 3650 1631 corporum,

2060 1650 2229 1706 Deum
2278 1663 2552 1708 auctorem
2582 1651 2953 1707 universorum
2996 1667 3251 1719 creasse;
3280 1652 3373 1711 sed
3419 1653 3488 1707 ita
3515 1654 3655 1708 ordi-

2060 1759 2232 1810 nasse,
2257 1755 2317 1800 ut
2344 1743 2665 1816 quaedamin
2689 1744 2943 1800 membris
2972 1745 3168 1800 nostris
3196 1760 3292 1815 pro
3332 1747 3652 1815 opportuni—

2060 1835 2253 1890 tatibus
2300 1843 2596 1905 temporum
2618 1836 2857 1891 amiciret
2896 1835 3085 1906 pudor,
3118 1836 3362 1905 qumdam
3397 1836 3654 1891 honestas

2060 1925 2314 1980 naturalis
2341 1925 2578 1993 oil'erret,
2610 1925 2801 1997 quibus
2845 1936 2950 1980 tam
2999 1925 3308 1980 indecorum
3336 1937 3477 1981 esset
3517 1928 3653 1996 tegi-

2058 2034 2180 2073 men
2207 2017 2470 2084 adbiberi,
2514 2033 2672 2090 quam
2715 2018 3020 2091 importune
3070 2018 3383 2091 genitalium
3433 2019 3652 2089 vulgare

2057 2116 2346 2163 secretum.
3198 2094 3203 2105 ’

2129 2198 2262 2254 Auc.
2302 2197 2383 2253 Tu
2426 2190 2605 2270 potius
2663 2198 2969 2267 importune
3024 2199 3178 2268 culpa
3231 2200 3650 2270 importunitatis

2055 2289 2298 2359 aspergis
2321 2303 2435 2355 eos,
2486 2289 2553 2345 de
2597 2289 2790 2360 quibus
2825 2290 2894 2344 ait
2927 2288 3199 2361 Scriptura
3252 2291 3449 2355 divina,
3500 2291 3650 2346 Nudi

2055 2390 2217 2446 erant,
2245 2389 2409 2435 etnon
2437 2378 2871 2451 confundebantur
2910 2378 3067 2451 (Gen.
3122 2397 3177 2447 ιι,
3230 2380 3345 2450 23).
3393 2382 3457 2436 Et
3501 2393 3649 2437 certo

2057 2473 2274 2528 tuncita
2304 2472 2435 2528 recti
2464 2480 2636 2538 erant,
2671 2481 2727 2526 ut
2756 2472 2887 2526 recti
2927 2470 3053 2528 facti
3095 2482 3248 2528 erant
3274 2490 3290 2525 :
3315 2471 3455 2527 Fecit
3494 2473 3639 2529 enim

2055 2559 2215 2629 Deus,
2245 2562 2381 2617 sicut
2408 2560 2655 2632 legimus,
2690 2560 2941 2618 hominem
2962 2571 3152 2616 rectum
3180 2544 3375 2632 (Et-cie.
3404 2578 3496 2629 vn,
3524 2562 3645 2631 30).

2054 2648 2152 2709 Illo
2180 2667 2308 2722 ergo
2337 2662 2576 2721 tempore
2618 2659 2781 2707 tanta:
2830 2651 3168 2709 rectitudinis
3216 2668 3347 2717 sua),
3393 2653 3649 2722 numquid

2055 2752 2161 2799 tam
2188 2744 2340 2816 pravi
2366 2751 2551 2809 erant,
2581 2752 2638 2798 ut
2664 2744 3049 2814 imprudenter,
3078 2742 3450 2814 impudenter,
3493 2744 3650 2799 inbo-

2036 2844 2246 2901 neste,
2297 2833 2635 2905 importune,
2702 2835 3011 2905 genitalium
3071 2846 3276 2891 secreta
3339 2836 3648 2906 vulgarent?

2054 2924 2297 2995 Agnosco
2366 2925 2528 2996 igitur
2579 2925 2814 2980 nondum
2875 2922 3040 2981 fuisse
3089 2940 3303 2980 causam
3373 2927 3645 2995 pudendi,

2053 3014 2265 3088 quando
2313 3013 2548 3073 nondum
2591 3013 2833 3086 pudenda
2885 3023 3040 3071 erant
3091 3015 3178 3072 illa
3222 3017 3477 3078 membra,
3528 3031 3649 3087 quas

2055 3122 2194 3162 nunc
2224 3108 2436 3177 proprie
2460 3105 2701 3177 pudenda
2733 3106 3003 3161 dicuntur.
3032 3106 3148 3162 Non
3184 3108 3326 3162 enim
3378 3107 3648 3163 habitabat

2054 3200 2106 3255 in
2132 3200 2389 3256 membris
2414 3198 2499 3255 lex
2526 3214 2826 3269 repugnans
2847 3199 2948 3269 legi
2977 3199 3169 3254 mentis
3192 3240 3207 3266 ,
3234 3201 3350 3254 sine
3374 3216 3476 3269 qua
3506 3216 3647 3254 nunc

2053 3291 2289 3346 nascitur
2332 3305 2512 3348 nemo.
2550 3289 2796 3345 Nondum
2836 3289 3160 3360 fueratjusto
3184 3291 3382 3361 judicio
3412 3291 3525 3355 Dei,
3550 3293 3642 3361 qui

2054 3382 2248 3437 merito
2274 3379 2513 3438 deseruit
2536 3381 2888 3446 desertorem,
2920 3379 3245 3436 inobedienti
3292 3380 3489 3435 homini
3533 3398 3647 3435 sua:

2051 3471 2228 3526 carnis
2257 3470 2613 3526 inobedientia
2656 3470 2935 3525 retributa.
2985 3469 3167 3541 Neque
3214 3470 3358 3527 enim
3411 3489 3514 3525 non
3562 3482 3645 3529 est

2052 3563 2230 3619 carnis
2283 3561 2643 3618 inobedientia
2697 3573 2883 3619 contra
2937 3563 3182 3633 spiritum
3237 3566 3641 3637 concupiscere,

2052 3656 2294 3726 quamvis
2321 3656 2481 3711 etiam
2522 3654 2712 3726 spiritu
2738 3666 2924 3712 contra
2951 3670 3068 3711 eam
3098 3658 3509 3727 concupiscente
3538 3675 3644 3714 non

2048 3747 2256 3802 sinatur
2280 3747 2421 3818 quod
2448 3755 2671 3802 conatur
2691 3747 2936 3817 implere.
2960 3746 3071 3802 Hoc
3085 3762 3213 3816 ergo
3240 3747 3473 3803 nondum
3500 3760 3642 3823 erat,

2052 3837 2265 3908 quando
2298 3838 2423 3893 nudi
2454 3847 2627 3905 erant,
2656 3846 2714 3893 et
2738 3853 2843 3893 non
2882 3837 3368 3894 confundebantur.
3397 3840 3511 3896 Non
3542 3844 3644 3901 ita-

2050 3944 2155 4000 que
2190 3930 2263 3986 illi
2291 3944 2416 3985 vera
2442 3930 2682 3987 nuditate
2708 3932 2724 3964 ¹
2753 3932 3055 4000 importune
3092 3933 3400 4003 genitalium
3437 3945 3644 3992 secreta

2050 4022 2369 4093 volgabant:
2400 4021 2494 4077 sed
2524 4023 2699 4077 adhuc
2734 4023 3094 4094 importunum
3137 4024 3266 4078 nihil
3315 4025 3365 4079 in
3394 4026 3646 4095 genitali-

2053 4115 2153 4169 bus
2194 4124 2496 4170 senserant.
2527 4115 2663 4185 Quid
2691 4117 2896 4188 colligis
2945 4120 3103 4173 verba
3139 4119 3335 4183 inania,
3390 4130 3641 4192 tanquam

2046 4204 2173 4261 folia
2200 4206 2359 4272 levia,
2384 4207 2574 4277 quibus
2599 4214 2653 4262 et
2678 4217 2733 4261 ιιι
2758 4219 3008 4279 contegas
3036 4211 3304 4266 carnalem
3339 4214 3643 4269 contentio-

2050 4311 2173 4352 nem
2200 4303 2342 4352 tuam
2364 4306 2547 4352 contra
2575 4298 2906 4369 spirituaicm
2924 4300 3313 4368 auctoritatem,
3340 4304 3490 4372 quasi
3512 4319 3639 4358 con-

2049 4388 2411 4459 cupiscentem
2446 4398 2633 4444 contra
2665 4388 2908 4459 spiritum
2958 4392 3218 4459 carnem?
3260 4392 3395 4459 Quid
3443 4410 3580 4463 ιιιιςω
3596 4393 3640 4448 is

2048 4494 2167 4549 quae
2204 4478 2424 4548 pudoris
2462 4479 2691 4535 tenenda
2719 4480 2787 4534 sit
2814 4482 3117 4550 quantitas,
3144 4483 3256 4538 sive
3277 4483 3465 4550 limes,
3501 4485 3641 4540 inter

2049 4577 2127 4624 tot
2151 4570 2266 4638 ejus
2283 4569 2643 4638 diversitates,
2666 4585 2783 4642 quae
2799 4572 2930 4626 ilunt
2944 4571 3169 4633 diversis
3191 4576 3621 4643 necessitatibus,

2047 4661 2272 4730 artibus,
2295 4661 2656 4730 opinionibus,
2680 4661 2941 4729 moribus,
2982 4664 3095 4719 sive
3132 4666 3314 4732 rectis,
3356 4668 3472 4722 sive
3510 4684 3635 4738 per-

2050 4751 2262 4807 versis?
2279 4752 2417 4809 Ecce
2432 4751 2600 4810 babes
2620 4748 2885 4821 homines,
2908 4771 3013 4811 non
3037 4755 3260 4826 alicujus
3280 4759 3476 4827 gentis,
3500 4763 3637 4817 sicut

2046 4843 2259 4909 Scotos,
2286 4842 2382 4898 sed
2426 4850 2679 4915 ραι-οπως
2711 4846 2948 4899 omnium
2987 4849 3265 4917 gentium;
3309 4865 3413 4904 non
3459 4851 3632 4920 aliqua

2048 4949 2205 5005 prava
2236 4934 2486 5004 opinione
2525 4935 2860 5005 depravatae,
2885 4937 3021 4993 sicut
3054 4938 3302 5009 Cynicos,
3333 4950 3391 4996 et
3427 4944 3635 5011 quosli-

2044 5029 2135 5083 bet
2154 5026 2287 5082 alios
2308 5027 2497 5085 similis
2519 5027 2879 5082 irreverentia:
2898 5028 3238 5086 deformitate
3264 5030 3512 5097 fwdatos,
3536 5033 3631 5089 sed

2045 5134 2073 5171 a
2110 5118 2224 5173 Deo
2243 5117 2487 5173 conditos
2506 5129 2682 5175 rectos
2702 5134 2719 5185 ;
2747 5134 2853 5173 non
2872 5134 3036 5190 opere
3058 5122 3281 5191 alicujus
3299 5125 3633 5181 necessitatis

2044 5208 2349 5272 obstrictos,
2371 5207 2507 5263 sicut
2536 5207 2677 5263 Petri
2706 5207 2919 5264 auditas
2948 5207 3067 5276 fuit,
3090 5226 3193 5280 qua
3220 5221 3271 5266 te
3293 5214 3484 5281 putasti
3512 5229 3635 5269 esse

1993 5318 2006 5327 ‘
2042 5300 2470 5369 velandum,scd
2510 5302 2561 5356 in
2586 5300 2892 5356 deliciarum
2932 5303 3181 5373 paradiso
3230 5304 3427 5360 liberos
3451 5323 3464 5357 :
3486 5306 3633 5375 ipsos

2042 5394 2257 5463 aspice,
2294 5401 2420 5451 ante
2458 5400 2734 5463 peccatum
2772 5402 3130 5450 ostentatores
3175 5394 3456 5462 libertatis,
3509 5408 3635 5465 post

2045 5494 2314 5554 peccatum
2341 5484 2588 5541 doctores
2611 5484 2846 5556 pudoris.
2869 5487 3292 5556 Antepeeeatum
3306 5490 3429 5544 nudi
3451 5503 3631 5557 erant,

2042 5584 2096 5630 et
2144 5590 2250 5631 non
2289 5572 2791 5631 confundebantur:
2826 5585 2944 5647 post
2976 5587 3250 5649 peccaturo
3277 5576 3344 5634 de
3390 5581 3634 5639 nuditate

2074 5798 2078 5802 Δ
2104 5728 2119 5759 ¹
2159 5726 2321 5802 nerei,
2341 5728 2488 5802 siem;
2512 5732 2647 5789 Crit.,
2668 5743 2778 5802 pag.
2791 5730 3025 5802 28l,282,
3046 5734 3115 5786 sic
3139 5732 3261 5797 legit
3285 5734 3411 5786 hunc
3428 5738 3595 5802 trium
3618 5755 3633 5791 ι

2044 5797 2140 5839 non
2166 5790 2325 5855 itaque
2342 5790 2412 5843 illi
2431 5790 2580 5843 libera
2594 5790 2824 5845 nuditate.
2890 5800 2947 5849 ιι.
