3934 6178
284 318 405 378 1365

281 430 467 491 confusi
496 436 640 485 sunt.
666 426 805 483 Ante
831 432 1105 495 peccatum
1150 417 1402 491 genitalia
1451 412 1684 470 nondum
1736 426 1837 481 pu-

279 523 436 583 denda
454 521 571 577 sine
594 518 846 590 tegimine
869 515 1195 585 reliquerunt
1217 527 1233 565 :
1254 519 1374 581 post
1399 514 1671 580 peccatum
1693 504 1843 575 geni-

283 615 395 683 talia
414 612 520 683 jam
548 608 794 681 pudenda
826 613 1092 665 texerunt.
1124 604 1188 659 lli
1216 616 1345 674 ergo
1373 609 1537 658 testes
1564 598 1692 655 satis
1722 595 1841 652 ido-

280 704 378 771 nei,
424 710 478 758 et
515 699 918 783 Pelagianorum
961 695 1337 771 pervicaciam,
1384 700 1441 751 et
1492 687 1841 762 quarumdam

279 793 500 866 gentium
528 781 955 864 Cynicorumque
982 785 1386 857 impudentiam,
1429 781 1578 854 prius
1603 793 1711 836 non
1742 792 1842 848 pu-

278 882 436 941 danda
465 892 519 937 et
544 888 729 953 postea
758 878 1004 951 pudenda
1024 876 1263 934 nuditate
1287 889 1381 931 sua
1405 871 1747 930 convincunt.

339 972 496 1030 XLV.
534 973 653 1030 Jun.
695 973 809 1028 Hoc
836 971 994 1043 igitur
1018 970 1071 1025 in
1095 964 1343 1040 praesenti
1369 981 1554 1037 opere,
1581 969 1836 1035 quantum

277 1080 357 1122 res
377 1072 495 1120 acta
520 1063 755 1135 pertulit,
778 1063 1043 1128 absoluto,
1074 1060 1230 1116 venio
1247 1059 1313 1114 ad
1339 1057 1472 1114 illud
1490 1054 1632 1127 quod
1647 1051 1844 1117 dixisti,

277 1157 326 1214 in
341 1154 556 1213 Christo
576 1154 640 1209 ha
648 1169 715 1209 nc
729 1153 1025 1209 naturalem
1039 1148 1521 1221 concupiscentiam
1541 1160 1645 1202 non
1666 1144 1845 1200 fuisse.

275 1246 355 1303 Sic
376 1245 523 1301 enim
557 1243 861 1314 obloqueris
886 1242 1017 1297 mihi
1047 1259 1062 1295 :
1100 1260 1120 1295 ι
1153 1240 1261 1297 Sed
1290 1240 1392 1295 iste
1415 1238 1467 1293 in
1496 1237 1580 1292 his
1602 1233 1853 1291 omnibus

275 1335 432 1392 noluit
447 1334 724 1391 nominare
743 1333 1224 1404 concupiscentiam
1242 1331 1440 1398 carnis,
1463 1344 1580 1400 qum
1602 1341 1708 1382 non
1723 1333 1804 1381 est
1819 1340 1853 1381 a

276 1428 439 1490 Patre,
468 1426 568 1482 sed
595 1442 661 1482 ex
686 1425 885 1482 mundo
908 1433 1023 1491 est;
1044 1423 1194 1495 cujus
1212 1421 1393 1479 mundi
1413 1420 1657 1492 princeps
1679 1416 1856 1473 dictus

272 1528 349 1576 est
371 1518 615 1587 diabolus
643 1535 658 1572 :
690 1518 781 1589 qui
805 1532 924 1573 eam
966 1515 1020 1572 in
1055 1515 1283 1572 Domino
1326 1528 1437 1573 non
1479 1509 1707 1575 invenit,
1732 1507 1855 1578 quia

279 1609 532 1664 Dominus
576 1607 741 1663 homo
769 1621 878 1663 non
931 1622 1026 1678 per
1066 1606 1236 1676 ipsam
1262 1602 1331 1659 ad
1373 1601 1620 1658 homines
1646 1597 1790 1653 venit
1827 1614 1847 1649 ι

278 1698 375 1771 (De
393 1697 607 1770 Nuptiis
633 1707 679 1753 et
703 1696 1140 1768 Concupiscentia,
1165 1694 1255 1750 lib.
1282 1694 1339 1762 2,
1366 1708 1482 1762 cap.
1506 1690 1585 1762 5).
1610 1690 1857 1745 Pronun—

276 1787 411 1842 tiasti
448 1802 581 1858 ergo
607 1785 900 1852 Christum,
947 1800 1106 1856 quem
1134 1798 1319 1840 verum
1344 1797 1440 1853 per
1478 1779 1657 1837 omnia
1684 1775 1857 1833 homi-

275 1890 393 1930 nem
422 1874 557 1930 tides
579 1875 841 1931 catholica
860 1872 1164 1938 confitetur,
1188 1871 1324 1933 hanc
1348 1866 1855 1939 concupiscentiam,

271 1980 430 2035 quam
460 1964 591 2020 dicit
629 1965 864 2020 Joannes
890 1963 1186 2034 apostolus,
1227 1962 1281 2017 in
1313 1975 1410 2015 sua
1456 1974 1563 2015 non
1609 1957 1859 2012 habuisse

270 2068 456 2112 carne.
488 2054 595 2111 Sed
622 2054 856 2110 Joannes
876 2095 892 2120 ,
925 2061 982 2108 ut
1008 2053 1125 2123 ejus
1152 2051 1294 2109 dicta
1321 2050 1639 2117 docuerunt,
1661 2061 1858 2105 concu-

270 2143 587 2213 piscentiam
613 2143 811 2207 carnis,
832 2150 889 2197 et
912 2139 1392 2212 concupiscentiam
1418 2137 1717 2200 oculorum,
1739 2148 1863 2190 cum

266 2232 421 2288 omni
443 2231 643 2286 mundo
666 2246 732 2286 ex
759 2231 918 2286 Patre
950 2244 1052 2285 non
1074 2243 1195 2285 esse
1222 2227 1524 2299 pronuntiat
1558 2226 1773 2300 (Hann.
1802 2241 1860 2291 ιι,

267 2321 402 2390 16)ε
433 2319 577 2391 quod
607 2334 707 2376 nos
729 2318 1174 2391 quemadmodum
1197 2317 1422 2389 intelligi
1446 2316 1665 2374 deberet
1686 2324 1866 2373 osten-

268 2409 475 2465 diutus.

342 2501 488 2558 Anc.
520 2498 813 2557 Ostendisti
838 2499 1075 2570 quidem,
1106 2498 1200 2555 sed
1225 2495 1674 2569 quemadmodum
1701 2501 1757 2550 tu
1777 2492 1862 2550 in-

276 2593 569 2663 telligeres,
592 2592 677 2648 vel
696 2591 873 2661 potius
892 2606 1001 2646 non
1022 2590 1369 2661 intelligeres,
1389 2602 1495 2642 non
1515 2585 1864 2657 quemadmo-

275 2682 402 2738 dutu
429 2680 655 2737 deberet
681 2680 901 2752 intelligi
934 2697 951 2737 :
975 2679 1044 2735 de
1072 2695 1175 2751 qua
1202 2693 1261 2736 re
1286 2679 1379 2733 tibi
1419 2678 1471 2732 in
1494 2678 1610 2748 ipsa
1626 2687 1725 2739 tua
1756 2691 1865 2733 non

275 2773 474 2837 veraci,
504 2772 601 2829 sed
620 2771 828 2844 loquaci
854 2771 1229 2842 disputatione,
1255 2769 1494 2827 ccrtans'
1525 2767 1865 2840 proveritate

273 2863 551 2935 respondi.
1460 2914 1463 2919 .

342 2953 536 3011 XLVI.
573 2953 697 3011 Jun.
735 2952 818 3011 'I‘u
839 2967 967 3021 vero
992 2967 1187 3009 nomen
1219 2952 1392 3022 ipsum
1418 2949 1864 3021 concupiscentia

277 3046 635 3119 amplexatus,
658 3046 740 3101 vis
763 3061 794 3100 a
821 3043 1014 3101 Christi
1038 3058 1265 3114 corpore
1307 3052 1410 3097 tam
1437 3040 1710 3099 oculorum
1738 3054 1865 3097 seu.

275 3154 401 3196 sum.
417 3136 680 3205 abfuisse,
702 3151 861 3208 quam
885 3136 1167 3190 viscerum.
1361 3196 1367 3203 ,

345 3231 487 3287 Anc.
531 3226 637 3286 Ista
675 3242 783 3283 non
823 3226 1065 3291 diceres,
1102 3226 1148 3281 si
1175 3235 1231 3281 tu
1258 3238 1448 3280 sanum
1483 3236 1723 3290 sensum,
1759 3235 1865 3277 non

275 3322 544 3392 corporis,
568 3319 667 3377 sed
692 3318 855 3374 animi
879 3318 1125 3375 haberes.

344 3413 561 3470 XLVII.
576 3412 696 3469 Iun.
716 3412 811 3467 Hic
824 3412 984 3483 igitur
1004 3419 1060 3466 ut
1077 3407 1217 3464 adsit
1240 3417 1350 3464 toto
1377 3406 1557 3463 animo
1577 3404 1765 3471 lector,
1781 3403 1870 3460 ad-

276 3519 469 3562 moneo
500 3522 519 3560 :
544 3502 742 3558 videbit
769 3502 911 3557 enim
954 3499 1448 3570 Apollinaristarum
1486 3494 1867 3563 ωτι-θείω,κὰ

274 3610 396 3653 eum
422 3595 709 3653 Manichaei
738 3608 834 3665 per
859 3602 911 3649 te
934 3590 1234 3663 adiectione
1264 3589 1522 3662 reparari.
1546 3585 1868 3659 Apollinaris

279 3688 474 3759 quippe
507 3685 685 3757 primo
714 3685 873 3741 talem
915 3682 1329 3739 incarnationem
1375 3679 1570 3735 Christi
1592 3678 1868 3735 induxisse

278 3775 464 3845 fertur,
500 3788 564 3833 ut
585 3776 793 3833 diceret
813 3774 985 3830 solum
1009 3787 1204 3843 corpus
1228 3772 1295 3828 de
1314 3770 1546 3825 humana
1570 3767 1866 3826 substantia

278 3876 619 3939 assumptum
643 3866 830 3932 videri,
862 3879 959 3935 pro
977 3865 1154 3917 anima
1177 3860 1498 3939 veroipsam
1524 3859 1687 3915 fuisse
1708 3857 1868 3913 deita-

279 3935 384 4011 tem
400 3974 419 4022 ;
435 3956 792 4026 Cbristusque
807 3932 916 4011 non
937 3953 1230 4017 hominem,
1252 3932 1346 4006 sed
1360 3950 1587 4027 cadaver
1602 3949 1870 4005 videretur

280 4046 520 4106 hominis
549 4038 868 4119 suscepisse.
905 4045 1061 4116 Quod
1100 4052 1437 4115 posteaquam
1465 4042 1627 4113 cmpit
1652 4051 1757 4097 tam
1781 4055 1868 4096 ra-

283 4141 443 4197 tionis
480 4155 648 4213 quam
675 4139 950 4212 Evangelii
989 4138 1329 4197 attestatione
1349 4135 1595 4202 convelli,
1623 4131 1869 4189 videlicet

279 4233 403 4302 quia
430 4233 542 4287 hoc
569 4232 686 4302 ipso
706 4245 929 4287 necesse
945 4240 1061 4285 erat
1084 4238 1250 4283 totum
1276 4227 1405 4282 illud
1430 4225 1671 4281 falsitatis
1696 4223 1866 4294 argui,

284 4323 426 4393 quod
456 4322 732 4379 hominem
772 4337 834 4379 se
868 4320 1111 4391 Christus
1145 4319 1379 4384 dixerat,
1409 4333 1567 4389 quem
1591 4316 1868 4373 veritatem

278 4414 522 4469 locutum
549 4412 1003 4484 persequebantur
1027 4409 1219 4480 Judaei,
1245 4410 1291 4465 si
1317 4418 1430 4466 erat
1458 4409 1525 4465 ab
1549 4424 1615 4464 co
1640 4423 1765 4464 caro
1784 4422 1874 4464 so-

280 4505 329 4560 la
370 4515 650 4577 suscepta,
691 4520 815 4562 cum
860 4504 1024 4559 homo
1057 4502 1158 4557 nisi
1200 4502 1376 4557 anima
1421 4500 1577 4557 simul
1602 4511 1658 4557 et
1676 4515 1872 4570 corpus

278 4612 400 4655 esse
429 4613 543 4655 non
582 4605 798 4669 posset;
824 4595 911 4651 vel
933 4593 1075 4666 quod
1121 4593 1177 4647 in
1205 4593 1491 4663 Evangelio
1528 4591 1755 4656 dixerat,
1803 4588 1873 4647 In

286 4697 540 4757 potestate
567 4687 723 4743 habeo
748 4701 935 4759 ponere
955 4685 1183 4739 animum
1216 4699 1402 4749 meum,
1443 4691 1495 4738 et
1537 4682 1593 4739 in
1630 4690 1874 4753 potestate

280 4778 442 4834 habeo
472 4779 655 4833 iterum
690 4794 888 4835 sumere
929 4792 1041 4832 eam
1084 4776 1264 4848 (Joan.
1306 4790 1367 4839 ι..
1411 4772 1523 4847 18).
1565 4774 1696 4850 Quae
1729 4774 1877 4831 enim

279 4868 463 4947 anima
492 4877 800 4939 poneretur,
827 4868 873 4925 si
906 4876 1179 4936 assumpta
1202 4881 1315 4929 non
1346 4865 1563 4924 fuerat?
1588 4866 1725 4922 Cum
1746 4880 1874 4937 ergo

281 4963 610 5017 auctoritate
640 4961 821 5018 talium
850 4961 1279 5023 testimoniorum
1306 4968 1366 5015 et
1386 4959 1679 5030 perspicua:
1706 4958 1875 5015 ratio-

281 5051 369 5107 nis
416 5067 640 5109 eversus
685 5052 901 5119 fuisset,
930 5052 1247 5122 excogitavit
1268 5049 1415 5107 aliud
1448 5049 1592 5106 unde
1627 5049 1742 5120 ejus
1765 5049 1876 5105 hat-

282 5143 456 5210 rcsis,
492 5160 609 5215 qua:
648 5145 899 5215 perdurat
925 5144 1205 5209 hactenus,
1240 5151 1587 5209 nasceretur;
1626 5150 1682 5198 et
1720 5141 1871 5207 dixit,

280 5234 524 5288 animam
548 5234 767 5304 quidem
787 5234 1070 5290 humanam
1102 5234 1156 5289 in
1182 5233 1395 5289 Christo
1419 5231 1604 5297 fuisse,
1625 5230 1721 5287 sed
1746 5245 1874 5286 sen-

282 5337 378 5379 sus
429 5324 487 5379 in
516 5339 583 5381 eo
625 5326 868 5396 corporis
914 5338 1020 5379 non
1061 5324 1259 5393 fuisse,
1298 5333 1458 5394 atque
1494 5321 1874 5393 impassibilem

283 5429 410 5470 eum
433 5416 792 5485 pronuntiavit
815 5417 836 5449 '
862 5415 1123 5472 universis
1149 5414 1416 5472 exstitisse
1441 5413 1694 5485 peccatis.

727 5596 932 5664 certans,
959 5603 1023 5664 ex
1046 5590 1298 5664 veteribus
1322 5588 1473 5639 libris.
1527 5651 1537 5661 _
1610 5662 1617 5664 A
1673 5662 1684 5664 ῃ
1760 5658 1769 5664 .
1838 5651 1846 5659 ²

294 5720 304 5747 ⁸
315 5650 399 5773 ἐς
409 5649 673 5764 {attingas
695 5649 1029 5717 promutuum.
1053 5653 1185 5714 nine,
1209 5664 1329 5712 esse,
1354 5651 1650 5701 removimus
1666 5651 1872 5700 auctori-

1604 294 1808 353 LIBER
1844 289 2168 356 QUARTUS

3400 285 3534 343 I366

2023 405 2159 462 Anc.
2200 406 2410 463 Sanctae
2444 404 2717 461 memoria:
2743 402 2965 475 Cyprius
2999 403 3279 473 episcopus
3302 400 3529 471 Epipha.

1947 496 2066 552 nius
2086 495 2138 551 in
2162 495 2417 568 opusculo
2431 493 2572 566 quod
2593 493 2659 550 de
2676 493 2964 550 ltzcrcsibus
2986 492 3168 558 edidit,
3188 489 3317 546 dixit
3338 490 3537 560 Apolli-

1948 589 2270 644 naristarum
2298 587 2553 659 quosdam
2585 587 2640 641 in
2666 584 2888 642 Domino
2908 584 3032 640 Jesu
3054 584 3264 640 Christo
3293 579 3538 637 divinita-

1949 681 1988 736 ti
2014 696 2207 752 corpus
2234 680 2684 757 consubstantiale
2705 679 2936 742 dixisse;
2966 677 3097 731 alios
3120 684 3293 730 autem
3317 688 3539 745 negasse

1950 772 2091 843 quod
2113 771 2344 826 animum
2388 771 2709 841 sumpserit;
2753 770 2887 826 alios
2925 777 3141 838 prepter
3169 765 3309 837 quod
3340 766 3537 819 dictum

1951 872 2054 930 est,
2082 861 2296 918 Verbum
2318 879 2436 917 caro
2461 862 2648 931 factum
2671 870 2743 916 cs!
2765 859 2945 932 (Joan.
2978 876 3016 924 I,
3043 857 3151 930 li).
3179 854 3527 922 contendisse,

1952 971 2058 1011 non
2084 971 2204 1011 cum
2248 970 2464 1012 carnem
2499 953 2791 1024 sumpsisse
2831 951 2898 1007 de
2935 960 3114 1006 creata
3140 963 3322 1013 carne,
3356 944 3531 1011 idest,

1950 1046 2170 1115 Mariae,
2210 1047 2308 1102 scd
2350 1046 2581 1103 \‘erbum
2630 1060 2848 1102 carnem
2903 1044 3133 1110 factum;
3178 1050 3362 1112 postea
3413 1055 3540 1093 veru

1953 1137 2140 1195 nescio
2184 1136 2311 1208 quid
2340 1138 2633 1209 cogitantes
2679 1135 2880 1190 dixisse
2920 1132 3062 1205 quod
3098 1147 3205 1187 non
3252 1128 3542 1199 sumpserit

1955 1236 2211 1284 mentem.
2257 1225 2410 1295 Quod
2449 1242 2576 1297 ergo
2610 1225 2842 1279 affirmas
2881 1223 3285 1294 Apollinaristas
3319 1235 3535 1276 asseve-

1955 1333 2106 1374 rasse
2132 1318 2187 1372 in
2214 1316 2433 1373 Christo
2455 1331 2646 1373 sensus
2674 1316 2915 1386 corporis
2939 1329 3045 1370 non
3069 1313 3232 1368 fuisse
3249 1315 3290 1379 ‘,
3315 1327 3544 1379 cumque

1958 1407 2079 1464 illos
2109 1408 2483 1477 pronuntiasse
2501 1406 2913 1477 impassihilem;
2943 1420 3044 1460 nec
3063 1407 3269 1474 uspiam
3292 1402 3411 1472 legi,
3440 1403 3543 1456 nisi

1958 1498 2012 1553 in
2039 1499 2141 1553 hoc
2168 1496 2307 1553 libro
2336 1505 2450 1565 tuo,
2482 1512 2583 1553 nec
2605 1496 2891 1567 aliquando
2916 1495 2983 1549 ah
3005 1496 3185 1566 aliquo
3212 1494 3408 1549 audivi.
3438 1492 3545 1548 Sed

1957 1590 2208 1662 quoniam
2239 1588 2396 1645 video
2436 1597 2488 1643 te
2524 1602 2767 1659 quaerere
2810 1587 2899 1643 ubi
2931 1587 3203 1658 expandas
3238 1586 3538 1656 vaniloquin

1960 1675 2070 1749 tua,
2092 1690 2150 1737 ut
2176 1696 2300 1737 cum
2323 1681 2396 1736 sis
2417 1679 2693 1745 verbosus,
2723 1678 2960 1737 videaris
2981 1694 3103 1734 esse
3133 1680 3405 1748 copiosus,
3435 1676 3542 1732 citu

1960 1770 2292 1842 respondeo:
2315 1770 2565 1841 Quisquis
2587 1764 2757 1827 credit
2777 1769 2860 1826 vel
2884 1770 2970 1825 illa
2996 1785 3114 1840 quae
3144 1766 3548 1838 Apollinaristas

1960 1860 2141 1919 dicere
2167 1876 2328 1932 supra
2356 1861 2797 1929 commemoravi,
2833 1859 2919 1917 vel
2963 1875 3071 1916 non
3115 1859 3367 1917 habuisse
3389 1856 3547 1914 Chri~

1962 1960 2100 2006 stum
2133 1950 2381 2023 corporis
2401 1964 2612 2019 sensus,
2632 1961 2791 2021 atque
2813 1950 3195 2021 impassihilem
3218 1947 3401 2016 fuisse,
3416 1963 3549 2017 ana-

1964 2041 2142 2097 thema
2192 2042 2280 2096 sit.
2340 2041 2412 2097 Ut
2451 2055 2577 2097 vero
2624 2049 2679 2097 te
2719 2024 2931 2112 quoque
2981 2039 3155 2111 possis
3207 2054 3544 2111 agnoscere:

1964 2130 2215 2202 Quisquis
2237 2130 2407 2187 credit
2431 2146 2648 2188 carnem
2677 2130 2875 2187 Christi
2907 2140 3092 2187 contra
3120 2130 3367 2201 spiritum
3408 2143 3542 2185 con-

1966 2223 2199 2292 cupisse,
2228 2220 2509 2278 anathema
2540 2223 2631 2277 sit.
2768 2282 2771 2283 ν

2039 2311 2270 2369 XLVIII.
2310 2312 2432 2369 Jun.
2472 2311 2590 2369 Non
2615 2313 2706 2384 qui
2726 2312 2924 2370 virtute
2945 2310 3131 2383 judicii
3171 2309 3363 2367 delicta
3393 2310 3553 2365 vitas-

1966 2416 2081 2472 set;
2124 2403 2221 2461 sed
2248 2405 2339 2476 qui
2384 2404 2635 2461 felicitate
2673 2405 2851 2461 carnis
2889 2420 2921 2460 a
2963 2403 3163 2462 nostris
3188 2401 3437 2458 sensibus
3461 2417 3549 2456 se-

1965 2504 2268 2568 questrattc,
2291 2496 2632 2566 cupiditatem
2657 2496 2906 2552 vitiorum
2924 2495 3123 2551 sentire
3143 2492 3487 2565 nequivisset.

2036 2588 2172 2643 Aen.
2211 2585 2325 2657 Non
2358 2586 2585 2642 dicimus
2604 2598 2725 2652 nos,
2753 2604 2773 2639 ι
2804 2585 3079 2641 Christum
3103 2583 3349 2640 felicitate
3377 2583 3554 2639 carnis

1965 2693 1998 2734 ι
2027 2677 2224 2734 nostris
2251 2678 2497 2736 sensibus
2514 2686 2883 2749 sequeStratze,
2924 2678 3266 2750 cupiditatem
3306 2676 3551 2733 vitiorum

1967 2768 2168 2826 sentire
2195 2784 2300 2825 non
2320 2769 2597 2840 potuisse:
2637 2788 2657 2824 s
2691 2769 2788 2826 sed
2809 2769 3058 2837 dicimus,
3076 2785 3197 2825 eum
3222 2766 3476 2839 perfectio
3487 2783 3554 2822 ne

1966 2860 2196 2928 virtutis,
2224 2870 2280 2919 et
2307 2877 2412 2925 non
2437 2876 2532 2933 per
2559 2860 2738 2919 carnis
2766 2860 3255 2932 concupiscentiam
3277 2868 3553 2931 procreata

1967 2965 2152 3016 carne,
2180 2949 2527 3021 cupiditatem
2557 2967 2663 3007 non
2705 2951 2957 3009 habuisse
2985 2951 3257 3006 vitiorum.
3287 2948 3441 3006 Aliud
3472 2956 3556 3005 est

1969 3039 2114 3095 enim
2142 3054 2247 3094 non
2265 3038 2514 3097 habuisse
2528 3040 2870 3112 cupiditatem
2892 3040 3087 3096 malam
3108 3057 3123 3106 ;
3151 3038 3294 3094 aliud
3312 3055 3419 3094 non
3434 3054 3553 3094 eam

1970 3129 2210 3201 potuisse
2248 3131 2450 3187 sentire
2482 3149 2499 3188 :
2528 3133 2785 3188 sensisset
2819 3133 2963 3189 enim
3003 3131 3049 3187 si
3092 3131 3399 3198 habuisset;
3447 3145 3554 3187 non

1969 3221 2116 3277 enim
2137 3235 2328 3276 sensus
2351 3220 2402 3276 ei
2430 3220 2601 3278 deluit
2633 3237 2740 3293 quo
2764 3237 2883 3279 cam
2912 3222 3161 3288 sentiret,
3188 3221 3282 3279 sed
3311 3223 3555 3279 voluntas

1969 3308 2138 3364 adfuit
2162 3325 2265 3381 qua
2293 3326 2399 3369 non
2424 3309 2667 3367 haberet.
2690 3310 2800 3383 Nec
2815 3311 3028 3369 mireris
3051 3311 3342 3380 Christum,
3364 3329 3556 3385 quam~

1969 3399 2050 3455 vis
2079 3399 2349 3457 hominem
2374 3417 2583 3470 verum,
2627 3412 2801 3460 tamen
2845 3419 2941 3475 per
2973 3405 3151 3460 omnia
3179 3403 3400 3473 bonum,
3450 3420 3552 3460 no-

1974 3487 2140 3545 luisse
2183 3489 2385 3548 habere
2425 3492 2768 3564 cupiditatem
2796 3494 3012 3550 malam.
3042 3493 3173 3551 Nam
3215 3496 3333 3567 quis
3361 3503 3556 3568 praeter

1969 3593 2066 3634 vos
2108 3581 2453 3651 cupiditatem
2497 3591 2656 3655 negat
2699 3600 2819 3641 esse
2866 3586 3080 3652 malam,
3131 3602 3232 3659 qua
3272 3585 3557 3658 capiuntur

1970 3668 2152 3723 mala?
2179 3670 2319 3740 quis,
2348 3671 2583 3743 inquam,
2616 3682 2810 3745 prteter
2848 3689 2944 3730 vos
2973 3668 3290 3746 persuadere
3317 3683 3543 3735 conatur

1970 3771 2077 3811 non
2123 3773 2244 3814 esse
2284 3761 2490 3826 vitium,
2526 3778 2685 3833 quam
2727 3764 3073 3835 cupiditatem
3112 3766 3399 3822 confitetur
3436 3781 3558 3821 esse

1971 3847 2251 3913 vitiorum;
2277 3856 2332 3903 et
2374 3864 2481 3904 non
2518 3865 2638 3906 esse
2681 3852 2903 3920 malum,
2950 3853 3034 3908 cui
3077 3854 3320 3909 suadenti
3348 3854 3394 3909 si
3423 3871 3557 3911 con-

1969 3937 2228 3993 sentiatur
2258 3938 2316 3993 iit
2341 3953 2481 4009 opus
2506 3940 2745 3996 malum?
2769 3941 2919 3998 Hanc
2952 3944 3297 4013 cupiditatem
3316 3943 3559 4001 Christus

1971 4037 2023 4083 et
2052 4029 2255 4084 sentire
2285 4040 2485 4100 posset,
2515 4030 2563 4088 si
2604 4031 2859 4099 haberet;
2906 4044 2959 4089 et
2987 4033 3187 4090 habere
3202 4037 3245 4102 ³,
3278 4036 3323 4090 si
3352 4035 3553 4091 vellet:

1971 4118 2067 4175 sed
2093 4120 2234 4177 absit
2260 4130 2319 4176 ut
2364 4121 2543 4179 vellet.
2575 4121 2954 4181 Verumtamen
2980 4125 3023 4180 si
3061 4125 3279 4181 haberet
3301 4126 3559 4198 cupidita-

1974 4218 2083 4267 tem
2111 4213 2325 4281 malam,
2357 4220 2517 4285 atque
2542 4224 2601 4270 ut
2649 4223 2740 4271 tuo
2778 4217 2944 4272 verbo
2981 4223 3118 4282 utar,
3152 4233 3172 4268 ι
3217 4216 3559 4286 cupiditatem

1973 4302 2246 4370 vitiorum,
2285 4321 2306 4356 ι
2336 4304 2405 4360 ab
2431 4303 2601 4375 ipsius
2624 4306 2894 4362 voluntate
2919 4307 2973 4362 in
3000 4307 3089 4362 illo
3118 4321 3237 4363 esse
3263 4307 3513 4377 cmpissct
3539 4323 3555 4372 ;

1971 4392 2097 4463 quia
2121 4408 2226 4448 non
2254 4408 2374 4450 cum
2393 4394 2483 4450 illa
2512 4403 2594 4450 est
2621 4404 2797 4463 natus,
2828 4406 2886 4452 ut
2912 4412 3029 4452 nos.
3062 4397 3139 4452 Ac
3166 4412 3264 4469 per
3278 4397 3399 4465 hoc,
3421 4396 3563 4453 illius

1972 4482 2143 4537 virtus
2171 4482 2286 4539 ha2c
2328 4490 2465 4550 erat,
2497 4498 2614 4538 eam
2644 4499 2750 4539 non
2786 4484 2986 4542 habere
3010 4504 3024 4540 :
3054 4494 3235 4541 nostra
3263 4485 3431 4542 virtus
3455 4480 3559 4548 est.

1975 4573 2023 4629 ci
2047 4588 2149 4628 non
2180 4575 2481 4630 consentire
2504 4591 2519 4641 ;
2546 4585 2600 4632 et
2624 4577 2677 4632 in
2698 4575 2801 4632 hoc
2826 4577 2971 4632 illum
2989 4578 3204 4644 imitari,
3231 4588 3290 4635 ut
3304 4579 3563 4652 quemad-

1976 4662 2193 4717 modum
2227 4663 2339 4734 ipse
2370 4672 2646 4733 peccatum
2675 4682 2780 4723 non
2804 4666 2951 4737 fecit,
2980 4680 3098 4725 eam
3143 4686 3249 4745 non
3292 4671 3558 4733 habendo,

1976 4752 2048 4808 ita
2080 4768 2180 4809 nec
2210 4766 2309 4808 nos
2332 4752 2610 4824 faciamus,
2641 4772 2747 4812 non
2775 4759 2824 4813 ei
2850 4760 3270 4824 consentiendo;
3302 4768 3361 4816 et
3377 4774 3563 4831 quem-

1976 4843 2260 4898 admodum
2283 4843 2396 4912 ipse
2417 4860 2533 4900 eam
2555 4847 2798 4904 voluitet
2823 4851 2989 4919 potuit
3018 4862 3121 4904 non
3154 4850 3370 4917 habere,
3402 4851 3481 4907 sic
3499 4867 3562 4906 ca

1980 4951 2082 4992 nos
2127 4935 2375 5002 velimus,
2415 4939 2539 5008 quia
2584 4942 2892 5010 poterimus,
2938 4956 3144 4997 carere.
3192 4942 3320 5013 Ejus
3366 4944 3565 5015 quippe

1977 5026 2145 5096 gratia
2173 5041 2270 5081 nos
2293 5026 2537 5084 liberabit
2561 5029 2629 5084 de
2657 5044 2881 5099 corpore
2913 5031 3104 5086 mortis
3125 5026 3301 5102 hujus,
3333 5031 3435 5089 hoc
3460 5043 3559 5098 est,

1979 5116 2046 5171 de
2084 5131 2246 5173 carne
2274 5121 2497 5189 peccati,
2541 5120 2631 5191 qui
2658 5120 2808 5176 .venit
2846 5118 2914 5176 ad
2944 5136 3045 5178 nos
3079 5122 3133 5179 in
3158 5123 3561 5180 similitudinem

1978 5207 2152 5263 carnis
2171 5209 2405 5289 peccati,
2423 5221 2532 5269 nan
2560 5211 2613 5266 in
2639 5225 2800 5267 carne
2830 5215 3055 5283 peccati.

2050 5298 2240 5355 XLIX.
2280 5298 2400 5357 Jun.
2432 5301 2565 5358 Tam
2603 5300 2773 5374 gravi,
2825 5314 2885 5360 ut
2933 5322 3021 5364 res
3065 5308 3283 5371 indicat,
3316 5305 3369 5363 in
3403 5305 3561 5363 fidem

1978 5394 2369 5451 Catholicorum
2390 5396 2748 5466 adulatione',
2783 5414 2891 5455 non
2920 5400 3099 5457 solum
3139 5399 3270 5456 nihil
3310 5412 3561 5455 necessa-

2042 5531 2059 5600 ξ
2093 5529 2245 5600 Hicin
2264 5530 2411 5600 editis
2445 5530 2694 5589 cithelum
2718 5531 2978 5600 int‘ltrtsto
3019 5542 3186 5582 κῆεν
3216 5528 3440 5593 corporis
3468 5541 3563 5582 tum

1977 5591 2143 5657 fuisse.
2168 5593 2531 5657 hestituitur‘ex
2550 5594 2904 5657 tnanuscriptis.

2043 5655 2061 5684 ί
2180 5662 2285 5702 uss.
2312 5660 2365 5701 At
2389 5653 2522 5710 editi,
2540 5652 2750 5704 haberet.

2045 5716 2063 5747 ³
2096 5715 2244 5791 Editi:
2277 5723 2380 5764 tum
2402 5709 2631 5779 gratitcr,
2656 5720 2704 5764 ut
2730 5726 2804 5765 res
2834 5709 3034 5770 indicat.
3058 5712 3106 5764 in
3130 5710 3274 5767 ﬁnem
3313 5715 3591 5773 catholicae-
