3934 6178
360 341 496 398 ηδτ

371 460 464 526 lia,
499 471 680 512 verum
720 455 878 510 etiam
905 451 1146 524 profana.
1178 450 1309 506 Cum
1353 450 1493 505 enim
1523 448 1634 503 vult
1663 444 1946 502 ostendere

366 551 481 627 plus
502 547 700 631 aliquid
725 546 883 601 fuisse
908 545 959 599 in
978 542 1172 598 Christi
1201 556 1446 612 corpore,
1473 555 1539 595 ne
1554 538 1731 595 carnis
1752 534 1948 591 nostri

363 627 736 700 communione
763 634 1062 705 vilesceret,
1097 632 1413 687 naturalium
1435 646 1557 686 eum
1589 642 1839 684 sensuum
1864 627 1948 680 in-

366 734 612 803 tegritate
673 727 967 792 fraudavit;
1026 741 1133 781 non
1194 725 1379 779 videns
1422 723 1473 778 in
1534 730 1788 792 quantum
1847 721 1949 775 iret

369 822 589 877 exitium
630 820 882 874 damnum
931 818 1171 874 veritatis
1202 817 1283 871 vel
1309 814 1616 895 adulatione
1659 820 1945 889 corrupta}.

369 910 643 967 Infremuit
671 912 866 981 quippe
906 926 936 965 a
981 909 1271 982 Catholicis
1311 908 1542 963 excitata
1588 903 1946 975 przescriptio;

367 1004 491 1085 quia
548 1002 687 1074 apud
746 994 903 1057 talem
960 1002 1117 1075 iidem
1168 1000 1338 1069 majus
1391 988 1643 1071 damnum
1697 993 1950 1076 mysteria

365 1093 588 1157 Christi,
628 1107 787 1171 quam
812 1091 1050 1165 membra
1099 1088 1416 1160 perferrent.
1445 1089 1502 1148 Si
1547 1087 1689 1142 enim
1736 1092 1954 1161 propter

366 1185 488 1250 hoc,
536 1184 798 1254 inquiunt,
854 1183 1021 1247 factus
1062 1192 1143 1238 est
1180 1181 1423 1260 Christus
1461 1195 1527 1234 ex
1552 1179 1757 1234 semine
1788 1172 1951 1261 David

366 1274 537 1348 (llam.
571 1291 608 1341 I,
650 1273 728 1345 3),
778 1274 946 1345 factus
990 1291 1054 1329 ex
1097 1261 1342 1338 muliere,
1391 1272 1663 1341 factusque
1707 1268 1807 1326 sub
1835 1269 1953 1338 lege

365 1364 561 1441 (Galat.
591 1382 667 1434 tv,
695 1367 775 1435 4),
807 1377 863 1420 ιιι
890 1350 1053 1445 nobis.
1066 1366 1218 1421 daret
1247 1365 1572 1434 exemplum,
1603 1372 1660 1418 et
1688 1353 1948 1431 sequere}

367 1472 487 1510 tnnr
514 1457 731 1527 vestigia
758 1456 891 1528 ejus,
921 1457 1009 1528 qui
1039 1466 1310 1526 peccatum
1340 1471 1445 1511 non
1474 1454 1618 1521 fecit,
1647 1469 1744 1509 nec
1764 1454 1953 1523 iuvent-

372 1558 456 1602 tus
482 1559 565 1604 est
592 1549 743 1603 dolus
783 1532 836 1604 in
863 1564 956 1605 ore
984 1550 1100 1631 ejus
1129 1548 1181 1620 (Ι
1201 1548 1346 1605 Petr.
1390 1565 1445 1611 tt,
1473 1540 1559 1614 li,
1587 1547 1718 1635 22);
1748 1561 1848 1602 nec
1878 1555 1956 1600 ta-

374 1656 497 1694 men
538 1656 633 1711 per
665 1642 843 1720 omnia
883 1628 1192 1708 substantie
1231 1651 1428 1697 nostra:
1459 1640 1627 1703 induit
1649 1628 1954 1720 proprieta-

374 1739 501 1792 tem.
530 1731 575 1785 si
622 1732 709 1786 vel
754 1746 970 1811 carnem
1014 1722 1131 1787 sine
1158 1732 1355 1801 anima,
1405 1732 1487 1786 vel
1530 1731 1802 1807 hominem
1839 1731 1957 1811 sine

374 1822 642 1888 sensibus,
676 1807 991 1893 quibus‘nos
1013 1823 1200 1878 imbuit
1226 1833 1433 1888 natura,
1457 1822 1703 1893 gestavit,
1725 1807 1958 1891 exempli

372 1912 598 1967 formam
623 1922 677 1968 et
704 1914 832 1984 legis
861 1904 967 1977 pen
994 1898 1217 1969 docetur
1241 1898 1511 1985 implesse.
1535 1913 1672 1980 Quid
1693 1914 1836 1968 enim
1861 1898 1959 1996 fuit

373 2002 529 2059 laude
554 2004 796 2074 dignum,
821 2015 1165 2088 contemnere
1191 2005 1469 2089 illecebras
1506 2019 1780 2079 sensuum,
1820 2018 1956 2081 qua-

373 2110 490 2165 rum
542 2094 765 2168 incapax
793 2079 924 2177 erat
965 2095 1223 2157 beneflcio
1249 2079 1510 2171 "naturai?
1551 2094 1687 2163 Quid
1742 2084 1956 2177 mirum,

373 2185 628 2242 cohibere
675 2170 862 2243 oculos
900 2187 1076 2242 carnis
1119 2202 1230 2242 sure
1259 2185 1461 2241 auxilio
1513 2201 1620 2255 non
1663 2170 1958 2263 vagantes?

373 2277 514 2345 Quid
538 2294 812 2366 magnum,
837 2279 1107 2352 abducere
1132 2278 1209 2356 ab
1226 2278 1556 2359 illecebrosis
1582 2274 1837 2341 odoribus
1863 2291 1960 2330 na-

374 2385 486 2435 res,
515 2372 707 2441 quibus
736 2372 1006 2427 nescirent
1031 2370 1251 2440 patere?
1270 2369 1408 2437 Quid
1435 2369 1777 2439 stupendum,
1813 2376 1962 2424 tene-

374 2477 434 2516 re
455 2447 684 2537 arduam.
702 2462 939 2539 quotidie
968 2463 1019 2517 in
1042 2454 1210 2533 epulis
1243 2461 1580 2537 parcitatem,
1608 2475 1832 2532 quarum
1860 2451 1960 2515 ne-

373 2553 559 2633 quibat
589 2554 925 2631 irritamenta
954 2542 1198 2609 sentire?
1227 2553 1362 2634 Quid
1387 2563 1656 2631 postremo
1681 2551 1835 2607 ardui
1862 2542 1960 2606 ha-

372 2646 565 2725 boarent
609 2646 663 2723 in
715 2634 1177 2727 quadragesimum
1224 2644 1365 2701 diem
1408 2644 1613 2727 prolata
1649 2643 1873 2717 jejunia,
1913 2643 1962 2700 si

372 2720 582 2810 esuries
607 2720 832 2818 molesta
855 2722 977 2794 esse
1004 2753 1111 2815 non
1152 2720 1398 2820 poterat?
1418 2723 1560 2804 Quid
1581 2720 1962 2823 venerationis

376 2816 671 2910 disciplina;
689 2816 897 2910 aurium
924 2818 1243 2909 mereretur,
1280 2816 1550 2910 nunquam
1574 2826 1680 2901 nisi
1711 2816 1962 2882 honesta-

380 2937 501 2977 rum
526 2900 728 2997 vocu'm‘
752 2900 1039 2997 receptrix,
1067 2918 1112 2976 si
1149 2900 1378 2974 nativam
1401 2906 1701 2997 patiebatur
1728 2910 1780 2972 in
1811 2915 1962 2997 inde-

379 3009 516 3066 bitas
556 2988 919 3076 surditatem?
955 2991 1085 3079 Qua:
1123 3019 1301 3064 autem
1326 2996 1518 3088 'gloria
1557 3006 1852 3088 castitatis,
1913 2993 1960 3061 si

375 3100 600 3156 virilitas
626 3101 803 3173 magis
824 3100 1009 3157 aberat
1038 3114 1195 3171 quam
1239 3086 1502 3163 voluntas,
1532 3105 1587 3152 et
1617 3095 1761 3167 quod
1791 3086 1959 3167 puta-

378 3191 538 3264 batur
579 3190 692 3269 lieri
724 3172 809 3247 λάε
855 3189 1040 3272 vigore
1089 3188 1277 3272 animi,
1316 3187 1566 3272 veniebat
1590 3185 1659 3243 de
1684 3182 1960 3272 debilitate

375 3267 778 3357 membrorum?
920 3276 929 3290 “
980 3270 988 3277 ’
1258 3268 1265 3276 ’
1408 3267 1431 3275 ”
1548 3270 1551 3273 ’
1722 3268 1763 3276 λ’

455 3356 589 3432 Anc.
630 3356 818 3443 Merito
860 3373 1112 3457 dicuntur
1159 3371 1294 3452 hmo,
1323 3385 1430 3452 non
1474 3378 1658 3452 contra
1686 3369 1961 3453 Apollina-

380 3487 497 3532 rem
525 3468 613 3525 vel
647 3466 1147 3538 Apollinei-istarum
1180 3464 1433 3533 aliquem,
1469 3476 1606 3536 quos
1627 3461 1828 3529 dixisse
1855 3475 1961 3515 non

377 3538 617 3635 arbitror.
635 3539 834 3635 Christi
855 3542 1070 3611 carnem
1098 3542 1213 3609 non
1245 3542 1495 3635 habuisse
1515 3552 1730 3608 humani
1763 3567 1960 3622 corpo-

379 3654 454 3708 ris
482 3628 692 3725 sensus,
717 3646 811 3703 sed
842 3654 1035 3717 contra,
1068 3628 1357 3725 quemlibet
1405 3643 1644 3715 quisquis
1673 3642 1776 3699 hoc
1807 3643 1958 3700 dicit.

377 3744 487 3801 Nos
514 3716 690 3814 autem
722 3740 868 3814 illum
907 3746 963 3793 et
1003 3735 1221 3811 pulchra
1266 3716 1330 3791 ac
1357 3727 1620 3812 deformia
1643 3749 1740 3811 per
1776 3735 1960 3814 oculos

377 3808 629 3903 sensisse“
644 3812 891 3910 dicimus,
921 3839 974 3886 et
995 3814 1353 3909 suaveolentia
1373 3836 1429 3884 et
1453 3808 1813 3913 grave‘olentia
1838 3808 1962 3905 sen-

376 3928 511 3982 sisse
540 3941 634 4006 per
662 3906 841 3999 nares,
868 3909 922 3998 et
945 3936 1106 3977 sensu
1131 3906 1337 3995 aurium
1365 3906 1668 3997 percepisse
1688 3934 1883 3974 canora
1908 3925 1966 3975 et

378 4015 634 4097 absurda,
650 4024 704 4079 et
727 4030 757 4093 a
788 4011 1032 4091 dulcibus
1055 4026 1237 4076 amara
1257 4009 1576 4091 discrevisse
1596 4009 1880 4083 gestando,
1908 4018 1965 4090 et

377 4124 562 4178 aspera
589 4122 652 4172 ac
672 4106 835 4174 lenia,
862 4103 994 4160 dura
1021 4118 1084 4159 ac
1114 4102 1317 4182 mollia,
1344 4101 1530 4183 frigida
1560 4113 1611 4157 et
1634 4100 1803 4157 calida
1825 4100 1965 4183 diju-

375 4201 585 4259 dicasse
626 4188 932 4283 tangendo;
966 4205 1023 4252 et
1062 4193 1326 4275 quidquid;
1361 4194 1504 4283 aliud
1531 4195 1774 4281 corporis
1800 4208 1961 4283 sensu

378 4286 565 4342 sentiri
626 4292 684 4359 et
736 4278 947 4359 percipi
1011 4288 1227 4359 potest,
1282 4279 1482 4358 sentire
1547 4293 1611 4334 ac
1638 4278 1652 4281 ’
1683 4278 1962 4353 percipere

379 4376 653 4449 potuisse;
677 4353 785 4449 nec
808 4374 857 4430 ei
890 4355 1321 4451 possibilitatem,
1346 4353 1392 4425 si
1417 4369 1707 4455 voluisset,
1725 4369 1963 4440 defuisse

378 4467 664 4542 generandi
694 4475 788 4523 :et
836 4476 1011 4521 tamen
1051 4463 1171 4535 ejus
1214 4477 1430 4519 carnem
1464 4477 1732 4533 nunquam
1777 4471 1963 4520 contra

379 4562 636 4634 spiritum
652 4559 988 4629 concupisse.
1019 4555 1171 4625 Quod
1196 4555 1242 4611 si
1283 4564 1565 4627 propterea
1595 4548 1964 4633 magnum

379 4666 507 4708 num
536 4659 639 4715 est,
662 4658 719 4727 ut
749 4659 921 4727 pultas,
951 4647 1220 4705 abstinere
1246 4663 1283 4721 aa
1305 4645 1536 4712 delictis,
1568 4646 1689 4730 quia
1720 4662 1824 4702 non
1863 4646 1962 4720 de-

381 4755 505 4805 sunt
538 4744 785 4821 libidines
823 4759 941 4814 quas
980 4744 1275 4820 vincantur,
1323 4757 1429 4798 non
1476 4750 1657 4798 autem
1711 4758 1961 4817 magnum

356 4846 557 4903 esset,
591 4836 637 4892 si
684 4833 977 4908 defuissent
1015 4851 1029 4889 :
1075 4841 1222 4905 tanto
1250 4832 1477 4908 quisque
1523 4834 1627 4907 erit
1670 4834 1722 4888 iu
1771 4834 1965 4889 virtute

383 4927 714 4994 laudabilior,
736 4933 933 4997 quanto
948 4924 1110 5003 fuerit
1130 4924 1183 4978 in
1216 4938 1379 4994 carne
1394 4923 1748 4996 libidinosior.
1767 4925 1844 4979 Ac
1869 4939 1965 5003 per

380 5019 481 5074 hoc
524 5010 787 5090 Christus,
839 5017 1135 5091 secundum
1169 5015 1324 5085 istam
1372 5024 1602 5075 vestram
1655 5014 1963 5093 horribilem

381 5121 434 5168 et
463 5108 835 5187 detestabilem
868 5110 1203 5185 pravitatem,
1243 5106 1383 5180 sicut
1412 5106 1465 5161 in
1494 5107 1688 5163 virtute
1724 5108 1963 5181 omnium

381 5201 656 5257 hominum
675 5200 693 5231 ¹
728 5180 1022 5267 maximus,
1058 5198 1127 5253 ita
1157 5213 1278 5269 esse
1307 5196 1359 5252 in
1388 5211 1549 5252 carne
1588 5196 1963 5269 libidinosissi-

380 5310 498 5355 tnus
525 5292 732 5355 debuit.
761 5291 912 5365 Quod
932 5300 1126 5365 quanta
1154 5291 1415 5355 sentiatur
1443 5291 1733 5361 impietate,
1762 5291 1808 5345 si
1836 5305 1962 5345 sen-

378 5388 472 5454 tis,
492 5383 809 5442 sententiam
834 5390 1040 5453 mutare
1062 5397 1127 5449 ne
1153 5381 1366 5459 dilferas
1385 5399 1401 5449 ;
1418 5390 1472 5438 et
1492 5380 1741 5437 libidines
1760 5381 1964 5445 discer-

378 5570 491 5623 ειη»
511 5557 803 5612 adulatione.
831 5563 885 5608 At.
905 5567 1078 5608 omnes
1098 5563 1223 5615 uss,
1239 5553 1391 5620 gravi.
1413 5560 1467 5606 Bt
1483 5567 1547 5606 ex
1567 5554 1650 5623 his,
1663 5554 1819 5605 codex
1834 5561 1962 5616 star,

377 5619 785 5746 ﬁdte’lvignierius,
811 5678 1022 5732 omnium
1040 5676 1315 5740 maximus;
1338 5680 1531 5741 omisso,
1551 5677 1809 5740 frontium»,
1835 5678 1961 5741 quod

378 5756 446 5822 ηεξ
473 5753 573 5805 Mss.
602 5746 833 5818 addimus.
1760 5800 1773 5809 _
1811 5748 1816 5753 ”

1031 336 1274 394 OPElllS
1315 331 1720 406 IMPERFECTI
1757 325 2024 385 CONTRA
2064 327 2422 399 HJLIANUM,
2462 332 2519 390 S.
2561 331 2925 392 AUGUSTINI

2059 460 2187 501 nere
2215 461 2243 500 a
2296 449 2562 517 sensibus,
2603 466 2724 522 quae
2765 452 3067 508 sentiuntur
3104 452 3281 523 potius
3334 455 3387 511 in
3416 458 3635 528 quihus-

2054 553 2187 614 qne,
2241 556 2399 611 quam
2456 542 2743 599 sentiunt:
2794 560 2861 600 ne
2912 554 3060 600 tanto
3114 547 3339 618 quisque
3394 550 3636 609 videatur

2055 633 2245 685 sensu‘
2262 647 2383 687 esse
2407 634 2661 701 vivacior,
2692 645 2890 706 quanto
2907 636 3064 691 fuerit
3084 635 3303 695 libidine
3322 640 3635 711 ardentior;

2055 730 2109 776 et
2134 710 2279 776 tanto
2305 723 2551 799 Christus
2577 728 2776 781 arsisse
2815 727 3062 783 credatur
3086 729 3395 788 libidinibus
3417 710 3638 790 acriori;

2057 809 2174 874 bus,
2202 822 2400 881 quanto
2422 814 2595 885 viguit
2614 802 2917 888 purioribus
2946 819 3212 874 sensibus.

2128 902 2189 957 L.
2220 903 2336 959 Jus.
2366 904 2497 973 Qua:
2543 915 2814 981 postremo
2856 911 3027 978 palma
3050 912 3369 981 tolerantia,
3398 915 3444 970 si
3490 916 3642 974 dolor

2057 992 2334 1049 vulnerum
2376 996 2431 1051 et
2458 982 2772 1063 verberum',
2816 984 3108 1070 intercepto
3131 986 3321 1059 itinere
3345 984 3597 1062 sensuum
3622 1051 3637 1074 ,

2058 1085 2360 1156 pertingere
2385 1087 2453 1143 ad
2481 1090 2716 1145 animum
2759 1106 2862 1146 non
2888 1092 3135 1147 valebat?
3160 1096 3276 1161 Quo
3301 1111 3431 1167 ergo
3457 1099 3640 1167 profe-

2058 1175 2130 1230 c’it
2154 1176 2472 1246 Apollinaris
2500 1178 2777 1235 adulatio?
2807 1181 3062 1238 Videlicet
3089 1193 3147 1239 ut
3182 1186 3356 1240 omnis
3391 1187 3642 1246 virtutum

2060 1263 2396 1333 pulchritudo
2414 1309 2430 1333 ,
2461 1283 2616 1338 quam
2658 1270 2710 1324 in
2737 1285 2796 1326 se
2819 1269 3061 1327 Christus
3085 1286 3458 1345 expresserat,
3491 1279 3642 1336 inde-

2060 1356 2184 1412 bitis
2208 1367 2410 1414 natura:
2449 1360 2564 1431 ejus
2592 1362 2837 1418 laudibus
2866 1374 3085 1443 vacuata
3111 1365 3451 1425 llaecesceret
3472 1412 3487 1434 ,
3517 1387 3647 1428 cun-

2060 1454 2251 1528 ctoque
2271 1450 2505 1532 veritatis
2528 1465 2638 1507 sua:
2662 1453 2945 1537 splendore
2966 1455 3157 1535 nudata
3174 1472 3383 1535 sacrum
3401 1463 3649 1541 magiste-

2060 1538 2198 1592 rium
2226 1539 2530 1597 Mediatoris
2567 1542 2783 1620 offerret
2810 1545 3006 1602 irrisui.
3041 1548 3154 1604 Huc
3190 1551 3480 1607 accedebat
3503 1538 3646 1624 lquo-

2061 1628 2203 1682 niam
2239 1642 2345 1709 non
2395 1632 2566 1688 solum
2591 1648 2811 1713 operum
2855 1651 3074 1714 suorum
3103 1639 3357 1709 perdebat
3378 1644 3602 1717 insignia
3628 1689 3644 1714 ,

2061 1720 2363 1798 nativitate,
2401 1727 2524 1793 ‘n‘on
2583 1724 2778 1782 virtute
2818 1725 3059 1793 felicior;
3099 1729 3194 1784 sed
3233 1732 3393 1787 etiam
3450 1733 3647 1792 fraudis

2062 1809 2376 1866 criminibus
2404 1813 2709 1889 urgebatur,
2730 1815 2776 1870 si
2804 1816 3058 1873 indiceret
3082 1821 3415 1889 mortalibus,
3448 1824 3647 1880 Exten-

2061 1896 2250 1978 dimini
2276 1901 2343 1955 ad
2375 1903 2685 1971 patientiam
2704 1887 2943 1961 'hominis
2970 1907 3100 1963 nihil
3139 1887 3451 1978 sentientis,
3478 1921 3533 1968 et
3556 1931 3649 1969 ve-

2064 1992 2174 2047 nite
2212 2007 2310 2062 per
2334 2009 2487 2049 veras
2515 2009 2710 2069 cruces
2733 1997 2799 2052 ad
2829 1998 3048 2054 virtutes
3085 2002 3325 2070 corporis
3367 2002 3487 2059 falsi
3519 2006 3651 2062 nihil

2063 2080 2329 2151 dolentis;
2373 2086 2489 2154 vel,
2542 2076 2825 2144 imitamini
2871 2077 3199 2165 castitatem,
3246 2103 3394 2150 certa
3447 2102 3651 2154 natura:

2064 2184 2255 2230 vestrm
2303 2176 2631 2234 irritamenta
2683 2181 2994 2250 vincentes,
3043 2183 3181 2255 illius
3208 2199 3364 2255 quem
3405 2186 3651 2244 debilitas

2065 2256 2203 2320 fecit
2232 2268 2479 2347 pudicum
2529 2270 2716 2326 videri.
2774 2260 2951 2329 Certe.
2980 2274 3113 2329 nihil
3162 2277 3472 2347 profanius,
3519 2281 3649 2338 nihil

2064 2348 2344 2414 scelestius
2386 2346 2578 2415 talibus
2625 2351 2910 2434 excogitari
2971 2346 3289 2422 commentis
3336 2377 3532 2437 potest.
3587 2348 3651 2431 Et

2063 2446 2387 2516 Apollinaris
2424 2450 2600 2525 omnia
2647 2450 2745 2524 ista
2776 2466 2881 2507 non
2907 2452 3154 2522 dixerat:
3183 2470 3277 2525 per
3315 2457 3445 2519 illud
3491 2474 3650 2514 unum

2065 2534 2207 2607 quod
2246 2539 2613 2607 pronuntiarat
2635 2582 2651 2607 ,
2680 2527 2882 2614 homini
2905 2540 3122 2599 Christo
3147 2529 3383 2603 defuisse
3404 2562 3502 2603 eos
3528 2565 3651 2606 sen-

2063 2640 2176 2693 sus,
2199 2628 2290 2699 qui
2319 2644 2349 2683 a
2375 2622 2560 2685 natura
2588 2630 2738 2687 inditi
2763 2673 2778 2698 ,
2809 2647 2917 2688 non
2942 2622 3041 2690 usu
3057 2675 3073 2700 ,
3099 2634 3202 2691 sed
3228 2651 3453 2693 excessu
3480 2638 3547 2695 ad
3571 2625 3652 2709 vi}

2062 2716 2137 2773 tia
2160 2716 2432 2786 labuntur;
2455 2718 2574 2777 haec
2597 2721 2775 2778 omnia
2799 2734 2918 2794 quae
2945 2738 2976 2778 a
3004 2714 3483 2783 Catholicis‘relata
3502 2722 3648 2799 sunt,

2062 2798 2372 2879 prtejudicio
2388 2809 2653 2881 opinionis
2672 2826 2784 2869 sua
2799 2819 2977 2869 mutus
2996 2816 3223 2887 excepit.
3243 2816 3442 2872 llorum
3458 2798 3652 2889 qui

2062 2905 2378 2955 cunctorum
2419 2900 2774 2960 afﬁrmatione
2823 2906 3151 2963 construitur
3193 2907 3451 2965 catholica
3484 2908 3649 2977 lides',

2064 2984 2291 3064 queram
2316 2981 2598 3066 negatione
2620 2996 2705 3053 vel
2728 2997 3106 3055 consecutione
3133 2997 3459 3069 Apollinaris
3483 3001 3652 3058 barre-

2063 3082 2142 3140 sls
2189 3082 2463 3157 compacta
2511 3094 2595 3143 est
2640 3094 2799 3159 atque
2839 3088 3109 3144 damnata.
3151 3089 3233 3145 Tu
3260 3090 3420 3163 igitur
3446 3091 3654 3163 eonjice

2064 3172 2193 3244 quid
2217 3174 2284 3231 de
2310 3183 2361 3230 te
2385 3175 2576 3233 debeat
2589 3168 2837 3249 iudicari,
2854 3178 2946 3250 qui
2964 3180 3395 3236 commixtionem
3425 3195 3650 3239 sexuum

2064 3261 2308 3335 damnas,
2329 3273 2387 3321 ut
2405 3264 2744 3333 Manicbmus;
2765 3260 3011 3340 naturam
3035 3272 3210 3326 carnis
3231 3269 3430 3348 Christi
3448 3285 3480 3325 a
3503 3285 3653 3328 eom-

2065 3353 2319 3445 munione
2340 3355 2613 3445 hominum
2639 3366 2966 3445 sequestres,
2984 3359 3275 3415 secundum
3304 3360 3645 3426 Manichacus;

2065 3436 2551 3515 concupiscentiam
2575 3436 2752 3501 carnis
2770 3462 3010 3532 accusas,
3030 3447 3183 3518 juxta
3214 3451 3556 3529 praeceptoris
3576 3449 3650 3505 tui

2065 3534 2205 3590 dicta
2235 3535 2547 3603 Manichaei;
2575 3536 2709 3593 dicis
2740 3538 3223 3609 concupiscentiam
3275 3554 3528 3595 sensuum
3549 3543 3571 3574 ³
3595 3542 3649 3597 in

2064 3624 2263 3682 Christi
2280 3641 2504 3698 corpore
2523 3642 2627 3682 non
2652 3627 2817 3684 fuisse
2836 3669 2852 3694 ,
2882 3629 2966 3684 vel
2991 3629 3281 3685 secundum
3305 3615 3646 3698 Manichaeos,

2065 3716 2151 3793 vel
2195 3717 2485 3773 secundum
2523 3717 2971 3789 Apollinaristas:
3003 3728 3057 3775 et
3104 3727 3278 3775 tamen
3313 3723 3392 3775 vis
3425 3736 3458 3775 a
3499 3722 3650 3797 nobis

2067 3820 2167 3883 nec
2191 3806 2567 3876 Apollinarista
2591 3849 2606 3874 ,
2634 3823 2733 3864 nec
2756 3808 3074 3865 Manichacus
3102 3811 3299 3866 vocari.
3336 3809 3646 3881 Quanquam

2066 3894 2138 3950 do
2165 3910 2386 3963 manus,
2411 3906 2710 3968 prmstoque
2735 3897 3074 3964 beneﬁcium;
3104 3913 3203 3954 nec
3233 3915 3330 3954 nos
3356 3900 3653 3955 liberalita-

2066 3985 2136 4041 tis
2165 3987 2422 4055 panitet;
2447 4002 2543 4058 per
2561 4003 2647 4043 me
2671 3997 2729 4042 ut
2746 3989 3071 4059 Apollinaris
3095 3999 3331 4046 sectator
3348 3999 3454 4046 non
3471 3992 3650 4047 videa-

2066 4079 2143 4159 ris
2163 4077 2371 4159 licebit:
2393 4080 2612 4134 minoris
2637 4080 2830 4150 quippe
2853 4090 2935 4137 est
2959 4080 3049 4137 ille
3070 4083 3351 4153 impietatis
3372 4084 3645 4142 inventor:

2067 4188 2164 4250 per
2200 4182 2254 4230 te
2288 4184 2473 4258 autem
2501 4190 2606 4231 non
2632 4175 2756 4232 licet
2797 4183 2858 4232 ut
2883 4177 3089 4233 voceris
3125 4176 3267 4233 aliud
3296 4194 3452 4250 quam
3485 4178 3652 4234 lani-

2066 4265 2267 4339 chaeus.
2358 4254 2366 4258 Ἰ
2471 4254 2474 4260 λ
2672 4259 2676 4262 ⁴

2138 4356 2274 4412 Anc.
2301 4355 2411 4412 Nec
2450 4357 2825 4436 Apollinarista
2849 4400 2863 4425 ,
2895 4373 2997 4416 nec
3033 4360 3354 4416 Manichmus
3388 4360 3490 4416 fuit
3511 4402 3527 4425 ,
3555 4362 3648 4417 sed

2068 4444 2441 4502 haereticorum
2485 4457 2815 4527 expugnator
2858 4449 3170 4530 Ambrosius
3192 4492 3208 4514 ,
3239 4452 3328 4521 qui
3376 4465 3474 4520 per
3507 4460 3649 4506 tuam

2068 4545 2369 4608 susceptam
2398 4538 2648 4608 quidquid
2688 4523 2960 4595 hominum
2990 4523 3300 4595 nasceretur
3324 4540 3348 4573 ³
3368 4581 3385 4607 ,
3417 4541 3535 4596 sine
3558 4541 3651 4595 de-

2068 4615 2194 4683 licto
2222 4613 2361 4685 dixit.
2379 4644 2498 4685 esse
2529 4645 2633 4685 non
2660 4645 2817 4700 posse
2841 4611 2859 4693 ξ
2882 4614 3178 4701 apostolum
3226 4631 3448 4686 Paulum
3472 4672 3487 4697 ,
3515 4633 3654 4686 sicut

2068 4719 2332 4797 oportuit,
2359 4727 2413 4774 et
2441 4719 2736 4790 intelligens
2758 4715 2830 4797 et
2867 4720 3161 4790 exponens.
3184 4720 3262 4774 Tu
3292 4730 3472 4775 autem
3505 4729 3654 4775 tanto

2068 4794 2236 4880 magis
2259 4797 2486 4879 adjuvas
2518 4794 2866 4874 Maniehmos,
2896 4808 3043 4879 quod
3077 4809 3375 4878 saepissime
3402 4809 3610 4864 ostendi
3631 4851 3648 4876 ,

2068 4909 2267 4972 quanto
2284 4901 2452 4971 magis
2475 4901 2542 4956 ab
2558 4902 2637 4956 eis
2659 4912 2712 4957 te
2728 4915 2847 4956 esse
2868 4886 3139 4956 arbitraris
3166 4901 3398 4956 alienum
3425 4918 3441 4955 :
3469 4914 3528 4956 es
3552 4916 3652 4955 au-

2071 5001 2176 5049 tem
2207 5008 2375 5048 novus
2415 4992 2698 5048 haereticus
2720 4993 3067 5063 Pelagianus,
3095 4994 3150 5047 in
3182 4993 3536 5062 disputatione
3566 4992 3655 5065 lo.

2068 5068 2457 5154 quacissimus,
2507 5083 2564 5138 in
2610 5083 2949 5138 contentione
2995 5078 3545 5147 calumniosissimus,
3598 5082 3655 5137 in

2070 5175 2399 5254 proIeSsione
2446 5173 2836 5255 fallacissimus.
2881 5172 3019 5229 Nihil
3048 5174 3189 5257 enim
3234 5171 3377 5244 (μιοὰ
3396 5172 3658 5257 dieasin-

2134 5413 2149 5475 ξ
2184 5412 2284 5475 Hic,
2309 5423 2467 5469 sensu,
2491 5409 2679 5473 additur
2701 5411 3114 5475 auctoritatem.

2133 5474 2155 5505 ²
2187 5472 2344 5521 Codex
2363 5479 2510 5530 Port.,
2533 5484 2753 5522 sexuum

2134 5534 2156 5566 ³
2189 5535 2396 5583 verbum
2421 5571 2435 5593 ,
2477 5540 2784 5589 nasceretur,
2825 5533 3092 5585 addidimus
3140 5545 3203 5582 ex
3251 5531 3346 5582 ωε
3399 5538 3481 5581 Ms
3525 5538 3658 5582 Fort.

2070 5595 2278 5662 ﬁespieit
2299 5596 2593 5657 Augustinus
2612 5595 2674 5645 ad
2691 5597 2939 5662 _Anibros_ii
2957 5594 3116 5647 locutu
3138 5596 3336 5662 citatum
3356 5594 3658 5662 infringe-iw.

2071 5607 2278 5704 κεειζιὲιι
2299 5607 2593 5657 Αυεςιιδιωιιε
2612 5607 2674 5645 au
2707 5607 2939 5647 Itntbrosu
2957 5607 3116 5647 locum
3138 5607 3336 5666 cttattun
3356 5607 3500 5665 intra.
3510 5607 3656 5703 ειμι».

2068 5656 2205 5767 ἓῖὶνῶ
2235 5669 2466 5767 ,οῗῗὲψὲ
2496 5669 2660 5767 iurgi.
2674 5656 2738 5707 de
2761 5659 2942 5721 Nuptiis
2974 5665 3026 5709 et
3046 5664 3460 5719 concujisceuua,
3486 5653 3573 5703 tm.
3622 5688 3656 5737 _,

2069 5730 2118 5765 η.
2146 5728 2221 5778 ω,
2250 5728 2298 5767 ct
2319 5728 2399 5767 nn.
2426 5728 2472 5779 τε,
2496 5732 2543 5767 n.
2578 5728 2647 5767 ID.
3650 5728 3661 5743 π
