3934 6178
216 338 328 396 1369

211 456 421 513 veniens,
447 445 618 503 inania
647 443 808 498 multa
828 439 962 495 dicis
981 480 994 501 ,
1029 435 1214 492 falsum
1242 431 1444 488 crimcn
1470 427 1756 488 Catholicis

207 544 412 614 objiciis,
434 537 745 594 catholicum
779 542 829 587 te
859 546 978 586 esse
1002 526 1263 583 mentiris.

270 609 342 690 LI.
365 633 476 686 ιω..
503 625 720 684 Ostendi
745 622 956 692 quidem
984 620 1036 672 in
1066 617 1220 673 tertio
1250 613 1428 669 libello
1456 609 1759 680 primiope-

208 729 270 786 ris
296 722 430 785 mei,
457 715 851 776 irrefutabiliter
877 723 1096 766 neceSSe
1135 722 1254 762 esse
1281 705 1382 759 dici
1417 703 1576 756 etiam
1602 698 1759 753 Chri-

207 828 327 872 stum
357 820 551 866 reatum
593 807 660 861 de
684 805 861 859 Mariae
903 816 1063 856 carne
1093 799 1317 854 traxisse
1342 837 1356 859 ,
1383 796 1427 850 si
1455 791 1764 849 crederetur

208 903 420 960 naturale
444 906 752 968 peccatum;
775 906 1003 959 eumque
1023 905 1051 943 a
1078 897 1128 943 te
1151 887 1250 941 sub
1279 891 1540 955 potestate
1568 878 1763 936 diaboli

207 990 428 1048 collocari
452 1031 466 1053 ,
497 989 584 1057 qui
609 987 902 1041 aflirmares
927 983 994 1036 ad
1011 982 1099 1050 jus
1122 978 1316 1036 diaboli
1345 975 1617 1035 hominum
1649 971 1767 1024 uni-

207 1096 390 1136 versam
421 1079 690 1147 pertinere
717 1069 1090 1128 substantiam.

264 1176 385 1227 Aac.
415 1169 570 1237 Quod
601 1168 653 1220 in
685 1165 844 1220 tertio
871 1175 959 1216 tuo
978 1162 1114 1216 libro
1143 1169 1193 1215 te
1218 1158 1516 1214 ostendisse
1533 1168 1768 1210 comme-

205 1279 380 1328 moras,
408 1261 597 1330 quinto
626 1274 746 1312 meo
773 1266 824 1312 te
850 1269 958 1310 non
979 1252 1276 1307 ostendisse
1307 1249 1530 1306 convici.

263 1353 359 1406 ιιι.
389 1351 511 1406 Jun.
548 1349 615 1404 Et
642 1347 762 1408 ideo
803 1347 904 1401 hoc
948 1345 1001 1398 in
1029 1341 1430 1414 praesentiarum
1461 1337 1645 1392 relicto
1665 1377 1680 1401 ,
1707 1335 1771 1390 il-

205 1445 279 1500 Iud
297 1443 524 1512 efflagito
543 1483 559 1509 ,
594 1441 679 1496 ubi
703 1449 758 1494 tu
780 1436 973 1510 legeris
993 1433 1260 1491 Christum
1287 1430 1588 1490 eunuchum
1609 1427 1772 1482 fuisse

205 1534 515 1588 naturaliter.

193 1646 199 1676 ι
264 1624 388 1679 Auc.
415 1622 497 1676 Tu
520 1621 663 1686 enim
694 1621 780 1676 ubi
807 1634 892 1674 me
919 1619 1022 1673 hoc
1048 1615 1246 1674 dixisse
1280 1611 1489 1683 legisti,
1524 1610 1622 1665 nisi
1649 1609 1772 1678 quia

205 1713 561 1778 calumniaris,
601 1721 659 1766 ut
698 1711 882 1766 soles?
907 1708 1062 1764 Aliud
1111 1715 1195 1762 est
1247 1703 1566 1774 possibilitas
1605 1700 1773 1756 semi-

208 1803 483 1864 nandorum
516 1803 744 1858 filiorum
771 1843 786 1868 ,
808 1815 967 1870 quam
1005 1797 1204 1853 Christi
1233 1795 1376 1851 carni
1407 1791 1639 1847 defuisse
1667 1805 1774 1844 non

206 1893 434 1957 dicimus,
464 1893 602 1948 sicut
625 1893 814 1950 deesse
837 1891 983 1944 carni
1015 1887 1260 1943 novimus
1285 1885 1650 1940 cunuchorum
1681 1898 1695 1934 :
1723 1889 1776 1934 et

205 1983 330 2038 aliud
355 1992 438 2037 est
463 1983 726 2051 cupiditas
757 1982 1025 2045 vitiorum,
1055 1993 1214 2048 quam
1256 1986 1308 2030 tu
1341 1973 1662 2044 persuadere
1682 1985 1776 2024 co-

202 2075 334 2127 naris
361 2073 616 2128 habuisse
646 2072 918 2126 Christum
939 2111 955 2132 .
1001 2079 1055 2124 et
1089 2068 1259 2136 jactas
1307 2075 1358 2119 te
1383 2077 1502 2118 esse
1527 2059 1778 2116 christia-

189 2179 343 2229 num;
375 2165 514 2233 quia
540 2163 812 2226 videlicet,
845 2163 984 2214 sicut
1013 2159 1168 2228 paulo
1193 2165 1316 2208 ante
1341 2153 1540 2215 dixisti,
1574 2170 1592 2202 ι
1625 2151 1781 2204 Chri-

186 2263 292 2314 stus
339 2254 521 2308 etiam
568 2251 770 2305 fraudis
808 2248 1118 2304 criminibus
1163 2251 1466 2314 urgeretur,
1497 2242 1544 2296 si
1583 2239 1784 2294 diceret

190 2344 545 2408 mortalibus,
583 2340 940 2397 Extendimini
967 2338 1033 2392 ad
1058 2336 1363 2407 patientiam
1390 2333 1628 2387 hominis
1651 2329 1783 2384 nihil

194 2434 466 2491 sentientis
505 2450 518 2486 :
558 2451 578 2484 ι
609 2432 760 2502 quasi
789 2437 1076 2500 sequatur,
1109 2436 1165 2481 ιιι
1190 2441 1293 2480 non
1333 2423 1530 2479 sentiat
1556 2421 1785 2475 inflictos

201 2526 401 2580 dolores
421 2563 436 2589 ,
479 2522 580 2592 qui
603 2521 717 2576 vult
737 2529 793 2575 et
821 2527 998 2590 potest
1021 2531 1130 2572 non
1164 2516 1361 2571 habere
1387 2513 1553 2568 malas
1583 2509 1785 2580 cupidi-

212 2625 380 2672 tates:
417 2614 505 2670 vel
547 2613 594 2668 si
634 2613 870 2679 diceret,
904 2619 962 2666 ut
998 2619 1085 2665 tua
1114 2608 1274 2664 verba
1304 2607 1419 2676 ipse
1460 2603 1739 2675 componis
1764 2645 1782 2671 ,

219 2726 235 2758 ι
262 2704 539 2761 lmitamini
578 2703 876 2759 castitatem
900 2742 916 2768 ,
951 2708 1096 2757 certa
1124 2708 1330 2756 naturae
1373 2707 1562 2753 vestra:
1607 2697 1785 2754 irrita-

216 2807 379 2853 menta
399 2797 672 2850 vincentes
695 2834 711 2860 ,
743 2793 883 2848 illius
919 2805 1080 2862 quem
1108 2789 1355 2849 debilitas
1390 2787 1514 2843 fecit
1540 2785 1784 2860 pudicum

216 2889 387 2945 videri.
422 2908 443 2942 ι
471 2888 566 2944 Sic
607 2887 749 2944 enim
786 2899 846 2941 es
891 2892 1097 2940 amator
1142 2882 1383 2952 egregius
1411 2882 1700 2944 castitatis,
1729 2884 1789 2933 ut

217 2979 297 3035 tibi
319 2979 521 3038 castiOr
535 2976 796 3044 videatur,
817 2977 908 3048 qui
927 2974 1242 3032 concubitus
1268 2973 1484 3028 illicitos
1507 2970 1674 3041 cupit,
1691 2968 1790 3025 sed

215 3079 265 3125 ut
302 3085 401 3126 non
444 3076 720 3140 pcrpetret
746 3109 762 3135 ,
791 3082 905 3126 sum
949 3065 1226 3137 cupiditati
1264 3065 1490 3128 resistit;
1517 3076 1674 3131 quam
1700 3061 1790 3130 qui

216 3162 324 3226 talia
349 3162 484 3217 mala
523 3147 621 3217 nec
645 3159 835 3218 saltem
857 3159 1022 3227 cupit,
1054 3171 1160 3216 non
1191 3170 1286 3225 per
1313 3153 1790 3224 impossibilitatem

212 3254 391 3321 carnis,
421 3252 528 3312 sed
551 3267 644 3322 per,
662 3250 1022 3314 summitatem
1047 3246 1535 3318 perfectionemque
1546 3243 1752 3298 virtutis
1776 3259 1790 3297 :

216 3344 311 3414 imo
353 3345 440 3411 ille
464 3347 551 3404 sit
574 3352 752 3401 castus
774 3383 789 3407 ,
821 3342 921 3396 iste
967 3348 1146 3398 autem
1192 3337 1412 3393 omnino
1441 3351 1538 3390 nec
1563 3335 1671 3401 sit,
1700 3333 1794 3388 sed

215 3449 320 3496 csse
346 3432 725 3488 tantummodo
769 3430 1042 3495 videatur;
1079 3428 1352 3499 quoniam,
1394 3425 1685 3482 secundum
1718 3435 1792 3490 te,

216 3525 253 3578 si
277 3534 445 3580 castus
486 3532 684 3588 esset,
714 3522 853 3578 mala
884 3523 981 3576 ista
1022 3528 1242 3589 cuperet
1281 3533 1377 3588 per
1400 3527 1672 3583 naturam,
1699 3516 1795 3575 sed

216 3618 437 3682 eamdem
477 3616 790 3673 naturalem
828 3613 1169 3683 cupiditatem
1198 3612 1394 3675 virtute
1435 3609 1597 3663 animi
1641 3622 1797 3664 coer-

217 3719 362 3763 ceret.
394 3710 462 3763 lta
495 3707 603 3771 lit,
631 3715 690 3762 ut
716 3715 768 3762 te
794 3705 881 3760 illa
911 3702 1213 3767 horribilis,
1242 3701 1378 3754 sicut
1409 3699 1520 3768 jam
1551 3699 1798 3767 superius

218 3797 447 3866 ostendi,
500 3804 766 3865 sequatur
808 3791 1110 3851 absttrditas
1133 3831 1148 3857 ,
1179 3797 1327 3843 tanto
1373 3803 1492 3842 esse
1535 3801 1799 3856 quemque

219 3887 470 3948 voluntate
494 3886 814 3947 castiorem,
843 3891 1041 3953 quanto
1079 3885 1333 3950 majorem
1361 3887 1564 3932 natura:
1600 3891 1710 3931 sua:
1731 3876 1798 3932 li-

220 3977 435 4035 bidinem
482 3979 710 4044 vicerit,
762 3990 862 4041 nec
907 3975 959 4029 in
988 3973 1195 4041 aliquos
1232 3983 1488 4043 excessus
1541 3967 1797 4037 luxuriae,

221 4070 494 4137 quamlibet
550 4069 636 4122 illa
680 4081 868 4136 magna
908 4065 1006 4130 sit,
1035 4063 1183 4130 exire
1220 4060 1521 4131 permiserit
1550 4077 1564 4114 :
1593 4059 1680 4129 qui
1707 4074 1804 4113 att-

225 4167 317 4224 tctn
357 4162 629 4231 minorem
676 4157 994 4227 flagitiorum
1035 4153 1307 4208 libidinem
1355 4151 1598 4222 cohibet,
1627 4149 1802 4208 minus

224 4266 330 4308 esse
348 4264 588 4315 castum;
613 4249 862 4320 quoniam
885 4263 1042 4318 quem
1070 4262 1174 4300 non
1203 4245 1330 4309 libet
1359 4243 1497 4313 quod
1520 4258 1624 4297 non
1656 4241 1800 4304 licet,

225 4344 501 4411 secundum
559 4350 700 4407 lnam
747 4338 1096 4412 sapientiam,
1126 4335 1207 4391 vel
1250 4335 1422 4404 potius
1469 4332 1754 4386 amentiam
1784 4370 1798 4394 ,

225 4435 428 4487 omnino
457 4447 568 4489 nec
610 4439 788 4486 castus
816 4437 916 4484 est.
948 4429 1085 4482 Ecce
1111 4425 1250 4495 quod
1276 4423 1488 4482 Christo
1515 4423 1804 4487 importare

226 4528 422 4586 conaris
469 4528 660 4590 insane
685 4565 700 4589 ,
731 4531 788 4586 ut
811 4529 996 4588 mtttra
1023 4520 1200 4583 luerit
1223 4517 1458 4584 omnium
1485 4513 1806 4581 libidinosis-

226 4618 422 4684 simus,
475 4620 604 4688 quia
653 4618 722 4670 ita
768 4622 948 4684 posset
992 4611 1283 4674 voluntatis
1330 4611 1523 4671 virtute
1565 4607 1803 4670 omnium

227 4723 349 4771 esse,
368 4709 723 4764 castissimus.
767 4705 938 4772 Tanto
967 4704 1164 4773 quippe
1189 4702 1240 4754 in
1267 4715 1354 4764 eo,
1383 4699 1518 4758 sicut
1544 4698 1802 4766 diSputas,

226 4801 564 4864 continentia:
605 4799 822 4870 spiritus
872 4797 1041 4865 major
1078 4801 1224 4849 esset
1251 4793 1304 4860 ³,
1326 4799 1521 4860 quanto
1551 4789 1807 4859 majorem

188 4893 396 4946 .carnis
441 4888 931 4960 concupiscentiam
976 4892 1266 4949 coerceret.
1314 4882 1394 4936 Ad
1435 4883 1574 4935 hunc
1635 4889 1686 4944 te
1729 4879 1809 4932 in-

229 4985 434 5040 teritum
461 4993 548 5038 tua
575 4990 819 5050 suscepta
847 4979 1068 5043 nimium
1091 4977 1280 5038 dilecta
1315 4973 1578 5045 perduxit.

299 5073 431 5128 Llll.
460 5074 582 5128 Jun.
605 5073 705 5140 Qui
730 5071 828 5126 etsi
855 5077 1072 5140 propter
1099 5067 1313 5138 signum
1336 5074 1492 5118 natus
1519 5079 1582 5118 ex
1605 5060 1810 5132 virgine

230 5174 339 5228 est,
388 5175 442 5219 et
484 5176 660 5226 tamen
699 5163 769 5227 ita
797 5169 1074 5216 aversatus
1100 5174 1204 5220 non
1243 5166 1324 5212 est
1354 5171 1537 5210 sexum
1564 5154 1765 5207 virilem
1791 5193 1807 5218 ,

231 5263 287 5308 ιιι
327 5255 445 5326 ejus
494 5255 788 5323 susciperet
816 5252 1090 5308 veritatem
1115 5291 1131 5315 ,
1166 5249 1368 5317 integer
1395 5262 1488 5316 per
1526 5245 1701 5300 omnia
1731 5243 1810 5300 vi-

231 5359 458 5411 scerum,
479 5347 684 5416 integer
711 5343 984 5413 corporis,
1013 5341 1172 5396 homo
1203 5355 1382 5404 verus,
1409 5339 1491 5392 vir
1520 5336 1807 5408 perfectus.

233 5439 274 5493 si
304 5439 463 5494 Petro
493 5439 729 5508 apostolo
756 5437 992 5492 creditur
1030 5436 1081 5489 in
1115 5435 1332 5496 Actibus
1366 5430 1644 5488 disserenti
1677 5429 1809 5500 (Art.

234 5544 267 5585 tt
290 5571 305 5594 ,
335 5530 426 5594 2‘2,
457 5531 550 5598 53)
571 5548 586 5594 ;
611 5531 805 5585 intacta
831 5529 1077 5582 castitate
1103 5526 1451 5595 conspicuus,
1483 5532 1536 5580 et
1578 5523 1812 5576 animum

236 5631 286 5674 et
310 5623 497 5676 oculos
529 5636 790 5692 nunquam
827 5619 1050 5678 remisso
1077 5616 1254 5672 cordis
1279 5618 1455 5688 vigore
1477 5613 1810 5672 custodiens:

297 5753 313 5804 Ψ
439 5760 551 5805 Mss.
573 5754 688 5804 Editi
709 5762 834 5810 vero,
862 5748 1039 5815 species
1063 5748 1216 5811 major
1240 5757 1324 5805 est.

1520 307 1721 368 ιιιιειι
1761 306 2104 376 QUARTUS.

2662 236 2707 249 "“
2740 236 2802 244 ⁶⁴”⁹
2840 245 2883 253 ~—

3319 310 3457 367 ιδτο
3529 303 3532 305 λ

1870 425 1964 480 sed
1988 425 2131 497 quod
2161 424 2263 480 hoc
2291 433 2459 480 totum
2491 425 2683 482 virtute
2705 425 2902 482 mentis
2921 467 2936 492 ,
2969 439 3074 480 non
3101 426 3276 480 carnis
3303 427 3454 478 iutir-

1867 516 2051 571 mitate
2081 516 2394 586 perfecerit,
2426 517 2910 586 concupiscentiam
2937 517 3112 572 carnis
3142 517 3302 570 totius
3330 531 3457 570 cor-

1869 608 2014 678 poris
2047 609 2340 662 immixtam
2383 610 2662 676 sensibus,
2691 617 2745 663 et
2770 611 3046 664 veritatem
3077 624 3140 664 ac
3177 610 3457 666 sanitatem

1868 699 2337 769 conditionemquc
2376 701 2739 755 membrorum
2782 700 2942 753 fuisse
2965 700 3127 766 ineo,
3155 709 3210 754 et
3235 714 3457 754 somnus

1869 789 1987 859 ejus
2008 830 2026 857 ,
2047 799 2102 844 et
2125 791 2274 846 cibus
2300 833 2314 855 ,
2346 801 2401 846 et
2430 791 2590 845 barba
2609 831 2626 858 ,
2655 802 2720 864 ‘et
2745 791 2928 857 sudor,
2957 801 3010 846 et
3037 791 3208 856 labor,
3245 799 3298 844 et
3327 805 3460 844 crux

1871 888 2116 944 testatur,
2162 890 2216 934 et
2259 881 2464 935 lancea.
2493 879 2608 934 Non
2652 896 2781 949 ergo
2829 895 3020 935 sensus
3067 880 3308 950 corporis
3353 895 3460 934 non

1870 969 2056 1025 habuit
2077 970 2193 1035 ille,
2222 970 2316 1025 sed
2363 970 2517 1024 rexit.
2551 970 2662 1024 lloc
2707 979 2791 1024 est
2822 971 2962 1026 unde
2996 970 3289 1036 Gentibus,
3320 969 3460 1024 unde

1870 1063 2176 1118 Maniclttcis
2212 1064 2430 1117 insultat
2458 1063 2854 1120 Catltolicorum
2885 1062 3015 1120 fides
3039 1103 3055 1128 ,
3084 1063 3206 1132 quia
3239 1061 3460 1118 verbum

1873 1165 1931 1210 ut
1975 1155 2149 1210 crucis
2183 1196 2199 1222 ,
2229 1157 2298 1209 ita
2325 1155 2499 1209 carnis
2527 1154 2643 1223 ejus
2667 1196 2683 1218 ,
2713 1154 3054 1223 pereuntibus
3083 1153 3305 1208 stultitia
3341 1162 3460 1218 est,

1874 1245 2034 1300 salvis
2054 1254 2232 1300 autem
2254 1243 2446 1300 futuris
2473 1245 2641 1298 virtus
2668 1244 2782 1298 Dei.
2811 1244 2923 1300 Hoc
2951 1255 3031 1299 est
3057 1261 3163 1314 quo
3188 1259 3464 1299 commen-

1875 1336 2017 1392 davit
2047 1337 2359 1394 charitatem
2392 1337 2406 1368 ί
2434 1352 2586 1392 suam
2631 1335 2684 1390 in
2721 1335 2904 1400 nobis;
2936 1336 3186 1404 quoniam
3232 1351 3350 1404 quae
3381 1335 3462 1388 la—

1875 1435 2022 1482 cerat
2043 1427 2284 1495 impietas
2327 1426 2633 1489 Manichmi,
2666 1441 2729 1480 ea
2755 1426 2930 1480 omnia
2966 1426 3133 1494 pietas
3159 1424 3466 1480 Mediatoris

1877 1520 2181 1588 assumpsit.
2219 1517 2360 1572 Nihil
2404 1532 2530 1587 ergo
2559 1532 2646 1571 me
2685 1516 2847 1587 pudet
2875 1517 2928 1570 in
2961 1516 3188 1572 Domino
3219 1531 3377 1569 meo:
3411 1515 3465 1569 in

1877 1626 1995 1680 qua:
2044 1618 2258 1679 propter
2307 1609 2531 1663 salutem
2568 1623 2740 1663 meam
2775 1610 2952 1674 venit,
2983 1618 3138 1664 teneo
3186 1609 3465 1663 veritatem

1877 1702 2278 1768 membrorum,
2317 1711 2371 1756 ut
2399 1701 2630 1771 exempli
2656 1701 2772 1771 ejus
2813 1701 3136 1756 soliditatem
3181 1715 3468 1770 arcemque

1877 1796 2183 1865 suscipiam.
2630 1847 2636 1853 ,

1949 1887 2083 1948 Auc.
2113 1886 2268 1941 Aliud
2295 1895 2378 1942 est
2398 1887 2592 1941 veritas
2621 1886 3003 1950 membrorum,
3032 1901 3190 1954 quam
3216 1885 3465 1940 christia-

1881 1994 1983 2032 nus
2009 1979 2183 2032 omnis
2210 1979 2452 2046 agnoscit
2478 1977 2531 2030 in
2561 1976 2773 2031 Christo
2790 1978 2810 2007 ¹
2846 1994 2860 2030 :
2884 1976 3028 2030 aliud
3055 1976 3318 2044 cupiditas
3345 1989 3473 2043 pec-

1881 2080 2120 2125 Colorum
2141 2109 2156 2134 ,
2189 2085 2346 2138 quam
2388 2077 2443 2122 tu
2474 2068 2761 2137 importare
2789 2068 2870 2122 vis
2897 2068 3131 2122 Christo.
3165 2067 3306 2122 Dicis
3328 2067 3471 2120 enim

1871 2147 2376 2229 concupiscentiam
2400 2161 2608 2225 carnis,
2641 2159 2744 2214 hoc
2780 2167 2864 2214 est
2891 2159 3188 2226 libidinem,
3214 2174 3372 2228 quam
3407 2158 3474 2211 li-

1885 2252 2098 2308 bentius
2151 2267 2310 2307 vocas
2360 2251 2842 2320 concupiscentiam
2887 2249 3220 2316 naturalem,
3276 2249 3475 2302 bonum

1886 2358 2039 2407 esse;
2080 2351 2134 2397 et
2171 2342 2248 2397 sic
2273 2343 2451 2411 arguis
2476 2342 2592 2410 ejus
2636 2355 2914 2396 excessum
2940 2379 2956 2406 ,
2989 2348 3049 2395 ut
3088 2340 3330 2410 quisquis
3355 2354 3474 2394 eam

1885 2447 2175 2489 concessos
2217 2432 2353 2487 fines
2409 2430 2706 2502 transgredi
2754 2431 2978 2495 siverit,
3033 2439 3284 2499 tanquam
3337 2429 3477 2483 male

1887 2535 2044 2580 utens
2070 2524 2233 2586 bono,
2259 2523 2472 2594 culpam
2509 2520 2832 2586 contrahat;
2863 2520 3104 2590 quisquis
3120 2529 3300 2575 autem
3329 2519 3476 2574 illam

1889 2631 2058 2687 usque
2095 2613 2162 2669 ad
2197 2613 2340 2668 licita
2378 2621 2432 2669 et
2460 2627 2717 2688 concessa
2759 2611 3004 2682 ingredi,
3035 2627 3134 2667 nec
3176 2611 3312 2666 ultra
3354 2626 3479 2681 per-

1887 2708 2096 2762 miserit
2120 2706 2141 2738 ⁸
2169 2705 2448 2776 progredi,
2484 2713 2737 2774 tanquam
2773 2704 2916 2760 bono
2953 2693 3103 2759 bene
3129 2711 3284 2758 utens
3325 2701 3480 2757 laude

1888 2800 1960 2855 sit
2003 2799 2214 2870 dignus.
2258 2796 2489 2853 Proinde
2532 2797 2780 2866 quoniam
2817 2795 3063 2850 videmus
3088 2795 3221 2849 alios
3267 2794 3336 2849 ita
3361 2807 3483 2849 esse

1891 2900 2070 2957 natos,
2096 2900 2156 2945 ut
2179 2889 2382 2960 majore
2407 2889 2628 2944 libidine
2653 2895 2961 2957 urgeantur,
2993 2887 3130 2941 alios
3153 2894 3210 2939 nt
3234 2885 3441 2940 minore
3462 2925 3479 2951 ,

1891 2983 1938 3038 si
1967 2982 2017 3037 ei
2039 2980 2346 3036 resistentes
2374 2978 2582 3048 utrique
2605 2977 2713 3034 sint
2739 2975 2904 3043 casti,
2929 2974 3137 3044 cogeris
3157 2974 3336 3030 dicere
3365 2973 3484 3029 illos

1894 3070 2097 3139 majore
2120 3110 2135 3133 ,
2163 3069 2298 3123 istos
2326 3068 2532 3122 minore
2559 3066 2702 3122 bono
2732 3063 2869 3120 bene
2913 3064 3009 3118 uti.
3051 3063 3168 3122 Erit
3205 3063 3364 3132 igitur
3383 3103 3399 3129 ,
3429 3069 3484 3118 te

1895 3159 2136 3220 doctore.
2160 3159 2300 3212 bono
2321 3157 2424 3211 isto
2446 3164 2536 3210 tuo
2563 3155 2788 3224 quisque
2808 3162 2954 3208 tanto
2973 3153 3260 3222 copiosior,
3283 3161 3482 3221 quanto

1897 3247 2250 3313 libidinosior;
2279 3256 2332 3300 et
2362 3253 2510 3300 tanto
2534 3244 2850 3300 laboriosior
2891 3251 3072 3304 contra
3117 3257 3269 3300 suam
3309 3241 3487 3297 libidi-

1898 3355 2022 3395 nem
2049 3353 2146 3408 pro
2173 3337 2414 3393 castitate
2439 3333 2694 3390 certando
2717 3375 2732 3397 ,
2763 3341 2962 3402 quanto
3004 3331 3358 3388 abundantior
3391 3347 3487 3386 na-

1901 3431 2054 3485 turali
2085 3429 2186 3483 isto
2230 3427 2402 3491 bono;
2442 3435 2497 3480 et
2522 3425 2644 3480 ideo
2689 3425 2850 3480 etiam
2895 3432 3043 3478 tanto
3091 3423 3405 3480 laudabilior
3431 3424 3485 3478 in

1901 3519 2000 3574 hac
2029 3519 2221 3573 virtute
2240 3557 2254 3582 ,
2283 3525 2482 3586 quanto
2522 3514 2712 3570 fortius
2751 3513 3044 3568 reluctatur
3088 3513 3274 3583 majori
3304 3513 3446 3568 bono
3466 3553 3486 3580 ,

1898 3625 2058 3680 quam
2085 3609 2130 3664 si
2162 3608 2352 3663 minori
2406 3606 2780 3662 reluctaretur.
2829 3605 2963 3672 Quia
2995 3620 3124 3675 ergo
3149 3604 3396 3662 Christus
3434 3605 3488 3659 in

1899 3714 2059 3754 carne
2088 3698 2298 3753 mortali
2318 3698 2554 3752 omnium
2584 3696 2765 3765 procul
2793 3695 2955 3750 dubio
2971 3695 3299 3751 eastissimus
3330 3696 3484 3762 vixit,

1904 3799 2050 3846 tanto
2077 3790 2126 3844 ei
2158 3792 2412 3857 majorem
2445 3789 2717 3842 libidinem
2748 3787 2900 3842 dabis
2929 3789 3224 3842 naturalem
3245 3828 3261 3853 ,
3287 3797 3491 3857 quanto

1905 3883 1956 3936 in
1988 3880 2205 3936 libidine
2243 3879 2542 3935 cohibenda
2571 3894 2676 3932 non
2729 3886 2882 3946 potes
2928 3878 3165 3932 invenire
3191 3877 3488 3932 fortiorem.

1905 3973 1994 4029 Sic
2038 3972 2178 4026 enim
2225 3971 2341 4025 sine
2372 3969 2569 4023 fraudis
2612 3968 2837 4022 crimine
2866 3968 2976 4020 suis
3000 3968 3178 4032 dicet,
3211 3967 3490 4021 lmitamini

1861 4125 1870 4130 ,
1905 4065 2200 4121 castitatem
2251 4076 2455 4124 meam,
2487 4068 2632 4114 certa
2683 4066 2886 4112 natura:
2928 4067 3120 4113 vestra:
3163 4059 3490 4112 irritamenta

1905 4157 2180 4214 vincentes
2208 4171 2221 4206 :
2253 4153 2367 4206 ιιωο
2411 4151 2607 4221 quippe
2651 4149 2979 4203 irritamenta
3028 4147 3163 4202 bona
3207 4156 3360 4210 sunt;
3398 4148 3494 4202 sed

1908 4257 2084 4302 tamen
2132 4242 2424 4299 cohibenda
2464 4251 2622 4310 atque
2651 4239 2945 4302 vincenda;
2986 4238 3122 4292 sicut
3156 4254 3255 4308 ego
3294 4238 3448 4292 habui
3473 4279 3491 4305 ,

1906 4338 2001 4394 sed
2057 4336 2269 4391 cohibni
2323 4333 2532 4402 vicique
2584 4331 2826 4400 majora;

1906 4429 2032 4485 Ideo
2056 4426 2259 4492 vicisti,
2289 4425 2407 4481 ideo
2431 4423 2763 4480 castissimus
2794 4421 2845 4474 in
2876 4429 2962 4474 tua
2991 4419 3196 4474 mortali
3227 4434 3389 4474 carne
3413 4419 3488 4472 vi-

1908 4516 2336 4587 xisti,qnoniam
2378 4523 2579 4568 natura:
2621 4510 2874 4566 felicitate
2923 4509 3171 4564 minimas
3219 4508 3494 4576 libidines,

1908 4624 2040 4680 quas
2067 4607 2341 4671 facillimas
2368 4603 2389 4634 δ
2419 4603 2661 4659 vinceres
2684 4643 2698 4667 ,
2729 4598 2980 4654 habuisti.
3025 4599 3211 4654 Estote
3241 4614 3367 4670 ergo
3409 4615 3500 4654 ca-

1909 4701 1974 4758 sti
2000 4741 2014 4766 ,
2044 4698 2166 4768 quia
2201 4705 2256 4749 ut
2288 4694 2436 4748 vobis
2464 4693 2532 4750 ad
2561 4708 2646 4747 me
2677 4691 2990 4746 imitandum
3029 4691 3300 4746 obstacula
3332 4707 3498 4747 excu-

1909 4789 2132 4844 sationis
2173 4786 2440 4839 auferrem
2469 4824 2481 4848 ,
2511 4782 2847 4836 libidinosior
2871 4781 3020 4836 vobis
3068 4782 3213 4836 nasci
3241 4781 3418 4846 volui,
3447 4791 3501 4835 et

1913 4889 2089 4940 tamen
2144 4875 2430 4934 maximam
2495 4873 2764 4928 libidinem
2814 4887 2986 4926 meam
3033 4885 3318 4926 concessos
3368 4871 3501 4926 flues

1912 4984 2178 5041 nunquam
2227 4969 2453 5022 transire
2497 4965 2738 5035 permisi.
2781 4964 2906 5018 llaec
2948 4963 3221 5019 horribilia
3263 4975 3498 5019 monstra

1914 5063 2120 5135 peperit
2149 5059 2370 5116 haeresis
2397 5066 2591 5112 vestra.

1984 5155 2118 5211 LIV.
2147 5154 2267 5209 Jun.
2299 5150 2536 5216 Pratdico
2562 5164 2775 5203 onmem
2808 5148 2860 5201 in
2884 5162 2950 5202 co
2977 5148 3311 5203 sanctitatem
3341 5147 3502 5202 benc-

1916 5251 2035 5306 ficio
2058 5248 2250 5313 animi,
2282 5233 2386 5300 non
2412 5243 2589 5308 carnis
2627 5241 2838 5296 stetisse
2865 5240 3191 5310 pnejudicio.
3221 5240 3310 5295 Sic
3355 5239 3498 5296 enim

1916 5355 1969 5398 et
1992 5353 2176 5396 natura
2205 5350 2308 5393 tam
2352 5335 2659 5392 conditione
2698 5333 2812 5403 ejus
2839 5349 2998 5404 quam
3029 5331 3369 5400 susceptione
3398 5326 3495 5380 de-

1982 5495 1998 5526 ί
2033 5493 2148 5558 Fditi
2167 5528 2180 5551 ,
2198 5501 2426 5558 carnem;
2447 5488 2829 5558 repugnantibus
2852 5483 3209 5556 manuscriptis.

1982 5559 2002 5588 ³
2035 5543 2196 5620 ιιεηί,
2219 5551 2370 5620 omnis
2393 5543 2603 5616 agnda-it
2625 5563 2648 5620 _:
2667 5549 2825 5620 aliud,
2859 5558 2973 5609 etc,
2997 5543 3191 5602 OlttlSSO,
3213 5545 3267 5605 in
3297 5543 3504 5620 Christo,

1918 5617 2047 5682 quod
2068 5616 2374 5682 auctoritate
2391 5615 2494 5660 Mss.
2519 5615 2833 5680 restituinms.
3429 5615 3453 5626 "

1986 5681 2006 5711 ³
2036 5681 2107 5727 sic
2127 5685 2231 5726 Mss.
2257 5682 2303 5736 In
2331 5681 2486 5736 “gn,
2503 5683 2611 5722 em.

1989 5748 2007 5771 δ
2040 5739 2195 5814 codex
2224 5734 2368 5798 rei-1.,
2387 5734 2636 5798 facilium.

2903 4345 2972 4385 ne
3025 4329 3271 4384 diceretis
3327 4329 3491 4394 milii,
3577 4313 3590 4324 χ
