3934 6178
437 349 568 404 1571

436 461 691 523 tenditur,
719 467 772 514 et
800 457 907 511 vita
952 455 1224 509 hominum
1257 453 1507 506 virtutum
1554 450 1696 504 illius
1735 448 2027 501 imitatione

435 552 699 622 dirigitur.
729 552 802 604 De
829 550 910 602 his
937 547 1146 602 dunbus
1177 562 1283 600 non
1325 554 1500 616 potest
1531 544 1760 598 alterum
1804 541 1918 595 sine
1947 539 2027 594 al-

438 645 607 700 terius
628 643 850 696 veritate
880 639 1085 695 laudari
1111 657 1124 692 :
1151 649 1353 692 tantum
1383 636 1554 692 aderit
1577 633 1848 704 dignitatis
1874 631 2024 702 operi

436 747 611 794 sacro,
641 741 894 819 qpantum
932 731 1146 782 humani
1175 729 1414 798 corporis
1443 726 1674 781 adfuerit
1701 724 1947 786 veritati;
1976 731 2030 775 ct

439 832 644 876 tantum
683 814 857 875 aderit
895 820 1191 874 defensioni
1233 817 1408 872 carnis
1435 859 1448 882 ,
1480 827 1734 886 quantum
1775 814 2029 869 sanctitas

437 913 862 970 conversationis
889 913 1144 981 exegerit.
1171 913 1342 980 Atque
1374 926 1403 964 e
1430 910 1648 978 regione
1667 949 1682 973 ,
1711 906 2028 976 vituperatio

437 1005 592 1058 unius
640 1005 851 1074 utrique
895 1004 1173 1072 participat
1201 1018 1214 1055 :
1247 1001 1496 1070 quoniam
1541 1009 1742 1062 tantum
1775 999 1840 1051 de
1867 999 2031 1050 virtu-

437 1095 578 1148 tibus
612 1093 761 1161 ejus,
811 1102 1064 1160 quantum
1107 1091 1174 1145 de
1222 1090 1441 1158 artubus
1481 1090 1498 1120 ¹
1543 1088 1851 1150 auferetur;
1881 1100 1944 1138 ac
1983 1084 2028 1137 si

435 1186 560 1256 quid
585 1185 654 1239 de
689 1185 1003 1240 substantia:
1041 1182 1214 1236 solido
1258 1181 1504 1243 radatur,
1537 1179 1781 1232 universa
1821 1191 2029 1231 morum

435 1258 753 1332 ornamenta
800 1276 1124 1345 depereunt,
1165 1283 1322 1344 atque
1368 1273 1433 1326 ad
1463 1269 1738 1326 tolerantis
1781 1267 2028 1338 injuriam

435 1377 718 1425 recurrunt
763 1368 955 1423 damna
999 1367 1268 1421 nascentis
1294 1383 1308 1420 :
1338 1375 1609 1434 postremo
1642 1363 1685 1416 si
1713 1362 1888 1416 carnis
1913 1361 2030 1429 ejus

435 1459 729 1515 substantia
777 1459 951 1529 aliqua
1007 1458 1320 1511 naturalium
1379 1455 1655 1523 ereptione
1691 1455 1713 1484 ³
1741 1461 2025 1513 tenuetur,

437 1553 684 1606 universa
731 1550 1000 1605 evanescit
1043 1563 1233 1617 pompa
1287 1547 1561 1600 virtutum.
1615 1543 1754 1597 Nihil
1801 1557 1929 1610 ergo
1975 1542 2028 1595 in

438 1641 697 1696 membris
739 1640 1048 1696 Mediatoris
1077 1639 1196 1692 facti
1223 1653 1291 1693 ex
1323 1636 1542 1690 muliere
1567 1677 1581 1701 ,
1615 1633 1754 1702 quod
1789 1633 2030 1686 naturale

435 1739 682 1795 constat,
718 1731 943 1800 negabo.
988 1730 1053 1784 Et
1079 1729 1196 1782 vide
1239 1742 1395 1797 quam
1426 1725 1622 1780 diversi
1662 1725 1767 1778 sint
1809 1722 2031 1777 rationis

439 1822 692 1884 termini,
740 1835 898 1890 quam
946 1819 1205 1888 pudoris:
1238 1833 1344 1871 non
1392 1815 1658 1870 erubescit
1701 1813 1830 1869 lides
1870 1813 2027 1868 Chri-

435 1908 731 1966 stianorum
753 1951 770 1977 ,
797 1911 978 1964 dicere
1002 1910 1273 1963 Christum
1304 1907 1553 1962 habuisse
1579 1905 1826 1976 genitalia
1853 1921 1868 1968 ;
1901 1919 2026 1958 cum

439 2013 616 2057 tamen
659 2019 722 2058 ea
769 2004 820 2057 in
864 2001 1056 2067 nobis,
1100 2015 1257 2071 quam
1301 1998 1676 2053 honestissime
1708 2010 2026 2066 possumus,

439 2094 769 2152 oceulamus.

503 2186 640 2241 Auc.
668 2183 784 2239 Non
831 2183 1046 2254 quidem
1091 2182 1360 2238 erubescit
1405 2179 1537 2234 ﬁdes
1561 2177 2024 2243 Christianorum,

431 2276 611 2338 dicere
649 2275 918 2331 Christum
963 2275 1214 2330 habuisse
1238 2273 1486 2342 genitalia
1537 2288 1552 2326 :
1592 2269 1685 2325 sed
1741 2281 1796 2324 tu
1837 2269 2030 2324 erube-

432 2381 587 2422 scere
614 2366 875 2432 debuisti,
908 2366 986 2420 vel
1010 2364 1184 2434 potius
1212 2361 1656 2424 contremiscere,
1689 2375 1756 2414 ne
1779 2359 1986 2413 diceres
2006 2357 2027 2388 ³

430 2457 630 2514 Christi
667 2457 918 2527 genitalia
973 2455 1290 2524 aliquando,
1343 2462 1402 2509 et
1451 2453 1666 2508 nolente
1719 2451 1834 2520 ipso
1898 2452 2026 2519 (non

431 2549 574 2605 enim
600 2549 702 2603 hoc
731 2563 963 2618 unquam
1007 2546 1145 2600 velle
1172 2544 1444 2600 debuisset
1475 2544 1564 2613 qui
1595 2543 1755 2596 vitam
1780 2541 2026 2596 caelibem

431 2635 643 2710 duxit),
691 2647 869 2692 tamen
912 2636 1132 2692 libidine
1179 2634 1342 2688 fuisse
1384 2642 1686 2695 commota,
1730 2638 1783 2684 et
1811 2631 1862 2684 in
1887 2644 2027 2686 non-

437 2729 616 2784 nullos
663 2729 876 2782 illicitos
905 2741 1034 2781 usus
1063 2733 1246 2779 contra
1275 2723 1389 2792 ejus
1427 2729 1667 2776 sanctum
1698 2721 2027 2791 propositum

432 2833 494 2874 se
523 2818 665 2871 illam
702 2827 907 2886 partem
945 2815 1115 2871 sancti
1143 2817 1259 2884 ejus
1291 2813 1531 2882 corporis
1561 2815 1815 2866 erexisse.
1845 2811 2028 2865 Talem

431 2909 629 2978 quippe
669 2908 944 2962 libidinem
985 2906 1182 2976 patitur
1209 2904 1369 2960 etiam
1397 2919 1557 2958 omne
1597 2917 1768 2973 genus
1809 2910 2027 2957 sancto-

431 3013 590 3064 rum,
635 2997 848 3068 qualem
885 2997 1081 3052 Sancto
1127 3003 1431 3051 sanctorum
1469 2993 1680 3048 conaris
1724 2993 1938 3047 inferre.
1963 2986 2024 3044 Si

432 3103 564 3145 vero
589 3088 838 3159 genitalia
864 3087 1056 3144 Christi
1087 3088 1202 3156 ipso
1256 3086 1421 3140 invito
1456 3083 1782 3141 commoveri
1814 3091 1869 3137 et
1895 3081 2026 3153 erigi

433 3183 608 3239 solere
624 3182 646 3213 ⁸
673 3181 912 3246 libidine,
929 3181 1215 3240 nonsudes
1232 3179 1411 3233 dicere
1430 3194 1445 3243 ;
1472 3192 1569 3232 cur
1594 3176 1758 3232 audes
1781 3175 2022 3244 credere,

432 3273 648 3337 infelix,
698 3288 795 3327 cur
843 3272 1010 3327 audes
1055 3271 1213 3325 talem
1263 3269 1536 3324 libidinem
1583 3278 1786 3324 natum
1829 3265 2026 3322 Christi

433 3366 702 3431 tribucre,
751 3373 808 3418 ut
833 3363 975 3434 quod
1015 3378 1122 3418 non
1157 3361 1319 3418 audes
1361 3361 1575 3427 dicere,
1604 3358 1896 3428 compellas
1925 3358 2028 3414 ho—

433 3459 605 3514 mines
631 3458 866 3527 Cogitare
881 3456 907 3510 ἲ

505 3549 613 3605 LV.
642 3547 760 3613 Jun.
791 3547 866 3600 lta
893 3555 1077 3603 natura
1106 3543 1428 3614 prwscripsit
1459 3557 1578 3597 esse
1603 3541 1846 3611 quardam
1868 3582 1881 3605 ,
1908 3553 2026 3609 quae

435 3649 494 3694 ut
520 3639 684 3705 ratio,
718 3638 785 3692 ita
815 3637 948 3694 ﬁdes
969 3652 1088 3691 cum
1122 3636 1376 3704 religione
1403 3633 1735 3702 pronuntiet;
1767 3644 1821 3686 et
1847 3641 2024 3686 tamen

434 3729 606 3798 pudor
631 3737 684 3783 et
710 3727 955 3784 decentia
976 3725 1397 3781 conversationis
1423 3723 1588 3778 oculis
1619 3738 1724 3776 non
1755 3723 2028 3793 permittat

433 3819 649 3888 exponi.
683 3819 796 3873 iloe
827 3817 986 3882 modo
1015 3816 1262 3886 Magister
1287 3815 1444 3869 etiam
1472 3815 1723 3869 Gentium
1749 3814 2026 3868 veritatem

433 3911 581 3965 carni
609 3910 724 3979 ejus
749 3911 1014 3980 assignat,
1045 3916 1100 3964 et
1127 3907 1332 3977 Spiritui
1365 3908 1718 3961 sanctitatem.
1753 3905 2022 3977 Magnam,

436 4003 640 4072 inquit,
687 4003 884 4074 pietatis
909 4010 1316 4063 sacramentum,
1355 3999 1494 4070 quod
1531 4000 1909 4069 manifestatum
1951 4007 2026 4052 est

433 4095 488 4148 in
513 4111 691 4162 carne,
713 4095 1053 4164 justi/iratum
1093 4101 1165 4145 est
1192 4092 1245 4144 in
1279 4092 1460 4160 spiritu
1479 4132 1492 4153 ,
1529 4090 1770 4159 apparuit
1799 4090 2026 4160 Angelis,

437 4187 762 4256 prwdicatum
793 4195 864 4237 est
888 4185 937 4236 in
961 4183 1188 4252 gentibus
1210 4223 1222 4244 ,
1252 4181 1497 4234 creditum
1519 4190 1591 4234 est
1618 4182 1670 4234 in
1697 4181 1792 4234 hoc
1816 4182 2026 4249 mundo,

433 4284 750 4346 assumptum
771 4282 844 4327 est
864 4274 914 4326 in
941 4272 1121 4342 gicria.
1145 4270 1296 4337 Quod
1321 4271 1457 4324 sicut
1481 4271 1878 4326 commendavit
1903 4287 2024 4327 cum

435 4367 658 4420 veritate
699 4362 1060 4426 credendum,
1105 4361 1177 4415 ita
1216 4363 1613 4431 impugnatores
1651 4362 1769 4431 ejus
1817 4364 1870 4418 in
1918 4362 2025 4419 line

436 4455 766 4510 denuntiavit
809 4453 990 4508 szeeuli
1020 4451 1318 4507 nascituros
1347 4468 1362 4505 ε
1390 4466 1511 4506 nam
1540 4451 1718 4505 statim
1749 4453 2018 4523 sequitur,

437 4546 504 4602 In
531 4548 811 4602 novissimis
836 4557 1001 4599 autem
1029 4543 1331 4614 temporibus
1354 4543 1582 4597 recedent
1609 4543 1816 4614 quidam
1841 4562 1870 4597 a
1895 4553 2018 4622 ﬁde,

436 4637 745 4691 attendentes
772 4637 1032 4705 spiritibus
1059 4635 1434 4701 seductoribus,
1464 4635 1705 4689 doctrinis
1744 4635 2025 4690 dcernonio-

437 4744 550 4783 runt
595 4729 648 4781 in
693 4727 950 4797 hypocrisi
1002 4727 1264 4780 mendacia
1307 4729 1646 4798 loquentium,
1694 4730 2022 4784 cauteriatam

438 4821 671 4875 [tabentes
709 4819 1098 4881 conscientiam,
1131 4818 1499 4885 prohibentium
1529 4821 1745 4886 nubere,
1778 4821 2022 4874 abstinere

435 4930 466 4966 a
493 4913 613 4966 cibis
631 4955 644 4976 ,
694 4927 819 4982 quos
849 4910 986 4963 Deus
1029 4909 1214 4961 creavit
1240 4908 1308 4960 ad
1336 4909 1712 4978 percipiendum
1757 4927 1868 4964 cum
1896 4928 2019 4982 gra-

436 5008 620 5058 tiarum
644 5003 840 5057 actione
861 5001 1126 5070 ﬁdelibus,
1167 5008 1213 5052 et
1240 4999 1318 5052 his
1337 4999 1424 5068 qui
1453 5012 1790 5070 cognoverunt
1833 5004 2018 5056 verita-

435 5107 531 5150 tem
549 5113 568 5160 ;
590 5095 824 5162 quoniam
851 5093 1012 5147 omnis
1032 5101 1262 5145 creatura
1285 5089 1380 5144 Dei
1405 5091 1534 5145 bona
1564 5093 1607 5160 (l
1641 5092 1773 5146 Tim.
1803 5111 1886 5159 In,
1916 5095 2016 5162 l6;

435 5203 519 5252 tv,
567 5186 644 5256 ι).
691 5185 837 5239 lianc
882 5200 1006 5254 ergo
1071 5183 1426 5238 Ecelcsiarum
1471 5185 1974 5240 contaminationcm
2001 5229 2016 5253 ,

434 5293 593 5352 quam
638 5276 705 5332 de
735 5275 1008 5332 Maniclnei
1039 5274 1438 5330 consectatione
1465 5275 1714 5330 vomuisti
1734 5317 1748 5342 ,
1793 5286 1848 5332 et
1883 5278 2018 5334 hanc

495 5454 511 5486 ¹
546 5454 620 5504 sic
651 5459 757 5502 uss.
782 5449 916 5509 Editi,
935 5448 1001 5518 de
1022 5447 1225 5499 actibus.

493 5518 513 5546 ι
547 5522 594 5564 In
622 5523 748 5579 Mss.
771 5517 1065 5579 excepttmw-
1207 5571 1216 5579 _
1367 5577 1373 5579 _
1485 5570 1513 5579 ..
1596 5569 1607 5579 .
1645 5568 1654 5579 .
1709 5569 1719 5579 .

493 5579 515 5610 ³
547 5578 684 5634 mliti,
707 5568 794 5624 nec
817 5568 1009 5632 dicere;
1037 5580 1085 5621 et
1111 5571 1252 5633 paulo
1275 5577 1398 5634 post,
1422 5570 1540 5623 reue
1573 5568 1810 5622 debuisse.
1846 5577 2015 5622 tamen.

431 5638 603 5704 dantur
623 5647 832 5701 utroque
858 5637 961 5684 loco
985 5647 1047 5704 ex
1069 5641 1174 5704 ηδε.
1328 5697 1337 5704 ο
1500 5703 1505 5704 7
1588 5695 1600 5704 .
1639 5695 1650 5704 _

494 5702 514 5730 δ
550 5702 702 5761 vign.,
729 5695 1013 5750 c'uutntoveri
1035 5695 1222 5756 solere;
1245 5697 1441 5756 omisso,
1463 5703 1508 5746 et
1525 5695 1665 5758 erigi,
1681 5697 1806 5760 quod
1826 5709 1887 5746 ex
1910 5703 2009 5744 vss.

429 5761 659 5816 addimus.

1110 339 1351 397 OPERIS
1383 335 1794 393 IMPERFECTI
1834 333 2109 388 CONTRA
2152 332 2517 394 J‘iilJANllM,
2557 334 2613 390 S.
2655 333 3026 392 AUCUSTIXI'

3579 341 3713 396 {37'}

2135 460 2162 498 a
2195 446 2296 500 title
2325 448 2683 503 recedentium
2714 450 3238 519 prarvarimtionem,
3267 464 3388 522 qua:
3415 452 3468 508 in
3497 465 3712 510 mtura-

2137 535 2202 590 lis
2232 538 2356 592 mali
2387 540 2756 607 prmdieatione
2791 550 2846 596 et
2889 545 2940 597 in
2984 543 3379 598 commixtionis
3425 549 3720 616 ccujngalis

2135 626 2474 683 damnatione
2510 632 2787 696 consistit,
2813 643 2868 687 et
2893 634 3178 700 Apostolus
3205 636 3447 702 prmviilit
3477 651 3530 691 et
3561 643 3720 709 puru-

2135 721 2242 786 vit,
2273 737 2377 776 uon
2406 724 2578 778 solum
2621 726 2744 794 quid
2785 726 3080 792 diceretur,
3124 729 3219 783 sed
3249 731 3410 784 etiam
3442 733 3570 802 quid
3598 749 3722 788 coa-

2135 824 2449 883 sequeretur
2477 818 2783 872 ostendens.

2207 907 2338 960 Auc.
2369 907 2435 960 Et
2461 917 2632 961 tamen
2668 919 2754 976 tu,
2794 910 2882 979 qui
2921 925 3025 964 non
3053 920 3202 981 potes
3229 913 3331 968 nisi
3375 925 3591 972 motare
3635 932 3732 972 ea-

2136 996 2395 1065 lumnias,
2451 1011 2505 1055 et
2559 1017 2775 1056 vomere
2821 1005 3200 1071 contumelias,
3247 1007 3425 1062 verbis
3468 1008 3716 1065 catholici

2135 1085 2367 1142 hominis
2396 1091 2528 1158 Dei,
2555 1108 2712 1162 quem
2755 1093 3100 1148 Manichznum
3146 1111 3251 1149 non
3301 1105 3450 1166 potes
3491 1098 3712 1166 dicere,

2133 1194 2239 1234 non
2283 1195 2444 1238 ausus
2471 1197 2529 1236 es
2558 1183 2924 1238 contradicere
2943 1227 2958 1250 ,
2991 1184 3298 1241 suﬂ'ocantis
3325 1195 3408 1252 te,
3441 1199 3606 1256 atque
3635 1191 3711 1245 di-

2133 1273 2335 1335 centis,
2368 1289 2434 1326 ex
2480 1275 2860 1330 commixtione
2907 1276 3069 1330 maris
3112 1285 3167 1332 et
3215 1278 3423 1333 femina:
3449 1280 3599 1334 nasci
3627 1297 3718 1335 ex—

2132 1371 2340 1431 pertern
2362 1361 2540 1418 delicti
2570 1366 2836 1420 neminem
2863 1380 3019 1434 posse
3043 1363 3375 1438 (Anthr-asins,
3398 1370 3450 1422 in
3480 1370 3717 1441 Isaiam).

2131 1451 2370 1521 Namque
2399 1453 2498 1507 ista
2527 1455 2686 1509 verba
2718 1454 2834 1524 ejus
2876 1463 2934 1510 et
2972 1455 3025 1510 in
3053 1456 3224 1524 primo
3252 1457 3318 1511 ad
3349 1457 3624 1514 Valerium
3651 1461 3717 1515 li-

2133 1541 2232 1596 bro
2273 1545 2715 1610 commemoravi,
2747 1561 2905 1615 quem
2953 1546 3102 1602 libris
3128 1558 3355 1617 quatuor
3397 1550 3721 1620 redarguere

2131 1643 2391 1698 conatus,
2443 1635 2729 1705 quidquam
2777 1636 2901 1691 inde
2947 1637 3212 1707 attingere
3257 1639 3519 1705 timuisti;
3568 1652 3624 1694 et
3663 1642 3712 1695 in

2134 1723 2235 1778 isto
2254 1765 2268 1790 ,
2297 1724 2384 1779 cui
2426 1740 2566 1780 nunc
2601 1727 2893 1797 respondes
2913 1767 2929 1794 ,
2957 1728 3144 1782 eadem
3175 1729 3288 1798 ipsa
3319 1744 3422 1784 non
3445 1732 3584 1786 laeui
3615 1732 3722 1799 (De

2133 1812 2345 1884 Nuptiis
2385 1823 2431 1870 et
2470 1814 2914 1888 Concupiscentia,
2961 1817 3048 1872 lib.
3080 1819 3143 1882 1,
3195 1835 3253 1873 n.
3281 1818 3380 1885 ιο,
3425 1829 3474 1874 et
3512 1822 3602 1874 lib.
3643 1821 3719 1888 2,

2131 1923 2219 1960 nn.
2249 1908 2316 1961 M
2339 1946 2353 1971 ,
2389 1907 2479 1976 15)
2499 1949 2512 1970 .
2539 1917 2594 1962 et
2622 1907 2877 1963 adversus
2907 1909 2996 1962 illa
3020 1909 3194 1963 adhuc
3222 1919 3400 1964 mutus
3419 1950 3434 1973 ,
3472 1915 3721 1980 quamvis

2131 1997 2248 2066 ejus
2276 1996 2490 2051 nomine
2518 1999 2707 2062 tacito,
2753 1998 2841 2052 cui
2869 1999 3140 2053 adversari
3171 1999 3345 2070 palam
3376 2015 3484 2055 non
3512 2003 3682 2058 audes
3703 2045 3717 2068 ,

2132 2085 2272 2149 httnc
2299 2087 2350 2141 in
2377 2103 2462 2143 me
2483 2104 2588 2142 non
2611 2089 2804 2144 metuis
2829 2089 3126 2146 criminari.

2202 2178 2334 2233 LVI.
2360 2178 2479 2234 Jun.
2507 2178 2640 2234 Nam
2671 2179 2773 2236 hoc
2797 2181 2936 2251 quod
2962 2182 3069 2247 ait,
3103 2182 3370 2238 abstinere
3393 2198 3423 2238 a
3448 2184 3584 2239 cibis
3607 2185 3709 2240 do-

2131 2268 2358 2324 cendum
2403 2269 2550 2336 fore,
2601 2285 2704 2324 non
2749 2271 2928 2341 utique
2979 2272 3118 2341 apud
3165 2273 3480 2342 prudentem
3537 2278 3712 2346 arguit

2129 2357 2554 2414 Christianorum
2602 2361 2950 2431 parcitatem,
2981 2373 3073 2417 aut
3104 2363 3381 2419 denuntiat
3413 2381 3575 2436 posse
3597 2368 3712 2421 exi.

2130 2456 2272 2504 stere
2303 2450 2548 2505 homines
2593 2452 2683 2521 qui
2724 2451 2915 2508 inedia:
2941 2453 3229 2510 discrimen
3269 2456 3507 2511 indicant
3557 2475 3572 2511 :
3619 2460 3714 2513 sed

2125 2539 2382 2608 ostendit,
2411 2542 2660 2610 quoniam
2686 2557 2806 2597 eum
2838 2543 3195 2613 exorirentur,
3222 2546 3313 2615 qui
3331 2547 3570 2602 dicerent
3593 2549 3713 2602 ani-

2131 2631 2286 2687 malia
2313 2633 2491 2686 omnia
2532 2633 2756 2688 victibus
2782 2649 2812 2688 a
2844 2635 2953 2689 Deo
2991 2648 3168 2690 creata
3211 2639 3547 2703 mortalium,
3591 2640 3719 2710 quia

2128 2718 2199 2774 de
2223 2721 2648 2790 concupiscentia
2673 2731 2728 2777 et
2751 2724 3129 2780 commixtione
3153 2740 3311 2780 sexus
3333 2738 3682 2784 nascerentur
3697 2772 3716 2796 ,

2129 2808 2392 2865 diabolico
2415 2811 2556 2866 malo
2601 2826 2722 2868 esse
2751 2813 2977 2882 polluta,
3008 2815 3137 2885 quid
3175 2827 3593 2886 consequeretur
3615 2836 3720 2874 ex-

2129 2903 2354 2972 preSsit,
2397 2903 2648 2960 videlicet
2697 2907 3107 2962 renuntiandum
3150 2923 3270 2964 esse
3318 2910 3620 2975 alimentis,
3670 2915 3717 2968 si

2129 3007 2314 3050 eorum
2363 2999 2668 3068 propagatio
2699 2998 2958 3053 diabolica
3005 3000 3332 3058 crederetur.
3378 3002 3531 3059 Unde
3559 3015 3612 3060 et
3661 3017 3719 3061 tu

2129 3083 2267 3141 hanc
2310 3085 2705 3143 infamationem
2734 3090 3129 3145 commixtionis
3169 3105 3453 3162 corporum
3492 3093 3560 3148 ab
3599 3097 3720 3150 ani-

2130 3176 2354 3232 malibus
2395 3191 2676 3242 removes,
2722 3186 2781 3233 ut
2823 3179 3076 3235 subsistat
3099 3182 3238 3237 ratio
3267 3183 3570 3238 simulandi.
3601 3185 3718 3240 llo-

2129 3267 2302 3322 mines
2322 3276 2498 3322 tamen
2524 3268 2612 3338 qui
2639 3268 2707 3322 ad
2736 3269 3018 3340 imaginem
3042 3273 3136 3327 Dei
3167 3272 3289 3328 iacti
3317 3285 3464 3338 sunt,
3494 3287 3718 3346 propter

2115 3355 2268 3414 hanc
2315 3358 2484 3426 ipsam
2529 3361 3015 3429 concupiscentiam
3039 3366 3436 3433 generantium,
3483 3367 3614 3421 dicis
3644 3370 3717 3423 ad

2123 3448 2212 3517 jus
2233 3450 2490 3504 dis-monis
2514 3451 2801 3522 pertinere.
2833 3453 3006 3510 Ambo
3032 3455 3210 3526 igitur,
3234 3465 3290 3511 tu
3314 3467 3370 3513 et
3396 3459 3717 3515 Manicbznus

2129 3555 2289 3596 unam
2319 3541 2526 3598 habetis
2551 3557 2764 3598 causam
2791 3546 3209 3600 substantiarnm
3242 3549 3714 3618 vituperandarum

2128 3642 2184 3688 et
2228 3635 2744 3689 transcribendarutn
2787 3637 3000 3691 diabolo
3039 3639 3178 3693 :sed
3217 3639 3306 3694 ille
3331 3652 3548 3711 propter
3576 3642 3716 3698 hanc

2128 3723 2462 3780 affectionem
2501 3739 2621 3795 quae
2649 3727 2875 3781 sentitur
2898 3728 2952 3782 in
2990 3731 3218 3785 naturali
3259 3746 3453 3800 opere,
3499 3735 3714 3788 univer-

2129 3831 2216 3870 sas
2248 3817 2265 3848 ί
2296 3816 2513 3870 damnat
2541 3817 2870 3882 animantes;
2919 3828 2974 3872 tu
3003 3830 3180 3874 autem
3224 3836 3328 3874 non
3371 3837 3590 3888 omnes,
3615 3825 3716 3878 sed

2127 3906 2270 3977 quod
2296 3917 2377 3961 cst
2412 3907 2636 3972 fredius,
2666 3908 2934 3962 meliores.
2963 3909 3206 3964 Absolvis
3246 3912 3389 3965 enim
3433 3928 3591 3979 sues,
3621 3928 3719 3966 ca-

2130 4013 2261 4064 nes,
2305 4007 2356 4055 et
2384 4000 2594 4066 asinos,
2647 4007 2705 4053 ut
2749 3999 3072 4054 Manichacus
3098 4001 3266 4056 vitare
3305 4003 3569 4069 videaris;
3617 4005 3716 4058 sed

2128 4090 2384 4158 damnas,
2418 4101 2632 4160 propter
2659 4091 2763 4146 hoc
2789 4091 2927 4146 idem
2958 4093 3098 4161 quod
3143 4093 3496 4161 Manichacus,
3527 4111 3718 4152 omnes

2129 4182 2374 4238 homines
2415 4183 2503 4252 qui
2539 4183 2606 4238 ad
2647 4183 2930 4253 imaginem
2978 4184 3069 4238 Dei
3116 4183 3236 4238 facti
3268 4195 3436 4240 sunt:
3481 4202 3544 4240 ac
3592 4203 3722 4241 nus-

2128 4287 2286 4342 quam
2339 4273 2539 4326 malum
2596 4274 2838 4328 naturale
2878 4275 3208 4329 constituens
3249 4276 3352 4329 nisi
3397 4277 3447 4329 in
3490 4278 3720 4345 imagine

2130 4361 2260 4428 Dei,
2291 4363 2626 4417 eoucionaris
2649 4373 2834 4418 contra
2862 4378 2960 4419 nos
2978 4404 2992 4429 ,
3022 4374 3299 4419 accusator
3321 4377 3624 4421 sanctorum
3649 4379 3710 4421 et

2128 4462 2384 4522 patronus
2410 4453 2704 4508 asinorum.

2199 4545 2333 4599 Ave.
2360 4543 2496 4611 Quid
2525 4552 2607 4599 est
2650 4545 2792 4614 quod
2833 4544 3002 4612 dicis,
3029 4546 3380 4600 calumniator
3417 4547 3723 4601 Catholica-

2127 4649 2246 4688 rum
2273 4645 2326 4688 et
2367 4635 2579 4704 adjutor
2623 4635 3070 4690 Manichaeorum?
3097 4639 3223 4707 quid
3250 4647 3335 4693 est
3373 4639 3514 4708 quod
3544 4640 3720 4693 dicis?

2127 4741 2285 4796 quem
2319 4735 2480 4780 tantae
2524 4726 2830 4781 stoliditatis
2857 4727 3058 4796 pudere
3085 4729 3338 4792 deberet,
3383 4730 3590 4783 etiamsi
3623 4731 3720 4785 tibi

2127 4817 2331 4871 asinina
2380 4817 2525 4872 frons
2567 4827 2729 4873 esset.
2774 4818 2964 4874 Nonne
3005 4830 3283 4874 accusator
3319 4830 3620 4876 sanctorum
3663 4833 3724 4876 et

2127 4915 2387 4974 patronus
2409 4908 2678 4962 asinorum
2698 4949 2713 4973 ,
2745 4909 2812 4963 ab
2849 4909 3065 4966 homine
3093 4911 3249 4979 hujus
3271 4911 3450 4967 cordis
3487 4913 3640 4981 cujus
3663 4924 3726 4967 et

2128 4999 2242 5068 ipse
2269 5015 2360 5064 es,
2393 5001 2647 5070 appellari
2688 5011 2899 5070 posset,
2926 5003 3015 5072 qui
3041 5003 3277 5066 diceret,
3300 5005 3600 5073 ignorantia
3629 5021 3725 5061 ve-

2127 5091 2298 5146 ritatis
2339 5091 2580 5147 homines
2625 5092 2737 5147 ﬁeri
2766 5094 2990 5148 miseros
3039 5109 3227 5164 posse,
3257 5097 3436 5149 asinos
3463 5112 3596 5152 vero
3624 5113 3723 5152 ne-

2128 5182 2348 5238 sciendo
2381 5183 2656 5238 veritatem
2682 5184 2908 5238 miseros
2935 5198 3054 5240 esse
3077 5200 3182 5240 non
3213 5186 3412 5256 posse?
3443 5187 3509 5242 Et
3539 5201 3717 5243 tamen

2127 5275 2404 5330 verissime
2452 5274 2670 5330 diceret.
2715 5275 2825 5330 Cur
2867 5291 2996 5346 ergo
3040 5294 3145 5332 non
3192 5279 3469 5348 intelligis,
3523 5283 3672 5335 asine
3698 5323 3717 5346 ,

2125 5365 2369 5420 similiter
2397 5379 2516 5420 esse
2542 5382 2724 5420 verum
2746 5409 2758 5430 ,
2791 5383 2855 5421 ex
2886 5369 3264 5424 commixtione
3290 5372 3450 5424 maris
3476 5381 3531 5425 et
3560 5371 3683 5426 femi
3701 5402 3718 5412 -

2130 5472 2212 5510 na:
2237 5465 2484 5526 expertes
2518 5457 2696 5512 delicti
2724 5457 2970 5514 homines
2997 5461 3140 5514 nasci
3173 5476 3278 5514 non
3307 5476 3496 5530 posse,
3526 5470 3580 5517 et
3609 5463 3719 5516 asi-

2127 5565 2224 5604 nos
2249 5550 2440 5620 pusse?
2468 5551 2546 5603 An
2578 5551 2696 5604 ideo
2726 5559 2778 5605 te
2807 5551 3082 5606 arbitraris
3108 5552 3344 5623 eﬂ‘ugene
3373 5555 3720 5624 insequentes

2128 5641 2308 5712 plagas
2348 5642 2680 5696 auctoritatis
2727 5652 2885 5712 atque
2936 5644 3187 5712 rationis,
3221 5647 3341 5716 quia
3371 5645 3425 5700 in
3457 5648 3720 5703 societate

2191 5755 2207 5785 ι
2242 5753 2313 5802 sic
2462 5761 2511 5804 tn
2530 5754 2684 5816 t'ign.,
2713 5753 2970 5807 rmit'ersos.
