3934 6178
262 285 404 343 ιδπ
438 356 449 362 ,

256 397 501 455 libidinis
520 436 538 461 ,
569 393 643 452 ad
676 408 895 453 currum
925 392 997 447 tui
1043 390 1277 458 erroris,
1305 391 1545 449 homines
1571 403 1622 447 et
1666 393 1845 459 asinos

255 489 476 560 iungis?
514 487 630 544 Non
673 486 741 542 de
770 485 1049 556 pecoribus
1068 525 1087 549 ,
1118 484 1210 539 sed
1238 484 1303 540 de
1330 483 1630 540 hominibus
1657 484 1844 555 loque-

254 584 420 639 batur
444 579 758 636 Ambrosius
776 620 791 641 ,
821 577 910 633 ubi
938 576 1049 632 ait:
1087 594 1105 628 ι
1139 574 1418 632 Servatum
1447 584 1530 630 est
1552 574 1714 645 igitur
1735 615 1752 639 ,
1787 584 1846 633 ut

250 688 320 728 ea
354 672 473 726 viro
499 678 559 725 et
577 668 799 724 muliere
817 708 832 732 ,
860 665 911 721 id
936 672 1052 731 est,
1080 681 1176 738 per
1203 666 1348 722 illam
1382 679 1663 735 corporum
1692 679 1842 720 com~

249 761 608 823 mixtionem,
650 772 807 816 nemo
846 755 1090 813 videatur
1117 771 1308 827 expers
1349 769 1469 811 esse
1496 754 1674 811 delicti
1700 772 1720 807 ›
1755 753 1843 829 (In

248 849 500 923 laniatu).
552 850 699 907 itane
746 850 880 916 iste,
923 848 1024 904 iste
1062 847 1250 903 doctor
1291 849 1537 904 Ecclesie
1569 851 1585 881 ⁸
1627 864 1846 903 accusa-

248 953 342 998 tor
369 953 489 997 erat
534 949 873 1007 saitctorum,
919 948 973 995 et
1004 949 1256 1008 patronus
1296 938 1608 995 asinorum?
1644 938 1846 1008 Nempe

247 1029 611 1099 corruptibile
633 1043 830 1099 corpus
856 1037 941 1084 est
964 1037 1018 1082 et
1041 1029 1177 1084 asini
1202 1039 1257 1084 et
1281 1028 1545 1094 hominis;
1583 1038 1636 1085 et
1667 1038 1846 1085 tamen

248 1138 367 1176 non
396 1120 533 1176 asini
562 1128 810 1189 aggravet
828 1160 844 1185 ,
890 1118 987 1175 sed
1015 1118 1245 1174 hominis
1271 1119 1501 1174 animam
1533 1135 1547 1171 :
1579 1117 1647 1173 de
1673 1119 1846 1172 homi-

248 1227 322 1266 ne
351 1210 561 1282 quippe
598 1208 871 1278 Scriptura
896 1207 1059 1272 dicit,
1090 1206 1283 1277 Corpus
1308 1208 1636 1275 corruptibile
1662 1224 1845 1279 aggra-

247 1311 340 1355 ναι
399 1302 623 1354 animam
675 1298 829 1370 (Sep.
882 1313 971 1365 Ix,
1017 1295 1128 1371 15).
1160 1297 1247 1352 Sic
1274 1312 1400 1367 ergo
1439 1300 1492 1351 et
1537 1296 1589 1360 in
1632 1296 1846 1351 libidine

245 1406 498 1463 agnosce
517 1431 533 1457 ,
563 1398 617 1445 et
654 1390 863 1459 pecoris
892 1398 1163 1453 naturam,
1190 1398 1244 1443 et
1273 1387 1501 1443 hominis
1526 1401 1732 1456 pcenam
1752 1427 1770 1453 ,
1801 1384 1846 1440 si

244 1482 498 1537 animam
525 1496 631 1535 non
651 1479 820 1535 babes
844 1478 1128 1534 asininum.

320 1592 495 1649 LVII.
520 1591 659 1648 Jun.
672 1591 919 1647 Christus
940 1590 1108 1661 igitur
1131 1604 1236 1647 non
1263 1590 1441 1647 minus
1468 1589 1632 1650 homo
1653 1603 1811 1645 verus
1828 1629 1845 1654 ,

239 1697 427 1751 quam
467 1697 627 1737 verus
672 1682 853 1748 Deus,
898 1680 1031 1735 nihil
1078 1679 1147 1734 de
1193 1680 1523 1736 naturalibus
1548 1679 1722 1734 minus
1750 1678 1848 1734 ha-

239 1772 373 1826 buit
404 1789 421 1826 :
448 1772 543 1827 sed
562 1771 769 1841 justum
788 1779 904 1828 erat
927 1779 983 1825 ut
1005 1769 1097 1841 qui
1119 1768 1282 1829 dabat
1309 1768 1644 1839 perfectionis
1662 1784 1845 1824 exem-

240 1861 414 1930 plum
435 1901 452 1928 ,
498 1860 746 1915 omnibus
788 1860 1042 1915 virtutum
1067 1859 1256 1915 studiis
1277 1860 1654 1931 antecelleret,
1684 1859 1848 1923 casti-

238 1960 457 2018 tuaque
479 1950 599 2019 ejus
618 1950 872 2005 continua
900 1949 1201 2019 integritate
1225 1949 1365 2004 celsa
1384 1987 1402 2021 ,
1434 1948 1580 2003 nullo
1610 1959 1848 2018 permota

232 2040 505 2096 libidinis
525 2041 784 2111 appetitu,
814 2056 933 2110 qm:
960 2042 983 2073 ⁸
1008 2041 1159 2110 virgo
1180 2049 1378 2099 sancta:
1404 2040 1600 2101 meritis
1626 2040 1847 2094 exstite—

231 2142 321 2187 rat
345 2174 367 2200 ,
403 2141 460 2188 et
487 2134 723 2187 omnium
749 2145 1002 2189 sensuum
1028 2130 1280 2186 domitrix
1328 2129 1493 2189 animi
1521 2129 1847 2200 magnitudo,

224 2234 284 2280 et
306 2223 637 2293 superatrix
648 2222 919 2285 dolorum,
944 2222 1150 2277 cunctis
1166 2220 1428 2283 ﬁdelibus.
1445 2227 1503 2276 et
1522 2218 1853 2285 humanitate

229 2314 541 2370 imitabilis
564 2312 750 2380 ﬁeret,
783 2302 1196 2369 etsuhlimitate
1223 2310 1499 2371 mirabilis.

307 2405 472 2466 Anu.
508 2402 653 2457 Dicis
690 2403 993 2469 castitatem
1021 2401 1223 2461 Christi
1256 2402 1510 2456 continua
1551 2397 1852 2468 integritate

230 2496 462 2552 celsum
484 2509 509 2546 σε
535 2492 631 2548 sed
657 2493 821 2559 homo
844 2508 948 2557 es,
974 2493 1060 2547 cui
1096 2507 1203 2555 non
1236 2491 1441 2553 videtur
1466 2490 1682 2546 castitas
1709 2490 1848 2551 inte-

218 2602 346 2658 gra
370 2626 394 2653 ,
422 2583 514 2640 ubi
538 2581 904 2653 magnitudine
937 2590 994 2638 et
1016 2580 1347 2653 perfectione
1387 2580 1672 2639 voluntatis
1694 2579 1851 2635 bonae

236 2695 360 2745 non
384 2677 567 2741 solum
591 2682 701 2735 non
739 2674 1146 2733 committuntur
1162 2713 1179 2740 ,
1222 2672 1323 2730 aed
1352 2687 1455 2737 nec
1475 2672 1760 2743 cupiuntur
1786 2671 1851 2727 il-

238 2773 431 2833 licita.
477 2769 611 2826 Nam
659 2768 751 2839 qui
797 2766 1125 2837 concupiscit
1181 2765 1355 2831 mala,
1404 2765 1509 2821 etsi
1549 2763 1850 2820 resistens'

242 2864 714 2934 concupiscentia
733 2877 846 2917 ante
860 2875 972 2917 non
998 2876 1064 2921 ea
1088 2868 1398 2931 perpetrat,
1429 2858 1614 2929 implet
1634 2857 1849 2928 quidem

239 2955 404 3028 quod
424 2955 680 3024 scriptum
705 2961 823 3021 est,
855 2949 989 3006 Post
1016 2950 1448 3021 concupiscentia:
1472 2960 1591 3014 tua;
1625 2963 1729 3007 non
1767 2963 1851 3003 ear

244 3046 454 3118 (Betti.
483 3058 641 3107 xvui,
672 3042 765 3115 50)
792 3042 929 3098 παιί
957 3056 1065 3097 non
1090 3042 1277 3112 implet
1302 3040 1447 3111 quod
1473 3040 1548 3099 ait
1572 3040 1658 3097 lex
1680 3078 1697 3103 ,
1729 3037 1853 3095 Non

242 3138 583 3209 concupisces
610 3135 807 3207 {Exodi
834 3148 913 3189 xx
933 3160 965 3201 ,-
990 3132 1104 3203 t7).
1138 3132 1383 3187 Christus
1414 3145 1544 3200 ergo
1560 3131 1651 3200 qui
1681 3130 1851 3200 legem

248 3227 657 3301 perfectissime
683 3226 925 3297 implevit
942 3265 958 3290 ,
986 3224 1129 3278 nulla
1156 3221 1691 3290 illicitaconcupivit;
1708 3220 1854 3301 .quia

249 3316 591 3374 discordiam
617 3316 798 3373 carnis
821 3324 880 3371 et
919 3314 1172 3385 spiritus,
1213 3329 1333 3385 quin
1367 3313 1423 3367 in
1452 3312 1724 3381 hominum
1752 3326 1852 3379 na-

238 3421 442 3477 ,turarn
470 3424 535 3465 ex
562 3408 998 3480 praevaricatione
1036 3406 1192 3476 primi
1224 3404 1455 3469 hominis
1481 3404 1667 3471 vertit,
1696 3418 1853 3474 pror-

253 3516 356 3558 sus
387 3501 481 3556 ille
508 3502 631 3555 non‘
661 3498 881 3566 habuit,
917 3497 1006 3568 qui
1049 3495 1120 3552 de
1158 3495 1363 3566 Spiritu
1388 3504 1444 3551 et
1495 3494 1709 3564 Virgine
1745 3508 1854 3557 non

258 3608 361 3666 per
385 3589 873 3665 concupiscentiam
899 3588 1078 3644 carnis
1102 3595 1186 3642 est
1216 3595 1392 3643 natus.
1420 3584 1479 3640 in
1498 3585 1660 3643 nobis
1676 3593 1854 3643 autent

263 3698 407 3741 mro
432 3682 764 3752 concupiscit
784 3690 972 3736 contra
1001 3679 1247 3749 spiritum
1284 3677 1470 3733 illicita
1494 3716 1511 3742 ,
1552 3677 1622 3731 ita
1653 3684 1708 3730 ut
1728 3690 1853 3728 em-

261 3777 399 3833 nino
449 3773 724 3844 perlieiat,
767 3772 868 3827 nisi
914 3779 972 3825 et
1015 3777 1201 3826 contra
1247 3780 1465 3824 carnem
1512 3766 1730 3835 spiritus
1783 3765 1856 3825 ita

259 3869 645 3936 concupiscat,
702 3874 759 3920 ut
799 3864 998 3918 vincat.
1044 3862 1187 3917 Dicis
1231 3869 1464 3916 mentem
1494 3857 1690 3913 Christi
1734 3871 1855 3912 om-

262 3962 417 4016 nium
444 3971 702 4014 sensuum
729 3950 1066 4012 do'tnitriecm
1096 3971 1110 4006 :
1133 3951 1227 4007 sed
1259 3952 1360 4007 hoc
1385 3948 1706 4009 domandum
1733 3956 1815 4003 est
1837 3988 1854 4013 ,

262 4050 412 4122 quod
441 4049 646 4104 resistit
693 4064 707 4101 :
754 4061 884 4102 caro
908 4055 1086 4100 autem
1113 4042 1312 4104 Christi
1354 4041 1485 4097 nihil
1516 4039 1745 4095 habebat
1772 4039 1855 4093 iu-

265 4143 562 4209 domitum,
593 4155 692 4196 nec
721 4141 773 4194 in
798 4138 977 4209 aliquo
1016 4136 1226 4206 spiritui
1250 4133 1563 4196 resistebat,
1596 4140 1654 4186 ut
1675 4132 1742 4187 ab
1770 4131 1858 4186 illo

264 4248 390 4291 eam
400 4232 607 4288 (λοιποτί
619 4239 907 4301 oporteret;
916 4230 1039 4296 Quo
1050 4227 1321 4298 proposito
1338 4223 1676 4296 perfectionis
1686 4238 1863 4279 excto-.-

271 4327 394 4398 plo,
426 4324 494 4378 ad
524 4323 627 4378 hoc
669 4336 729 4377 se
759 4321 920 4376 debet
962 4320 1139 4375 omnis
1179 4318 1417 4377 imitator
1450 4317 1772 4379 extendere,
1805 4326 1862 4370 ut

269 4414 736 4486 Concupiseentias
767 4413 977 4475 carnis,
1021 4426 1156 4481 quas
1181 4417 1328 4466 vetat
1362 4407 1649 4476 Apostolus
1676 4407 1859 4476 perlici

275 4507 476 4580 (Calai.
506 4524 538 4561 v
557 4548 573 4575 ,
604 4507 695 4576 l6)
715 4547 731 4572 ,
762 4498 961 4560 nitatur
987 4512 1144 4573 atque
1165 4509 1313 4570 eptet
1337 4499 1549 4569 penitus
1571 4515 1677 4552 non
1699 4499 1863 4557 habe-

273 4616 336 4658 re
369 4617 385 4654 :
412 4600 492 4654 sic
514 4600 658 4653 enim
683 4612 783 4652 eas
798 4605 968 4664 potest
994 4599 1248 4665 provectu
1271 4589 1580 4661 quotidiana
1599 4589 1859 4659 minuere,

274 4704 411 4762 quas
436 4688 606 4752 rutilas
632 4687 825 4742 habent
842 4686 1014 4739 salute
1039 4683 1294 4752 perfecta.

351 4799 531 4858 ωνιιι.
558 4799 676 4855 Jun.
706 4797 788 4854 'l‘u
812 4797 979 4868 igitur
999 4838 1013 4859 ,
1056 4802 1116 4849 ut
1140 4791 1318 4847 omnia
1340 4833 1355 4857 ,
1385 4787 1757 4860 profanissime
1781 4787 1864 4844 cf—

280 4892 421 4946 fatus
459 4905 551 4956 es,
599 4891 651 4943 in
679 4886 879 4943 Christi
924 4898 1084 4939 carne
1112 4896 1219 4936 non
1260 4880 1423 4934 fuisse
1452 4878 1595 4947 quod
1621 4879 1866 4932 humanae

281 4998 483 5039 natura:
512 4990 595 5038 est
625 4999 640 5034 :
668 4979 808 5051 quod
850 4984 995 5033 certe
1035 4975 1101 5030 de
1130 4973 1274 5029 nulla
1314 4972 1603 5041 Scriptura:
1630 4969 1865 5028 rationa-

283 5079 402 5134 bilis
429 5091 561 5131 vena
580 5119 595 5140 ,
625 5073 720 5130 sed
750 5072 817 5127 de
842 5069 957 5126 solo
989 5065 1402 5123 Manichtcorum
1432 5077 1588 5134 emno
1616 5062 1867 5130 deceptus

284 5169 527 5224 hausisti.
559 5167 753 5223 Verum
784 5176 839 5218 ut
879 5163 1048 5231 major
1073 5159 1223 5229 copia
1253 5155 1599 5212 defendenda:
1627 5154 1868 5208 veritatis

283 5269 575 5332 appareat,
603 5255 961 5319 concedamus
1001 5261 1050 5308 te
1077 5251 1371 5306 somniasse
1391 5288 1406 5313 ,
1438 5248 1491 5301 in
1517 5247 1727 5302 Christo
1752 5260 1870 5300 car-

286 5354 367 5413 nis
406 5366 562 5423 quam
604 5350 737 5406 dicis
782 5343 1269 5416 concupiscentiam
1304 5344 1422 5396 ‘nou
1472 5339 1665 5405 fuisse;
1719 5338 1865 5409 quod

288 5454 433 5504 certe
463 5445 515 5501 in
536 5441 811 5505 Manichtei
842 5441 987 5512 prius
1008 5482 1022 5505 ,
1051 5446 1236 5511 postea
1264 5436 1316 5490 in
1347 5432 1666 5504 Apollinaris
1694 5431 1872 5487 furore

353 5584 370 5616 ι
409 5580 704 5631 νίιιιιὶριιίιιεε
728 5582 859 5628 Itane
874 5573 1038 5626 doctor
1060 5571 1149 5623 iste
1164 5566 1406 5624 Ecclesia
1475 5574 1530 5616 Μ.

345 5645 374 5694 ,ί
405 5637 563 5693 Codex
589 5648 736 5698 l‘ort.,
754 5637 993 5701 quatiam.

356 5706 375 5736 ³
408 5692 526 5760 Edili
546 5736 561 5763 ,
585 5708 629 5753 et
659 5692 750 5752 non
767 5692 1009 5751 residens.
1037 5696 1334 5757 Castigantur
1354 5692 1411 5740 ad
1436 5697 1537 5740 \tss.

1582 277 1783 334 LIBER
1820 278 2166 346 QUARTUS.

3375 286 3512 341 43-75

1952 393 2258 449 damnatum
2287 402 2369 449 est
2396 411 2409 449 :
2444 402 2533 450 tuo
2579 402 2757 451 tamen
2802 397 2928 468 quid
2958 398 3123 469 possit
3152 397 3386 471 dogmati
3414 400 3526 454 sut—

1956 482 2183 553 fragari;
2212 498 2334 538 cum
2379 500 2483 538 non
2515 485 2766 540 continuo
2814 498 3127 557 sequeretur
3153 488 3346 543 malum
3374 502 3523 553 esse,

1951 573 1994 628 si
2022 573 2145 644 quid
2177 574 2264 629 ille
2307 590 2583 631 assumere
2611 577 2866 632 noluisset
2893 578 2909 609 ¹
2927 579 2953 632 ἲ
2977 579 3238 644 Quoniam
3268 577 3527 648 gradatim

1950 665 2315 720 crescentibus
2368 665 2573 721 meritis
2618 666 2915 736 bonorum,
2966 669 3234 723 diceretur
3284 671 3387 723 isse
3434 681 3527 738 per

1950 756 2185 826 optima,
2218 771 2315 811 nec
2344 756 2480 811 bona
2516 766 2693 812 tamen
2725 758 2856 813 infra
2887 775 2946 814 se
2985 761 3156 814 locata
3192 759 3524 827 superiorum

1951 846 2209 902 electione
2232 846 2533 904 damnasse.
2557 848 2833 916 Quomodo
2858 849 3000 903 enim
3034 850 3242 925 nuptias
3268 864 3371 902 non
3400 848 3534 902 infa-

1950 937 2113 995 mavit
2134 981 2150 1005 ,
2198 939 2551 1010 integritatem
2588 950 2800 994 Secutus
2834 959 2845 992 :
2877 941 2944 995 ita
2975 957 3072 995 nec
3102 957 3317 995 sensum
3357 939 3534 995 carnis

1949 1030 2194 1100 genitalis
2239 1030 2574 1097 damnasset,
2624 1032 2670 1085 si
2712 1032 2829 1100 ejus
2872 1032 3279 1101 possibilitatem
3326 1045 3424 1085 nec
3482 1034 3536 1086 in

1950 1118 2242 1179 substantia
2265 1134 2359 1173 sua
2383 1119 2579 1174 habere
2604 1120 2875 1175 voluisset.

2021 1208 2158 1267 Anc.
2180 1207 2295 1262 iam
2326 1211 2569 1278 superius
2596 1209 2741 1277 dixi,
2773 1210 2911 1279 quod
2953 1209 3195 1287 Christus
3227 1225 3328 1262 non
3361 1209 3531 1262 solum

1952 1312 2056 1364 non
2090 1299 2447 1367 perpetravit,
2500 1299 2592 1354 sed
2623 1316 2721 1354 nec
2771 1296 3072 1373 concupivit
3101 1301 3277 1355 illicita
3298 1343 3311 1366 ,
3354 1309 3408 1354 ut
3438 1300 3536 1352 im-

1952 1388 2122 1458 pleret
2150 1389 2316 1459 legem
2348 1390 2632 1460 dicentem,
2656 1390 2774 1444 Non
2799 1393 3130 1464 concupisces.
3164 1393 3272 1448 Hoc
3296 1403 3441 1447 certe
3470 1390 3535 1444 de

1951 1487 2149 1536 sancta:
2173 1479 2460 1550 Scriptura:
2486 1499 2616 1537 vena
2636 1526 2649 1546 ,
2682 1500 2787 1542 non
2817 1483 2883 1538 de
2926 1500 3082 1549 emno
3122 1483 3532 1539 Manichzeorum

1952 1578 2131 1624 manat
2173 1570 2223 1625 in
2266 1572 2427 1626 corda
2460 1572 2694 1628 fidelium
2716 1617 2731 1640 ,
2762 1576 2904 1647 quod
2945 1588 3182 1631 vestrum
3213 1576 3402 1646 dogma
3442 1591 3537 1630 ex-

1951 1659 2168 1729 Stinguit
2191 1659 2516 1725 biereticnm.
2545 1662 2855 1721 Somniasse
2905 1682 2990 1722 me
3019 1666 3182 1732 dicis,
3217 1685 3322 1722 non
3371 1667 3535 1722 fuisse

1952 1748 2004 1802 in
2048 1747 2259 1804 Christo
2306 1753 2482 1806 carnis
2512 1756 2995 1825 concupiscentiam
3035 1757 3239 1829 spiritui
3282 1758 3536 1812 resisten-

1954 1848 2093 1906 tem;
2145 1840 2297 1911 cujus
2340 1851 2395 1896 tu
2438 1846 2598 1898 etiam
2646 1845 2773 1914 ipsis
2821 1848 3040 1902 somniis
3082 1864 3185 1902 non
3228 1848 3535 1919 pepercisti.

1958 1930 2230 1989 Dormisse
2259 1934 2453 2006 quippe
2496 1936 2739 1990 novimus
2775 1935 3077 2002 Christum,
3108 1939 3158 1992 iu
3203 1955 3308 2009 quo
3340 1938 3381 1992 si
3423 1949 3540 1995 erat

1953 2020 2051 2074 ista
2097 2031 2185 2075 tua
2228 2034 2509 2093 suscepta,
2544 2026 2779 2095 profecto
2822 2029 3026 2097 sopitos
3069 2028 3185 2097 ejus
3229 2043 3417 2082 sensus
3443 2028 3540 2081 ali-

1952 2111 2164 2179 quando
2209 2128 2304 2182 per
2344 2114 2467 2168 talia
2516 2117 2723 2170 somnia
2758 2118 3071 2185 deludebat,
3120 2129 3176 2171 ut
3202 2118 3301 2173 sibi
3330 2120 3351 2150 ¹
3378 2118 3537 2172 etiam

1953 2202 2308 2259 concumbere
2353 2204 2661 2272 videretur,
2702 2216 2861 2276 atque
2903 2208 2972 2262 ita
3003 2223 3127 2262 caro
3151 2208 3267 2277 ejus
3303 2209 3404 2262 isto
3449 2216 3539 2261 tuo

1954 2291 2095 2348 bono
2123 2294 2429 2351 stimulante
2468 2305 2733 2351 commota
2754 2339 2768 2364 ,
2802 2308 2854 2353 et
2892 2299 2945 2353 in
2991 2300 3194 2353 irritum
3223 2298 3540 2353 extenderet

1953 2382 2202 2451 genitalia
2228 2391 2280 2438 et
2310 2383 2457 2439 irrita
2485 2385 2785 2443 cll'underet
2810 2388 3036 2444 semina.
3062 2389 3115 2445 Si
3145 2398 3319 2443 autem
3341 2390 3440 2444 hoc
3470 2390 3538 2445 de

1953 2472 2150 2537 Christi
2180 2489 2339 2530 carne
2361 2475 2382 2507 ³
2407 2477 2628 2534 credere
2657 2480 3024 2535 contremiscis
3053 2482 3179 2553 (non
3207 2482 3347 2536 enim
3378 2480 3454 2536 sic
3478 2496 3541 2536 es

1954 2558 2222 2631 lapideus,
2270 2572 2328 2619 ut
2365 2581 2470 2620 non
2501 2569 2913 2638 contremiscas,
2945 2569 3085 2640 quod
3128 2586 3227 2642 ego
3249 2612 3265 2637 ,
3292 2570 3537 2642 quamvis

1954 2661 2012 2707 ut
2050 2662 2100 2708 te
2142 2653 2544 2726 redarguerem,
2585 2657 2701 2714 sine
2727 2660 2906 2714 cordis
2954 2669 3129 2715 tamen
3174 2670 3405 2716 tremore
3431 2678 3535 2716 nou

1952 2745 2120 2818 dixi);
2154 2746 2394 2817 profecto
2436 2749 2590 2806 fateri
2618 2735 2813 2821 debes,
2842 2761 3045 2807 naturre
3070 2751 3267 2808 Christi
3298 2769 3402 2807 non
3444 2768 3537 2807 so-

1954 2834 2064 2890 lum
2110 2836 2223 2892 sine
2271 2837 2828 2909 dispendio'defuisse
2865 2841 3025 2896 talem
3068 2843 3243 2896 carnis
3278 2841 3536 2913 concupi-

1954 2927 2233 2994 scentiam,
2259 2945 2441 2985 verum
2469 2932 2626 2986 etiam
2658 2947 2776 2986 cum
2805 2918 3156 3002 perfectarum
3189 2931 3344 2989 laude
3370 2933 3537 2986 virtu-

1948 3010 2100 3085 tum,
2131 3018 2340 3089 qualem
2385 3018 2871 3092 concupiscentiam
2903 3023 3145 3077 novimus
3190 3023 3334 3076 carni
3375 3031 3539 3077 ciete-

1954 3122 2136 3167 rorum
2187 3107 2456 3161 hominum
2495 3119 2549 3164 et
2577 3110 2811 3179 ipsorum
2857 3125 2962 3164 non
2990 3111 3179 3165 deesse
3208 3123 3536 3170 sanctorum.

1954 3196 2106 3264 Quod
2149 3207 2325 3252 autem
2354 3198 2524 3265 dicis,
2572 3214 2676 3255 non
2703 3215 2822 3255 esse
2850 3215 3179 3271 consequens
3206 3206 3265 3256 ut
3289 3201 3392 3255 hoc
3418 3218 3536 3257 ma-

1955 3289 2062 3343 lum
2095 3289 2196 3354 sit,
2228 3283 2445 3357 etiamsi,
2466 3290 2730 3347 concedas
2759 3289 2809 3345 id
2850 3288 3115 3345 Christum
3146 3291 3379 3346 noluisse
3407 3307 3531 3345 sus-

1959 3379 2176 3449 cipere;
2205 3379 2340 3434 sicut
2376 3394 2479 3434 nou
2516 3379 2636 3434 ideo
2662 3380 2931 3435 damnavit
2961 3381 3190 3451 nuptias,
3223 3381 3342 3452 quia
3371 3380 3539 3434 noluit

1958 3470 2155 3529 habere
2183 3471 2486 3542 eonjugium
2516 3492 2531 3526 :
2568 3464 2673 3526 hoc
2705 3472 2771 3525 de
2796 3466 3013 3526 libidine
3044 3488 3293 3543 pecorum
3317 3471 3417 3526 dici
3448 3489 3540 3542 po-

1959 3571 2097 3628 test,
2130 3562 2322 3631 quibus
2364 3561 2483 3616 ideo
2514 3578 2616 3617 non
2661 3569 2746 3617 est
2794 3563 2987 3617 malum
3009 3604 3025 3631 ,
3056 3563 3176 3634 quia
3210 3579 3314 3618 non
3343 3563 3539 3619 habent

1956 3651 2180 3731 rationis
2211 3652 2457 3731 bellum,
2486 3652 2625 3707 unde
2669 3668 2795 3706 caro
2835 3670 3021 3709 eorum
3054 3670 3158 3708 non
3196 3654 3539 3723 concupiscat

1957 3728 2211 3815 adversus
2249 3728 2522 3810 Spiritum;
2552 3743 2692 3812 quod
2722 3759 2850 3797 vero
2882 3746 3079 3798 resistit
3109 3744 3318 3814 spiritui
3367 3745 3540 3797 homi-

1961 3830 2044 3887 nis
2088 3830 2315 3885 volentis
2366 3830 2538 3886 facere
2571 3816 2809 3893 bonum,
2854 3833 3180 3901 quantalibet
3219 3835 3542 3903 loquacitate

1958 3920 2053 3973 abs
2096 3929 2145 3973 te
2175 3918 2521 3987 defendatur,
2569 3935 2671 3972 non
2701 3930 2782 3974 est
2828 3921 3046 3974 bonum.
3075 3922 3162 3976 Sic
3206 3924 3363 3990 igitur
3386 3922 3542 3977 Citri-

1961 4022 2072 4064 stus
2103 4008 2353 4065 abstinuit
2377 4026 2403 4061 a
2434 4021 2650 4079 peccato
2670 4052 2684 4076 ,
2716 4020 2771 4063 ut
2801 4009 3088 4066 abstineret
3114 4014 3271 4066 etiam
3300 4014 3365 4066 ab
3396 4014 3542 4067 eunti

1961 4101 2248 4171 cupiditate
2295 4101 2495 4169 peccati
2549 4117 2562 4153 :
2617 4117 2720 4155 uon
2751 4112 2808 4155 ut
2855 4101 2905 4156 ei
2945 4102 3189 4157 existeuti
3238 4104 3540 4170 resisteret,

1963 4196 2055 4252 sed
2080 4204 2133 4251 ut
2163 4196 2246 4251 illa
2275 4211 2542 4264 nunquam
2572 4211 2786 4266 prorsus
2809 4196 3094 4262 existeret;
3124 4212 3228 4251 non
3254 4197 3394 4266 quod
3423 4211 3541 4251 eam

1964 4304 2069 4342 non
2114 4296 2290 4358 pos-ct
2332 4285 2528 4343 habere
2566 4288 2609 4340 si
2656 4288 2845 4351 vellet,
2876 4287 2967 4341 sed
3010 4302 3114 4341 non
3153 4297 3299 4341 recte
3342 4287 3543 4351 vellet,

1965 4378 2102 4447 quod
2133 4392 2254 4432 eum
2277 4392 2400 4431 raro
2430 4377 2631 4446 peccati
2659 4393 2817 4446 quam
2848 4392 2953 4430 non
2982 4377 3229 4446 gerebat,
3262 4376 3419 4430 etiam
3456 4378 3540 4429 iu-

1966 4469 2130 4521 vitum
2162 4466 2360 4522 habere
2391 4482 2493 4520 non
2517 4476 2748 4535 cogeret.
2780 4466 3007 4520 Proinde
3034 4466 3121 4520 ille
3149 4467 3228 4520 vir
3259 4466 3543 4535 perlectus,

1967 4575 2070 4620 non
2104 4554 2199 4627 per
2244 4556 2726 4625 concupiscentiam
2777 4565 2962 4620 natus,
3013 4573 3132 4626 quae
3183 4556 3549 4613 indill'ercnter

1967 4650 2166 4719 appetit
2192 4658 2245 4703 et
2290 4648 2471 4703 illicita
2517 4657 2568 4700 et
2600 4647 2768 4712 licita,
2816 4647 2908 4701 sed
2938 4648 3004 4702 de
3047 4648 3245 4717 Spiritu
3285 4658 3469 4701 sancto
3495 4659 3549 4705 ct

1969 4743 2169 4810 virgine
2210 4740 2368 4795 Maria
2391 4782 2405 4806 ,
2443 4740 2691 4811 quidquid
2724 4742 3043 4811 concupivit,
3076 4743 3253 4809 licuit;
3287 4742 3541 4813 quidquid

1970 4849 2073 4887 nou
2120 4831 2291 4896 licuit,
2323 4847 2429 4897 non
2456 4832 2778 4903 coz;cupivit.
2810 4831 2975 4887 Natus
3002 4833 3143 4887 enim
3171 4833 3239 4889 de
3267 4850 3426 4888 carne
3454 4850 3549 4902 per

1971 4932 2209 4977 Sanctum
2240 4921 2572 4995 concipiente
2597 4922 2850 4991 Spiritum
2873 4962 2886 4986 ,
2912 4922 3048 4975 absit
3086 4932 3142 4975 ut
3168 4924 3217 4976 in
3244 4939 3303 4977 se
3330 4922 3550 4978 haberet

1972 5012 2286 5069 discordiam
2315 5015 2489 5068 carnis
2517 5022 2569 5067 et
2594 5014 2830 5082 spiritus.
3330 5016 3341 5025 ‘

2043 5104 2178 5162 LIX.
2210 5104 2329 5162 Jun.
2361 5106 2428 5159 Et
2455 5113 2511 5158 ut
2529 5121 2615 5159 res
2638 5104 2788 5174 plana
2810 5103 2988 5173 aliquo
3007 5105 3351 5161 confirmetur
3372 5122 3552 5161 exem-

1977 5199 2081 5269 plo,
2115 5192 2304 5251 melius
2332 5205 2414 5250 est
2441 5192 2636 5249 habere
2668 5195 2960 5259 rationem,
2995 5210 3149 5264 quam
3180 5210 3285 5249 non
3319 5196 3550 5251 habere:

1975 5292 2219 5347 homines
2247 5298 2420 5344 autem
2456 5286 2801 5343 ratiooabiles
2844 5285 2965 5342 facti
3004 5298 3161 5354 sunt,
3199 5303 3384 5358 pecora
3428 5300 3554 5340 vero

1976 5380 2353 5439 irrationabilia
2381 5396 2395 5435 :
2428 5395 2533 5433 non
2575 5387 2749 5433 tamen
2785 5377 2905 5433 ideo
2942 5379 3063 5450 quia
3102 5378 3329 5432 humana
3370 5384 3557 5445 uaiura

2043 5568 2059 5597 ³
2093 5561 2382 5626 vtguierins,
2407 5556 2641 5626 relutsset.
2667 5561 2837 5626 Verius
2854 5566 2979 5619 Mss,
3002 5553 3241 5609 ualidam.

2045 5628 2064 5657 ι
2098 5620 2399 5683 \ignierius,
2425 5620 2484 5670 si.
2507 5629 2561 5670 Αι
2586 5629 2709 5683 Mss,
2731 5620 2839 5671 sibi.

2050 5690 2067 5720 ³
2101 5682 2171 5738 t-ie
2191 5690 2294 5753 Mss.
2322 5691 2372 5733 at
2400 5684 2533 5744 editi,
2554 5682 2732 5733 μίτρη).
