3934 6178
432 338 570 396 I375

426 456 856 528 quadrupedibus
883 463 1109 511 antestat
1131 497 1145 520 ,
1177 453 1537 526 quadrupedia
1566 463 1657 506 aut
1683 451 1878 507 malum
1910 450 2007 504 ali-

425 548 567 616 quod
587 589 603 614 ,
633 559 726 603 aut
752 548 942 603 diaboli
972 562 1105 617 opus
1132 560 1252 602 esse
1287 545 1509 601 dicenda
1538 553 1678 598 sunt.
1722 543 1827 598 Fac
1856 557 2005 613 ergo,

426 639 673 705 quoniam
701 637 963 704 Christus,
990 652 1109 693 cum
1136 653 1230 693 sua
1256 636 1492 693 membra
1518 635 1791 700 formaret,
1823 634 2008 689 nolue-

322 774 331 785 ,
425 725 496 780 rit
521 727 597 780 eis
627 742 840 782 sensum
870 727 1166 783 admiscere
1193 727 1521 798 genitalium,
1550 741 1656 796 quo
1683 740 1871 779 usurus
1901 738 2007 778 non

424 828 540 879 erat
570 835 581 869 :
613 833 736 871 num
765 817 883 873 ideo
911 834 1032 874 eum
1061 817 1207 873 Isaac
1226 862 1241 886 ,
1267 818 1462 883 Jacob,
1495 829 1548 873 et
1572 817 1807 872 omnium
1835 830 2008 870 mem-

425 904 520 960 bra
544 907 792 977 ﬁngebat,
817 909 999 979 eisque
1020 919 1074 965 et
1093 925 1276 965 sexum
1297 908 1455 964 dabat
1479 918 1533 963 ct
1553 921 1787 975 sensum,
1810 906 2005 960 malum

416 994 620 1065 aliquid
652 996 914 1053 faciebat?
940 1000 1043 1054 Aut
1068 1000 1132 1054 ad
1160 1000 1272 1053 lucc
1299 1000 1515 1054 veniens
1537 999 1576 1064 ί,
1610 998 1662 1052 itt
1689 997 2007 1067 adjutorium

424 1088 717 1145 advocabat
750 1090 1016 1145 diabolum
1037 1131 1052 1155 ,
1083 1102 1143 1145 ut
1168 1090 1419 1145 membris
1448 1105 1565 1159 quae
1591 1089 1703 1160 ipse
1728 1102 2011 1157 compege-

424 1189 540 1243 rat,
575 1183 873 1235 necessaria
902 1181 1285 1236 oblectamenta
1315 1181 1600 1235 misceret?
1628 1178 1734 1233 Nec
1761 1179 2007 1249 exiguum

337 1283 347 1293 α
425 1268 711 1340 quidquam
739 1271 897 1341 igitur
921 1272 1139 1327 omnino
1167 1271 1327 1343 (sicut
1353 1281 1406 1326 et
1436 1271 1489 1324 in
1520 1271 1648 1335 hoc,
1676 1279 1731 1323 et
1756 1270 1807 1323 in
1836 1269 2012 1338 priore

425 1373 606 1429 Opere,
639 1362 745 1417 Deo
773 1363 1057 1432 adjuvante
1083 1357 1515 1433 monstravimus)
1543 1377 1640 1432 per
1666 1361 1859 1416 Christi
1890 1376 2012 1429 per-

425 1467 612 1508 sonam
651 1464 835 1510 contra
865 1456 1042 1511 divina
1069 1471 1231 1526 opera
1258 1455 1499 1510 obtinere
1532 1440 2014 1525 potuisti..Claruit

426 1542 567 1603 enim
597 1544 727 1600 nihil
756 1546 929 1601 minus
955 1546 1022 1601 de
1047 1555 1233 1602 natura
1260 1545 1556 1610 hominum,
1583 1542 1872 1599 Saivatoris
1893 1558 2014 1597 eor—

427 1646 526 1705 pus
554 1633 823 1691 imbuisse.
928 1704 942 1715 _

499 1725 634 1779 Anc.
665 1727 776 1781 lmo
803 1727 992 1781 claruit
1023 1727 1294 1783 hominum
1321 1737 1587 1795 naturam,
1619 1727 1685 1783 ad
1711 1728 1852 1783 illam
1879 1728 2016 1784 inte-

427 1814 694 1882 gt‘itatem,
722 1818 1114 1884 rectitudincm,
1138 1819 1386 1886 salutem,
1417 1820 1467 1873 in
1493 1835 1595 1888 qua
1625 1820 1866 1888 primitus
1888 1834 2013 1874 con-

430 1901 538 1958 dita
568 1908 681 1971 cst‘,
717 1906 895 1961 minus
925 1907 1037 1962 lucc
1066 1908 1261 1964 habere
1301 1925 1442 1964 nunc
1469 1910 1664 1965 nuntia.
1699 1909 1843 1964 lianc
1870 1910 2014 1964 venit

428 1994 671 2051 Christus
699 1998 1094 2069 redintegrare,
1128 2001 1412 2072 corrigere,
1446 2012 1603 2071 atque
1631 2017 1841 2070 sanare,
1876 2003 2014 2058 inte-

425 2101 520 2159 ger
545 2088 662 2142 sine
694 2089 794 2144 ulla
832 2093 1209 2160 corruptione,
1242 2101 1419 2147 rectus
1453 2093 1569 2148 sine
1598 2094 1704 2149 ulla
1733 2095 2013 2163 pravitate,

424 2174 609 2229 salvus
636 2179 751 2233 sine
778 2180 879 2233 ulla
907 2181 1195 2251 cupiditate
1227 2182 1448 2251 peccati.

498 2266 610 2320 LX.
644 2269 763 2324 Jun.
792 2272 869 2325 Ac
898 2288 994 2341 per
1018 2272 1141 2339 hoc,
1175 2273 1226 2327 in
1252 2289 1314 2329 ea
1346 2283 1531 2329 natura
1559 2290 1663 2329 non
1695 2286 1868 2345 potest
1896 2292 2017 2334 esse

427 2366 726 2426 peceatum,
757 2375 876 2415 eum
906 2361 958 2416 itt
985 2362 1075 2417 illo
1098 2362 1151 2418 in
1176 2378 1281 2434 quo
1309 2372 1415 2419 tota
1440 2372 1544 2432 est,
1566 2365 1699 2420 nihil
1724 2366 2016 2437 iniquitatis

426 2444 701 2503 inventum
728 2458 831 2504 est.
1868 2450 1873 2456 ’

503 2537 637 2593 Auc.
677 2537 1011 2607 Immaniter,
1050 2541 1290 2617 Iuliane,
1329 2541 1702 2623 blasphemas,
1734 2558 2016 2617 coaequans

428 2642 642 2691 carnem
671 2629 867 2693 Christi
910 2641 1225 2689 cancrorum
1266 2634 1541 2695 hominum
1584 2634 1765 2701 carui;
1809 2649 1907 2690 nec
1933 2636 2016 2690 vi-

426 2718 562 2773 dens
580 2721 734 2801 illum
762 2722 972 2780 venisse
1002 2740 1106 2780 non
1138 2725 1189 2780 in
1216 2741 1377 2783 carne
1402 2727 1628 2797 peccati,
1659 2726 1753 2781 sed
1787 2729 1836 2781 in
1863 2727 2014 2783 simi-

428 2809 652 2888 litudine
670 2813 848 2868 carnis
867 2816 1069 2885 peccati
1095 2814 1269 2886 (Rom.
1292 2832 1406 2880 vtu,
1429 2816 1507 2887 ὅ),
1531 2815 1672 2888 quod
1694 2817 1836 2872 nullo
1857 2816 2018 2874 modo

428 2884 620 2960 verum‘
640 2913 802 2970 esset,
832 2884 935 2960 nisi
962 2884 1276 2962 ceterorum
1306 2918 1449 2965 esset
1465 2884 1602 2983 mro
1626 2910 1851 2979 peccati.

500 2991 635 3047 LXI.
666 2991 788 3049 ιω..
824 2995 1268 3068 Concupiscentia
1315 3001 1492 3071 itaque
1532 3015 1787 3069 sexuum,
1818 3004 1932 3058 sive
1961 3001 2016 3059 in

426 3080 629 3147 Christi
671 3099 835 3142 carne
876 3085 1010 3158 fuit,
1052 3090 1165 3146 sive
1192 3106 1298 3177 non
1328 3091 1454 3159 fuit,
1486 3092 1626 3146 mala
1665 3101 1721 3148 et
1756 3091 2017 3153 diabolica

431 3187 538 3243 non
569 3171 811 3232 docetur.

499 3267 637 3339 Aac.
667 3266 1107 3349 Concupiseentia
1137 3272 1313 3331 carnis
1337 3273 1476 3331 mala
1503 3284 1583 3330 est
1603 3315 1618 3341 ,
1647 3282 1701 3331 et
1726 3274 1938 3349 quando
1965 3276 2016 3336 ei

430 3371 539 3427 non
565 3362 896 3427 consentitur
923 3344 988 3416 ad
1016 3364 1213 3422 malum
1242 3381 1256 3418 :
1288 3364 1399 3436 ipsa
1430 3373 1512 3418 est
1545 3364 1720 3431 enim,
1746 3344 1861 3435 qua
1890 3346 2017 3422 caro

427 3451 758 3520 concupiscit
785 3451 1045 3514 adversus
1070 3453 1349 3523 spiritum;
1378 3454 1587 3509 etiamsi
1615 3454 1870 3511 adversus
1897 3471 2016 3514 eam

428 3538 840 3607 concupiscente
865 3540 1051 3609 spiritu
1071 3582 1086 3610 ,
1113 3556 1221 3607 non
1253 3542 1493 3613 perﬁciat
1519 3544 1662 3613 quod
1689 3555 1932 3614 conatur,
1964 3547 2018 3603 id

429 3633 534 3691 est,
566 3642 701 3699 opus
736 3629 955 3695 malum.

501 3717 657 3785 LXIl.
690 3719 810 3789 lup.
844 3719 925 3780 Ad
950 3722 1049 3776 alia
1078 3721 1156 3783 ire
1184 3722 1377 3787 festino
1396 3765 1410 3790 ,
1442 3724 1537 3787 sed
1563 3726 1784 3791 multum
1816 3726 1904 3792 hic
1933 3743 2018 3789 re-

427 3824 547 3869 rum
576 3808 926 3873 admiratione
956 3811 1177 3886 deﬁgor.
1213 3812 1312 3883 Qui
1354 3814 1406 3867 in
1434 3813 1593 3869 alium
1615 3815 1637 3847 ⁸
1668 3824 1844 3872 tantus
1874 3816 2021 3877 furor

427 3909 539 3965 est,
567 3911 624 3955 ut
651 3901 694 3955 si
723 3899 1024 3972 Scripturas
1055 3920 1160 3958 non
1198 3904 1445 3975 intelligis
1466 3948 1480 3973 ,
1508 3906 1590 3961 vel
1620 3915 1705 3961 tua
1740 3906 1880 3963 dicta
1912 3924 2017 3963 non

429 3991 731 4069 poudercs?
755 3992 848 4048 sed
891 3994 960 4047 ita
989 3997 1376 4065 argumentaris
1399 3996 1629 4071 jugiter,
1672 4006 1730 4052 ut
1764 3997 2017 4070 quidquid

425 4081 642 4150 iet-eris,
670 4095 910 4138 recurrat
934 4084 986 4138 in
1016 4093 1065 4140 te
1094 4085 1293 4155 impetu
1320 4087 1625 4160 grandiore,
1655 4087 1841 4142 Dixisti
1867 4104 2017 4145 nem-

431 4186 515 4240 pe,
540 4172 739 4227 nullam
769 4188 889 4228 esse
914 4188 1127 4229 causam
1157 4174 1395 4245 pudoris,
1422 4188 1614 4250 praeter
1633 4178 2018 4254 concupiscen‘

430 4261 554 4321 tiam
582 4263 761 4327 carnis
789 4263 840 4317 in
866 4264 1184 4335 genitalibus
1206 4260 1233 4296 ‘
1256 4266 1485 4320 motibus
1510 4277 1871 4337 apparentem.

497 4351 631 4408 Auc.
658 4351 773 4406 Non
807 4346 907 4411 lioc
934 4353 1064 4408 dixi.
1091 4353 1227 4410 Sunt
1255 4355 1395 4409 enim
1426 4364 1479 4411 et
1502 4357 1621 4412 alim
1646 4372 1821 4413 causa:
1850 4358 2017 4429 pudeo

428 4443 524 4506 ris,
553 4444 667 4498 sive
698 4460 765 4499 ne
796 4443 887 4503 fiat
913 4445 1112 4518 aliquid
1138 4446 1278 4517 quod
1308 4462 1411 4513 non
1439 4448 1613 4513 decet,
1643 4449 1757 4504 sive
1784 4450 1907 4520 quia
1937 4450 2017 4505 fa-

430 4543 571 4586 ctum
613 4544 716 4591 est.
763 4535 869 4591 Sed
915 4536 1072 4607 hujus
1115 4536 1333 4611 pudoris
1374 4537 1443 4593 de
1485 4554 1590 4609 quo
1624 4554 1763 4594 nunc
1791 4541 2015 4611 agimus,

428 4639 550 4677 eum
592 4626 848 4694 quaeritur
887 4643 1078 4696 causa,
1124 4628 1213 4683 illa
1255 4630 1532 4686 verissima
1581 4630 1874 4700 reperitur,
1914 4646 2019 4701 qua

427 4712 626 4767 factum
657 4723 739 4769 est
768 4725 825 4768 ut
850 4716 965 4772 hare
993 4719 1228 4773 membra
1257 4720 1500 4789 pudenda
1528 4721 1741 4791 proprie
1764 4737 2018 4785 vocaren-

326 4866 329 4867 ν
430 4812 545 4868 tur,
576 4819 692 4874 qum
721 4805 868 4876 prius
894 4808 1139 4878 pudenda
1171 4824 1273 4864 non
1307 4811 1545 4878 fuerunt,
1577 4812 1789 4883 quando
1815 4814 1889 4868 illi
1919 4814 2019 4868 lto-

428 4893 602 4950 mines
628 4896 755 4951 recti
785 4904 944 4966 atque
969 4897 1187 4968 perfecti
1219 4900 1343 4954 nudi
1374 4911 1546 4967 erant,
1576 4912 1630 4957 et
1656 4918 1759 4958 non
1786 4904 2020 4974 pudebat

428 5000 541 5040 cos.
569 4987 719 5053 Quod
759 4989 803 5044 si
845 4989 1134 5061 prudenter
1166 4992 1402 5063 cogitare
1442 4994 1732 5060 voluisses,
1766 5010 1872 5051 non
1904 4996 2019 5066 ipse

429 5076 760 5145 impudenter
787 5080 993 5135 veritati
1024 5081 1469 5137 manifeSLissimte
1499 5084 1805 5144 restitisscs.

497 5165 680 5221 LXIII.
712 5168 830 5223 Jun.
878 5170 1008 5226 Esse
1048 5181 1225 5231 autem
1275 5173 1607 5244 sacrilegium
1637 5173 1678 5242 ⁸,
1713 5174 2017 5243 pudendum

425 5255 623 5327 aliquid
654 5259 794 5329 quod
823 5260 959 5315 Deus
987 5260 1177 5318 fecisse
1205 5264 1481 5329 credatur,
1517 5273 1710 5336 prarter
1736 5268 1875 5322 hanc
1899 5282 2018 5322 car-

425 5349 511 5405 nis
534 5350 1017 5420 concupiscentiam
1043 5352 1282 5422 judicare
1312 5373 1326 5411 :
1353 5356 1623 5416 Christum
1643 5372 1772 5412 vero
1796 5372 1901 5413 non
1924 5357 2018 5413 lia-

493 5528 509 5591 ῗ
545 5526 704 5591 Pedes
727 5534 873 5591 Ροιξῑη
896 5534 979 5591 φη
1002 5526 1106 5578 Ιτωε
1127 5527 1348 5591 veniens;
1369 5532 1566 5590 omisso,
1591 5532 1674 5581 ad.

489 5588 510 5657 ξ
546 5589 661 5638 Fditi
684 5603 698 5637 :
720 5588 1027 5657 animalum.
1052 5588 1351 5655 Castigantur
1372 5606 1469 5657 ope
1491 5588 1669 5644 codicis
1691 5599 1815 5643 Port.

490 5648 510 5713 ἦ
548 5658 692 5713 I-ort.,
716 5649 1008 5713 genitalium.

492 5710 510 5736 ⁸
547 5712 618 5758 sic
640 5710 745 5779 uss.
777 5721 831 5779 A_t_
868 5713 1002 5771 editi,
1027 5712 1330 5779 sacrilegio».
1376 5723 1429 5779 Et
1451 5716 1572 5779 infra
1600 5715 1858 5773 ferebant,
1882 5711 2015 5779 ἕηςίί-

425 5781 539 5835 εφέ
555 5802 570 5831 ,
594 5784 696 5846 pro,
715 5772 945 5834 jttdt'cm'c
974 5787 993 5826 :
1016 5789 1072 5827 ac
1089 5811 1103 5837 ,
1126 5772 1476 5832 invirecundia:
1492 5816 1506 5842 ,
1531 5777 1666 5837 loco.
1689 5772 2007 5829 uerecundia.

1100 335 1340 394 OPERIS
1378 334 1790 390 IMPERFECTI
1830 332 2098 390 CONTRA
2138 328 2500 404 JULIANUM,
2539 334 2596 391 St
2637 333 3017 394 AUGUSTINI‘

3523 398 3539 408 ,
3563 344 3707 401 15τῦ

2111 448 2299 503 buissc
2319 447 2454 503 hanc
2479 448 2957 519 concupiscentiam
2988 449 3192 515 carnis,
3232 455 3706 522 quaetmrtaiibus

2114 537 2237 592 facit
2261 553 2473 593 causam
2504 539 2736 609 pudoris.
2774 540 2908 608 Quid
2947 539 3106 612 igitur
3131 542 3198 596 ad
3225 541 3342 597 haec
3364 557 3697 613 occurreret;

2113 643 2219 683 non
2248 628 2454 692 vidisti,
2496 630 2742 686 videlicet
2771 630 2969 685 nudum
3007 646 3168 698 eum,
3210 631 3260 686 id
3294 642 3379 689 est
3401 633 3701 702 Christum,

2113 718 2495 773 conventiculis
2513 718 2762 775 debuisse
2787 719 3032 785 misceri;
3062 735 3166 776 nec
3185 720 3415 793 aliquem
3440 740 3704 781 verecun-

2112 808 2214 863 dia:
2241 809 2435 865 habere
2460 821 2782 880 respectum,
2809 827 2879 867 ne
2905 811 3237 882 sacrilegium
3264 815 3403 885 quod
3426 830 3705 874 commcn-

2114 902 2242 956 taris
2278 902 2605 970 incurreret,
2633 904 2686 958 in
2712 919 2871 961 carne
2896 905 3145 962 videlicet
3172 920 3266 961 sua
3286 949 3301 972 ,
3343 924 3462 978 quae
3497 926 3704 965 concu-

2115 993 2425 1064 piscentiam
2465 1010 2572 1050 non
2615 994 2876 1062 habebat,
2913 995 2981 1052 de
3015 998 3127 1051 suis
3162 1007 3217 1052 et
3245 998 3417 1053 Patris
3448 1002 3704 1070 operibus

2113 1084 2456 1140 erubescens.
2488 1085 2544 1141 Si
2585 1095 2761 1142 autem
2800 1088 2849 1142 ei
2893 1096 2947 1141 et
2981 1088 3412 1163 concupiscentia
3444 1105 3553 1145 non
3582 1091 3702 1158 fuit,

2114 1187 2168 1232 et
2194 1187 2370 1230 tamen
2399 1177 2485 1232 ille
2513 1187 2596 1233 est
2625 1177 2841 1246 pudoris
2871 1177 3081 1233 functus
3119 1179 3329 1245 ofiicio;
3362 1180 3705 1236 irrefutabii‘i-

2116 1275 2197 1319 ter
2220 1267 2378 1320 etiam
2409 1267 2698 1322 secundum
2730 1275 2783 1323 te
2807 1269 3151 1338 approbatur,
3180 1271 3556 1325 verecundiam
3579 1286 3706 1327 cor-

2114 1358 2229 1427 pori
2259 1357 2490 1413 humano
2514 1358 2745 1413 debitam
2768 1400 2783 1426 ,
2815 1373 2919 1413 non
2946 1360 3129 1415 calori.

2185 1448 2319 1505 Anc.
2353 1447 2455 1502 Ista
2482 1457 2568 1503 tua
2594 1449 2802 1504 ratione
2828 1458 2934 1503 tam
2962 1460 3114 1505 acuta
3142 1458 3196 1505 et
3218 1451 3511 1521 exquisita,
3539 1452 3705 1510 debet

2116 1540 2296 1610 negari
2321 1539 2615 1610 baptismus
2641 1540 2858 1596 Joannis
2884 1541 3039 1596 datus
3065 1542 3225 1598 fuisse
3252 1543 3306 1597 in
3335 1545 3706 1613 paenitentiam

2117 1639 2476 1702 peccatorum,
2503 1633 2625 1703 quia
2650 1648 2716 1688 eo
2740 1633 3034 1703 baptizatus
3056 1643 3139 1689 est
3165 1634 3439 1699 Christus,
3466 1636 3556 1705 qui
3581 1637 3703 1692 nul-

2116 1723 2227 1778 lum
2258 1722 2487 1778 habebat
2513 1723 2734 1778 omnino
2766 1733 3062 1794 peceatum.
3097 1724 3156 1781 Si
3182 1732 3362 1780 autem
3386 1726 3565 1795 potuit
3599 1727 3703 1783 alia

2116 1824 2296 1881 ausa,
2324 1830 2430 1869 non
2458 1830 2520 1870 ea
2546 1830 2648 1885 qua
2674 1818 2873 1882 caeteri,
2908 1816 3197 1885 baptizari,
3230 1815 3281 1870 id
3302 1824 3413 1881 est,
3442 1831 3553 1871 nou
3577 1833 3706 1887 pro-

2118 1912 2236 1974 pter
2260 1918 2477 1960 earnem
2506 1905 2730 1975 peccati,
2759 1921 2917 1975 quam
2943 1920 3048 1959 non
3074 1901 3338 1969 habebat;
3368 1906 3464 1961 scd
3485 1916 3709 1977 propter

2114 1994 2517 2050 similitudinem
2535 1996 2714 2051 carnis
2734 1996 2957 2066 peccati,
2982 2010 3141 2065 quam
3165 2011 3262 2065 pro
3284 1996 3560 2051 liberanda
3581 2012 3709 2066 pec-

2117 2086 2220 2141 cati
2247 2099 2408 2139 carne
2445 2094 2791 2155 susceperat:
2823 2086 2992 2156 potuit
3022 2085 3180 2140 etiam
3219 2086 3460 2142 membra
3501 2094 3705 2157 tegere,

2118 2189 2224 2229 non
2255 2189 2317 2229 ea
2343 2189 2501 2229 causa
2528 2190 2629 2244 qua
2657 2175 2871 2239 caeteri;
2905 2174 2999 2230 sed
3038 2184 3098 2229 ut
3131 2175 3209 2230 sic
3245 2185 3569 2245 congrueret
3607 2193 3707 2247 pu-

2117 2265 2291 2321 denda
2326 2266 2652 2336 tegentibus,
2681 2266 2814 2322 nihil
2853 2267 3053 2323 habens
3079 2266 3417 2338 pudendum
3446 2269 3709 2338 quenad-

2117 2356 2333 2421 modum
2350 2356 2646 2427 baptizatus
2657 2357 2903 2429 congruit
2917 2358 3316 2430 pauitantibus,
3336 2359 3468 2414 nihil
3482 2360 3712 2419 abluens

2116 2447 2504 2518 pmnitendum.
2545 2447 2816 2504 Deeebant
2854 2449 3053 2520 quippe
3086 2448 3490 2505 similitudinem
3528 2452 3712 2508 mis

2118 2537 2356 2607 peccati,
2384 2551 2448 2592 ea
2472 2537 2664 2608 quibus
2692 2537 2961 2610 indigebat
2983 2553 3109 2596 caro
3130 2538 3359 2609 peccati.
3387 2539 3709 2611 Quanqua-

2117 2635 2173 2683 et
2198 2627 2312 2699 ipsa
2332 2628 2546 2698 species
2572 2627 2790 2684 humani
2814 2630 3061 2700 corporis
3088 2628 3249 2697 nudi,
3278 2630 3600 2702 ubicumque
3626 2632 3713 2691 ita-

2118 2719 2275 2774 solita
2302 2726 2408 2784 est.
2440 2718 2727 2775 humanum
2756 2721 2979 2777 oﬂ‘endit
3004 2732 3302 2793 aspectum.
3330 2721 3487 2779 Uade
3506 2733 3567 2779 et
3593 2725 3711 2779 Au-

2118 2811 2222 2882 geli
2267 2811 2357 2882 qui
2407 2811 2681 2868 hominum
2732 2813 2935 2869 similes
2984 2814 3287 2871 hominibus
3327 2825 3710 2886 apparuerant,

2117 2902 2294 2958 vestiti
2321 2916 2581 2974 apparere
2610 2903 2930 2967 voluerunt,
2960 2906 3098 2960 sicut
3124 2904 3357 2961 humana
3378 2906 3715 2962 consuetudo

2118 2993 2390 3064 poscebat.
2421 2993 2529 3051 Sed
2555 2992 2673 3050 haec
2692 2995 3027 3052 consuetudo
3048 2996 3093 3052 si
3116 2996 3260 3053 unde
3279 2997 3536 3068 originem
3560 3011 3716 3053 δυω-
3760 3052 3767 3057 ,

2119 3087 2287 3158 pserit
2325 3086 2705 3154 recordemur,
2744 3088 2979 3143 occurrit
3002 3089 3156 3158 primi
3182 3088 3610 3159 causapeccati,
3654 3090 3711 3145 in

2119 3178 2223 3235 Illis
2243 3177 2572 3246 hominibus,
2598 3180 2689 3250 qui
2712 3178 3023 3250 priusquam
3048 3189 3352 3251 peceareat,
3378 3181 3629 3238 decenter
3654 3192 3714 3239 et

2119 3267 2344 3326 honeste
2367 3279 2523 3326 erant
2546 3269 2599 3325 in
2622 3269 2741 3325 loco
2761 3278 2922 3325 tautae
2941 3270 3280 3326 beatitudinis
3298 3271 3445 3337 nudi,
3472 3272 3712 3329 nondum

2119 3359 2322 3414 scilicet
2347 3360 2416 3416 de
2441 3376 2545 3416 sua
2563 3375 2727 3416 carne
2746 3401 2763 3427 ,
2793 3375 2914 3430 qua:
2943 3360 3256 3417 iuobedicns
3282 3360 3715 3419 inobedicutihus

2119 3450 2328 3505 reddita
2352 3459 2468 3518 est,
2508 3459 2694 3506 contra
2732 3450 2983 3521 spiritum
3002 3452 3455 3522 concupiscente‘
3479 3452 3711 3509 confusi.

2119 3539 2258 3596 Nihil
2280 3555 2409 3611 ergo
2435 3551 2487 3597 te
2513 3543 2728 3612 adiuvat
2751 3542 2947 3598 Christi
2971 3543 3157 3611 vestis,
3181 3552 3240 3600 ut
3263 3543 3715 3615 eompisccutim

2117 3631 2297 3686 carnis
2323 3629 2577 3688 defensor
2598 3631 2880 3703 impudens
2909 3648 3018 3688 non
3045 3637 3141 3689 sis.

2193 3720 2379 3778 LXIV.
2407 3707 2529 3778 Ius.
2570 3722 2732 3779 Vides
2768 3724 2926 3794 igitur
2969 3723 3164 3779 frustra
3206 3732 3259 3780 te
3299 3734 3573 3794 peccatum
3609 3741 3719 3780 vo-

2119 3826 2302 3878 casse,
2331 3813 2376 3867 si
2398 3814 2419 3847 '
2444 3813 2497 3868 in
2526 3812 2612 3869 bis
2638 3814 2920 3883 operibus,
2960 3830 3081 3884 quat
3108 3816 3250 3870 Deus
3273 3814 3399 3871 fecit
3418 3856 3436 3883 ,
3466 3817 3713 3872 velamen

2088 3927 2102 3941 -
2121 3901 2382 3957 fateamur
2402 3902 2783 3971 adhibendum,
2810 3904 2951 3975 quod
2978 3905 3234 3961 Dominus
3255 3914 3440 3962 noster
3458 3915 3516 3962 et
3537 3906 3717 3967 homi-

2121 3993 2207 4058 nis
2234 3995 2490 4049 formator
2519 3994 2781 4063 instituit,
2823 4004 2878 4051 et
2908 3996 3075 4051 homo
3111 3995 3282 4054 factus
3318 3999 3578 4055 exercuit.
3608 3999 3718 4057 Det

2120 4098 2250 4141 sane
2289 4085 2498 4141 veniam
2536 4087 2837 4142 reverentia
2867 4087 3272 4158 Redemptoris,
3313 4090 3435 4158 quia
3460 4089 3530 4146 ad
3554 4104 3713 4146 asse-

2120 4174 2341 4230 rendam
2369 4174 2649 4231 veritatem
2668 4178 2938 4248 mystcrii,
2964 4177 3484 4249 Manichteontmque
3508 4180 3714 4251 ﬂagitia

2120 4267 2440 4323 destruenda
2460 4307 2475 4334 ,
2504 4268 2773 4339 loquimur
2807 4268 2875 4325 de
2908 4285 3070 4325 carne
3096 4270 3215 4340 ejus
3241 4269 3529 4336 audacter;
3566 4273 3715 4341 quod

2121 4358 2223 4414 nisi
2258 4357 2391 4413 ﬁdes
2414 4359 2683 4430 exigeret,
2718 4359 3021 4415 reverentia
3045 4360 3285 4417 modesta
3314 4375 3421 4420 non
3447 4369 3714 4432 tangeret.

2191 4449 2329 4506 Auc.
2357 4448 2474 4504 Non
2501 4448 2760 4505 audacter
2795 4449 3048 4506 decarue
3071 4447 3269 4511 Christi
3296 4450 3536 4519 loqueris
3562 4466 3712 4516 vera,

2120 4541 2225 4597 sed
2242 4541 2522 4597 infeliciter
2548 4540 2719 4607 falsa;
2748 4556 2853 4596 non
2883 4541 2950 4596 ad
2977 4542 3386 4609 uestiebatur!!!)
3405 4581 3422 4607 ,
3452 4542 3591 4597 sicut
3618 4542 3713 4598 lilii

2121 4633 2377 4688 blandiris
2396 4674 2410 4697 ,
2439 4633 2633 4704 ﬂagitia
2662 4633 2984 4692 destruenda
3005 4674 3023 4700 ,
3054 4633 3355 4704 sedpotius
3388 4632 3714 4703 adiuvanda.

2122 4723 2179 4780 Si
2209 4723 2553 4779 Manicbtcum
2596 4725 2800 4794 cogitas
2840 4724 3092 4791 vincere,
3142 4723 3251 4780 noli
3282 4723 3489 4778 dicere
3515 4724 3716 4779 bonum

2120 4831 2242 4872 esse
2268 4815 2520 4886 quod-est
2548 4816 2746 4871 malum
2758 4833 2781 4883 ,;
2815 4816 2909 4875 sed
2938 4815 3023 4881 die
3048 4815 3191 4871 unde
3212 4816 3293 4885 sit,
3305 4816 3505 4871 malum
3524 4860 3537 4879 ,
3568 4818 3715 4886 quod

2121 4906 2540 4963 ostenderenon
2582 4916 2736 4976 potes
2773 4905 2992 4967 bonum.
3026 4905 3137 4977 Hoc
3164 4907 3307 4975 enim
3336 4920 3455 4961 esse
3482 4906 3550 4961 de
3576 4922 3722 4977 pra:-

2121 4998 2452 5054 varicatioue
2470 4998 2624 5068 primi
2650 4997 2883 5064 hominis
2907 4999 3038 5067 dum
3058 5013 3165 5065 non
3192 4998 3272 5065 vis
3290 5013 3410 5065 cum
3430 4998 3719 5062 Ambrosio

2121 5090 2302 5147 dicere
2330 5089 2667 5164 (Ambrosius,
2693 5091 2782 5156 lib.
2810 5090 2841 5145 7
2866 5092 2920 5148 ia
2946 5088 3075 5147 Luc.
3099 5089 3193 5162 xu)
3211 5132 3228 5155 .
3259 5089 3496 5160 profecto
3522 5092 3714 5156 efficis,

2123 5190 2181 5235 ut
2226 5181 2295 5236 de
2340 5181 2517 5243 aliena
2566 5191 2773 5245 natura,
2803 5181 3126 5251 Manichacus
3173 5196 3361 5247 verum
3404 5195 3466 5247 se
3508 5181 3720 5252 jactitct
3814 5218 3821 5219 κ

2120 5272 2354 5417 ὼῗῗθ.
2386 5362 2505 5419 Jun.
2547 5381 2569 5418 ι
2594 5362 2702 5421 Sed
2732 5363 2861 5429 iste,
2891 5364 3154 5435 rinq‘uis,
3190 5382 3210 5416 ι
3241 5364 3409 5423 noluit
3438 5365 3719 5420 nominare

2118 5454 2601 5524 concupiscentiam
2624 5454 2835 5519 carnis;
2866 5463 3003 5509 tacet
3028 5455 3149 5525 quia
3181 5453 3359 5523 pudet,
3398 5468 3462 5509 ac
3483 5455 3643 5521 mira,
3668 5455 3716 5508 si

2120 5545 2222 5601 dici
2252 5553 2444 5614 potest,
2467 5544 2687 5614 pudoris
2712 5543 3035 5615 impudentia
3059 5545 3335 5599 nominare
3358 5543 3546 5614 pudet,
3568 5543 3715 5614 quod

2184 5720 2200 5750 ι
2236 5718 2378 5767 editi.
2407 5715 3115 5779 concupiscetuiw.Etuetulatur
3140 5716 3200 5768 ad
3223 5722 3329 5768 Mss.
3355 5722 3450 5765 Mar
3492 5724 3543 5767 ct
3566 5723 3694 5768 Pen.

2182 5782 2202 5812 ί
2235 5779 2506 5830 addidimus
2525 5810 2542 5837 .
2559 5778 2621 5840 si,
2644 5793 2704 5829 ex
2731 5786 2810 5829 Ms.
2838 5787 2961 5830 t‘ort.
