3934 6178
223 352 338 412 1377

219 467 406 524 laudare
425 477 522 519 non
547 463 706 532 pudet
735 480 754 512 r
787 459 887 532 (De
908 457 1113 528 Nuptiis
1141 465 1185 508 et
1217 451 1647 522 Concupiscentia,
1670 450 1759 504 lib.

218 560 327 623 2,13.
355 553 461 623 l7).
484 553 735 623 Displicet
763 551 921 620 igitur
950 547 1062 612 tibi,
1091 546 1210 615 quia
1239 544 1482 598 novimus
1505 555 1764 595 verecun-

216 647 341 702 diora
378 652 583 709 nostra,
614 641 902 696 secundum
944 635 1286 706 Apostolum,
1323 631 1621 686 necessaria
1661 628 1762 682 ho-

215 747 395 796 nestate
432 734 651 790 velanda
681 733 731 806 (l
761 733 878 787 Cor.
914 745 987 784 xu
1008 771 1023 795 ,
1057 727 1189 797 ‘23);
1220 725 1339 795 quia
1371 725 1422 777 in
1455 725 1556 777 hoc
1582 721 1762 777 consi-

216 832 325 885 lium
360 827 626 896 sequitut"
663 823 1003 888 Conditoris,
1049 829 1107 874 ut
1148 818 1288 889 quod
1337 817 1423 871 ille
1467 815 1519 870 in
1561 824 1764 871 secreta

213 918 427 988 corpo't'is
451 925 601 986 parte
623 913 916 979 constituit,
946 925 1043 966 nos
1059 908 1286 964 totidem
1311 905 1613 963 verecundo
1639 920 1768 975 ope-

215 1011 388 1064 riamus
414 1006 646 1060 obtecto.

272 1101 395 1154 Anc.
420 1097 529 1152 Res
554 1097 688 1153 dicis
716 1095 1004 1162 mirabiles,
1032 1101 1156 1148 tunc
1179 1091 1348 1146 Adam
1374 1097 1428 1146 et
1446 1089 1608 1144 Evam
1631 1086 1768 1142 Con-

215 1190 376 1246 ditoris
398 1204 517 1244 esse
542 1198 751 1244 secutos
773 1186 1075 1247 consilium,
1105 1183 1322 1256 quando
1345 1182 1460 1252 ejus
1483 1181 1768 1236 deseruere

214 1289 548 1351 prmecptum,
600 1277 872 1349 sequendo
918 1276 1196 1331 consilium
1249 1273 1566 1343 deceptoris.
1612 1270 1771 1325 Prius

212 1373 332 1428 enim
373 1387 531 1441 quam
577 1371 680 1424 hoc
720 1370 915 1424 malum
964 1374 1392 1438 perpetrassent,
1435 1379 1557 1420 cum
1598 1363 1771 1418 adhuc

212 1469 371 1515 essent
391 1459 524 1514 recti
544 1467 701 1528 atque
724 1457 965 1528 perfecti,
989 1472 1092 1511 non
1109 1455 1471 1527 sequebantur
1489 1454 1770 1510 consilium

213 1551 513 1618 Conditoris,
537 1559 599 1604 ut
620 1551 760 1620 quod
784 1550 876 1605 ille
904 1549 957 1603 in
984 1556 1188 1604 secreta
1212 1547 1455 1618 corporis
1479 1556 1628 1618 parte
1646 1561 1773 1600 con-

213 1643 387 1707 stituit,
422 1641 622 1696 nudum
665 1641 1060 1710 relinquerent,
1101 1652 1203 1692 nec
1230 1635 1529 1692 verecundo
1558 1635 1774 1690 obtectu

213 1733 402 1803 operire
423 1732 712 1788 curarent?
739 1731 911 1786 Homo
938 1729 1428 1800 impudentissime,
1468 1727 1606 1798 quod
1647 1742 1770 1781 sen-

214 1829 378 1879 serunt
407 1825 625 1895 quando
658 1824 1016 1890 *erubuerunt,
1050 1821 1267 1877 laudare
1305 1821 1457 1891 pejus
1493 1829 1575 1876 est
1614 1834 1771 1890 quam

211 1912 413 1968 nudare.

269 2001 448 2058 LXVI.
485 2002 606 2058 Jun.
647 2002 752 2059 Has
797 2012 976 2058 tamen
1013 2002 1375 2058 elocutionum
1417 2001 1771 2067 diversitates,

207 2107 326 2164 quas
352 2103 409 2149 tu
435 2110 541 2149 non
569 2095 740 2150 solum
771 2109 878 2149 non
906 2095 1163 2160 imitaris,
1191 2109 1374 2149 verum
1411 2094 1568 2149 etiam
1593 2094 1776 2147 crimi~

207 2186 356 2251 uaris,
385 2201 613 2257 quarum
640 2200 739 2240 nos
765 2186 1080 2255 adjuvamur
1106 2184 1317 2248 ofﬁciis,
1343 2199 1453 2239 non
1482 2184 1778 2253 linguarum

206 2277 458 2339 ninnium,
483 2275 576 2331 sed
595 2290 785 2345 graecae
804 2283 860 2330 et
877 2274 1056 2330 latina:
1074 2274 1247 2330 cultus
1272 2274 1490 2328 invenit.
1515 2272 1780 2329 Cancrum

206 2365 391 2436 linguae
429 2365 582 2431 aliae,
613 2381 732 2436 quae
769 2367 1036 2421 naturales
1073 2373 1364 2429 vocantur,
1395 2365 1466 2420 ob
1502 2364 1603 2420 hoc
1639 2364 1782 2436 quod

207 2455 326 2511 nihil
353 2458 437 2511 eis
470 2465 566 2511 aut
600 2471 761 2526 opum
798 2464 892 2510 aut
931 2456 1121 2511 nitoris
1164 2455 1334 2510 studia
1372 2463 1551 2510 secuta
1591 2463 1781 2509 contu~

211 2547 358 2603 ierint
371 2581 391 2613 -,
439 2545 769 2617 simplicibus
807 2547 1026 2600 omnino
1067 2544 1373 2600 nominibus
1418 2544 1781 2599 membrorum

213 2640 488 2696 abutuntur
514 2657 528 2693 :
558 2637 696 2694 unde
721 2647 776 2693 et
799 2637 939 2708 apud
964 2637 1252 2702 Hebraeos,
1284 2649 1511 2706 quorum
1535 2647 1782 2692 sermone

213 2729 590 2799 Scripturarum
628 2729 826 2801 paritas
854 2729 1183 2795 continetur,
1221 2729 1449 2798 propriis
1472 2728 1649 2783 omnia
1681 2742 1781 2785 vo-

215 2819 403 2875 cabalis
441 2819 760 2875 indicantur.

277 2911 408 2969 Anc.
435 2910 662 2966 Initum
682 2908 883 2965 falleris
912 2927 926 2963 :
956 2910 1105 2981 quasi
1131 2909 1185 2965 in
1204 2909 1422 2966 hebraeo
1442 2910 1654 2982 eloquio
1674 2921 1782 2967 neu

213 3001 276 3056 sit
304 3002 504 3072 tropica
545 3001 776 3068 locutio,
822 3001 877 3056 in
911 3015 1014 3072 qua
1045 3000 1228 3072 utique
1255 3015 1360 3056 non
1402 3002 1652 3072 propria,
1690 3003 1786 3058 sed

217 3091 449 3147 translata
500 3103 628 3147 sunt
668 3091 852 3147 verba.
897 3090 1097 3147 Verum
1143 3092 1246 3147 hoc
1283 3092 1665 3162 qualecumque
1691 3093 1786 3159 sit,

214 3183 323 3252 quid
352 3192 404 3239 te
431 3184 732 3255 adjuvat”?
759 3183 817 3238 In
850 3182 1078 3239 hebrmis
1104 3191 1250 3240 certe
1281 3184 1446 3239 sacris
1473 3183 1684 3240 Litteris
1711 3184 1792 3240 le-

215 3274 368 3342 gitur,
395 3285 446 3330 et
471 3275 696 3346 quando
721 3275 794 3330 illi
823 3275 978 3345 primi
1005 3274 1251 3330 homines
1278 3275 1405 3330 nudi
1434 3275 1662 3342 fuerint,
1689 3290 1790 3331 nec

215 3365 441 3433 puduerit
467 3382 604 3432 eos;
636 3377 689 3422 et
714 3365 928 3437 quando
951 3365 1018 3422 de
1042 3382 1136 3420 sua
1164 3366 1402 3421 nuditate
1426 3366 1629 3421 confusi
1658 3368 1784 3437 sint,

215 3469 260 3512 et
283 3475 392 3529 qua:
429 3461 675 3517 membra
705 3461 932 3516 texerint
958 3460 1107 3533 (Gen.
1134 3477 1198 3526 ιι,
1222 3461 1411 3528 25-1";
1440 3462 1529 3532 7);
1571 3471 1629 3517 ut
1668 3479 1790 3533 pos-

215 3562 378 3607 semus
404 3568 572 3610 nosse
597 3553 720 3622 quid
752 3554 1037 3619 senserint,
1068 3562 1122 3608 et
1150 3554 1290 3608 unde
1320 3554 1522 3609 confusi
1552 3557 1680 3610 sint.
1709 3557 1786 3613 Tu

215 3641 252 3695 si
275 3643 349 3698 vis
374 3646 426 3699 in
459 3646 570 3700 hac
598 3658 757 3698 causa
787 3652 840 3699 te
867 3644 1006 3700 unde
1044 3643 1386 3700 confunderis
1427 3653 1637 3716 tegere,
1667 3657 1787 3702 tan-

215 3731 320 3788 dem
357 3744 496 3792 tace.

274 3826 470 3883 LXVII.
522 3827 640 3882 Jun.
682 3825 988 3896 Eademque
1033 3826 1336 3892 securitate,
1386 3842 1490 3897 qua
1534 3827 1699 3897 pedes
1737 3837 1793 3884 et

215 3927 388 3985 genua,
417 3920 588 3975 etiam
613 3918 861 3988 genitalia
892 3917 1167 3987 utriusque
1196 3930 1355 3973 sexus
1381 3927 1654 3973 vocantur.
1685 3920 1790 3976 Nos

160 4060 165 4066 _
215 4020 328 4062 sane
355 4025 451 4064 nec
479 4023 609 4062 cum
641 4008 738 4061 ista
769 4007 1088 4077 suffragetur
1112 4008 1420 4075 auctoritas,
1457 4008 1790 4079 pudentioris

216 4096 389 4166 eloquii
431 4097 759 4153 adminicula
810 4097 1138 4167 ncgleximus
1171 4115 1184 4150 :
1218 4098 1339 4167 quia
1389 4099 1788 4168 reprehensioni

214 4183 506 4251 justissima:
546 4197 708 4257 patet,
741 4188 858 4242 sine
893 4187 1002 4241 ullo
1042 4187 1371 4257 negotiorum
1398 4198 1582 4244 coactu
1612 4191 1794 4260 negle-

216 4286 319 4331 ctus
336 4279 572 4344 decoris,
603 4279 690 4348 qui
722 4295 828 4332 non
855 4277 1030 4332 minus
1057 4278 1108 4331 in
1141 4278 1316 4334 verbis
1342 4295 1499 4348 quam
1530 4281 1581 4333 in
1612 4284 1792 4351 operi-

221 4366 323 4433 bus,
345 4381 602 4440 quantum
629 4371 903 4441 pertulerit
939 4384 1115 4425 causa:
1147 4371 1302 4434 ratio,
1343 4373 1652 4427 retinendus
1689 4384 1790 4428 est.

221 4456 364 4528 Igitur
387 4465 516 4532 quia
542 4460 971 4529 cancupisceutia
1015 4459 1272 4514 naturalis
1316 4476 1414 4515 nec
1455 4462 1671 4529 pudoris
1700 4479 1796 4532 op—

222 4551 419 4617 probrio
447 4553 622 4624 potuit
649 4552 882 4622 coargui,
910 4562 964 4605 et
984 4550 1286 4605 Conditoris
1315 4551 1394 4605 sui
1421 4551 1674 4622 dignitate
1699 4556 1796 4609 de-

221 4639 355 4696 fensa
379 4655 483 4709 est,
515 4642 582 4697 ad
617 4642 717 4697 hoc
741 4643 910 4696 solum
932 4682 946 4707 ,
999 4655 1103 4694 non
1131 4648 1186 4693 ut
1215 4641 1364 4710 quasi
1416 4657 1663 4712 magnum
1695 4645 1794 4699 bo-

222 4745 358 4799 nunt,
385 4735 583 4802 quippe
608 4733 747 4803 quod
778 4731 882 4785 sit’
911 4731 1213 4784 hominibus
1245 4731 1628 4802 pecoribusque
1652 4748 1796 4787 com-

121 4801 126 4848 ί
223 4801 519 4889 mune,sed
547 4801 695 4894 quasi
723 4823 1084 4878 necessarium
1114 4822 1329 4876 sexibus
1361 4823 1793 4893 instrumentum,

222 4935 243 4962 μ
271 4917 385 4987 jure
403 4919 706 4974 daemonum
731 4916 1014 4979 vindicata,
1033 4913 1172 4968 inter
1188 4913 1303 4982 ejus
1323 4929 1483 4982 opera
1510 4915 1796 4984 locaretur,

224 5009 304 5076 qui
326 5009 578 5064 mundum
601 5007 721 5062 fecit
747 5016 800 5061 et
822 5019 1046 5075 corpora
1072 5019 1101 5058 a
1129 5004 1272 5057 nullo
1294 5013 1471 5059 autem
1499 5014 1796 5074 accusatur,

225 5099 316 5152 nisi
346 5115 375 5153 a
414 5100 724 5161 Manichzco,
755 5106 810 5152 et
837 5095 1171 5151 Traduciauo
1198 5093 1313 5163 ejus
1353 5093 1564 5149 hmrede
1589 5111 1603 5146 :
1634 5110 1799 5165 appa-

226 5189 338 5242 ret‘
365 5190 620 5244 naturalis
641 5189 863 5259 peccati,
896 5189 1048 5255 cujus
1078 5199 1236 5241 omne
1267 5184 1568 5255 prazsidium
1606 5185 1659 5240 in
1702 5200 1799 5240 na-

287 5386 494 5448 t't'orte.
517 5384 776 5448 sequimur.

257 5447 304 5520 ,μ’
337 5449 555 5520 medius
574 5443 782 5520 omissus
809 5447 1125 5520 isteﬂversus:
1148 5450 1326 5520 ferum
1347 5443 1439 5518 hoc
1459 5443 1804 5520 qualecumque

229 5506 301 5563 sit,
327 5507 443 5570 quid
468 5515 511 5558 te
532 5509 728 5570 adjuvat
749 5506 772 5556 ?
809 5508 1088 5556 Restituitur
1112 5519 1173 5554 ex
1205 5506 1554 5569 manuscrip’tis.
1725 5506 1735 5510 ⁷

259 5570 310 5632 ’³
344 5570 642 5632 νίειιίθνὶυε,
687 5567 824 5619 absit.
891 5575 1000 5617 nar.
1047 5565 1198 5628 clar.,
1253 5567 1399 5619 adsit.
1459 5569 1619 5618 Codex
1657 5576 1800 5631 Port.,

230 5636 309 5720 ἀἱ
342 5691 645 5760 vignierius.
668 5696 870 5760 apparet
893 5695 1066 5741 autem.
1088 5689 1333 5740 “edundat
1350 5690 1598 5754 partimin,
1627 5701 1805 5755 autem,

231 5762 320 5801 nec
339 5760 416 5803 est
438 5755 486 5801 in
521 5754 866 5815 musciptis.

1536 333 1737 388 LIBER
1777 332 2120 400 QUARTUS.

3307 328 3444 399 {37's

1870 457 2000 504 turte
2049 451 2509 510 criminationibus
2555 455 2812 523 hauebat,
2860 461 3027 510 totum
3056 457 3334 513 evanuiSse
3382 459 3443 513 ﬁ-

1868 552 2160 611 gmcntum.

1941 635 2076 690 Auc.
2119 635 2254 691 Ecce
2275 638 2448 692 adhuc
2473 639 2602 693 dicis
2626 640 3106 710 concupiscentiam
3129 635 3445 708 naturalem,

1869 739 1992 779 ecce
2017 725 2191 780 adhuc
2223 737 2475 796 quantum
2504 739 2672 798 potes,
2703 741 3001 800 susceptam
3034 743 3198 799 tuam,
3230 751 3295 788 ne
3322 751 3446 805 pos-

1841 844 1846 848 -
1870 814 1942 868 sit
1967 830 2086 885 qua:
2113 817 2180 869 sit
2207 816 2692 888 intelligi,contegis
2703 821 2946 891 ambigua
2977 833 3122 879 veste
3142 827 3445 879 verboruni.

1871 902 1976 958 Cur
1995 905 2136 958 enim
2163 921 2267 960 non
2288 907 2436 972 dicis,
2467 908 2905 978 Concupisceutia
2936 916 3144 979 carnis;
3176 915 3269 971 sed
3291 917 3447 991 dicis,

1878 1011 1897 1045 ι
1929 996 2354 1063 concupiscentia
2402 999 2691 1053 naturalis?
2719 1019 2738 1051 ι
2788 1001 2974 1058 Nonne
3017 1007 3464 1073 eoncupiseeutia-

1873 1083 2212 1141 beatitudinis
2237 1098 2318 1140 est
2355 1091 2781 1158 concupiscentia
2813 1095 3103 1148 naturalis?
3142 1096 3250 1149 Cur
3281 1097 3450 1151 ambi-

1871 1191 1972 1246 gue
1998 1176 2267 1246 loqueris?
2295 1179 2460 1246 Quam
2492 1180 2737 1234 tuendam
2774 1185 3082 1252 suscepisti,
3121 1187 3323 1255 appella
3351 1203 3450 1240 suo

1874 1268 2090 1322 nomine
2122 1285 2136 1322 :
2167 1268 2292 1338 quid
2323 1271 2558 1324 vereris?
2599 1273 2680 1325 An
2715 1272 2764 1325 in
2803 1276 2937 1327 mala
2975 1290 3135 1329 causa
3170 1277 3284 1344 ejus
3317 1278 3454 1332 forte

1875 1359 2134 1424 turbatus,
2164 1361 2359 1415 oblitus
2388 1377 2446 1417 es
2467 1363 2596 1433 quid
2623 1366 2875 1434 vocetur?
2910 1366 3022 1420 Iino
3044 1383 3168 1422 vero
3201 1369 3452 1438 vigilante

1875 1452 2152 1518 memoria,
2173 1467 2275 1506 non
2296 1453 2373 1507 vis
2386 1469 2501 1507 eam
2518 1457 2690 1508 carnis
2711 1458 3188 1527 concupiscentiam
3205 1465 3450 1515 nomina-

1876 1555 1961 1594 re:
1981 1542 2116 1595 nosti
2139 1544 2277 1596 enim
2302 1544 2452 1599 laude
2474 1544 2587 1613 ejus
2607 1545 2802 1600 oll‘endi
2818 1563 2931 1611 eos,
2955 1552 3041 1619 qui
3063 1549 3163 1604 hoc
3188 1567 3376 1606 nomen
3397 1552 3452 1606 iu

1875 1626 2161 1699 Scripturis
2178 1635 2374 1687 sanctis
2393 1649 2496 1688 non
2521 1637 2618 1689 nisi
2639 1637 2687 1690 iu
2707 1638 2783 1690 rei
2809 1640 2960 1694 mala:
2979 1641 3361 1708 signiﬁcatione
3379 1644 3454 1697 le-

1875 1731 2085 1790 gerunt.
2105 1721 2207 1776 Isto
2220 1734 2392 1778 autem
2413 1727 2626 1781 nomine
2639 1736 2811 1790 utens,
2830 1739 2881 1782 et
2897 1732 3169 1799 appellans
3193 1749 3308 1786 eam
3326 1749 3456 1787 con-

1875 1811 2254 1880 cupisceutiam
2279 1817 2592 1884 naturalem,
2617 1819 2752 1872 inter
2772 1820 2887 1889 ejus
2904 1836 3063 1890 opera
3087 1823 3262 1877 locare
3293 1839 3454 1879 cona-

1876 1903 1971 1969 ris,
1994 1905 2105 1974 qui,
2132 1914 2190 1960 ut
2207 1906 2336 1962 dicis
2353 1917 2405 1962 et
2422 1924 2600 1964 verum
2613 1920 2721 1977 est,
2745 1914 2988 1966 mundum
3004 1914 3119 1983 fecit
3149 1925 3193 1968 et
3206 1933 3415 1987 corpora
3435 1935 3455 1972 :

1878 2007 1998 2047 cum
2019 1995 2160 2050 dicat
2185 2012 2302 2051 eam
2331 1997 2561 2053 Joannes
2588 2015 2617 2054 a
2645 2001 2800 2057 Patre
2829 2019 2932 2057 non
2968 2019 3088 2059 esse
3130 2005 3179 2077 (I
3207 2005 3364 2061 Joan.
3396 2026 3454 2073 ιι,

1880 2082 1994 2155 16).
2027 2083 2168 2139 Deus
2197 2086 2408 2154 quidem
2448 2089 2702 2143 mundum
2743 2091 2869 2146 fecit
2892 2102 2946 2147 et
2978 2109 3202 2164 corpora
3240 2113 3462 2167 prorsus

1880 2174 2061 2228 omnia
2093 2192 2107 2228 :
2139 2175 2234 2231 sed
2260 2185 2318 2232 ut
2345 2192 2536 2247 corpus
2563 2183 2905 2252 corruptibile
2929 2196 3179 2255 aggravet
3203 2189 3459 2257 animam,

1882 2273 1938 2319 et
1955 2278 2082 2320 caro
2104 2269 2442 2336 concupiscat
2463 2269 2717 2326 adversus
2736 2272 2998 2342 spiritum,
3028 2290 3132 2330 non
3159 2286 3242 2332 est
3265 2293 3464 2348 praece-

1883 2353 2017 2410 dens
2045 2365 2228 2410 natura
2254 2357 2485 2413 hominis
2524 2360 2777 2430 instituti,
2817 2363 2912 2418 sed
2937 2380 3266 2437 consequens
3309 2385 3463 2439 paena

1883 2444 2139 2501 damnati.
2171 2447 2216 2500 Α
2244 2449 2407 2516 nullo,
2434 2449 2631 2520 inquis,
2657 2462 2946 2522 accusatur,
2972 2456 3071 2511 nisi
3093 2473 3126 2511 a
3154 2456 3462 2528 Haniclueo,

1882 2545 1932 2591 et
1957 2536 2278 2594 Traduciano
2298 2541 2408 2612 ejus
2434 2541 2653 2598 herede.
2686 2544 3046 2602 Contumelias
3089 2556 3204 2605 tuas
3236 2564 3355 2606 cum
3382 2551 3464 2608 bis

1884 2643 1972 2684 me
1996 2629 2239 2699 accipere
2261 2630 2505 2702 gaudeo,
2546 2649 2680 2704 quos
2723 2635 2778 2690 in
2818 2651 2904 2693 me
2943 2639 3158 2708 culpare
3191 2639 3386 2709 audes,
3413 2651 3470 2699 et

1883 2719 2161 2775 nominare
2197 2736 2303 2775 non
2345 2722 2530 2778 audes.
2568 2721 2716 2780 Itane
2763 2740 2870 2781 nou
2912 2739 3124 2784 accusat
3166 2742 3467 2802 susceptam

1885 2815 2052 2875 tuam,
2089 2811 2180 2881 qui
2207 2809 2332 2866 dicit
2355 2815 2840 2883 concupiscentiam
2868 2819 3049 2874 carnis
3078 2820 3334 2879 adversus
3357 2824 3470 2895 spi-

1885 2901 2044 2956 ritum
2085 2917 2150 2956 es
2180 2904 2612 2973 praevaricatione
2651 2909 2808 2978 primi
2854 2909 3087 2967 hominis
3134 2914 3185 2969 in
3234 2925 3468 2972 nostrum

1886 2991 2112 3046 vertisse
2154 3000 2397 3048 naturam
2440 2994 2779 3067 (Ambrosius,
2813 2999 2900 3054 lib.
2941 3002 2972 3054 1
2995 3003 3048 3057 in
3077 3001 3207 3058 Luc.
3244 3003 3383 3077 sn)?
3407 3007 3474 3062 Et

1888 3081 2008 3150 quis
2035 3090 2118 3136 est
2139 3081 2258 3136 hic?
2287 3083 2379 3138 Ille
2404 3084 2627 3152 scilicet,
2658 3090 2810 3157 cujus
2841 3090 2998 3146 fidem
3035 3103 3091 3148 et
3126 3097 3473 3164 purissimum
3521 3101 3536 3114 ’

1890 3169 1943 3224 in
1968 3170 2258 3242 Scripturis
2285 3188 2522 3242 sensum,
2552 3177 2690 3232 sicut
2727 3194 2850 3234 eum
2877 3182 3120 3254 Pelagius
3139 3197 3326 3242 auctor
3351 3197 3472 3245 tuus

1889 3260 2144 3330 pra-dicat
2169 3259 2455 3334 (Pelagius,
2500 3265 2564 3318 de
2596 3265 2779 3322 Libero
2814 3270 3053 3337 Arbitrio,
3095 3274 3184 3328 lib.
3229 3277 3295 3342 3;
3335 3279 3474 3347 apud

1889 3351 2247 3422 Augustinum,
2278 3355 2340 3408 de
2368 3354 2542 3409 Gratia
2572 3356 2778 3425 Christi,
2812 3379 2901 3416 nn.
2931 3364 3019 3428 46,
3047 3367 3162 3436 47),
3193 3382 3260 3422 ne
3291 3368 3482 3424 inimi-r

1891 3459 1984 3500 cus
2010 3447 2222 3515 quidem
2249 3463 2411 3503 ausus
2453 3460 2535 3504 est
2576 3453 2988 3521 reprehendere.
3029 3459 3299 3516 Adversus
3334 3462 3475 3518 hunc

1892 3549 2252 3594 accusatorem
2295 3551 2435 3595 tuam
2474 3542 2700 3600 defende
2731 3559 3052 3618 susceptam.
3097 3551 3230 3607 Huic
3268 3552 3474 3609 doctori

1892 3645 2033 3696 meo,
2059 3639 2114 3685 et
2140 3632 2210 3685 illi
2252 3632 2506 3687 laudatori
2536 3635 2654 3704 ejus
2677 3637 2880 3693 doctori
2917 3650 3027 3706 tuo,
3056 3657 3154 3711 pro
3182 3644 3269 3698 illa
3290 3647 3474 3700 convi-

1893 3721 2054 3783 ciare,
2083 3732 2334 3790 quantum
2360 3732 2528 3791 potes,
2575 3737 2631 3779 ut
2675 3729 3024 3796 patrocinium
3063 3741 3210 3788 tuum
3251 3736 3475 3791 liberum

1894 3811 2022 3864 satis
2052 3819 2105 3864 et
2133 3811 2286 3865 ﬁdele
2315 3812 2684 3882 demonstres;
2730 3834 2796 3872 ne
2841 3826 2894 3873 te
2937 3821 3276 3878 defensorem
3322 3840 3476 3879 suum

1896 3911 2142 3972 tanquam
2162 3903 2400 3957 timidum
2419 3905 2582 3959 libido
2602 3906 2846 3973 deserat;
2866 3913 3106 3978 quamvis
3129 3915 3351 3970 alterum
3373 3933 3477 3972 non

1895 3994 2146 4054 inveniat.
2176 3995 2263 4064 qui
2297 4011 2390 4063 pro
2419 3997 2506 4048 illa
2537 3998 2713 4052 minus
2744 4001 3044 4057 erubescat.

1969 4085 2198 4141 LXVIII.
2239 4086 2358 4142 JUL.
2400 4090 2476 4143 Ac
2516 4105 2612 4159 per
2651 4091 2752 4146 hoc
2792 4097 3096 4152 necessarie
3137 4099 3476 4171 interrogavi,

1896 4177 2019 4246 quid
2050 4193 2201 4231 suum
2224 4189 2571 4246 cognosceret
2599 4179 2842 4237 diabolus
2869 4183 2921 4238 iu
2950 4186 3186 4254 sexibns,
3214 4204 3310 4259 per
3338 4194 3477 4260 quod

1897 4268 2126 4323 fructum
2179 4284 2365 4324 eorum
2410 4270 2530 4339 jure
2573 4271 2920 4343 decerperet;
2977 4279 3067 4346 qui
3121 4296 3220 4335 nec
3266 4297 3479 4338 carnem

1898 4372 2252 4432 compegerat,
2288 4378 2388 4419 nec
2427 4365 2666 4420 membra
2713 4367 3049 4436 formaverat,
3097 4388 3194 4428 nec
3230 4375 3479 4443 genitalia

1897 4452 2138 4519 dederat,
2167 4470 2264 4510 nec
2291 4456 2609 4510 distinxerat
2636 4473 2841 4522 sexum,
2877 4477 2974 4515 nec
3002 4464 3306 4535 conjugium
3333 4467 3478 4522 ordi-

1900 4555 2136 4610 naverat,
2167 4564 2265 4602 nec
2285 4549 2739 4613 commixtionem,
2769 4551 2884 4605 sine
2910 4570 3011 4622 qua
3039 4557 3339 4627 conjugium
3362 4574 3481 4614 esse

1901 4654 2004 4692 non
2030 4647 2221 4706 potest,
2250 4647 2340 4692 aut
2365 4637 2687 4694 fecunditate
2710 4641 3080 4713 honoraverat,
3107 4658 3198 4704 aut
3219 4650 3482 4720 voluptate

1901 4738 2245 4798 resperserat.

1973 4822 2106 4876 Anc.
2149 4821 2287 4875 Nihil
2335 4822 2522 4877 horum
2562 4825 2777 4893 quidem
2823 4826 3023 4883 fecerat
3059 4830 3300 4887 diabolus
3335 4851 3349 4887 :
3389 4834 3479 4887 sed

1904 4913 2312 4968 iuubedientiam
2344 4926 2678 4982 persuaserat
2701 4918 2880 4972 animo
2909 4919 3162 4988 humano,
3191 4939 3345 4992 quam
3371 4940 3485 4995 pm-

1907 5003 2040 5058 nalis
2070 5011 2122 5056 ct
2150 5004 2392 5073 pudenda
2410 5007 2601 5060 .earnis
2632 5007 2984 5062 inobedientia
3016 5025 3350 5081 sequeretur;
3385 5032 3483 5069 un-

1905 5094 1973 5150 de
2003 5104 2275 5164 peccatum
2315 5098 2569 5164 originale
2602 5099 2932 5164 traheretur,
2963 5119 3057 5172 per
3098 5106 3236 5176 quod
3277 5108 3486 5162 diabolo

1906 5186 2224 5240 subderetur
2247 5190 2334 5258 qui
2367 5197 2690 5254 nasceretur,
2716 5205 2836 5245 cum
2861 5193 3051 5249 eodem
3085 5197 3346 5264 periturus
3370 5199 3485 5252 dia-

1907 5274 2030 5329 bolo
2059 5276 2154 5329 nisi
2179 5285 2568 5332 renasceretur.

1979 5365 2165 5420 LXIX.
2205 5366 2323 5421 Jun.
2367 5367 2460 5421 [Iis
2487 5368 2664 5438 itaque
2693 5379 2745 5424 tu
2778 5371 3181 5430 dissertionibus
3203 5376 3242 5439 ί,
3273 5374 3488 5428 echino

1911 5468 2074 5523 metu,
2107 5467 2161 5513 et
2184 5460 2403 5528 vulpino
2428 5460 2549 5514 dolo
2576 5463 2782 5519 obviam
2815 5467 2890 5520 ire
2923 5478 3169 5532 conatus,
3213 5467 3282 5519 ita
3317 5465 3488 5534 impo-

1912 5553 2061 5606 suisti
2090 5563 2312 5622 patrono
2342 5561 2432 5606 tuo
2458 5555 2520 5608 ad
2553 5571 2709 5625 quem
2739 5560 2926 5614 scribis
2945 5602 2957 5623 ,
3002 5569 3057 5613 ut
3092 5560 3337 5623 refer-res,
3364 5575 3494 5632 pro-

1914 5653 2032 5711 pter
2056 5658 2269 5698 sensum
2299 5645 2537 5713 corporis
2567 5650 2856 5704 naturalem
2875 5692 2889 5717 ,
2920 5649 2968 5704 id
2995 5658 3076 5704 est
3111 5653 3493 5722 concupiscen-

1979 5755 1996 5788 ί
2033 5756 2190 5806 mdes
2217 5765 2361 5817 t‘ort.,
2389 5756 2768 5812 a’isrcsst'onibrts.
