3934 6178
334 1832 365 1857 κ

350 4711 355 4738 ι

351 4865 360 4910 i

421 361 560 419 1579

421 481 546 530 tiam
572 472 766 533 carnis,
799 466 1059 524 dominari
1083 462 1330 531 operibus
1359 471 1410 517 et
1437 457 1646 528 imagini
1673 457 1762 510 Dei
1788 451 1987 523 princi-

422 583 542 636 pem
591 564 923 619 tenebrarum
970 576 982 612 :
1026 573 1146 611 cum
1186 570 1402 609 necesse
1446 559 1586 608 esset
1631 549 1697 603 ad
1738 546 1988 602 eumdem

419 666 660 728 Spectare
679 661 944 706 auctorem
965 662 1179 703 sensum
1204 647 1396 710 carnis,
1429 643 1492 698 ad
1517 656 1672 712 quem
1688 639 1846 694 etiam
1868 653 1987 691 car-

420 749 501 802 nis
530 755 712 799 natura
741 741 1028 810 respiceret

489 840 622 892 Anc.
662 834 794 902 Quid
825 831 1053 901 loquaris
1086 828 1315 897 Ignoras.
1347 823 1500 879 Aliud
1528 830 1612 877 est
1648 825 1841 874 sensus
1867 832 1986 871 car-

418 929 519 993 nis,
550 926 690 980 aliud
730 922 1153 991 concupiscentia
1174 919 1368 979 carnis,
1412 931 1530 984 qua:
1567 911 1787 966 sentitur
1830 921 1986 961 sensu

416 1010 469 1073 et
498 1020 760 1073 mentiset
778 1015 954 1071 carnis
973 1031 986 1067 :
1007 1015 1142 1066 sicut
1164 1010 1313 1062 dolor
1332 1006 1507 1063 carnis
1531 1020 1632 1057 non
1662 1004 1772 1072 ipse
1799 1014 1989 1054 sensus

417 1119 515 1169 est,
549 1108 640 1162 sed
685 1107 784 1159 nisi
825 1117 1014 1159 sensus
1039 1101 1192 1164 adsit,
1222 1097 1408 1153 sentiri
1438 1111 1540 1149 non
1585 1100 1774 1162 potest.
1817 1091 1986 1144 Sensu

419 1203 593 1269 itaque
618 1198 792 1252 carnis
819 1194 907 1264 qui
939 1202 1106 1248 tactus
1136 1201 1370 1252 vocatur,
1399 1200 1585 1256 aspera
1624 1193 1675 1238 et
1719 1183 1854 1236 lenia
1884 1178 1990 1235 dif-

417 1293 654 1346 ferentcr
703 1299 757 1342 ut
789 1295 978 1341 czetcra
1017 1283 1314 1338 sentiuntur
1352 1299 1365 1334 :
1412 1275 1833 1346 concup'scentia
1863 1285 1989 1326 vero

415 1381 592 1436 carnis
641 1377 998 1432 indifferenter
1037 1374 1216 1427 illicita
1257 1379 1310 1424 et
1352 1368 1487 1422 licita
1528 1367 1826 1435 capiuntur,
1871 1376 1989 1430 qua:

417 1489 520 1525 non
569 1466 1011 1537 concupiscendo.
1063 1465 1159 1517 sed
1211 1459 1549 1529 intelligendo
1593 1457 1984 1526 dijudicantur;

418 1575 516 1617 nec
543 1564 612 1614 ab
636 1559 824 1616 illicitis
853 1559 1165 1618 abstinetur,
1189 1555 1288 1607 nisi
1310 1549 1749 1619 concupiscentize
1775 1546 1990 1600 resista-

421 1664 523 1705 tur.
574 1653 687 1705 Non
734 1651 890 1718 igitur
926 1653 1176 1701 caventur
1205 1658 1361 1713 opera
1407 1642 1564 1703 mala,
1613 1639 1709 1692 nisi
1757 1638 1991 1691 frenetur

420 1743 843 1811 C0ncupisccntia
901 1739 1057 1800 mala,
1104 1752 1221 1806 qua:
1260 1735 1354 1786 abs
1391 1741 1472 1796 te,
1514 1729 1775 1785 horrenda
1820 1729 1991 1795 impii-'-

419 1835 594 1888 dentia
631 1833 710 1886 vel
756 1831 926 1899 potius
965 1827 1214 1889 amentia,
1245 1824 1437 1878 dicitur
1467 1823 1602 1876 bona
1630 1838 1644 1874 :
1675 1836 1773 1874 nec
1799 1818 1994 1874 erube-

417 1929 544 1992 scis,
577 1942 676 1980 nec
704 1923 968 1976 horrescis
996 1916 1043 1975 te
1073 1921 1136 1972 ad
1173 1927 1370 1972 tmitum
1399 1917 1628 1970 dedecus
1665 1913 1986 1982 pervenisse,

417 2018 474 2069 iit
504 2031 660 2068 nemo
686 2013 937 2066 liberetur
956 2025 984 2063 τι
1010 2024 1106 2063 suo
1132 2011 1289 2071 malo,
1323 2006 1420 2060 nisi
1451 2021 1554 2059 non
1582 2003 1870 2057 consentiat
1900 2011 1990 2055 tuo

416 2099 576 2159 bono.
619 2101 1052 2170 Concupiscentia
1098 2098 1253 2167 igitur
1307 2097 1513 2160 carnis,
1557 2108 1658 2163 qua
1711 2091 1990 2161 capiuntur

413 2211 530 2264 qme
559 2193 919 2263 prohibentur,
953 2196 1055 2243 nun
1088 2197 1169 2242 est
1188 2203 1218 2242 a
1249 2175 1424 2242 Patre.
1455 2185 1668 2240 Frustra
1701 2194 1873 2253 putas,
1904 2181 1988 2237 vel

415 2285 590 2353 potius
641 2283 718 2336 vis
763 2283 954 2349 putari,
996 2279 1086 2333 ubi
1116 2277 1216 2331 hoc
1259 2276 1490 2331 Joannes
1522 2276 1791 2344 apostolus
1832 2273 1985 2341 dixit,

411 2372 890 2442 concupiscentiam
921 2369 1098 2423 carnis
1125 2368 1345 2436 positam
1375 2380 1470 2434 pro
1501 2366 1725 2419 luxuria.
1755 2365 1979 2420 Prorsus

412 2464 457 2516 si
489 2479 592 2516 non
620 2469 744 2514 esta
775 2461 927 2513 Patre
953 2459 1180 2519 luxuria,
1213 2471 1311 2510 nec
1339 2455 1424 2510 illa
1452 2464 1538 2509 est
1565 2471 1594 2509 a
1622 2455 1779 2509 Patre
1831 2455 1915 2508 cui
1942 2454 2002 2508 si'

413 2550 790 2611 consentiatur,
821 2548 1049 2616 concipit
1077 2547 1318 2614 paritque
1347 2545 1629 2598 luxuriam.
1661 2543 1791 2598 Nam
1826 2545 1987 2598 moti-

414 2642 514 2696 bus
538 2639 668 2703 suis,
708 2638 898 2708 quibus
938 2637 1182 2707 iubemur
1205 2635 1222 2667 ί
1262 2635 1540 2698 obsistere,
1581 2633 1704 2704 quid
1743 2643 1984 2698 conatur,

411 2745 610 2802 qttmso,
653 2730 751 2784 nisi
803 2729 867 2783 ad
912 2727 1170 2783 luxuriam
1221 2726 1532 2796 pervenire?
1579 2725 1856 2794 Quomodo
1907 2733 1989 2782 est

410 2837 537 2893 ergo
564 2823 783 2888 bonum,
814 2836 929 2891 quae
960 2819 1235 2890 pervenire
1259 2828 1483 2873 conatur
1507 2818 1570 2873 ad
1599 2819 1835 2873 malum?
1857 2836 1988 2890 quo-

417 2910 576 2965 modo
603 2919 686 2966 est
709 2920 945 2964 nostrum
978 2909 1191 2975 bonum,
1224 2924 1342 2978 qua:
1369 2909 1648 2980 pervenire
1674 2917 1896 2965 conatur
1919 2911 1986 2965 ad

414 3001 649 3055 malum?
674 2999 950 3068 Quomodo
976 3007 1058 3055 est
1086 3008 1321 3052 nostrum
1346 2999 1559 3063 bonum,
1583 3014 1700 3068 qua:
1727 3014 1825 3054 nos
1839 3015 1988 3053 com—

422 3091 565 3159 pellit
605 3091 670 3144 ad
708 3089 975 3144 malnm’?
1012 3089 1315 3144 Sanandum
1341 3101 1422 3143 est
1448 3089 1606 3160 igitur
1634 3090 1736 3144 hoc
1765 3091 1999 3152 malum,

411 3181 636 3248 Iuliano,
677 3182 849 3236 divina
881 3182 1145 3246 bonitate;
1187 3195 1290 3234 non
1334 3180 1561 3235 humana
1587 3181 1839 3249 vanitate,
1881 3181 1988 3236 ini-

408 3275 628 3344 quitate,
659 3273 928 3342 impietate
950 3270 1266 3326 laudandum
1290 3270 1331 3324 ³.

478 3363 636 3419 LXX.
677 3363 796 3417 JUL.
837 3363 913 3417 Te
936 3376 1062 3431 ergo
1090 3371 1304 3430 apparet
1335 3375 1438 3415 non
1468 3360 1730 3415 studuisse
1755 3370 1809 3414 nt
1836 3363 1986 3431 obje-

407 3467 489 3509 cta
518 3454 821 3514 refelleres;
849 3451 941 3504 sed
975 3461 1029 3504 ut
1054 3461 1279 3520 patrono
1300 3459 1410 3514 tuo,
1434 3449 1499 3502 ad
1521 3465 1675 3518 quem
1694 3452 1982 3516 scribebas,

409 3545 780 3599 misrrabiliter
808 3542 1088 3606 illudcrcs;
1125 3549 1436 3610 pularetque
1465 3551 1517 3595 te
1547 3541 1678 3595 rude
1715 3542 1984 3609 quidpiam

409 3636 664 3689 detulisse
705 3631 846 3702 quod
881 3631 1000 3701 jure
1044 3631 1318 3686 morderes
1364 3648 1376 3681 :
1420 3646 1542 3685 cum
1578 3629 1629 3685 itl
1673 3631 1780 3699 jam
1826 3648 1983 3700 supc-

409 3726 605 3779 riorum
656 3723 1000 3777 concessione
1054 3731 1109 3776 et
1162 3735 1444 3789 corporum
1493 3721 1825 3776 institutione
1870 3721 1984 3776 Iau-

409 3816 611 3870 classes.

478 3911 611 3962 Are.
656 3905 1040 3960 Institutionem
1078 3901 1281 3959 IaulIavi
1329 3919 1642 3974 corporum,
1688 3921 1806 3974 qua:
1848 3906 1986 3962 bona

408 4011 489 4053 est
518 3999 676 4054 etiam
705 3998 756 4051 in
782 3997 920 4051 malo
952 3995 1184 4061 homine,
1213 4011 1318 4050 non
1359 3996 1576 4054 malum.
1614 3996 1729 4051 sine
1758 4013 1862 4066 quo
1897 4014 1988 4051 na-

409 4092 572 4145 scitur
616 4104 770 4144 nemo
801 4107 813 4140 :
841 4089 981 4158 quod
1029 4098 1084 4143 tu
1126 4089 1310 4143 nolens
1351 4103 1471 4143 cum
1505 4089 1785 4142 Ambrosio
1810 4090 1988 4146 dicere

411 4184 550 4238 unde
576 4183 664 4246 sit,
686 4181 902 4250 adjuvas
925 4179 1267 4235 Manichaeum
1289 4177 1551 4235 dicentem
1571 4181 1710 4250 quod
1732 4197 1796 4235 ex
1814 4183 1987 4237 aliena

410 4281 594 4325 natura
623 4272 714 4324 sit.

482 4359 661 4414 LXXI.
696 4359 813 4414 JcL.
856 4358 1048 4413 Fateor
1077 4368 1274 4422 tamen,
1299 4357 1453 4413 nimis
1482 4369 1533 4413 te
1558 4359 1838 4427 cogitasse,
1861 4362 1986 4431 quid

411 4452 646 4512 diceres;
686 4460 737 4504 ct
767 4449 1032 4519 ingenium
1065 4458 1206 4502 tuum
1239 4456 1476 4517 apparet,
1507 4455 1560 4500 et
1583 4447 1814 4503 studium
1847 4467 1860 4501 :
1893 4465 1986 4503 so-

417 4539 692 4591 lertissime
721 4553 936 4606 prorsus
960 4537 1083 4608 quid
1113 4537 1454 4592 asserendum
1487 4546 1630 4592 esset
1664 4553 1759 4607 pro
1787 4541 1985 4608 peccati

417 4629 627 4683 traduce
655 4631 982 4696 ponderasti;
1029 4645 1184 4682 nemo
1204 4631 1338 4683 alter
1355 4629 1598 4684 callidius
1633 4631 1865 4685 scribere
1891 4647 1986 4700 po-

352 4719 355 4756 ?
419 4719 602 4772 tniSSet
638 4735 730 4786 pro
757 4721 979 4773 naturali
1011 4720 1187 4773 mqu:
1219 4719 1357 4788 quod
1383 4722 1593 4790 quidem
1641 4737 1738 4776 nec
1781 4731 1834 4776 tu
1876 4723 1987 4792 ipse

417 4817 518 4860 tam
561 4808 757 4862 urbane
803 4807 1026 4877 implere
1063 4808 1342 4875 potuisses,
1390 4809 1487 4862 nisi
1531 4810 1796 4880 ingenium
1839 4820 1985 4866 tuum

414 4897 643 4966 aitagistri
674 4898 868 4953 veteris
891 4906 1188 4952 commenta
1210 4896 1491 4967 juvissent.

486 4991 620 5045 Aes.
660 4990 962 5060 Magistrum
995 4991 1146 5059 plane
1174 5005 1368 5052 meum,
1399 5001 1453 5045 et
1479 5000 1661 5045 contra
1693 5003 1745 5048 te
1772 5003 1822 5047 et
1853 5010 1985 5049 con-

417 5089 494 5132 tra
522 5078 885 5142 Manicharutn,
917 5081 1116 5150 glorior
1144 5095 1262 5134 esse
1301 5080 1502 5144 Jcsum,
1532 5097 1690 5150 quem
1730 5085 1988 5138 confiteor

413 5167 576 5241 (quod
605 5179 655 5222 tu
687 5169 867 5238 negas)
899 5170 1055 5225 etiam
1101 5171 1435 5240 parvulorum
1463 5187 1582 5226 esse
1610 5171 1787 5225 .Iesum
1820 5191 1833 5225 :
1862 5174 1983 5242 quia

411 5259 564 5329 periit
591 5259 777 5324 Adam,
806 5269 859 5312 et
889 5261 938 5312 in
979 5261 1065 5313 illo
1093 5277 1275 5316 omnes
1318 5263 1584 5330 perierunt
1617 5265 1633 5331 (
1661 5264 1949 5319 Ambrosius
1967 5305 1982 5330 ,

410 5351 496 5402 lib.
524 5351 551 5402 ἶ
569 5349 618 5402 in
638 5348 761 5402 Luc.
785 5363 876 5414 xv,
894 5349 1014 5419 23);
1041 5366 1135 5405 nec
1163 5353 1259 5404 nisi
1291 5353 1460 5405 abillo
1476 5354 1561 5422 qui
1586 5353 1726 5406 venit
1748 5370 1986 5423 qnzerere

473 5462 488 5492 ι
529 5462 756 5525 verbum,
771 5460 1012 5523 jnbemur,
1040 5475 1100 5509 ex
1125 5463 1458 5525 manuscriptis
1479 5464 1794 5512 restitnimus.

474 5525 508 5589 ’.
531 5523 656 5584 Apud
685 5531 706 5567 κ
722 5525 973 5589 ignierium
988 5536 1005 5589 _:
1031 5524 1266 5589 (mettde
1289 5523 1493 5589 estergo
1517 5525 1702 5583 boruun,
1744 5538 1852 5586 qua
1875 5539 1983 5586 per-

409 5595 442 5631 tu
461 5582 786 5649 nire’cmtutur
809 5585 882 5649 {ul
901 5582 1136 5649 malum
1164 5586 1410 5649 Quomodo
1434 5582 1508 5635 ‘m
1531 5582 1949 5637 nostrmn'bonum
1968 5623 1983 5649 ,

411 5655 517 5709 quq:
539 5655 621 5692 nos
645 5645 708 5709 ad
724 5644 897 5709 malum
920 5645 1200 5709 compellit?
1219 5646 1586 5709 sanandumcst
1602 5682 1616 5709 ,
1645 5655 1739 5696 etc.
1807 5656 1858 5696 At.
1887 5655 1890 5658 ’

403 5703 655 5813 “manu:
724 5703 1055 5769 \ignierium',
1101 5706 1348 5771 utiquitatc
1401 5714 1448 5758 et
1490 5708 1731 5771 (nutante
1777 5709 1982 5761 laudan-

1091 345 1330 404 OI‘IiIiIS
1371 340 1777 400 iiIPERFEC'l’I
1815 336 2084 392 CONTRA
2124 330 2485 398 JULIANUM,
2525 329 2580 384 S.
2623 323 2986 383 AUGUSTINI

3533 321 3664 379 1580

2092 448 2230 518 quod
2271 445 2526 515 perierat(
2549 443 2670 496 Luc.
2697 457 2815 507 xix,
2850 440 2914 495 to
2935 447 3025 512 ),a
3054 436 3348 507 [crditione
3372 435 3660 492 salvantur.

2163 535 2368 591 LXXII.
2407 535 2524 589 Jut..
2569 530 2868 586 Intellexisti
2897 529 3124 599 quippe,
3171 526 3410 596 parvulis
3441 525 3570 580 nihil
3597 527 3662 581 de

2091 645 2187 684 suo
2216 627 2578 691 merentibus,
2623 635 2953 694 nequaquam
2985 633 3143 690 posse
3169 619 3284 672 sine
3324 617 3663 672 damnatione

2091 734 2403 789 corporum,
2448 718 2648 772 crimen
2689 714 2831 784 affigi
2861 730 2876 767 :
2919 721 2974 767 et
3005 712 3118 766 idec
3159 724 3294 779 opus
3321 723 3441 764 esse
3473 709 3664 764 auxilio

2090 811 2384 874 Maniehzei,
2413 809 2500 878 qui
2532 806 3009 876 concupiscentiam
3035 803 3212 857 carnis
3235 817 3265 855 a
3299 802 3390 856 Dei
3418 802 3663 871 operibus

2092 901 2416 964 excluderet,
2450 907 2505 953 et
2533 907 2636 951 tam
2662 897 2869 966 nuptias
2888 909 3046 965 quam
3073 894 3186 962 ipsa
3213 904 3438 960 corpora
3457 891 3664 947 diabolo

2091 993 2370 1062 deputaret
2397 990 2620 1045 auctori.

2163 1086 2296 1141 Anc.
2338 1084 2450 1151 Ego
2490 1095 2596 1137 non
2634 1094 2768 1150 opus
2809 1077 2981 1133 habeo
3017 1076 3210 1130 auxilio
3238 1074 3547 1130 Manichaei:
3577 1065 3664 1130 sed

2095 1175 2265 1245 potius
2288 1184 2469 1228 contra
2498 1188 2617 1228 eum
2646 1185 2904 1241 pugnans,
2933 1169 3184 1223 auxilium
3211 1167 3353 1238 quod
3381 1177 3434 1221 tu
3459 1168 3508 1221 ei
3537 1184 3667 1236 pra:-

2092 1275 2220 1330 stas,
2251 1280 2497 1335 expugno
2520 1265 2718 1318 auxilio
2747 1263 2860 1318 Dei.
2893 1261 3044 1330 Quod
3097 1261 3224 1314 mihi
3257 1270 3474 1330 praestat
3510 1262 3666 1314 etiam

2092 1373 2186 1429 per
2211 1372 2336 1412 suos
2362 1355 2684 1411 clarissimos
2702 1353 2946 1418 comites,
2977 1366 3080 1406 non
3103 1351 3274 1405 solum
3303 1349 3595 1419 Pr0phctas
3617 1352 3669 1405 et

2091 1450 2393 1519 Apostolos,
2422 1461 2644 1516 quorum
2677 1446 2888 1501 conaris
2927 1456 3211 1514 perversos
3231 1443 3249 1474 ¹
3288 1441 3424 1497 dicta
3455 1457 3670 1513 perver-

2094 1551 2234 1607 tere;
2265 1556 2447 1596 verum
2469 1540 2626 1594 etiam
2653 1538 2978 1608 posteriores
2995 1535 3243 1590 Ecclesia:
3263 1549 3373 1588 sua:
3401 1534 3668 1597 doctores.

2095 1633 2370 1695 Irenmum,
2393 1630 2736 1699 Cyprianum,
2765 1626 3044 1688 Hilarium,
3079 1625 3438 1686 Ambrosium,
3470 1624 3675 1694 Grego'.
3725 1657 3734 1672 ι

2091 1723 2248 1787 rium,
2280 1721 2551 1784 Basilium,
2575 1717 2856 1781 Joannem,
2885 1716 3120 1785 aliosque
3151 1715 3432 1782 plurimos,
3460 1713 3567 1769 fide
3596 1716 3676 1769 in-

2093 1813 2421 1883 tegerrimus,
2465 1809 2675 1880 ingenio
2712 1808 3022 1872 acerrimos,
3063 1805 3304 1860 doctrina
3351 1807 3670 1869 uberrimos,

2091 1904 2224 1958 fama
2253 1903 2628 1958 celeberrimos
2657 1918 2670 1954 :
2701 1898 2792 1969 qui
2813 1912 3020 1960 omnes,
3045 1897 3189 1951 salva
3210 1896 3363 1950 laude
3386 1903 3674 1965 corporum

2089 2005 2146 2049 et
2169 1993 2489 2061 nuptiarum,
2511 1989 2740 2044 confessi
2769 1997 2891 2041 sunt
2915 1986 3170 2056 originale
3186 1993 3480 2053 peccatum,
3498 1986 3675 2040 scien-

2091 2089 2174 2136 tes
2203 2079 2490 2143 Christum,
2522 2079 2662 2149 quod
2696 2079 2854 2147 impie
2871 2091 2965 2130 vos
2986 2079 3207 2146 negatis,
3235 2077 3396 2132 etiam
3423 2077 3675 2146 parvulo-

2090 2188 2208 2227 rum
2245 2185 2365 2226 esse
2404 2170 2604 2224 Jesum.
2649 2167 2766 2237 Ipse
2808 2167 2952 2222 enim
2998 2167 3202 2220 salvum
3249 2166 3372 2221 facit
3415 2166 3673 2236 pupulum

2090 2278 2264 2328 suum,
2289 2263 2341 2315 in
2362 2273 2469 2331 quo
2496 2269 2552 2313 et
2577 2260 2648 2312 illi
2679 2258 2878 2327 parvuli
2904 2266 3048 2322 sunt,
3078 2267 3185 2310 non
3207 2272 3237 2310 a
3263 2256 3504 2313 febribus
3528 2256 3676 2311 aliis-

2090 2360 2194 2423 que
2223 2351 2521 2421 hujusmodi
2563 2350 2803 2420 pestibus
2835 2357 2996 2418 atque
3037 2348 3267 2412 casibus,
3297 2347 3443 2418 quod
3474 2355 3529 2402 et
3566 2361 3672 2402 non

2089 2443 2402 2498 Christianis
2429 2441 2714 2495 abundanti
2753 2455 2912 2508 super
2937 2453 3153 2494 omnem
3190 2454 3410 2496 carnem
3436 2439 3676 2495 [inuitato

2090 2533 2334 2601 largitur;
2388 2530 2478 2583 sed
2527 2531 2665 2583 sicut
2705 2529 3066 2591 Christianos,
3110 2542 3140 2582 a
3196 2528 3425 2596 peccatis
3483 2543 3673 2586 eorum

2090 2622 2299 2690 (Matth.
2321 2638 2357 2684 ι,
2373 2621 2486 2692 9.1).
2513 2621 2618 2675 llos
2637 2629 2776 2675 totet
2792 2629 2969 2674 tantos
2988 2619 3260 2674 catholicae
3272 2619 3526 2674 Ecclesia:
3537 2619 3674 2674 ﬁlios

2090 2723 2144 2767 ct
2171 2721 2344 2782 patres
2363 2741 2379 2777 ,~
2397 2713 2484 2780 qui
2504 2713 2603 2766 hoc
2615 2726 2731 2765 eam
2747 2711 2798 2764 in
2815 2711 2931 2779 ejus
2941 2709 3670 2780 positieulminedocucrunt,

2088 2804 2226 2874 quod
2250 2804 2300 2856 in
2322 2803 2437 2871 ejus
2463 2801 2623 2856 ubere
2636 2801 2957 2863 didicerunt,
2992 2800 3312 2854 Manichznos
3330 2799 3512 2856 dicere
3550 2816 3672 2856 non

2089 2893 2422 2957 reformidas;
2440 2901 2494 2947 et
2508 2908 2629 2946 cum
2646 2907 2731 2947 me
2751 2902 2913 2946 uinum
2931 2891 3082 2961 quasi
3103 2901 3283 2960 aperte
3302 2893 3530 2961 appetis,
3552 2893 3674 2947 illos

2088 2995 2286 3054 «juaiito
2323 2984 2606 3054 obliquius,
2651 2990 2799 3037 tanto
2844 2983 3176 3048 insidiosius;
3227 2991 3283 3038 et
3309 2993 3511 3054 quanto
3539 2985 3676 3039 insi-

2088 3077 2310 3142 diosius,
2341 3085 2488 3130 tanto
2515 3074 2804 3131 scelestius
2821 3075 3146 3130 criminaris.
3179 3072 3235 3128 In
3258 3073 3360 3144 hoc
3387 3083 3680 3130 tantone-I-

2089 3167 2221 3233 iere,
2245 3177 2331 3222 tua
2362 3175 2413 3223 te
2438 3167 2658 3220 omnino
2679 3166 2838 3220 verba
2857 3166 3198 3220 convincunt.
3226 3164 3340 3218 Non
3369 3166 3510 3219 enim
3542 3164 3676 3219 mihi

2088 3259 2160 3313 ob
2182 3258 2336 3313 aliud»
2353 3267 2458 3312 tam
2481 3258 2683 3313 nefario
2709 3259 2923 3312 nomine
2947 3257 3306 3324 calumniaris,
3339 3257 3440 3311 nisi
3459 3256 3583 3327 quia
3597 3256 3676 3313 de

2088 3359 2308 3420 peccato
2333 3350 2572 3418 originali
2595 3348 2724 3402 dico
2744 3349 2884 3419 quod
2911 3348 3113 3403 dicunt.

2159 3441 2391 3497 LXXIII.
2431 3441 2548 3496 JUL.
2591 3440 2742 3508 Quod
2782 3454 2910 3510 ergo
2951 3455 2980 3494 a
3029 3439 3255 3495 veritate
3302 3437 3604 3494 defunderis
3622 3439 3672 3500 ⁸,

2089 3535 2229 3604 quod
2274 3534 2504 3603 fugaris,
2549 3547 2723 3586 causa:
2770 3531 2894 3588 fecit
2939 3531 3248 3586 deformitas
3282 3547 3441 3601 quam
3487 3532 3672 3584 tueris.

2088 3623 2352 3679 Caeterum
2399 3625 2444 3676 si
2487 3621 2553 3676 ad
2616 3623 2919 3678 Catholicos
2959 3623 3184 3677 transire
3226 3623 3423 3687 velles,
3474 3631 3676 3692 quanto

2092 3714 2260 3779 tute’,
2295 3713 2345 3767 id
2378 3713 2517 3784 quod
2550 3727 2646 3768 nos
2685 3713 2994 3780 asserimus,
3023 3713 3318 3783 elegantius
3350 3725 3672 3782 exsequere-

2089 3806 2163 3860 ris
2187 3815 2239 3860 et
2271 3805 2498 3873 plenius.
2702 3856 2703 3859 η

2161 3897 2296 3950 Anc.
2340 3895 2383 3949 0
2408 3893 2637 3949 frontem
2675 3894 2983 3963 linguatam,
3024 3904 3363 3964 mentemque
3383 3896 3670 3950 caecatum!

2092 3986 2236 4041 Itane
2262 4001 2389 4041 vero
2407 3985 2654 4040 catholici
2686 4001 2789 4039 non
2816 3996 2961 4051 smn,
2990 3987 3182 4056 quibus
3212 3987 3449 4042 inhzereo
3484 3989 3534 4041 in
3577 3989 3679 4043 hui»

2084 4077 2173 4148 jus
2200 4077 2319 4132 fidei
2348 4079 2617 4138 societate.
2649 4093 2808 4146 quam
2835 4087 3018 4132 contra
3045 4087 3131 4132 tua
3157 4095 3290 4133 vana
3311 4079 3449 4135 dicta
3476 4089 3528 4134 et
3556 4095 3672 4134 ma-

2091 4169 2280 4223 ledicta
2309 4168 2570 4223 defendo?
2611 4168 2869 4224 Catholici
2897 4185 3002 4224 non
3030 4180 3172 4237 sunt,
3204 4182 3259 4226 ut
3286 4172 3420 4226 alios
3446 4183 3672 4238 taceam,

2091 4260 2415 4330 eosdemque
2455 4269 2712 4330 repetam,
2757 4262 3010 4326 Irena-us,
3054 4262 3369 4333 Cyprianus,
3419 4263 3672 4327 Hilarius,

2091 4353 2422 4418 Ambrosius,
2464 4353 2776 4422 Gregorius,
2820 4354 3065 4420 Basilius,
3105 4355 3340 4410 Joannes
3367 4356 3676 4410 Constanti-

2091 4446 2459 4514 nopolitanus;
2507 4455 2556 4500 et
2598 4446 2844 4501 catholici
2890 4455 3014 4499 sunt
3050 4446 3323 4515 Pelagius,
3365 4444 3675 4512 Caelestius,

2090 4533 2366 4590 Julianus?
2395 4534 2545 4590 Aude
2571 4535 2750 4589 dicere
2777 4535 2898 4601 ista,
2921 4535 2964 4590 si
2995 4545 3163 4604 potes.
3191 4535 3342 4602 Quod
3369 4534 3415 4588 si
3443 4552 3549 4589 non
3581 4550 3678 4589 an-

2090 4626 2206 4694 des,
2233 4643 2329 4681 cur
2352 4642 2454 4680 non
2483 4626 2658 4695 potius
2677 4625 2741 4680 ad
2773 4627 2887 4689 hos,
2919 4640 2948 4677 a
2977 4626 3170 4694 quibus
3196 4642 3296 4696 ego
3323 4641 3428 4680 non
3456 4626 3676 4692 recedo,

2093 4729 2147 4775 tu
2190 4719 2365 4774 redis?
2409 4718 2521 4774 Cur
2558 4734 2642 4771 me
2681 4719 2958 4781 admones,
2988 4727 3045 4771 ut
3072 4717 3138 4772 ad
3167 4718 3473 4773 Catholicos
3499 4729 3678 4773 trans-

2090 4811 2244 4866 eam?
2274 4811 2410 4864 Ecce
2429 4809 2688 4864 catholica
2706 4808 2925 4872 lumina,
2951 4808 3133 4863 oculos
3157 4810 3302 4878 aperi
3335 4827 3347 4861 :
3380 4819 3433 4862 tu
3453 4809 3521 4862 ad
3545 4811 3680 4864 istos

2092 4905 2277 4970 transi,
2308 4904 2498 4973 quibus
2518 4902 2860 4958 calumniaris
2882 4901 2932 4956 in
2956 4917 3069 4968 me;
3099 4910 3153 4956 et
3170 4901 3425 4956 continuo
3449 4910 3502 4955 te
3529 4915 3682 4956 coni-

2093 5010 2276 5066 pesces
2295 5007 2451 5064 atque
2477 4994 2816 5048 obtnutesces
2834 5009 2864 5046 a
2887 5007 2995 5048 me.

2160 5085 2393 5141 LXXIV.
2439 5085 2556 5140 Jun.
2589 5083 2842 5150 Quamvis
2881 5098 2986 5136 non
3031 5081 3254 5136 audeam
3285 5083 3673 5153 pronuntiare,

2091 5176 2300 5247 ingenio
2338 5187 2388 5230 te
2423 5175 2670 5230 affectum
2707 5172 2816 5228 acri
2843 5181 2896 5226 et
2919 5172 3095 5242 vigili,
3127 5173 3280 5243 cujus
3323 5173 3375 5227 in
3411 5173 3678 5228 electione

2088 5266 2411 5338 suscipiendi
2441 5265 2634 5336 negotii
2665 5263 2821 5319 video
2851 5255 2956 5319 tam
2989 5264 3194 5319 tardum
3227 5280 3290 5320 ac
3319 5263 3558 5319 deforme
3582 5266 3677 5334 jno

2089 5359 2304 5412 (licium.

2159 5451 2290 5503 Avo.
2350 5445 2442 5500 Dic
2486 5444 2618 5499 tardi
2664 5445 2872 5517 ingenio
2925 5444 3065 5500 unde
3102 5454 3393 5500 nascuntur
3437 5460 3450 5495 ε
3503 5459 3676 5510 neque

2087 5539 2226 5592 enim
2275 5538 2392 5592 talis
2425 5547 2508 5591 est
2555 5536 2721 5590 Adam
2759 5535 2926 5592 factus
2958 5554 2973 5591 :
3007 5538 3097 5608 qui
3133 5553 3237 5592 non
3290 5536 3368 5592 vis
3409 5551 3504 5607 per
3559 5535 3676 5606 ejus

2154 5652 2167 5714 ξ
2205 5651 2276 5714 sic
2298 5657 2405 5699 Mss.
2431 5657 2484 5700 At
2509 5649 2646 5706 editi,
2667 5662 2882 5714 prorsus.

2150 5711 2171 5741 ⁸
2206 5712 2268 5759 ad
2292 5725 2422 5758 oram
2455 5719 2578 5760 μοι-ι.
2614 5711 2714 5760 Ms}.
2740 5711 3044 5773 dimtuderis.

2154 5773 2173 5804 ³
2209 5774 2494 5835 \‘ignlerius,
2517 5779 2584 5821 ιιι.
2612 5783 2667 5823 At
2691 5781 2816 5828 Mss,
2834 5778 2949 5822 tuto.
