  <div class='ocr_page' id='page_1' title='image "/cluster/home/n/w/nwhite01/storage/ocr_20150623/45/hvd.32044096580667/204.png"; bbox 0 0 3954 6178; ppageno 0'>
   <div class='ocr_carea' id='block_1_1' title="bbox 254 322 375 379">
    <p class='ocr_par' dir='ltr' id='par_1_1' title="bbox 254 322 375 379">
     <span class='ocr_line' id='line_1_1' title="bbox 254 322 375 379; baseline 0.017 -2"><span class='ocrx_word' id='word_1_1' title='bbox 254 322 375 379; x_wconf 73' lang='grc'>1581</span> 
     </span>
    </p>
   </div>
   <div class='ocr_carea' id='block_1_2' title="bbox 251 433 1819 506">
    <p class='ocr_par' dir='ltr' id='par_1_2' title="bbox 251 433 1819 506">
     <span class='ocr_line' id='line_1_2' title="bbox 251 433 1819 506; baseline -0.001 -19"><span class='ocrx_word' id='word_1_2' title='bbox 251 446 509 506; x_wconf 78' lang='lat' dir='ltr'><strong>peccatum</strong></span> <span class='ocrx_word' id='word_1_3' title='bbox 539 435 590 488; x_wconf 91' lang='lat' dir='ltr'><strong>in</strong></span> <span class='ocrx_word' id='word_1_4' title='bbox 615 433 851 488; x_wconf 85' lang='lat' dir='ltr'><strong>deterius</strong></span> <span class='ocrx_word' id='word_1_5' title='bbox 879 434 1162 488; x_wconf 77' lang='lat' dir='ltr'><strong>humanam</strong></span> <span class='ocrx_word' id='word_1_6' title='bbox 1195 444 1445 488; x_wconf 88' lang='lat' dir='ltr'><strong>mutatam</strong></span> <span class='ocrx_word' id='word_1_7' title='bbox 1478 433 1640 489; x_wconf 85' lang='lat' dir='ltr'><strong>fuisse</strong></span> <span class='ocrx_word' id='word_1_8' title='bbox 1666 441 1819 486; x_wconf 84' lang='lat' dir='ltr'><strong>uatu-</strong></span> 
     </span>
    </p>
   </div>
   <div class='ocr_carea' id='block_1_3' title="bbox 249 527 1824 597">
    <p class='ocr_par' dir='ltr' id='par_1_3' title="bbox 249 527 1824 597">
     <span class='ocr_line' id='line_1_3' title="bbox 249 527 1824 597; baseline -0.003 -15"><span class='ocrx_word' id='word_1_9' title='bbox 249 544 388 591; x_wconf 86' lang='lat' dir='ltr'><strong>ram;</strong></span> <span class='ocrx_word' id='word_1_10' title='bbox 413 539 466 582; x_wconf 92' lang='lat' dir='ltr'><strong>et</strong></span> <span class='ocrx_word' id='word_1_11' title='bbox 497 528 598 583; x_wconf 89' lang='lat' dir='ltr'><strong>hoe</strong></span> <span class='ocrx_word' id='word_1_12' title='bbox 626 527 691 580; x_wconf 90' lang='lat' dir='ltr'><strong>ad</strong></span> <span class='ocrx_word' id='word_1_13' title='bbox 710 527 888 581; x_wconf 86' lang='lat' dir='ltr'><strong>omnia</strong></span> <span class='ocrx_word' id='word_1_14' title='bbox 915 528 1036 580; x_wconf 88' lang='lat' dir='ltr'><strong>vitia</strong></span> <span class='ocrx_word' id='word_1_15' title='bbox 1061 544 1178 597; x_wconf 72' lang='lat' dir='ltr'><strong>qua:</strong></span> <span class='ocrx_word' id='word_1_16' title='bbox 1205 529 1493 597; x_wconf 87' lang='lat' dir='ltr'><strong>patiuntur,</strong></span> <span class='ocrx_word' id='word_1_17' title='bbox 1523 527 1710 581; x_wconf 89' lang='lat' dir='ltr'><strong>obesse</strong></span> <span class='ocrx_word' id='word_1_18' title='bbox 1732 541 1824 579; x_wconf 87' lang='lat' dir='ltr'><strong>na-</strong></span> 
     </span>
    </p>
   </div>
   <div class='ocr_carea' id='block_1_4' title="bbox 249 619 586 674">
    <p class='ocr_par' dir='ltr' id='par_1_4' title="bbox 249 619 586 674">
     <span class='ocr_line' id='line_1_4' title="bbox 249 619 586 674; baseline -0.006 0"><span class='ocrx_word' id='word_1_19' title='bbox 249 619 518 674; x_wconf 84' lang='lat' dir='ltr'><strong>scentibus</strong></span> <span class='ocrx_word' id='word_1_20' title='bbox 546 620 586 672; x_wconf 74' lang='grc' dir='ltr'><strong>ί.</strong></span> 
     </span>
    </p>
   </div>
   <div class='ocr_carea' id='block_1_5' title="bbox 316 707 1826 774">
    <p class='ocr_par' dir='ltr' id='par_1_5' title="bbox 316 707 1826 774">
     <span class='ocr_line' id='line_1_5' title="bbox 316 707 1826 774; baseline -0.003 -10"><span class='ocrx_word' id='word_1_21' title='bbox 316 708 524 764; x_wconf 80' lang='lat' dir='ltr'><strong>LXXV.</strong></span> <span class='ocrx_word' id='word_1_22' title='bbox 565 709 686 764; x_wconf 66' lang='lat' dir='ltr'><strong>Jun.</strong></span> <span class='ocrx_word' id='word_1_23' title='bbox 712 709 768 765; x_wconf 90' lang='lat' dir='ltr'><strong>Si</strong></span> <span class='ocrx_word' id='word_1_24' title='bbox 805 711 947 764; x_wconf 87' lang='lat' dir='ltr'><strong>enim</strong></span> <span class='ocrx_word' id='word_1_25' title='bbox 983 709 1396 766; x_wconf 85' lang='lat' dir='ltr'><strong>ineolumissima</strong></span> <span class='ocrx_word' id='word_1_26' title='bbox 1431 709 1561 774; x_wconf 82' lang='lat' dir='ltr'><strong>ﬁde,</strong></span> <span class='ocrx_word' id='word_1_27' title='bbox 1597 707 1826 762; x_wconf 88' lang='lat' dir='ltr'><strong>scholari</strong></span> 
     </span>
    </p>
   </div>
   <div class='ocr_carea' id='block_1_6' title="bbox 249 797 1829 856">
    <p class='ocr_par' dir='ltr' id='par_1_6' title="bbox 249 797 1829 856">
     <span class='ocr_line' id='line_1_6' title="bbox 249 797 1829 856; baseline -0.002 -3"><span class='ocrx_word' id='word_1_28' title='bbox 249 816 392 855; x_wconf 89' lang='lat' dir='ltr'><strong>more</strong></span> <span class='ocrx_word' id='word_1_29' title='bbox 413 800 477 854; x_wconf 89' lang='lat' dir='ltr'><strong>ad</strong></span> <span class='ocrx_word' id='word_1_30' title='bbox 506 799 1247 856; x_wconf 81' lang='lat' dir='ltr'><strong>ostendendastantummodo</strong></span> <span class='ocrx_word' id='word_1_31' title='bbox 1275 799 1589 856; x_wconf 73' lang='lat' dir='ltr'><strong>eruditionis</strong></span> <span class='ocrx_word' id='word_1_32' title='bbox 1621 809 1722 851; x_wconf 73' lang='lat' dir='ltr'><strong>ture</strong></span> <span class='ocrx_word' id='word_1_33' title='bbox 1747 797 1829 850; x_wconf 85' lang='lat' dir='ltr'><strong>vi-</strong></span> 
     </span>
    </p>
   </div>
   <div class='ocr_carea' id='block_1_7' title="bbox 251 888 1831 960">
    <p class='ocr_par' dir='ltr' id='par_1_7' title="bbox 251 888 1831 960">
     <span class='ocr_line' id='line_1_7' title="bbox 251 888 1831 960; baseline -0.004 -14"><span class='ocrx_word' id='word_1_34' title='bbox 251 907 368 955; x_wconf 89' lang='lat' dir='ltr'><strong>res,</strong></span> <span class='ocrx_word' id='word_1_35' title='bbox 410 907 472 947; x_wconf 92' lang='lat' dir='ltr'><strong>ea</strong></span> <span class='ocrx_word' id='word_1_36' title='bbox 519 899 752 946; x_wconf 91' lang='lat' dir='ltr'><strong>tentares</strong></span> <span class='ocrx_word' id='word_1_37' title='bbox 780 907 898 960; x_wconf 74' lang='lat' dir='ltr'><strong>qum</strong></span> <span class='ocrx_word' id='word_1_38' title='bbox 941 901 1064 946; x_wconf 91' lang='lat' dir='ltr'><strong>sunt</strong></span> <span class='ocrx_word' id='word_1_39' title='bbox 1105 891 1300 945; x_wconf 85' lang='lat' dir='ltr'><strong>invicta</strong></span> <span class='ocrx_word' id='word_1_40' title='bbox 1333 900 1652 953; x_wconf 76' lang='lat' dir='ltr'><strong>etmeuterc;</strong></span> <span class='ocrx_word' id='word_1_41' title='bbox 1683 888 1831 941; x_wconf 89' lang='lat' dir='ltr'><strong>ﬁnito</strong></span> 
     </span>
    </p>
   </div>
   <div class='ocr_carea' id='block_1_8' title="bbox 251 977 1832 1050">
    <p class='ocr_par' dir='ltr' id='par_1_8' title="bbox 251 977 1832 1050">
     <span class='ocr_line' id='line_1_8' title="bbox 251 977 1832 1050; baseline -0.003 -13"><span class='ocrx_word' id='word_1_42' title='bbox 251 993 420 1037; x_wconf 78' lang='lat' dir='ltr'><strong>tamen</strong></span> <span class='ocrx_word' id='word_1_43' title='bbox 468 983 775 1037; x_wconf 89' lang='lat' dir='ltr'><strong>certaminis</strong></span> <span class='ocrx_word' id='word_1_44' title='bbox 830 982 1052 1044; x_wconf 91' lang='lat' dir='ltr'><strong>ludicro,</strong></span> <span class='ocrx_word' id='word_1_45' title='bbox 1101 981 1184 1035; x_wconf 86' lang='lat' dir='ltr'><strong>his</strong></span> <span class='ocrx_word' id='word_1_46' title='bbox 1225 980 1416 1050; x_wconf 85' lang='lat' dir='ltr'><strong>quibus</strong></span> <span class='ocrx_word' id='word_1_47' title='bbox 1461 977 1832 1048; x_wconf 88' lang='lat' dir='ltr'><strong>obloqueharis</strong></span> 
     </span>
    </p>
   </div>
   <div class='ocr_carea' id='block_1_9' title="bbox 255 1067 1834 1143">
    <p class='ocr_par' dir='ltr' id='par_1_9' title="bbox 255 1067 1834 1143">
     <span class='ocr_line' id='line_1_9' title="bbox 255 1067 1834 1143; baseline -0.002 -17"><span class='ocrx_word' id='word_1_48' title='bbox 255 1073 475 1143; x_wconf 82' lang='lat' dir='ltr'><strong>palmam</strong></span> <span class='ocrx_word' id='word_1_49' title='bbox 506 1073 750 1134; x_wconf 84' lang='lat' dir='ltr'><strong>daturus;</strong></span> <span class='ocrx_word' id='word_1_50' title='bbox 785 1072 1130 1141; x_wconf 84' lang='lat' dir='ltr'><strong>probaremus</strong></span> <span class='ocrx_word' id='word_1_51' title='bbox 1152 1072 1442 1126; x_wconf 90' lang='lat' dir='ltr'><strong>litterarum</strong></span> <span class='ocrx_word' id='word_1_52' title='bbox 1469 1071 1720 1131; x_wconf 89' lang='lat' dir='ltr'><strong>studium,</strong></span> <span class='ocrx_word' id='word_1_53' title='bbox 1741 1067 1834 1124; x_wconf 87' lang='lat' dir='ltr'><strong>sed</strong></span> 
     </span>
    </p>
   </div>
   <div class='ocr_carea' id='block_1_10' title="bbox 253 1159 1836 1232">
    <p class='ocr_par' dir='ltr' id='par_1_10' title="bbox 253 1159 1836 1232">
     <span class='ocr_line' id='line_1_10' title="bbox 253 1159 1836 1232; baseline -0.003 -16"><span class='ocrx_word' id='word_1_54' title='bbox 253 1162 597 1230; x_wconf 86' lang='lat' dir='ltr'><strong>irreligiosum</strong></span> <span class='ocrx_word' id='word_1_55' title='bbox 627 1163 1008 1232; x_wconf 55' lang='lat' dir='ltr'><strong>castigat-emus</strong></span> <span class='ocrx_word' id='word_1_56' title='bbox 1033 1163 1360 1231; x_wconf 73' lang='lat' dir='ltr'><strong>exemplum.</strong></span> <span class='ocrx_word' id='word_1_57' title='bbox 1398 1162 1564 1216; x_wconf 88' lang='lat' dir='ltr'><strong>Porro</strong></span> <span class='ocrx_word' id='word_1_58' title='bbox 1595 1177 1714 1215; x_wconf 92' lang='lat' dir='ltr'><strong>cum</strong></span> <span class='ocrx_word' id='word_1_59' title='bbox 1740 1159 1836 1214; x_wconf 82' lang='lat' dir='ltr'><strong>do-</strong></span> 
     </span>
    </p>
   </div>
   <div class='ocr_carea' id='block_1_11' title="bbox 248 1251 1836 1322">
    <p class='ocr_par' dir='ltr' id='par_1_11' title="bbox 248 1251 1836 1322">
     <span class='ocr_line' id='line_1_11' title="bbox 248 1251 1836 1322; baseline -0.001 -17"><span class='ocrx_word' id='word_1_60' title='bbox 248 1270 364 1320; x_wconf 82' lang='lat' dir='ltr'><strong>gina</strong></span> <span class='ocrx_word' id='word_1_61' title='bbox 392 1268 494 1307; x_wconf 84' lang='lat' dir='ltr'><strong>nec</strong></span> <span class='ocrx_word' id='word_1_62' title='bbox 521 1253 993 1308; x_wconf 79' lang='lat' dir='ltr'><strong>verisimilitudinis</strong></span> <span class='ocrx_word' id='word_1_63' title='bbox 1013 1263 1265 1322; x_wconf 86' lang='lat' dir='ltr'><strong>corrupto</strong></span> <span class='ocrx_word' id='word_1_64' title='bbox 1289 1253 1477 1307; x_wconf 89' lang='lat' dir='ltr'><strong>saltem</strong></span> <span class='ocrx_word' id='word_1_65' title='bbox 1509 1251 1688 1306; x_wconf 92' lang='lat' dir='ltr'><strong>colore</strong></span> <span class='ocrx_word' id='word_1_66' title='bbox 1717 1266 1836 1320; x_wconf 89' lang='lat' dir='ltr'><strong>per-</strong></span> 
     </span>
    </p>
   </div>
   <div class='ocr_carea' id='block_1_12' title="bbox 253 1342 1835 1415">
    <p class='ocr_par' dir='ltr' id='par_1_12' title="bbox 253 1342 1835 1415">
     <span class='ocr_line' id='line_1_12' title="bbox 253 1342 1835 1415; baseline -0.001 -18"><span class='ocrx_word' id='word_1_67' title='bbox 253 1347 441 1404; x_wconf 88' lang='lat' dir='ltr'><strong>fusum,</strong></span> <span class='ocrx_word' id='word_1_68' title='bbox 466 1343 606 1412; x_wconf 91' lang='lat' dir='ltr'><strong>quod</strong></span> <span class='ocrx_word' id='word_1_69' title='bbox 632 1343 953 1413; x_wconf 8' lang='lat' dir='ltr'><strong>nullisglegis</strong></span> <span class='ocrx_word' id='word_1_70' title='bbox 984 1343 1299 1397; x_wconf 85' lang='lat' dir='ltr'><strong>testimoniis</strong></span> <span class='ocrx_word' id='word_1_71' title='bbox 1327 1342 1541 1415; x_wconf 80' lang='lat' dir='ltr'><strong>(quippe</strong></span> <span class='ocrx_word' id='word_1_72' title='bbox 1568 1356 1835 1412; x_wconf 85' lang='lat' dir='ltr'><strong>nunquam</strong></span> 
     </span>
    </p>
   </div>
   <div class='ocr_carea' id='block_1_13' title="bbox 252 1433 1835 1504">
    <p class='ocr_par' dir='ltr' id='par_1_13' title="bbox 252 1433 1835 1504">
     <span class='ocr_line' id='line_1_13' title="bbox 252 1433 1835 1504; baseline 0 -18"><span class='ocrx_word' id='word_1_73' title='bbox 252 1433 440 1502; x_wconf 77' lang='lat' dir='ltr'><strong>rationi</strong></span> <span class='ocrx_word' id='word_1_74' title='bbox 479 1433 976 1504; x_wconf 65' lang='lat' dir='ltr'><strong>pra&#39;judicantibus)</strong></span> <span class='ocrx_word' id='word_1_75' title='bbox 1009 1436 1226 1503; x_wconf 89' lang='lat' dir='ltr'><strong>potestis</strong></span> <span class='ocrx_word' id='word_1_76' title='bbox 1255 1435 1386 1488; x_wconf 90' lang='lat' dir='ltr'><strong>tueri</strong></span> <span class='ocrx_word' id='word_1_77' title='bbox 1405 1477 1419 1500; x_wconf 95' lang='lat'><strong>,</strong></span> <span class='ocrx_word' id='word_1_78' title='bbox 1444 1445 1497 1488; x_wconf 91' lang='lat' dir='ltr'><strong>ct</strong></span> <span class='ocrx_word' id='word_1_79' title='bbox 1527 1434 1628 1488; x_wconf 91' lang='lat' dir='ltr'><strong>hoc</strong></span> <span class='ocrx_word' id='word_1_80' title='bbox 1660 1443 1835 1487; x_wconf 90' lang='lat' dir='ltr'><strong>tamen</strong></span> 
     </span>
    </p>
   </div>
   <div class='ocr_carea' id='block_1_14' title="bbox 253 1523 1837 1594">
    <p class='ocr_par' dir='ltr' id='par_1_14' title="bbox 253 1523 1837 1594">
     <span class='ocr_line' id='line_1_14' title="bbox 253 1523 1837 1594; baseline -0.001 -17"><span class='ocrx_word' id='word_1_81' title='bbox 253 1525 521 1592; x_wconf 85' lang='lat' dir='ltr'><strong>impietate</strong></span> <span class='ocrx_word' id='word_1_82' title='bbox 550 1539 642 1577; x_wconf 91' lang='lat' dir='ltr'><strong>sua</strong></span> <span class='ocrx_word' id='word_1_83' title='bbox 672 1524 928 1589; x_wconf 88' lang='lat' dir='ltr'><strong>horrens,</strong></span> <span class='ocrx_word' id='word_1_84' title='bbox 959 1524 1178 1578; x_wconf 84' lang='lat' dir='ltr'><strong>stultitia</strong></span> <span class='ocrx_word' id='word_1_85' title='bbox 1209 1525 1416 1593; x_wconf 88' lang='lat' dir='ltr'><strong>jacens,</strong></span> <span class='ocrx_word' id='word_1_86' title='bbox 1443 1539 1699 1594; x_wconf 88' lang='lat' dir='ltr'><strong>nusquam</strong></span> <span class='ocrx_word' id='word_1_87' title='bbox 1737 1523 1837 1576; x_wconf 84' lang='lat' dir='ltr'><strong>nisi</strong></span> 
     </span>
    </p>
   </div>
   <div class='ocr_carea' id='block_1_15' title="bbox 253 1615 1836 1685">
    <p class='ocr_par' dir='ltr' id='par_1_15' title="bbox 253 1615 1836 1685">
     <span class='ocr_line' id='line_1_15' title="bbox 253 1615 1836 1685; baseline -0.001 -16"><span class='ocrx_word' id='word_1_88' title='bbox 253 1615 390 1670; x_wconf 86' lang='lat' dir='ltr'><strong>inter</strong></span> <span class='ocrx_word' id='word_1_89' title='bbox 430 1616 640 1685; x_wconf 84' lang='lat' dir='ltr'><strong>inguina</strong></span> <span class='ocrx_word' id='word_1_90' title='bbox 676 1616 1006 1669; x_wconf 79' lang='lat' dir='ltr'><strong>voluntatum</strong></span> <span class='ocrx_word' id='word_1_91' title='bbox 1032 1615 1077 1681; x_wconf 73' lang='grc' dir='ltr'><strong>ί,</strong></span> <span class='ocrx_word' id='word_1_92' title='bbox 1110 1616 1414 1678; x_wconf 87' lang='lat' dir='ltr'><strong>honestate,</strong></span> <span class='ocrx_word' id='word_1_93' title='bbox 1449 1615 1836 1683; x_wconf 85' lang='lat' dir='ltr'><strong>disputatione,</strong></span> 
     </span>
    </p>
   </div>
   <div class='ocr_carea' id='block_1_16' title="bbox 251 1704 1840 1776">
    <p class='ocr_par' dir='ltr' id='par_1_16' title="bbox 251 1704 1840 1776">
     <span class='ocr_line' id='line_1_16' title="bbox 251 1704 1840 1776; baseline 0 -16"><span class='ocrx_word' id='word_1_94' title='bbox 251 1721 508 1776; x_wconf 85' lang='lat' dir='ltr'><strong>sacraque</strong></span> <span class='ocrx_word' id='word_1_95' title='bbox 536 1708 650 1776; x_wconf 83' lang='lat' dir='ltr'><strong>lege</strong></span> <span class='ocrx_word' id='word_1_96' title='bbox 677 1705 1003 1766; x_wconf 85' lang='lat' dir='ltr'><strong>confossum.</strong></span> <span class='ocrx_word' id='word_1_97' title='bbox 1037 1705 1342 1774; x_wconf 88' lang='lat' dir='ltr'><strong>turpissima</strong></span> <span class='ocrx_word' id='word_1_98' title='bbox 1371 1704 1730 1760; x_wconf 89' lang='lat' dir='ltr'><strong>obstinatione</strong></span> <span class='ocrx_word' id='word_1_99' title='bbox 1755 1719 1840 1760; x_wconf 82' lang='lat' dir='ltr'><strong>se-</strong></span> 
     </span>
    </p>
   </div>
   <div class='ocr_carea' id='block_1_17' title="bbox 251 1797 1840 1868">
    <p class='ocr_par' dir='ltr' id='par_1_17' title="bbox 251 1797 1840 1868">
     <span class='ocr_line' id='line_1_17' title="bbox 251 1797 1840 1868; baseline -0.001 -16"><span class='ocrx_word' id='word_1_100' title='bbox 251 1799 444 1863; x_wconf 86' lang='lat' dir='ltr'><strong>cteris;</strong></span> <span class='ocrx_word' id='word_1_101' title='bbox 483 1799 826 1868; x_wconf 80' lang='lat' dir='ltr'><strong>consequitur</strong></span> <span class='ocrx_word' id='word_1_102' title='bbox 853 1814 916 1852; x_wconf 89' lang='lat' dir='ltr'><strong>ex</strong></span> <span class='ocrx_word' id='word_1_103' title='bbox 959 1797 1127 1852; x_wconf 89' lang='lat' dir='ltr'><strong>tribus</strong></span> <span class='ocrx_word' id='word_1_104' title='bbox 1159 1813 1318 1851; x_wconf 89' lang='lat' dir='ltr'><strong>unum</strong></span> <span class='ocrx_word' id='word_1_105' title='bbox 1343 1839 1357 1861; x_wconf 95' lang='lat'><strong>,</strong></span> <span class='ocrx_word' id='word_1_106' title='bbox 1391 1806 1449 1852; x_wconf 87' lang='lat' dir='ltr'><strong>ttt</strong></span> <span class='ocrx_word' id='word_1_107' title='bbox 1475 1806 1565 1850; x_wconf 88' lang='lat' dir='ltr'><strong>aut</strong></span> <span class='ocrx_word' id='word_1_108' title='bbox 1607 1797 1840 1866; x_wconf 90' lang='lat' dir='ltr'><strong>plumbei</strong></span> 
     </span>
    </p>
   </div>
   <div class='ocr_carea' id='block_1_18' title="bbox 251 1883 1842 1958">
    <p class='ocr_par' dir='ltr' id='par_1_18' title="bbox 251 1883 1842 1958">
     <span class='ocr_line' id='line_1_18' title="bbox 251 1883 1842 1958; baseline -0.002 -16"><span class='ocrx_word' id='word_1_109' title='bbox 251 1889 312 1942; x_wconf 87' lang='lat' dir='ltr'><strong>ad</strong></span> <span class='ocrx_word' id='word_1_110' title='bbox 345 1887 754 1958; x_wconf 84' lang='lat' dir='ltr'><strong>intelligendum</strong></span> <span class='ocrx_word' id='word_1_111' title='bbox 787 1888 1080 1953; x_wconf 87' lang='lat' dir='ltr'><strong>acuminis,</strong></span> <span class='ocrx_word' id='word_1_112' title='bbox 1113 1897 1206 1941; x_wconf 91' lang='lat' dir='ltr'><strong>aut</strong></span> <span class='ocrx_word' id='word_1_113' title='bbox 1230 1885 1477 1941; x_wconf 87' lang='lat' dir='ltr'><strong>maleﬁcii</strong></span> <span class='ocrx_word' id='word_1_114' title='bbox 1524 1885 1664 1940; x_wconf 90' lang='lat' dir='ltr'><strong>illius</strong></span> <span class='ocrx_word' id='word_1_115' title='bbox 1699 1883 1842 1956; x_wconf 90' lang='lat' dir='ltr'><strong>quod</strong></span> 
     </span>
    </p>
   </div>
   <div class='ocr_carea' id='block_1_19' title="bbox 251 1977 1843 2050">
    <p class='ocr_par' dir='ltr' id='par_1_19' title="bbox 251 1977 1843 2050">
     <span class='ocr_line' id='line_1_19' title="bbox 251 1977 1843 2050; baseline -0.003 -16"><span class='ocrx_word' id='word_1_116' title='bbox 251 1979 666 2034; x_wconf 68' lang='lat' dir='ltr'><strong>Blanichmorum</strong></span> <span class='ocrx_word' id='word_1_117' title='bbox 698 1979 963 2050; x_wconf 86' lang='lat' dir='ltr'><strong>mysteriis</strong></span> <span class='ocrx_word' id='word_1_118' title='bbox 993 1978 1187 2044; x_wconf 90' lang='lat' dir='ltr'><strong>teneri,</strong></span> <span class='ocrx_word' id='word_1_119' title='bbox 1218 1977 1377 2032; x_wconf 84' lang='lat' dir='ltr'><strong>fando</strong></span> <span class='ocrx_word' id='word_1_120' title='bbox 1399 1977 1724 2046; x_wconf 85' lang='lat' dir='ltr'><strong>accepimus,</strong></span> <span class='ocrx_word' id='word_1_121' title='bbox 1749 1991 1843 2030; x_wconf 88' lang='lat' dir='ltr'><strong>ca-</strong></span> 
     </span>
    </p>
   </div>
   <div class='ocr_carea' id='block_1_20' title="bbox 251 2067 1576 2138">
    <p class='ocr_par' dir='ltr' id='par_1_20' title="bbox 251 2067 1576 2138">
     <span class='ocr_line' id='line_1_20' title="bbox 251 2067 1576 2138; baseline -0.003 -15"><span class='ocrx_word' id='word_1_122' title='bbox 251 2079 428 2133; x_wconf 77' lang='lat' dir='ltr'><strong>tenas,</strong></span> <span class='ocrx_word' id='word_1_123' title='bbox 459 2077 551 2123; x_wconf 88' lang='lat' dir='ltr'><strong>aut</strong></span> <span class='ocrx_word' id='word_1_124' title='bbox 578 2079 861 2138; x_wconf 91' lang='lat' dir='ltr'><strong>utrumque</strong></span> <span class='ocrx_word' id='word_1_125' title='bbox 886 2067 1040 2122; x_wconf 89' lang='lat' dir='ltr'><strong>simul</strong></span> <span class='ocrx_word' id='word_1_126' title='bbox 1071 2068 1273 2136; x_wconf 88' lang='lat' dir='ltr'><strong>perpeti</strong></span> <span class='ocrx_word' id='word_1_127' title='bbox 1297 2067 1576 2137; x_wconf 89' lang='lat' dir='ltr'><strong>judiceris.</strong></span> 
     </span>
    </p>
   </div>
   <div class='ocr_carea' id='block_1_21' title="bbox 317 2155 1848 2226">
    <p class='ocr_par' dir='ltr' id='par_1_21' title="bbox 317 2155 1848 2226">
     <span class='ocr_line' id='line_1_21' title="bbox 317 2155 1848 2226; baseline -0.002 -14"><span class='ocrx_word' id='word_1_128' title='bbox 317 2163 462 2214; x_wconf 64' lang='lat' dir='ltr'><strong>Anc.</strong></span> <span class='ocrx_word' id='word_1_129' title='bbox 500 2159 844 2226; x_wconf 84' lang='lat' dir='ltr'><strong>Quanlolibet</strong></span> <span class='ocrx_word' id='word_1_130' title='bbox 883 2157 1104 2211; x_wconf 86' lang='lat' dir='ltr'><strong>rationis</strong></span> <span class='ocrx_word' id='word_1_131' title='bbox 1133 2157 1348 2211; x_wconf 91' lang='lat' dir='ltr'><strong>nomine</strong></span> <span class='ocrx_word' id='word_1_132' title='bbox 1375 2164 1560 2210; x_wconf 90' lang='lat' dir='ltr'><strong>contra</strong></span> <span class='ocrx_word' id='word_1_133' title='bbox 1603 2155 1848 2210; x_wconf 84' lang='lat' dir='ltr'><strong>testimo-</strong></span> 
     </span>
    </p>
   </div>
   <div class='ocr_carea' id='block_1_22' title="bbox 246 2245 1844 2317">
    <p class='ocr_par' dir='ltr' id='par_1_22' title="bbox 246 2245 1844 2317">
     <span class='ocr_line' id='line_1_22' title="bbox 246 2245 1844 2317; baseline -0.003 -14"><span class='ocrx_word' id='word_1_134' title='bbox 246 2249 330 2304; x_wconf 85' lang='lat' dir='ltr'><strong>nia</strong></span> <span class='ocrx_word' id='word_1_135' title='bbox 379 2249 600 2312; x_wconf 86' lang='lat' dir='ltr'><strong>divina,</strong></span> <span class='ocrx_word' id='word_1_136' title='bbox 633 2263 751 2316; x_wconf 76' lang='lat' dir='ltr'><strong>qua:</strong></span> <span class='ocrx_word' id='word_1_137' title='bbox 790 2245 1109 2317; x_wconf 77' lang='lat' dir='ltr'><strong>proferimus</strong></span> <span class='ocrx_word' id='word_1_138' title='bbox 1138 2246 1260 2311; x_wconf 85' lang='lat' dir='ltr'><strong>tibi,</strong></span> <span class='ocrx_word' id='word_1_139' title='bbox 1306 2261 1542 2316; x_wconf 88' lang='lat' dir='ltr'><strong>pugnare</strong></span> <span class='ocrx_word' id='word_1_140' title='bbox 1581 2245 1844 2312; x_wconf 85' lang='lat' dir='ltr'><strong>videaris,</strong></span> 
     </span>
    </p>
   </div>
   <div class='ocr_carea' id='block_1_23' title="bbox 251 2335 1851 2403">
    <p class='ocr_par' dir='ltr' id='par_1_23' title="bbox 251 2335 1851 2403">
     <span class='ocr_line' id='line_1_23' title="bbox 251 2335 1851 2403; baseline -0.003 -10"><span class='ocrx_word' id='word_1_141' title='bbox 251 2355 354 2393; x_wconf 87' lang='lat' dir='ltr'><strong>non</strong></span> <span class='ocrx_word' id='word_1_142' title='bbox 379 2338 477 2391; x_wconf 74' lang='lat' dir='ltr'><strong>illa</strong></span> <span class='ocrx_word' id='word_1_143' title='bbox 504 2338 772 2392; x_wconf 84' lang='lat' dir='ltr'><strong>subvertis</strong></span> <span class='ocrx_word' id='word_1_144' title='bbox 794 2354 809 2403; x_wconf 90' lang='lat'><strong>;</strong></span> <span class='ocrx_word' id='word_1_145' title='bbox 833 2336 926 2391; x_wconf 91' lang='lat' dir='ltr'><strong>sed</strong></span> <span class='ocrx_word' id='word_1_146' title='bbox 956 2344 1008 2391; x_wconf 90' lang='lat' dir='ltr'><strong>te</strong></span> <span class='ocrx_word' id='word_1_147' title='bbox 1031 2345 1242 2402; x_wconf 87' lang='lat' dir='ltr'><strong>vexant,</strong></span> <span class='ocrx_word' id='word_1_148' title='bbox 1265 2350 1385 2390; x_wconf 92' lang='lat' dir='ltr'><strong>cum</strong></span> <span class='ocrx_word' id='word_1_149' title='bbox 1407 2335 1430 2367; x_wconf 86' lang='grc'>⁸</span> <span class='ocrx_word' id='word_1_150' title='bbox 1453 2344 1638 2390; x_wconf 83' lang='lat' dir='ltr'><strong>contra</strong></span> <span class='ocrx_word' id='word_1_151' title='bbox 1661 2336 1851 2390; x_wconf 83' lang='lat' dir='ltr'><strong>stimu-</strong></span> 
     </span>
    </p>
   </div>
   <div class='ocr_carea' id='block_1_24' title="bbox 255 2428 1851 2498">
    <p class='ocr_par' dir='ltr' id='par_1_24' title="bbox 255 2428 1851 2498">
     <span class='ocr_line' id='line_1_24' title="bbox 255 2428 1851 2498; baseline -0.003 -13"><span class='ocrx_word' id='word_1_152' title='bbox 255 2433 359 2485; x_wconf 86' lang='lat' dir='ltr'><strong>lum</strong></span> <span class='ocrx_word' id='word_1_153' title='bbox 405 2429 603 2484; x_wconf 88' lang='lat' dir='ltr'><strong>calces.</strong></span> <span class='ocrx_word' id='word_1_154' title='bbox 646 2430 772 2494; x_wconf 91' lang='lat' dir='ltr'><strong>Dic,</strong></span> <span class='ocrx_word' id='word_1_155' title='bbox 810 2438 1067 2498; x_wconf 87' lang='lat' dir='ltr'><strong>quantum</strong></span> <span class='ocrx_word' id='word_1_156' title='bbox 1095 2437 1284 2498; x_wconf 87' lang='lat' dir='ltr'><strong>potes,</strong></span> <span class='ocrx_word' id='word_1_157' title='bbox 1329 2429 1466 2482; x_wconf 91' lang='lat' dir='ltr'><strong>inter</strong></span> <span class='ocrx_word' id='word_1_158' title='bbox 1515 2428 1728 2497; x_wconf 87' lang='lat' dir='ltr'><strong>inguina</strong></span> <span class='ocrx_word' id='word_1_159' title='bbox 1755 2441 1851 2481; x_wconf 85' lang='lat' dir='ltr'><strong>vo-</strong></span> 
     </span>
    </p>
   </div>
   <div class='ocr_carea' id='block_1_25' title="bbox 257 2515 1846 2588">
    <p class='ocr_par' dir='ltr' id='par_1_25' title="bbox 257 2515 1846 2588">
     <span class='ocr_line' id='line_1_25' title="bbox 257 2515 1846 2588; baseline -0.003 -14"><span class='ocrx_word' id='word_1_160' title='bbox 257 2522 522 2574; x_wconf 83' lang='lat' dir='ltr'><strong>luntatum</strong></span> <span class='ocrx_word' id='word_1_161' title='bbox 542 2559 556 2584; x_wconf 98' lang='lat'><strong>,</strong></span> <span class='ocrx_word' id='word_1_162' title='bbox 585 2536 605 2570; x_wconf 70' lang='grc' dir='ltr'><strong>ι</strong></span> <span class='ocrx_word' id='word_1_163' title='bbox 639 2518 729 2588; x_wconf 89' lang='lat' dir='ltr'><strong>qui</strong></span> <span class='ocrx_word' id='word_1_164' title='bbox 760 2518 851 2571; x_wconf 90' lang='lat' dir='ltr'><strong>tibi</strong></span> <span class='ocrx_word' id='word_1_165' title='bbox 872 2518 1020 2582; x_wconf 87' lang='lat' dir='ltr'><strong>dicit,</strong></span> <span class='ocrx_word' id='word_1_166' title='bbox 1052 2526 1324 2585; x_wconf 83' lang='lat' dir='ltr'><strong>expertem</strong></span> <span class='ocrx_word' id='word_1_167' title='bbox 1355 2531 1460 2571; x_wconf 89' lang='lat' dir='ltr'><strong>non</strong></span> <span class='ocrx_word' id='word_1_168' title='bbox 1487 2531 1606 2572; x_wconf 85' lang='lat' dir='ltr'><strong>esse</strong></span> <span class='ocrx_word' id='word_1_169' title='bbox 1631 2515 1846 2582; x_wconf 87' lang='lat' dir='ltr'><strong>delicti,</strong></span> 
     </span>
    </p>
   </div>
   <div class='ocr_carea' id='block_1_26' title="bbox 261 2605 1848 2680">
    <p class='ocr_par' dir='ltr' id='par_1_26' title="bbox 261 2605 1848 2680">
     <span class='ocr_line' id='line_1_26' title="bbox 261 2605 1848 2680; baseline -0.004 -15"><span class='ocrx_word' id='word_1_170' title='bbox 261 2612 544 2680; x_wconf 88' lang='lat' dir='ltr'><strong>utriusque</strong></span> <span class='ocrx_word' id='word_1_171' title='bbox 575 2625 736 2664; x_wconf 73' lang='lat' dir='ltr'><strong>sexus</strong></span> <span class='ocrx_word' id='word_1_172' title='bbox 758 2607 1137 2663; x_wconf 79' lang='lat' dir='ltr'><strong>commixtione</strong></span> <span class='ocrx_word' id='word_1_173' title='bbox 1152 2615 1468 2676; x_wconf 86' lang='lat' dir='ltr'><strong>conceptum</strong></span> <span class='ocrx_word' id='word_1_174' title='bbox 1501 2605 1848 2680; x_wconf 71' lang='lat' dir='ltr'><strong>(Ambrosius,</strong></span> 
     </span>
    </p>
   </div>
   <div class='ocr_carea' id='block_1_27' title="bbox 255 2695 1849 2771">
    <p class='ocr_par' dir='ltr' id='par_1_27' title="bbox 255 2695 1849 2771">
     <span class='ocr_line' id='line_1_27' title="bbox 255 2695 1849 2771; baseline -0.004 -16"><span class='ocrx_word' id='word_1_175' title='bbox 255 2703 310 2756; x_wconf 71' lang='lat' dir='ltr'><strong>in</strong></span> <span class='ocrx_word' id='word_1_176' title='bbox 331 2699 581 2771; x_wconf 70' lang='lat' dir='ltr'><strong>Isaiam).</strong></span> <span class='ocrx_word' id='word_1_177' title='bbox 607 2698 920 2754; x_wconf 87' lang='lat' dir='ltr'><strong>Ambrosius</strong></span> <span class='ocrx_word' id='word_1_178' title='bbox 938 2707 1022 2753; x_wconf 88' lang='lat' dir='ltr'><strong>est</strong></span> <span class='ocrx_word' id='word_1_179' title='bbox 1051 2697 1169 2762; x_wconf 89' lang='lat' dir='ltr'><strong>iste,</strong></span> <span class='ocrx_word' id='word_1_180' title='bbox 1201 2695 1412 2751; x_wconf 73' lang='lat' dir='ltr'><strong>Iuliane</strong></span> <span class='ocrx_word' id='word_1_181' title='bbox 1429 2713 1444 2751; x_wconf 90' lang='lat'><strong>:</strong></span> <span class='ocrx_word' id='word_1_182' title='bbox 1463 2697 1578 2767; x_wconf 86' lang='lat' dir='ltr'><strong>ipse</strong></span> <span class='ocrx_word' id='word_1_183' title='bbox 1595 2704 1647 2752; x_wconf 91' lang='lat' dir='ltr'><strong>te</strong></span> <span class='ocrx_word' id='word_1_184' title='bbox 1666 2696 1849 2762; x_wconf 86' lang='lat' dir='ltr'><strong>vincit,</strong></span> 
     </span>
    </p>
   </div>
   <div class='ocr_carea' id='block_1_28' title="bbox 259 2787 1853 2863">
    <p class='ocr_par' dir='ltr' id='par_1_28' title="bbox 259 2787 1853 2863">
     <span class='ocr_line' id='line_1_28' title="bbox 259 2787 1853 2863; baseline -0.003 -16"><span class='ocrx_word' id='word_1_185' title='bbox 259 2807 420 2863; x_wconf 87' lang='lat' dir='ltr'><strong>quem</strong></span> <span class='ocrx_word' id='word_1_186' title='bbox 450 2807 560 2844; x_wconf 89' lang='lat' dir='ltr'><strong>non</strong></span> <span class='ocrx_word' id='word_1_187' title='bbox 587 2791 754 2845; x_wconf 86' lang='lat' dir='ltr'><strong>audes</strong></span> <span class='ocrx_word' id='word_1_188' title='bbox 782 2804 977 2860; x_wconf 85' lang='lat' dir='ltr'><strong>negare</strong></span> <span class='ocrx_word' id='word_1_189' title='bbox 1003 2787 1322 2842; x_wconf 85' lang='lat' dir='ltr'><strong>catholicum</strong></span> <span class='ocrx_word' id='word_1_190' title='bbox 1341 2827 1358 2856; x_wconf 92' lang='lat'><strong>,</strong></span> <span class='ocrx_word' id='word_1_191' title='bbox 1402 2803 1670 2858; x_wconf 87' lang='lat' dir='ltr'><strong>nunquam</strong></span> <span class='ocrx_word' id='word_1_192' title='bbox 1707 2795 1853 2843; x_wconf 83' lang='lat' dir='ltr'><strong>certe</strong></span> 
     </span>
    </p>
   </div>
   <div class='ocr_carea' id='block_1_29' title="bbox 260 2880 1853 2951">
    <p class='ocr_par' dir='ltr' id='par_1_29' title="bbox 260 2880 1853 2951">
     <span class='ocr_line' id='line_1_29' title="bbox 260 2880 1853 2951; baseline -0.003 -12"><span class='ocrx_word' id='word_1_193' title='bbox 260 2887 506 2939; x_wconf 86' lang='lat' dir='ltr'><strong>dicturus</strong></span> <span class='ocrx_word' id='word_1_194' title='bbox 532 2897 592 2937; x_wconf 78' lang='lat' dir='ltr'><strong>es</strong></span> <span class='ocrx_word' id='word_1_195' title='bbox 628 2881 998 2937; x_wconf 68' lang='lat' dir='ltr'><strong>Manichazum.</strong></span> <span class='ocrx_word' id='word_1_196' title='bbox 1027 2881 1164 2949; x_wconf 85' lang='lat' dir='ltr'><strong>Quin</strong></span> <span class='ocrx_word' id='word_1_197' title='bbox 1194 2881 1355 2936; x_wconf 84' lang='lat' dir='ltr'><strong>etiam</strong></span> <span class='ocrx_word' id='word_1_198' title='bbox 1385 2896 1472 2936; x_wconf 89' lang='lat' dir='ltr'><strong>me</strong></span> <span class='ocrx_word' id='word_1_199' title='bbox 1498 2890 1589 2936; x_wconf 89' lang='lat' dir='ltr'><strong>aut</strong></span> <span class='ocrx_word' id='word_1_200' title='bbox 1617 2880 1853 2951; x_wconf 85' lang='lat' dir='ltr'><strong>plumbei</strong></span> 
     </span>
    </p>
   </div>
   <div class='ocr_carea' id='block_1_30' title="bbox 249 2972 1854 3044">
    <p class='ocr_par' dir='ltr' id='par_1_30' title="bbox 249 2972 1854 3044">
     <span class='ocr_line' id='line_1_30' title="bbox 249 2972 1854 3044; baseline -0.002 -14"><span class='ocrx_word' id='word_1_201' title='bbox 249 2990 384 3030; x_wconf 71' lang='lat' dir='ltr'><strong>esse</strong></span> <span class='ocrx_word' id='word_1_202' title='bbox 415 2974 675 3028; x_wconf 79' lang='lat' dir='ltr'><strong>acuminis</strong></span> <span class='ocrx_word' id='word_1_203' title='bbox 708 2973 774 3028; x_wconf 88' lang='lat' dir='ltr'><strong>ad</strong></span> <span class='ocrx_word' id='word_1_204' title='bbox 802 2973 1244 3044; x_wconf 81' lang='lat' dir='ltr'><strong>intelligendum,</strong></span> <span class='ocrx_word' id='word_1_205' title='bbox 1277 2980 1369 3028; x_wconf 88' lang='lat' dir='ltr'><strong>aut</strong></span> <span class='ocrx_word' id='word_1_206' title='bbox 1393 2973 1564 3028; x_wconf 84' lang='lat' dir='ltr'><strong>teneri</strong></span> <span class='ocrx_word' id='word_1_207' title='bbox 1593 2972 1854 3028; x_wconf 88' lang='lat' dir='ltr'><strong>maleﬁcio</strong></span> 
     </span>
    </p>
   </div>
   <div class='ocr_carea' id='block_1_31' title="bbox 267 3061 1856 3132">
    <p class='ocr_par' dir='ltr' id='par_1_31' title="bbox 267 3061 1856 3132">
     <span class='ocr_line' id='line_1_31' title="bbox 267 3061 1856 3132; baseline 0 -14"><span class='ocrx_word' id='word_1_208' title='bbox 267 3064 567 3129; x_wconf 55' lang='lat' dir='ltr'><strong>Manil-luci,</strong></span> <span class='ocrx_word' id='word_1_209' title='bbox 595 3072 686 3118; x_wconf 91' lang='lat' dir='ltr'><strong>aut</strong></span> <span class='ocrx_word' id='word_1_210' title='bbox 723 3072 1007 3132; x_wconf 83' lang='lat' dir='ltr'><strong>utrumque</strong></span> <span class='ocrx_word' id='word_1_211' title='bbox 1039 3062 1196 3117; x_wconf 85' lang='lat' dir='ltr'><strong>simul</strong></span> <span class='ocrx_word' id='word_1_212' title='bbox 1243 3063 1447 3132; x_wconf 82' lang='lat' dir='ltr'><strong>perpeti</strong></span> <span class='ocrx_word' id='word_1_213' title='bbox 1483 3061 1740 3116; x_wconf 77' lang='lat' dir='ltr'><strong>afﬁrmas.</strong></span> <span class='ocrx_word' id='word_1_214' title='bbox 1781 3063 1856 3118; x_wconf 87' lang='lat' dir='ltr'><strong>De</strong></span> 
     </span>
    </p>
   </div>
   <div class='ocr_carea' id='block_1_32' title="bbox 268 3152 1856 3224">
    <p class='ocr_par' dir='ltr' id='par_1_32' title="bbox 268 3152 1856 3224">
     <span class='ocr_line' id='line_1_32' title="bbox 268 3152 1856 3224; baseline -0.001 -15"><span class='ocrx_word' id='word_1_215' title='bbox 268 3155 546 3209; x_wconf 70' lang='lat' dir='ltr'><strong>Mauiclmi</strong></span> <span class='ocrx_word' id='word_1_216' title='bbox 576 3153 842 3209; x_wconf 84' lang='lat' dir='ltr'><strong>maleﬁcio</strong></span> <span class='ocrx_word' id='word_1_217' title='bbox 877 3154 958 3208; x_wconf 78' lang='lat' dir='ltr'><strong>vel</strong></span> <span class='ocrx_word' id='word_1_218' title='bbox 992 3163 1082 3207; x_wconf 89' lang='lat' dir='ltr'><strong>tuo</strong></span> <span class='ocrx_word' id='word_1_219' title='bbox 1126 3153 1406 3218; x_wconf 75' lang='lat' dir='ltr'><strong>convicio,</strong></span> <span class='ocrx_word' id='word_1_220' title='bbox 1434 3152 1544 3222; x_wconf 84' lang='lat' dir='ltr'><strong>jam</strong></span> <span class='ocrx_word' id='word_1_221' title='bbox 1591 3154 1687 3209; x_wconf 84' lang='lat' dir='ltr'><strong>tibi</strong></span> <span class='ocrx_word' id='word_1_222' title='bbox 1711 3165 1856 3224; x_wconf 71' lang='lat' dir='ltr'><strong>smpe</strong></span> 
     </span>
    </p>
   </div>
   <div class='ocr_carea' id='block_1_33' title="bbox 267 3242 1852 3313">
    <p class='ocr_par' dir='ltr' id='par_1_33' title="bbox 267 3242 1852 3313">
     <span class='ocr_line' id='line_1_33' title="bbox 267 3242 1852 3313; baseline 0.001 -16"><span class='ocrx_word' id='word_1_223' title='bbox 267 3243 663 3313; x_wconf 76' lang='lat' dir='ltr'><strong>respondimus,</strong></span> <span class='ocrx_word' id='word_1_224' title='bbox 686 3251 740 3298; x_wconf 87' lang='lat' dir='ltr'><strong>et</strong></span> <span class='ocrx_word' id='word_1_225' title='bbox 755 3243 1124 3313; x_wconf 78' lang='lat' dir='ltr'><strong>opportunius,</strong></span> <span class='ocrx_word' id='word_1_226' title='bbox 1146 3257 1267 3297; x_wconf 86' lang='lat' dir='ltr'><strong>eum</strong></span> <span class='ocrx_word' id='word_1_227' title='bbox 1285 3257 1419 3312; x_wconf 88' lang='lat' dir='ltr'><strong>opus</strong></span> <span class='ocrx_word' id='word_1_228' title='bbox 1433 3257 1554 3298; x_wconf 84' lang='lat' dir='ltr'><strong>esse</strong></span> <span class='ocrx_word' id='word_1_229' title='bbox 1570 3242 1852 3310; x_wconf 77' lang='lat' dir='ltr'><strong>videbitur,</strong></span> 
     </span>
    </p>
   </div>
   <div class='ocr_carea' id='block_1_34' title="bbox 267 3330 1856 3402">
    <p class='ocr_par' dir='ltr' id='par_1_34' title="bbox 267 3330 1856 3402">
     <span class='ocr_line' id='line_1_34' title="bbox 267 3330 1856 3402; baseline 0.001 -17"><span class='ocrx_word' id='word_1_230' title='bbox 267 3333 444 3388; x_wconf 87' lang='lat' dir='ltr'><strong>adhuc</strong></span> <span class='ocrx_word' id='word_1_231' title='bbox 475 3333 697 3388; x_wconf 75' lang='lat' dir='ltr'><strong>forsitan</strong></span> <span class='ocrx_word' id='word_1_232' title='bbox 737 3332 1198 3402; x_wconf 72' lang='lat' dir='ltr'><strong>reSpondebimus.</strong></span> <span class='ocrx_word' id='word_1_233' title='bbox 1239 3331 1392 3386; x_wconf 80' lang='lat' dir='ltr'><strong>Nune</strong></span> <span class='ocrx_word' id='word_1_234' title='bbox 1423 3332 1489 3386; x_wconf 85' lang='lat' dir='ltr'><strong>de</strong></span> <span class='ocrx_word' id='word_1_235' title='bbox 1519 3331 1766 3402; x_wconf 89' lang='lat' dir='ltr'><strong>plumbeo</strong></span> <span class='ocrx_word' id='word_1_236' title='bbox 1791 3330 1856 3386; x_wconf 88' lang='lat' dir='ltr'><strong>ad</strong></span> 
     </span>
    </p>
   </div>
   <div class='ocr_carea' id='block_1_35' title="bbox 271 3424 1854 3495">
    <p class='ocr_par' dir='ltr' id='par_1_35' title="bbox 271 3424 1854 3495">
     <span class='ocr_line' id='line_1_35' title="bbox 271 3424 1854 3495; baseline -0.001 -17"><span class='ocrx_word' id='word_1_237' title='bbox 271 3425 677 3495; x_wconf 83' lang='lat' dir='ltr'><strong>intelligendum</strong></span> <span class='ocrx_word' id='word_1_238' title='bbox 705 3426 982 3491; x_wconf 81' lang='lat' dir='ltr'><strong>acumine‘,</strong></span> <span class='ocrx_word' id='word_1_239' title='bbox 1014 3424 1266 3479; x_wconf 68' lang='lat' dir='ltr'><strong>hazretice</strong></span> <span class='ocrx_word' id='word_1_240' title='bbox 1294 3425 1544 3490; x_wconf 85' lang='lat' dir='ltr'><strong>verbose,</strong></span> <span class='ocrx_word' id='word_1_241' title='bbox 1573 3424 1854 3494; x_wconf 85' lang='lat' dir='ltr'><strong>responde.</strong></span> 
     </span>
    </p>
   </div>
   <div class='ocr_carea' id='block_1_36' title="bbox 271 3515 1852 3587">
    <p class='ocr_par' dir='ltr' id='par_1_36' title="bbox 271 3515 1852 3587">
     <span class='ocr_line' id='line_1_36' title="bbox 271 3515 1852 3587; baseline -0.001 -16"><span class='ocrx_word' id='word_1_242' title='bbox 271 3515 440 3571; x_wconf 80' lang='lat' dir='ltr'><strong>Nemo</strong></span> <span class='ocrx_word' id='word_1_243' title='bbox 457 3527 539 3571; x_wconf 87' lang='lat' dir='ltr'><strong>cst</strong></span> <span class='ocrx_word' id='word_1_244' title='bbox 565 3525 712 3572; x_wconf 89' lang='lat' dir='ltr'><strong>certe</strong></span> <span class='ocrx_word' id='word_1_245' title='bbox 735 3518 824 3587; x_wconf 86' lang='lat' dir='ltr'><strong>qui</strong></span> <span class='ocrx_word' id='word_1_246' title='bbox 843 3516 1030 3582; x_wconf 88' lang='lat' dir='ltr'><strong>nollet,</strong></span> <span class='ocrx_word' id='word_1_247' title='bbox 1052 3517 1095 3571; x_wconf 92' lang='lat' dir='ltr'><strong>si</strong></span> <span class='ocrx_word' id='word_1_248' title='bbox 1126 3515 1175 3571; x_wconf 88' lang='lat' dir='ltr'><strong>id</strong></span> <span class='ocrx_word' id='word_1_249' title='bbox 1195 3525 1338 3572; x_wconf 82' lang='lat' dir='ltr'><strong>esset</strong></span> <span class='ocrx_word' id='word_1_250' title='bbox 1367 3517 1418 3570; x_wconf 90' lang='lat' dir='ltr'><strong>in</strong></span> <span class='ocrx_word' id='word_1_251' title='bbox 1448 3517 1681 3571; x_wconf 87' lang='lat' dir='ltr'><strong>hominis</strong></span> <span class='ocrx_word' id='word_1_252' title='bbox 1701 3525 1852 3586; x_wconf 89' lang='lat' dir='ltr'><strong>pote-</strong></span> 
     </span>
    </p>
   </div>
   <div class='ocr_carea' id='block_1_37' title="bbox 269 3606 1856 3677">
    <p class='ocr_par' dir='ltr' id='par_1_37' title="bbox 269 3606 1856 3677">
     <span class='ocr_line' id='line_1_37' title="bbox 269 3606 1856 3677; baseline -0.001 -16"><span class='ocrx_word' id='word_1_253' title='bbox 269 3616 430 3672; x_wconf 75' lang='lat' dir='ltr'><strong>state,</strong></span> <span class='ocrx_word' id='word_1_254' title='bbox 453 3609 668 3675; x_wconf 90' lang='lat' dir='ltr'><strong>ingenio</strong></span> <span class='ocrx_word' id='word_1_255' title='bbox 688 3607 895 3662; x_wconf 82' lang='lat' dir='ltr'><strong>vividus</strong></span> <span class='ocrx_word' id='word_1_256' title='bbox 919 3615 1079 3676; x_wconf 90' lang='lat' dir='ltr'><strong>atque</strong></span> <span class='ocrx_word' id='word_1_257' title='bbox 1098 3607 1164 3660; x_wconf 91' lang='lat' dir='ltr'><strong>ad</strong></span> <span class='ocrx_word' id='word_1_258' title='bbox 1186 3607 1580 3677; x_wconf 88' lang='lat' dir='ltr'><strong>intelligendum</strong></span> <span class='ocrx_word' id='word_1_259' title='bbox 1608 3606 1856 3662; x_wconf 86' lang='lat' dir='ltr'><strong>acutissi-</strong></span> 
     </span>
    </p>
   </div>
   <div class='ocr_carea' id='block_1_38' title="bbox 271 3698 1854 3769">
    <p class='ocr_par' dir='ltr' id='par_1_38' title="bbox 271 3698 1854 3769">
     <span class='ocr_line' id='line_1_38' title="bbox 271 3698 1854 3769; baseline 0 -17"><span class='ocrx_word' id='word_1_260' title='bbox 271 3716 389 3754; x_wconf 89' lang='lat' dir='ltr'><strong>mus</strong></span> <span class='ocrx_word' id='word_1_261' title='bbox 417 3700 602 3764; x_wconf 87' lang='lat' dir='ltr'><strong>nasci;</strong></span> <span class='ocrx_word' id='word_1_262' title='bbox 629 3709 682 3754; x_wconf 89' lang='lat' dir='ltr'><strong>et</strong></span> <span class='ocrx_word' id='word_1_263' title='bbox 707 3712 865 3769; x_wconf 91' lang='lat' dir='ltr'><strong>quam</strong></span> <span class='ocrx_word' id='word_1_264' title='bbox 895 3699 998 3752; x_wconf 89' lang='lat' dir='ltr'><strong>rari</strong></span> <span class='ocrx_word' id='word_1_265' title='bbox 1025 3700 1131 3753; x_wconf 88' lang='lat' dir='ltr'><strong>sint</strong></span> <span class='ocrx_word' id='word_1_266' title='bbox 1154 3700 1274 3768; x_wconf 76' lang='lat' dir='ltr'><strong>quis</strong></span> <span class='ocrx_word' id='word_1_267' title='bbox 1295 3699 1532 3768; x_wconf 82' lang='lat' dir='ltr'><strong>ignorat?</strong></span> <span class='ocrx_word' id='word_1_268' title='bbox 1560 3698 1660 3766; x_wconf 86' lang='lat' dir='ltr'><strong>Qui</strong></span> <span class='ocrx_word' id='word_1_269' title='bbox 1681 3707 1854 3752; x_wconf 89' lang='lat' dir='ltr'><strong>tamen</strong></span> 
     </span>
    </p>
   </div>
   <div class='ocr_carea' id='block_1_39' title="bbox 271 3788 1858 3860">
    <p class='ocr_par' dir='ltr' id='par_1_39' title="bbox 271 3788 1858 3860">
     <span class='ocr_line' id='line_1_39' title="bbox 271 3788 1858 3860; baseline 0.001 -21"><span class='ocrx_word' id='word_1_270' title='bbox 271 3807 460 3846; x_wconf 75' lang='lat' dir='ltr'><strong>omnes</strong></span> <span class='ocrx_word' id='word_1_271' title='bbox 506 3791 606 3860; x_wconf 89' lang='lat' dir='ltr'><strong>ipsi</strong></span> <span class='ocrx_word' id='word_1_272' title='bbox 659 3790 1001 3860; x_wconf 86' lang='lat' dir='ltr'><strong>paucissimi,</strong></span> <span class='ocrx_word' id='word_1_273' title='bbox 1059 3790 1102 3844; x_wconf 90' lang='lat' dir='ltr'><strong>si</strong></span> <span class='ocrx_word' id='word_1_274' title='bbox 1132 3789 1363 3844; x_wconf 89' lang='lat' dir='ltr'><strong>hominis</strong></span> <span class='ocrx_word' id='word_1_275' title='bbox 1407 3789 1496 3858; x_wconf 92' lang='lat' dir='ltr'><strong>qui</strong></span> <span class='ocrx_word' id='word_1_276' title='bbox 1537 3788 1740 3857; x_wconf 87' lang='lat' dir='ltr'><strong>primus</strong></span> <span class='ocrx_word' id='word_1_277' title='bbox 1777 3795 1858 3841; x_wconf 88' lang='lat' dir='ltr'><strong>est</strong></span> 
     </span>
    </p>
   </div>
   <div class='ocr_carea' id='block_1_40' title="bbox 271 3877 1855 3951">
    <p class='ocr_par' dir='ltr' id='par_1_40' title="bbox 271 3877 1855 3951">
     <span class='ocr_line' id='line_1_40' title="bbox 271 3877 1855 3951; baseline -0.002 -17"><span class='ocrx_word' id='word_1_278' title='bbox 271 3883 465 3946; x_wconf 88' lang='lat' dir='ltr'><strong>lactus,</strong></span> <span class='ocrx_word' id='word_1_279' title='bbox 489 3890 866 3951; x_wconf 87' lang='lat' dir='ltr'><strong>comparentur</strong></span> <span class='ocrx_word' id='word_1_280' title='bbox 892 3879 1125 3951; x_wconf 87' lang='lat' dir='ltr'><strong>ingenio,</strong></span> <span class='ocrx_word' id='word_1_281' title='bbox 1145 3879 1378 3949; x_wconf 82' lang='lat' dir='ltr'><strong>plumbei</strong></span> <span class='ocrx_word' id='word_1_282' title='bbox 1394 3878 1720 3947; x_wconf 88' lang='lat' dir='ltr'><strong>judicantur.</strong></span> <span class='ocrx_word' id='word_1_283' title='bbox 1741 3877 1855 3932; x_wconf 84' lang='lat' dir='ltr'><strong>Non</strong></span> 
     </span>
    </p>
   </div>
   <div class='ocr_carea' id='block_1_41' title="bbox 272 3967 1862 4039">
    <p class='ocr_par' dir='ltr' id='par_1_41' title="bbox 272 3967 1862 4039">
     <span class='ocr_line' id='line_1_41' title="bbox 272 3967 1862 4039; baseline -0.004 -13"><span class='ocrx_word' id='word_1_284' title='bbox 272 3975 413 4026; x_wconf 90' lang='lat' dir='ltr'><strong>cnim</strong></span> <span class='ocrx_word' id='word_1_285' title='bbox 439 3981 586 4033; x_wconf 87' lang='lat' dir='ltr'><strong>tunc,</strong></span> <span class='ocrx_word' id='word_1_286' title='bbox 618 3973 757 4027; x_wconf 91' lang='lat' dir='ltr'><strong>sicut</strong></span> <span class='ocrx_word' id='word_1_287' title='bbox 777 3986 936 4035; x_wconf 89' lang='lat' dir='ltr'><strong>nunc,</strong></span> <span class='ocrx_word' id='word_1_288' title='bbox 960 3985 1155 4039; x_wconf 89' lang='lat' dir='ltr'><strong>corpus</strong></span> <span class='ocrx_word' id='word_1_289' title='bbox 1178 3969 1522 4039; x_wconf 90' lang='lat' dir='ltr'><strong>corruptibile</strong></span> <span class='ocrx_word' id='word_1_290' title='bbox 1541 3967 1862 4038; x_wconf 86' lang='lat' dir='ltr'><strong>aggravabat</strong></span> 
     </span>
    </p>
   </div>
   <div class='ocr_carea' id='block_1_42' title="bbox 272 4057 1856 4136">
    <p class='ocr_par' dir='ltr' id='par_1_42' title="bbox 272 4057 1856 4136">
     <span class='ocr_line' id='line_1_42' title="bbox 272 4057 1856 4136; baseline -0.005 -20"><span class='ocrx_word' id='word_1_291' title='bbox 272 4065 502 4117; x_wconf 83' lang='lat' dir='ltr'><strong>animam</strong></span> <span class='ocrx_word' id='word_1_292' title='bbox 543 4062 698 4136; x_wconf 85' lang='lat' dir='ltr'><strong>(Sap.</strong></span> <span class='ocrx_word' id='word_1_293' title='bbox 746 4077 830 4125; x_wconf 80' lang='lat' dir='ltr'><strong>ix,</strong></span> <span class='ocrx_word' id='word_1_294' title='bbox 879 4060 989 4131; x_wconf 76' lang='grc'><strong>15).</strong></span> <span class='ocrx_word' id='word_1_295' title='bbox 1039 4061 1143 4114; x_wconf 87' lang='lat' dir='ltr'><strong>Aut</strong></span> <span class='ocrx_word' id='word_1_296' title='bbox 1179 4059 1323 4114; x_wconf 91' lang='lat' dir='ltr'><strong>enim</strong></span> <span class='ocrx_word' id='word_1_297' title='bbox 1362 4057 1705 4126; x_wconf 70' lang='lat' dir='ltr'><strong>COl‘l&#39;lllllibiie</strong></span> <span class='ocrx_word' id='word_1_298' title='bbox 1749 4069 1856 4109; x_wconf 91' lang='lat' dir='ltr'><strong>non</strong></span> 
     </span>
    </p>
   </div>
   <div class='ocr_carea' id='block_1_43' title="bbox 272 4148 1856 4223">
    <p class='ocr_par' dir='ltr' id='par_1_43' title="bbox 272 4148 1856 4223">
     <span class='ocr_line' id='line_1_43' title="bbox 272 4148 1856 4223; baseline -0.003 -19"><span class='ocrx_word' id='word_1_299' title='bbox 272 4164 406 4217; x_wconf 84' lang='lat' dir='ltr'><strong>crat,</strong></span> <span class='ocrx_word' id='word_1_300' title='bbox 454 4153 577 4223; x_wconf 89' lang='lat' dir='ltr'><strong>quia</strong></span> <span class='ocrx_word' id='word_1_301' title='bbox 609 4167 713 4205; x_wconf 86' lang='lat' dir='ltr'><strong>non</strong></span> <span class='ocrx_word' id='word_1_302' title='bbox 739 4159 854 4205; x_wconf 89' lang='lat' dir='ltr'><strong>erat</strong></span> <span class='ocrx_word' id='word_1_303' title='bbox 877 4151 1163 4204; x_wconf 88' lang='lat' dir='ltr'><strong>moriturus</strong></span> <span class='ocrx_word' id='word_1_304' title='bbox 1184 4149 1376 4213; x_wconf 91' lang='lat' dir='ltr'><strong>Adam,</strong></span> <span class='ocrx_word' id='word_1_305' title='bbox 1413 4148 1514 4202; x_wconf 86' lang='lat' dir='ltr'><strong>nisi</strong></span> <span class='ocrx_word' id='word_1_306' title='bbox 1542 4155 1814 4218; x_wconf 85' lang='lat' dir='ltr'><strong>peccasset</strong></span> <span class='ocrx_word' id='word_1_307' title='bbox 1842 4165 1856 4200; x_wconf 91' lang='lat'><strong>:</strong></span> 
     </span>
    </p>
   </div>
   <div class='ocr_carea' id='block_1_44' title="bbox 274 4240 1856 4310">
    <p class='ocr_par' dir='ltr' id='par_1_44' title="bbox 274 4240 1856 4310">
     <span class='ocr_line' id='line_1_44' title="bbox 274 4240 1856 4310; baseline -0.001 -16"><span class='ocrx_word' id='word_1_308' title='bbox 274 4254 357 4297; x_wconf 84' lang='lat' dir='ltr'><strong>aut</strong></span> <span class='ocrx_word' id='word_1_309' title='bbox 393 4243 459 4301; x_wconf 90' lang='lat' dir='ltr'><strong>si.</strong></span> <span class='ocrx_word' id='word_1_310' title='bbox 485 4251 542 4297; x_wconf 92' lang='lat' dir='ltr'><strong>ut</strong></span> <span class='ocrx_word' id='word_1_311' title='bbox 565 4256 661 4296; x_wconf 90' lang='lat' dir='ltr'><strong>vos</strong></span> <span class='ocrx_word' id='word_1_312' title='bbox 688 4243 807 4295; x_wconf 90' lang='lat' dir='ltr'><strong>novi</strong></span> <span class='ocrx_word' id='word_1_313' title='bbox 830 4241 1063 4296; x_wconf 79' lang='lat' dir='ltr'><strong>lueretici</strong></span> <span class='ocrx_word' id='word_1_314' title='bbox 1085 4240 1276 4305; x_wconf 86' lang='lat' dir='ltr'><strong>dicitis,</strong></span> <span class='ocrx_word' id='word_1_315' title='bbox 1303 4241 1402 4295; x_wconf 90' lang='lat' dir='ltr'><strong>etsi</strong></span> <span class='ocrx_word' id='word_1_316' title='bbox 1433 4256 1537 4294; x_wconf 90' lang='lat' dir='ltr'><strong>non</strong></span> <span class='ocrx_word' id='word_1_317' title='bbox 1561 4248 1856 4310; x_wconf 86' lang='lat' dir='ltr'><strong>peccasset,</strong></span> 
     </span>
    </p>
   </div>
   <div class='ocr_carea' id='block_1_45' title="bbox 274 4330 1856 4399">
    <p class='ocr_par' dir='ltr' id='par_1_45' title="bbox 274 4330 1856 4399">
     <span class='ocr_line' id='line_1_45' title="bbox 274 4330 1856 4399; baseline -0.003 -13"><span class='ocrx_word' id='word_1_318' title='bbox 274 4336 567 4388; x_wconf 87' lang='lat' dir='ltr'><strong>moriturus</strong></span> <span class='ocrx_word' id='word_1_319' title='bbox 589 4341 767 4397; x_wconf 89' lang='lat' dir='ltr'><strong>esset;</strong></span> <span class='ocrx_word' id='word_1_320' title='bbox 807 4347 912 4386; x_wconf 92' lang='lat' dir='ltr'><strong>non</strong></span> <span class='ocrx_word' id='word_1_321' title='bbox 946 4339 1123 4385; x_wconf 88' lang='lat' dir='ltr'><strong>tamen</strong></span> <span class='ocrx_word' id='word_1_322' title='bbox 1155 4331 1224 4384; x_wconf 88' lang='lat' dir='ltr'><strong>ita</strong></span> <span class='ocrx_word' id='word_1_323' title='bbox 1260 4339 1343 4384; x_wconf 86' lang='lat' dir='ltr'><strong>est</strong></span> <span class='ocrx_word' id='word_1_324' title='bbox 1368 4330 1668 4393; x_wconf 90' lang='lat' dir='ltr'><strong>institutus,</strong></span> <span class='ocrx_word' id='word_1_325' title='bbox 1699 4344 1856 4399; x_wconf 89' lang='lat' dir='ltr'><strong>quem</strong></span> 
     </span>
    </p>
   </div>
   <div class='ocr_carea' id='block_1_46' title="bbox 277 4418 1853 4491">
    <p class='ocr_par' dir='ltr' id='par_1_46' title="bbox 277 4418 1853 4491">
     <span class='ocr_line' id='line_1_46' title="bbox 277 4418 1853 4491; baseline -0.001 -15"><span class='ocrx_word' id='word_1_326' title='bbox 277 4423 448 4490; x_wconf 88' lang='lat' dir='ltr'><strong>primo</strong></span> <span class='ocrx_word' id='word_1_327' title='bbox 473 4423 614 4478; x_wconf 90' lang='lat' dir='ltr'><strong>Deus</strong></span> <span class='ocrx_word' id='word_1_328' title='bbox 643 4421 861 4488; x_wconf 78' lang='lat' dir='ltr'><strong>fecerat,</strong></span> <span class='ocrx_word' id='word_1_329' title='bbox 888 4430 941 4476; x_wconf 90' lang='lat' dir='ltr'><strong>et</strong></span> <span class='ocrx_word' id='word_1_330' title='bbox 959 4421 1047 4491; x_wconf 90' lang='lat' dir='ltr'><strong>qui</strong></span> <span class='ocrx_word' id='word_1_331' title='bbox 1072 4421 1196 4474; x_wconf 92' lang='lat' dir='ltr'><strong>mali</strong></span> <span class='ocrx_word' id='word_1_332' title='bbox 1221 4420 1395 4475; x_wconf 89' lang='lat' dir='ltr'><strong>adhuc</strong></span> <span class='ocrx_word' id='word_1_333' title='bbox 1423 4421 1555 4474; x_wconf 87' lang='lat' dir='ltr'><strong>nihil</strong></span> <span class='ocrx_word' id='word_1_334' title='bbox 1584 4419 1788 4475; x_wconf 85' lang='lat' dir='ltr'><strong>fecerat</strong></span> <span class='ocrx_word' id='word_1_335' title='bbox 1813 4418 1853 4484; x_wconf 76' lang='grc'><strong>⁸,</strong></span> 
     </span>
    </p>
   </div>
   <div class='ocr_carea' id='block_1_47' title="bbox 279 4513 1860 4584">
    <p class='ocr_par' dir='ltr' id='par_1_47' title="bbox 279 4513 1860 4584">
     <span class='ocr_line' id='line_1_47' title="bbox 279 4513 1860 4584; baseline 0.003 -19"><span class='ocrx_word' id='word_1_336' title='bbox 279 4524 333 4568; x_wconf 84' lang='grc' dir='ltr'><strong>ιιι</strong></span> <span class='ocrx_word' id='word_1_337' title='bbox 375 4514 490 4584; x_wconf 83' lang='lat' dir='ltr'><strong>ejus</strong></span> <span class='ocrx_word' id='word_1_338' title='bbox 519 4515 696 4567; x_wconf 91' lang='lat' dir='ltr'><strong>anima</strong></span> <span class='ocrx_word' id='word_1_339' title='bbox 737 4528 962 4584; x_wconf 90' lang='lat' dir='ltr'><strong>corpore</strong></span> <span class='ocrx_word' id='word_1_340' title='bbox 1002 4521 1332 4582; x_wconf 79' lang='lat' dir='ltr'><strong>gravaretur.</strong></span> <span class='ocrx_word' id='word_1_341' title='bbox 1373 4513 1503 4578; x_wconf 86' lang='lat' dir='ltr'><strong>Quis</strong></span> <span class='ocrx_word' id='word_1_342' title='bbox 1547 4514 1688 4567; x_wconf 90' lang='lat' dir='ltr'><strong>enim</strong></span> <span class='ocrx_word' id='word_1_343' title='bbox 1725 4513 1860 4569; x_wconf 89' lang='lat' dir='ltr'><strong>hanc</strong></span> 
     </span>
    </p>
   </div>
   <div class='ocr_carea' id='block_1_48' title="bbox 281 4603 1859 4675">
    <p class='ocr_par' dir='ltr' id='par_1_48' title="bbox 281 4603 1859 4675">
     <span class='ocr_line' id='line_1_48' title="bbox 281 4603 1859 4675; baseline -0.001 -15"><span class='ocrx_word' id='word_1_344' title='bbox 281 4620 398 4661; x_wconf 88' lang='lat' dir='ltr'><strong>esse</strong></span> <span class='ocrx_word' id='word_1_345' title='bbox 424 4620 635 4675; x_wconf 74' lang='lat' dir='ltr'><strong>pmnam</strong></span> <span class='ocrx_word' id='word_1_346' title='bbox 667 4615 850 4675; x_wconf 85' lang='lat' dir='ltr'><strong>neget,</strong></span> <span class='ocrx_word' id='word_1_347' title='bbox 878 4604 979 4658; x_wconf 91' lang='lat' dir='ltr'><strong>nisi</strong></span> <span class='ocrx_word' id='word_1_348' title='bbox 1009 4604 1098 4674; x_wconf 93' lang='lat' dir='ltr'><strong>qui</strong></span> <span class='ocrx_word' id='word_1_349' title='bbox 1119 4603 1345 4673; x_wconf 91' lang='lat' dir='ltr'><strong>amplius</strong></span> <span class='ocrx_word' id='word_1_350' title='bbox 1368 4605 1576 4658; x_wconf 69' lang='lat' dir='ltr'><strong>caeteris</strong></span> <span class='ocrx_word' id='word_1_351' title='bbox 1603 4619 1859 4675; x_wconf 81' lang='lat' dir='ltr'><strong>aggrava—</strong></span> 
     </span>
    </p>
   </div>
   <div class='ocr_carea' id='block_1_49' title="bbox 279 4695 1861 4767">
    <p class='ocr_par' dir='ltr' id='par_1_49' title="bbox 279 4695 1861 4767">
     <span class='ocr_line' id='line_1_49' title="bbox 279 4695 1861 4767; baseline -0.001 -17"><span class='ocrx_word' id='word_1_352' title='bbox 279 4699 394 4752; x_wconf 89' lang='lat' dir='ltr'><strong>tur?</strong></span> <span class='ocrx_word' id='word_1_353' title='bbox 425 4699 480 4753; x_wconf 90' lang='lat' dir='ltr'><strong>Si</strong></span> <span class='ocrx_word' id='word_1_354' title='bbox 517 4712 646 4767; x_wconf 87' lang='lat' dir='ltr'><strong>ergo</strong></span> <span class='ocrx_word' id='word_1_355' title='bbox 674 4695 998 4752; x_wconf 70' lang='lat' dir='ltr'><strong>Manichmus</strong></span> <span class='ocrx_word' id='word_1_356' title='bbox 1034 4696 1354 4766; x_wconf 73' lang='lat' dir='ltr'><strong>interroget,</strong></span> <span class='ocrx_word' id='word_1_357' title='bbox 1377 4695 1516 4750; x_wconf 91' lang='lat' dir='ltr'><strong>unde</strong></span> <span class='ocrx_word' id='word_1_358' title='bbox 1535 4695 1726 4750; x_wconf 90' lang='lat' dir='ltr'><strong>sithoc</strong></span> <span class='ocrx_word' id='word_1_359' title='bbox 1756 4705 1861 4749; x_wconf 77' lang='lat' dir='ltr'><strong>tar-</strong></span> 
     </span>
    </p>
   </div>
   <div class='ocr_carea' id='block_1_50' title="bbox 279 4785 1860 4856">
    <p class='ocr_par' dir='ltr' id='par_1_50' title="bbox 279 4785 1860 4856">
     <span class='ocr_line' id='line_1_50' title="bbox 279 4785 1860 4856; baseline -0.001 -15"><span class='ocrx_word' id='word_1_360' title='bbox 279 4789 460 4844; x_wconf 88' lang='lat' dir='ltr'><strong>ditatis</strong></span> <span class='ocrx_word' id='word_1_361' title='bbox 480 4791 700 4852; x_wconf 91' lang='lat' dir='ltr'><strong>malum,</strong></span> <span class='ocrx_word' id='word_1_362' title='bbox 719 4804 826 4844; x_wconf 91' lang='lat' dir='ltr'><strong>non</strong></span> <span class='ocrx_word' id='word_1_363' title='bbox 854 4789 907 4842; x_wconf 94' lang='lat' dir='ltr'><strong>in</strong></span> <span class='ocrx_word' id='word_1_364' title='bbox 924 4787 1254 4856; x_wconf 86' lang='lat' dir='ltr'><strong>corporibus,</strong></span> <span class='ocrx_word' id='word_1_365' title='bbox 1279 4785 1374 4841; x_wconf 92' lang='lat' dir='ltr'><strong>sed</strong></span> <span class='ocrx_word' id='word_1_366' title='bbox 1401 4787 1452 4840; x_wconf 89' lang='lat' dir='ltr'><strong>in</strong></span> <span class='ocrx_word' id='word_1_367' title='bbox 1476 4787 1623 4856; x_wconf 89' lang='lat' dir='ltr'><strong>ipsis,</strong></span> <span class='ocrx_word' id='word_1_368' title='bbox 1649 4787 1738 4841; x_wconf 93' lang='lat' dir='ltr'><strong>ubi</strong></span> <span class='ocrx_word' id='word_1_369' title='bbox 1769 4787 1860 4842; x_wconf 87' lang='lat' dir='ltr'><strong>Dei</strong></span> 
     </span>
    </p>
   </div>
   <div class='ocr_carea' id='block_1_51' title="bbox 280 4876 1862 4951">
    <p class='ocr_par' dir='ltr' id='par_1_51' title="bbox 280 4876 1862 4951">
     <span class='ocr_line' id='line_1_51' title="bbox 280 4876 1862 4951; baseline -0.001 -17"><span class='ocrx_word' id='word_1_370' title='bbox 280 4891 358 4934; x_wconf 88' lang='lat' dir='ltr'><strong>est</strong></span> <span class='ocrx_word' id='word_1_371' title='bbox 380 4881 554 4951; x_wconf 80' lang='lat' dir='ltr'><strong>imago</strong></span> <span class='ocrx_word' id='word_1_372' title='bbox 573 4881 797 4950; x_wconf 85' lang='lat' dir='ltr'><strong>ingeniis</strong></span> <span class='ocrx_word' id='word_1_373' title='bbox 819 4878 1086 4944; x_wconf 86' lang='lat' dir='ltr'><strong>humanis,</strong></span> <span class='ocrx_word' id='word_1_374' title='bbox 1108 4893 1227 4947; x_wconf 78' lang='lat' dir='ltr'><strong>qua:</strong></span> <span class='ocrx_word' id='word_1_375' title='bbox 1249 4876 1467 4932; x_wconf 86' lang='lat' dir='ltr'><strong>tarditas</strong></span> <span class='ocrx_word' id='word_1_376' title='bbox 1489 4879 1862 4948; x_wconf 88' lang='lat' dir='ltr'><strong>pervenitgra-</strong></span> 
     </span>
    </p>
   </div>
   <div class='ocr_carea' id='block_1_52' title="bbox 281 4967 1860 5041">
    <p class='ocr_par' dir='ltr' id='par_1_52' title="bbox 281 4967 1860 5041">
     <span class='ocr_line' id='line_1_52' title="bbox 281 4967 1860 5041; baseline 0.001 -19"><span class='ocrx_word' id='word_1_377' title='bbox 281 4971 440 5026; x_wconf 86' lang='lat' dir='ltr'><strong>datim</strong></span> <span class='ocrx_word' id='word_1_378' title='bbox 477 4986 644 5041; x_wconf 89' lang='lat' dir='ltr'><strong>usque</strong></span> <span class='ocrx_word' id='word_1_379' title='bbox 680 4971 745 5026; x_wconf 92' lang='lat' dir='ltr'><strong>ad</strong></span> <span class='ocrx_word' id='word_1_380' title='bbox 763 4969 1063 5033; x_wconf 85' lang='lat' dir='ltr'><strong>ridendam,</strong></span> <span class='ocrx_word' id='word_1_381' title='bbox 1097 4967 1178 5022; x_wconf 83' lang='lat' dir='ltr'><strong>vel</strong></span> <span class='ocrx_word' id='word_1_382' title='bbox 1199 4969 1396 5036; x_wconf 89' lang='lat' dir='ltr'><strong>potius,</strong></span> <span class='ocrx_word' id='word_1_383' title='bbox 1427 4969 1564 5024; x_wconf 91' lang='lat' dir='ltr'><strong>sicut</strong></span> <span class='ocrx_word' id='word_1_384' title='bbox 1591 4967 1860 5036; x_wconf 88' lang='lat' dir='ltr'><strong>Scriptura</strong></span> 
     </span>
    </p>
   </div>
   <div class='ocr_carea' id='block_1_53' title="bbox 281 5057 1858 5132">
    <p class='ocr_par' dir='ltr' id='par_1_53' title="bbox 281 5057 1858 5132">
     <span class='ocr_line' id='line_1_53' title="bbox 281 5057 1858 5132; baseline -0.003 -16"><span class='ocrx_word' id='word_1_385' title='bbox 281 5073 584 5117; x_wconf 84' lang='lat' dir='ltr'><strong>commonet</strong></span> <span class='ocrx_word' id='word_1_386' title='bbox 613 5101 629 5128; x_wconf 96' lang='lat'><strong>,</strong></span> <span class='ocrx_word' id='word_1_387' title='bbox 678 5076 842 5130; x_wconf 88' lang='lat' dir='ltr'><strong>usque</strong></span> <span class='ocrx_word' id='word_1_388' title='bbox 882 5059 947 5114; x_wconf 91' lang='lat' dir='ltr'><strong>ad</strong></span> <span class='ocrx_word' id='word_1_389' title='bbox 1006 5058 1286 5130; x_wconf 79' lang='lat' dir='ltr'><strong>lugendam</strong></span> <span class='ocrx_word' id='word_1_390' title='bbox 1332 5057 1625 5113; x_wconf 81' lang='lat' dir='ltr'><strong>fatuitatem</strong></span> <span class='ocrx_word' id='word_1_391' title='bbox 1669 5057 1858 5132; x_wconf 82' lang='lat' dir='ltr'><strong>(Eccli.</strong></span> 
     </span>
    </p>
   </div>
   <div class='ocr_carea' id='block_1_54' title="bbox 289 5149 1861 5223">
    <p class='ocr_par' dir='ltr' id='par_1_54' title="bbox 289 5149 1861 5223">
     <span class='ocr_line' id='line_1_54' title="bbox 289 5149 1861 5223; baseline 0.003 -21"><span class='ocrx_word' id='word_1_392' title='bbox 289 5165 396 5206; x_wconf 77' lang='lat' dir='ltr'><strong>un</strong></span> <span class='ocrx_word' id='word_1_393' title='bbox 415 5194 429 5215; x_wconf 93' lang='lat'><strong>,</strong></span> <span class='ocrx_word' id='word_1_394' title='bbox 464 5152 586 5223; x_wconf 77' lang='lat'><strong>10):</strong></span> <span class='ocrx_word' id='word_1_395' title='bbox 615 5151 995 5220; x_wconf 78' lang='lat' dir='ltr'><strong>reSpondemus</strong></span> <span class='ocrx_word' id='word_1_396' title='bbox 1017 5165 1132 5215; x_wconf 89' lang='lat' dir='ltr'><strong>nos,</strong></span> <span class='ocrx_word' id='word_1_397' title='bbox 1161 5159 1216 5204; x_wconf 91' lang='lat' dir='ltr'><strong>et</strong></span> <span class='ocrx_word' id='word_1_398' title='bbox 1242 5149 1356 5204; x_wconf 62' lang='lat' dir='ltr'><strong>hare</strong></span> <span class='ocrx_word' id='word_1_399' title='bbox 1383 5158 1437 5204; x_wconf 89' lang='lat' dir='ltr'><strong>ct</strong></span> <span class='ocrx_word' id='word_1_400' title='bbox 1459 5151 1636 5204; x_wconf 90' lang='lat' dir='ltr'><strong>omnia</strong></span> <span class='ocrx_word' id='word_1_401' title='bbox 1670 5161 1861 5207; x_wconf 74' lang='lat' dir='ltr'><strong>cretera</strong></span> 
     </span>
    </p>
   </div>
   <div class='ocr_carea' id='block_1_55' title="bbox 285 5242 1860 5311">
    <p class='ocr_par' dir='ltr' id='par_1_55' title="bbox 285 5242 1860 5311">
     <span class='ocr_line' id='line_1_55' title="bbox 285 5242 1860 5311; baseline 0.003 -17"><span class='ocrx_word' id='word_1_402' title='bbox 285 5243 443 5308; x_wconf 86' lang='lat' dir='ltr'><strong>maia,</strong></span> <span class='ocrx_word' id='word_1_403' title='bbox 485 5259 606 5297; x_wconf 90' lang='lat' dir='ltr'><strong>cum</strong></span> <span class='ocrx_word' id='word_1_404' title='bbox 645 5242 836 5311; x_wconf 84' lang='lat' dir='ltr'><strong>quibus</strong></span> <span class='ocrx_word' id='word_1_405' title='bbox 871 5242 1050 5296; x_wconf 67' lang='lat' dir='ltr'><strong>nasci“</strong></span> <span class='ocrx_word' id='word_1_406' title='bbox 1073 5284 1088 5307; x_wconf 92' lang='lat'><strong>,</strong></span> <span class='ocrx_word' id='word_1_407' title='bbox 1129 5256 1324 5311; x_wconf 81' lang='lat' dir='ltr'><strong>negare</strong></span> <span class='ocrx_word' id='word_1_408' title='bbox 1359 5242 1442 5295; x_wconf 89' lang='lat' dir='ltr'><strong>vel</strong></span> <span class='ocrx_word' id='word_1_409' title='bbox 1483 5242 1726 5297; x_wconf 87' lang='lat' dir='ltr'><strong>dubitare</strong></span> <span class='ocrx_word' id='word_1_410' title='bbox 1755 5259 1860 5298; x_wconf 91' lang='lat' dir='ltr'><strong>non</strong></span> 
     </span>
    </p>
   </div>
   <div class='ocr_carea' id='block_1_56' title="bbox 347 5351 1862 5412">
    <p class='ocr_par' dir='ltr' id='par_1_56' title="bbox 347 5351 1862 5412">
     <span class='ocr_line' id='line_1_56' title="bbox 347 5351 1862 5412; baseline 0.001 -14"><span class='ocrx_word' id='word_1_411' title='bbox 347 5351 360 5381; x_wconf 79' lang='grc'>⁸</span> <span class='ocrx_word' id='word_1_412' title='bbox 400 5352 774 5412; x_wconf 68' lang='lat' dir='ltr'><strong>Reinousionem</strong></span> <span class='ocrx_word' id='word_1_413' title='bbox 819 5352 940 5398; x_wconf 88' lang='lat' dir='ltr'><strong>hanc</strong></span> <span class='ocrx_word' id='word_1_414' title='bbox 983 5351 1227 5412; x_wconf 74' lang='lat' dir='ltr'><strong>Augustini</strong></span> <span class='ocrx_word' id='word_1_415' title='bbox 1263 5357 1412 5400; x_wconf 84' lang='lat' dir='ltr'><strong>totam</strong></span> <span class='ocrx_word' id='word_1_416' title='bbox 1436 5360 1734 5411; x_wconf 70' lang='lat' dir='ltr'><strong>prmtereunt</strong></span> <span class='ocrx_word' id='word_1_417' title='bbox 1758 5353 1862 5401; x_wconf 85' lang='lat' dir='ltr'><strong>edi-</strong></span> 
     </span>
    </p>
   </div>
   <div class='ocr_carea' id='block_1_57' title="bbox 285 5409 1864 5474">
    <p class='ocr_par' dir='ltr' id='par_1_57' title="bbox 285 5409 1864 5474">
     <span class='ocr_line' id='line_1_57' title="bbox 285 5409 1864 5474; baseline 0.007 -21"><span class='ocrx_word' id='word_1_418' title='bbox 285 5409 458 5470; x_wconf 77' lang='lat' dir='ltr'><strong>tiones,</strong></span> <span class='ocrx_word' id='word_1_419' title='bbox 491 5409 681 5461; x_wconf 80' lang='lat' dir='ltr'><strong>tametsi</strong></span> <span class='ocrx_word' id='word_1_420' title='bbox 708 5425 765 5459; x_wconf 89' lang='lat' dir='ltr'><strong>ea</strong></span> <span class='ocrx_word' id='word_1_421' title='bbox 800 5409 1096 5461; x_wconf 64' lang='lat' dir='ltr'><strong>ineuntibus</strong></span> <span class='ocrx_word' id='word_1_422' title='bbox 1136 5409 1686 5474; x_wconf 13' lang='lat' dir='ltr'><strong>exstetimauuscriptis,</strong></span> <span class='ocrx_word' id='word_1_423' title='bbox 1719 5413 1864 5464; x_wconf 80' lang='lat' dir='ltr'><strong>Julia-</strong></span> 
     </span>
    </p>
   </div>
   <div class='ocr_carea' id='block_1_58' title="bbox 286 5473 1693 5536">
    <p class='ocr_par' dir='ltr' id='par_1_58' title="bbox 286 5473 1693 5536">
     <span class='ocr_line' id='line_1_58' title="bbox 286 5473 1693 5536; baseline 0.006 -23"><span class='ocrx_word' id='word_1_424' title='bbox 286 5482 396 5536; x_wconf 78' lang='lat' dir='ltr'><strong>uum</strong></span> <span class='ocrx_word' id='word_1_425' title='bbox 421 5474 594 5536; x_wconf 68' lang='lat' dir='ltr'><strong>eodem</strong></span> <span class='ocrx_word' id='word_1_426' title='bbox 617 5481 905 5536; x_wconf 62' lang='lat' dir='ltr'><strong>argumento</strong></span> <span class='ocrx_word' id='word_1_427' title='bbox 928 5475 1105 5531; x_wconf 82' lang='lat' dir='ltr'><strong>premit</strong></span> <span class='ocrx_word' id='word_1_428' title='bbox 1127 5473 1276 5532; x_wconf 71' lang='lat' dir='ltr'><strong>intra,</strong></span> <span class='ocrx_word' id='word_1_429' title='bbox 1301 5473 1385 5522; x_wconf 91' lang='lat' dir='ltr'><strong>lib.</strong></span> <span class='ocrx_word' id='word_1_430' title='bbox 1411 5474 1459 5534; x_wconf 71' lang='grc' dir='ltr'><strong>ὅ,</strong></span> <span class='ocrx_word' id='word_1_431' title='bbox 1485 5473 1589 5536; x_wconf 83' lang='lat' dir='ltr'><strong>cap.</strong></span> <span class='ocrx_word' id='word_1_432' title='bbox 1620 5475 1693 5522; x_wconf 87' lang='lat' dir='ltr'><strong>ll.</strong></span> 
     </span>
    </p>
   </div>
   <div class='ocr_carea' id='block_1_59' title="bbox 349 5531 1058 5594">
    <p class='ocr_par' dir='ltr' id='par_1_59' title="bbox 349 5531 1058 5594">
     <span class='ocr_line' id='line_1_59' title="bbox 349 5531 1058 5594; baseline 0.003 -16"><span class='ocrx_word' id='word_1_433' title='bbox 349 5533 367 5562; x_wconf 73' lang='grc'>⁸</span> <span class='ocrx_word' id='word_1_434' title='bbox 399 5532 558 5582; x_wconf 61' lang='lat' dir='ltr'><strong>male:</strong></span> <span class='ocrx_word' id='word_1_435' title='bbox 584 5531 731 5592; x_wconf 78' lang='lat' dir='ltr'><strong>Pori.,</strong></span> <span class='ocrx_word' id='word_1_436' title='bbox 755 5531 1058 5594; x_wconf 63' lang='lat' dir='ltr'><strong>voluptario&quot;.</strong></span> 
     </span>
    </p>
   </div>
   <div class='ocr_carea' id='block_1_60' title="bbox 341 5594 1325 5650">
    <p class='ocr_par' dir='ltr' id='par_1_60' title="bbox 341 5594 1325 5650">
     <span class='ocr_line' id='line_1_60' title="bbox 341 5594 1325 5650; baseline -0.003 -3"><span class='ocrx_word' id='word_1_437' title='bbox 341 5600 360 5629; x_wconf 82' lang='grc'>⁸</span> <span class='ocrx_word' id='word_1_438' title='bbox 392 5610 468 5647; x_wconf 82' lang='lat' dir='ltr'><strong>tae</strong></span> <span class='ocrx_word' id='word_1_439' title='bbox 499 5599 749 5650; x_wconf 81' lang='lat' dir='ltr'><strong>addimus.</strong></span> <span class='ocrx_word' id='word_1_440' title='bbox 775 5609 899 5650; x_wconf 80' lang='lat' dir='ltr'><strong>cum,</strong></span> <span class='ocrx_word' id='word_1_441' title='bbox 930 5609 990 5644; x_wconf 85' lang='lat' dir='ltr'><strong>ex</strong></span> <span class='ocrx_word' id='word_1_442' title='bbox 1013 5594 1176 5645; x_wconf 86' lang='lat' dir='ltr'><strong>codice</strong></span> <span class='ocrx_word' id='word_1_443' title='bbox 1201 5602 1325 5644; x_wconf 69' lang='lat' dir='ltr'><strong>Fort.</strong></span> 
     </span>
    </p>
   </div>
   <div class='ocr_carea' id='block_1_61' title="bbox 342 5655 1864 5722">
    <p class='ocr_par' dir='ltr' id='par_1_61' title="bbox 342 5655 1864 5722">
     <span class='ocr_line' id='line_1_61' title="bbox 342 5655 1864 5722; baseline 0.003 -17"><span class='ocrx_word' id='word_1_444' title='bbox 342 5661 360 5686; x_wconf 75' lang='grc'><strong>⁸</strong></span> <span class='ocrx_word' id='word_1_445' title='bbox 395 5664 562 5707; x_wconf 65' lang='lat' dir='ltr'><strong>tstltarc</strong></span> <span class='ocrx_word' id='word_1_446' title='bbox 587 5661 732 5705; x_wconf 76' lang='lat' dir='ltr'><strong>verba</strong></span> <span class='ocrx_word' id='word_1_447' title='bbox 752 5692 765 5713; x_wconf 90' lang='lat'><strong>,</strong></span> <span class='ocrx_word' id='word_1_448' title='bbox 807 5663 853 5722; x_wconf 73' lang='lat' dir='ltr'><strong>et</strong></span> <span class='ocrx_word' id='word_1_449' title='bbox 889 5655 971 5715; x_wconf 71' lang='lat' dir='ltr'><strong>qui</strong></span> <span class='ocrx_word' id='word_1_450' title='bbox 993 5655 1121 5722; x_wconf 56' lang='lat' dir='ltr'><strong>mali</strong></span> <span class='ocrx_word' id='word_1_451' title='bbox 1144 5655 1304 5722; x_wconf 67' lang='lat' dir='ltr'><strong>adhuc</strong></span> <span class='ocrx_word' id='word_1_452' title='bbox 1327 5655 1447 5707; x_wconf 77' lang='lat' dir='ltr'><strong>nihil</strong></span> <span class='ocrx_word' id='word_1_453' title='bbox 1482 5657 1689 5722; x_wconf 71' lang='lat' dir='ltr'><strong>fecerat,</strong></span> <span class='ocrx_word' id='word_1_454' title='bbox 1718 5661 1864 5712; x_wconf 77' lang='lat' dir='ltr'><strong>resti-</strong></span> 
     </span>
    </p>
   </div>
   <div class='ocr_carea' id='block_1_62' title="bbox 280 5719 1203 5767">
    <p class='ocr_par' dir='ltr' id='par_1_62' title="bbox 280 5719 1203 5767">
     <span class='ocr_line' id='line_1_62' title="bbox 280 5719 1203 5767; baseline 0.013 -12"><span class='ocrx_word' id='word_1_455' title='bbox 280 5721 473 5766; x_wconf 75' lang='lat' dir='ltr'><strong>tuttntur</strong></span> <span class='ocrx_word' id='word_1_456' title='bbox 505 5733 566 5765; x_wconf 67' lang='lat' dir='ltr'><strong>ex</strong></span> <span class='ocrx_word' id='word_1_457' title='bbox 595 5728 817 5767; x_wconf 78' lang='lat' dir='ltr'><strong>vett-rum</strong></span> <span class='ocrx_word' id='word_1_458' title='bbox 843 5719 1070 5765; x_wconf 71' lang='lat' dir='ltr'><strong>libroruin</strong></span> <span class='ocrx_word' id='word_1_459' title='bbox 1097 5719 1203 5767; x_wconf 53' lang='lat' dir='ltr'><strong>ille.</strong></span> 
     </span>
    </p>
   </div>
   <div class='ocr_carea' id='block_1_63' title="bbox 345 5778 1092 5832">
    <p class='ocr_par' dir='ltr' id='par_1_63' title="bbox 345 5778 1092 5832">
     <span class='ocr_line' id='line_1_63' title="bbox 345 5778 1092 5832; baseline 0.004 -8"><span class='ocrx_word' id='word_1_460' title='bbox 345 5778 364 5808; x_wconf 86' lang='grc'><strong><em>⁸</em></strong></span> <span class='ocrx_word' id='word_1_461' title='bbox 396 5785 534 5829; x_wconf 68' lang='lat' dir='ltr'><strong>forte</strong></span> <span class='ocrx_word' id='word_1_462' title='bbox 555 5781 844 5832; x_wconf 68' lang='lat' dir='ltr'><strong>uidendam,</strong></span> <span class='ocrx_word' id='word_1_463' title='bbox 868 5779 1092 5827; x_wconf 64' lang='lat' dir='ltr'><strong>homisiss.</strong></span> 
     </span>
    </p>
   </div>
   <div class='ocr_carea' id='block_1_64' title="bbox 1590 308 2170 379">
    <p class='ocr_par' dir='ltr' id='par_1_64' title="bbox 1590 308 2170 379">
     <span class='ocr_line' id='line_1_64' title="bbox 1590 308 2170 379; baseline -0.005 -11"><span class='ocrx_word' id='word_1_464' title='bbox 1590 311 1791 368; x_wconf 76' lang='lat' dir='ltr'><strong>LIBER</strong></span> <span class='ocrx_word' id='word_1_465' title='bbox 1830 308 2170 379; x_wconf 72' lang='lat' dir='ltr'><strong>QUARTUS.</strong></span> 
     </span>
    </p>
   </div>
   <div class='ocr_carea' id='block_1_65' title="bbox 3373 309 3512 374">
    <p class='ocr_par' dir='ltr' id='par_1_65' title="bbox 3373 309 3512 374">
     <span class='ocr_line' id='line_1_65' title="bbox 3373 309 3512 374; baseline -0.014 0"><span class='ocrx_word' id='word_1_466' title='bbox 3373 309 3512 374; x_wconf 66' lang='lat'><strong>{332</strong></span> 
     </span>
    </p>
   </div>
   <div class='ocr_carea' id='block_1_66' title="bbox 1936 431 3516 505">
    <p class='ocr_par' dir='ltr' id='par_1_66' title="bbox 1936 431 3516 505">
     <span class='ocr_line' id='line_1_66' title="bbox 1936 431 3516 505; baseline 0.004 -23"><span class='ocrx_word' id='word_1_467' title='bbox 1936 443 2238 499; x_wconf 78' lang='lat' dir='ltr'><strong>possumus,</strong></span> <span class='ocrx_word' id='word_1_468' title='bbox 2267 431 2558 500; x_wconf 86' lang='lat' dir='ltr'><strong>primorum</strong></span> <span class='ocrx_word' id='word_1_469' title='bbox 2594 431 2818 485; x_wconf 88' lang='lat' dir='ltr'><strong>duorutn</strong></span> <span class='ocrx_word' id='word_1_470' title='bbox 2859 442 2908 486; x_wconf 92' lang='lat' dir='ltr'><strong>et</strong></span> <span class='ocrx_word' id='word_1_471' title='bbox 2933 433 3157 489; x_wconf 89' lang='lat' dir='ltr'><strong>aliorum</strong></span> <span class='ocrx_word' id='word_1_472' title='bbox 3185 432 3376 489; x_wconf 90' lang='lat' dir='ltr'><strong>deinde</strong></span> <span class='ocrx_word' id='word_1_473' title='bbox 3420 451 3516 505; x_wconf 82' lang='lat' dir='ltr'><strong>pa-</strong></span> 
     </span>
    </p>
   </div>
   <div class='ocr_carea' id='block_1_67' title="bbox 1936 521 3514 594">
    <p class='ocr_par' dir='ltr' id='par_1_67' title="bbox 1936 521 3514 594">
     <span class='ocr_line' id='line_1_67' title="bbox 1936 521 3514 594; baseline 0.004 -20"><span class='ocrx_word' id='word_1_474' title='bbox 1936 528 2144 574; x_wconf 90' lang='lat' dir='ltr'><strong>rentum</strong></span> <span class='ocrx_word' id='word_1_475' title='bbox 2182 521 2412 588; x_wconf 88' lang='lat' dir='ltr'><strong>peccatis</strong></span> <span class='ocrx_word' id='word_1_476' title='bbox 2455 535 2574 575; x_wconf 84' lang='lat' dir='ltr'><strong>csse</strong></span> <span class='ocrx_word' id='word_1_477' title='bbox 2615 521 2925 586; x_wconf 85' lang='lat' dir='ltr'><strong>tribuenda;</strong></span> <span class='ocrx_word' id='word_1_478' title='bbox 2957 524 3204 592; x_wconf 82' lang='lat' dir='ltr'><strong>quoniam</strong></span> <span class='ocrx_word' id='word_1_479' title='bbox 3235 540 3341 579; x_wconf 91' lang='lat' dir='ltr'><strong>non</strong></span> <span class='ocrx_word' id='word_1_480' title='bbox 3387 539 3514 594; x_wconf 42' lang='lat' dir='ltr'><strong>pos-1</strong></span> 
     </span>
    </p>
   </div>
   <div class='ocr_carea' id='block_1_68' title="bbox 1936 609 3519 682">
    <p class='ocr_par' dir='ltr' id='par_1_68' title="bbox 1936 609 3519 682">
     <span class='ocr_line' id='line_1_68' title="bbox 1936 609 3519 682; baseline 0.004 -21"><span class='ocrx_word' id='word_1_481' title='bbox 1936 617 2062 662; x_wconf 83' lang='lat' dir='ltr'><strong>sunt</strong></span> <span class='ocrx_word' id='word_1_482' title='bbox 2104 609 2263 663; x_wconf 90' lang='lat' dir='ltr'><strong>tribui</strong></span> <span class='ocrx_word' id='word_1_483' title='bbox 2309 610 2640 663; x_wconf 89' lang='lat' dir='ltr'><strong>nasccntium</strong></span> <span class='ocrx_word' id='word_1_484' title='bbox 2673 610 2947 664; x_wconf 87' lang='lat' dir='ltr'><strong>voluntati.</strong></span> <span class='ocrx_word' id='word_1_485' title='bbox 2992 611 3110 666; x_wconf 80' lang='lat' dir='ltr'><strong>Alia</strong></span> <span class='ocrx_word' id='word_1_486' title='bbox 3158 613 3358 682; x_wconf 86' lang='lat' dir='ltr'><strong>quippe</strong></span> <span class='ocrx_word' id='word_1_487' title='bbox 3404 615 3519 668; x_wconf 90' lang='lat' dir='ltr'><strong>ani-</strong></span> 
     </span>
    </p>
   </div>
   <div class='ocr_carea' id='block_1_69' title="bbox 1937 698 3517 773">
    <p class='ocr_par' dir='ltr' id='par_1_69' title="bbox 1937 698 3517 773">
     <span class='ocr_line' id='line_1_69' title="bbox 1937 698 3517 773; baseline 0.004 -20"><span class='ocrx_word' id='word_1_488' title='bbox 1937 698 2115 764; x_wconf 90' lang='lat' dir='ltr'><strong>malia,</strong></span> <span class='ocrx_word' id='word_1_489' title='bbox 2141 708 2196 752; x_wconf 95' lang='lat' dir='ltr'><strong>ut</strong></span> <span class='ocrx_word' id='word_1_490' title='bbox 2233 715 2354 754; x_wconf 91' lang='lat' dir='ltr'><strong>cum</strong></span> <span class='ocrx_word' id='word_1_491' title='bbox 2380 701 2490 754; x_wconf 89' lang='lat' dir='ltr'><strong>suis</strong></span> <span class='ocrx_word' id='word_1_492' title='bbox 2510 701 2720 769; x_wconf 77' lang='lat' dir='ltr'><strong>generis</strong></span> <span class='ocrx_word' id='word_1_493' title='bbox 2757 702 2897 754; x_wconf 87' lang='lat' dir='ltr'><strong>vitiis</strong></span> <span class='ocrx_word' id='word_1_494' title='bbox 2921 704 3170 757; x_wconf 88' lang='lat' dir='ltr'><strong>nonnulla</strong></span> <span class='ocrx_word' id='word_1_495' title='bbox 3211 716 3517 773; x_wconf 88' lang='lat' dir='ltr'><strong>nascantur,</strong></span> 
     </span>
    </p>
   </div>
   <div class='ocr_carea' id='block_1_70' title="bbox 1937 790 3519 865">
    <p class='ocr_par' dir='ltr' id='par_1_70' title="bbox 1937 790 3519 865">
     <span class='ocr_line' id='line_1_70' title="bbox 1937 790 3519 865; baseline 0.005 -23"><span class='ocrx_word' id='word_1_496' title='bbox 1937 790 2063 860; x_wconf 90' lang='lat' dir='ltr'><strong>quid</strong></span> <span class='ocrx_word' id='word_1_497' title='bbox 2104 790 2295 844; x_wconf 86' lang='lat' dir='ltr'><strong>mirum</strong></span> <span class='ocrx_word' id='word_1_498' title='bbox 2335 791 2380 843; x_wconf 89' lang='lat' dir='ltr'><strong>si</strong></span> <span class='ocrx_word' id='word_1_499' title='bbox 2415 790 2680 861; x_wconf 87' lang='lat' dir='ltr'><strong>accipiunt</strong></span> <span class='ocrx_word' id='word_1_500' title='bbox 2721 790 2835 845; x_wconf 67' lang='lat' dir='ltr'><strong>haec</strong></span> <span class='ocrx_word' id='word_1_501' title='bbox 2876 792 3018 846; x_wconf 81' lang='lat' dir='ltr'><strong>noxii</strong></span> <span class='ocrx_word' id='word_1_502' title='bbox 3067 794 3283 863; x_wconf 90' lang='lat' dir='ltr'><strong>spiritus</strong></span> <span class='ocrx_word' id='word_1_503' title='bbox 3327 796 3377 849; x_wconf 90' lang='lat' dir='ltr'><strong>in</strong></span> <span class='ocrx_word' id='word_1_504' title='bbox 3421 809 3519 865; x_wconf 58' lang='lat' dir='ltr'><strong>pos</strong></span> 
     </span>
    </p>
   </div>
   <div class='ocr_carea' id='block_1_71' title="bbox 1937 881 3523 955">
    <p class='ocr_par' dir='ltr' id='par_1_71' title="bbox 1937 881 3523 955">
     <span class='ocr_line' id='line_1_71' title="bbox 1937 881 3523 955; baseline 0.004 -21"><span class='ocrx_word' id='word_1_505' title='bbox 1937 888 2205 944; x_wconf 77' lang='lat' dir='ltr'><strong>testatum,</strong></span> <span class='ocrx_word' id='word_1_506' title='bbox 2229 881 2675 949; x_wconf 88' lang='lat' dir='ltr'><strong>quemadmodum</strong></span> <span class='ocrx_word' id='word_1_507' title='bbox 2703 895 2914 951; x_wconf 90' lang='lat' dir='ltr'><strong>porcos,</strong></span> <span class='ocrx_word' id='word_1_508' title='bbox 2940 890 2996 936; x_wconf 93' lang='lat' dir='ltr'><strong>ut</strong></span> <span class='ocrx_word' id='word_1_509' title='bbox 3016 885 3278 950; x_wconf 81' lang='lat' dir='ltr'><strong>novimus,</strong></span> <span class='ocrx_word' id='word_1_510' title='bbox 3301 899 3523 955; x_wconf 61' lang='lat' dir='ltr'><strong>accepeé</strong></span> 
     </span>
    </p>
   </div>
   <div class='ocr_carea' id='block_1_72' title="bbox 1941 965 3522 1044">
    <p class='ocr_par' dir='ltr' id='par_1_72' title="bbox 1941 965 3522 1044">
     <span class='ocr_line' id='line_1_72' title="bbox 1941 965 3522 1044; baseline 0.005 -22"><span class='ocrx_word' id='word_1_511' title='bbox 1941 979 2063 1023; x_wconf 90' lang='lat' dir='ltr'><strong>runt</strong></span> <span class='ocrx_word' id='word_1_512' title='bbox 2086 969 2297 1039; x_wconf 77' lang='lat' dir='ltr'><strong>(Matth.</strong></span> <span class='ocrx_word' id='word_1_513' title='bbox 2327 986 2446 1035; x_wconf 82' lang='lat' dir='ltr'><strong>vin,</strong></span> <span class='ocrx_word' id='word_1_514' title='bbox 2475 971 2608 1041; x_wconf 74' lang='lat'><strong>3‘2)?</strong></span> <span class='ocrx_word' id='word_1_515' title='bbox 2647 972 2746 1038; x_wconf 81' lang='lat' dir='ltr'><strong>Qui</strong></span> <span class='ocrx_word' id='word_1_516' title='bbox 2787 973 2998 1041; x_wconf 79' lang='lat' dir='ltr'><strong>maligni</strong></span> <span class='ocrx_word' id='word_1_517' title='bbox 3029 975 3247 1042; x_wconf 85' lang='lat' dir='ltr'><strong>spiritus</strong></span> <span class='ocrx_word' id='word_1_518' title='bbox 3277 965 3522 1044; x_wconf 61' lang='lat' dir='ltr'><strong>possunt,</strong></span> 
     </span>
    </p>
   </div>
   <div class='ocr_carea' id='block_1_73' title="bbox 1941 1060 3519 1133">
    <p class='ocr_par' dir='ltr' id='par_1_73' title="bbox 1941 1060 3519 1133">
     <span class='ocr_line' id='line_1_73' title="bbox 1941 1060 3519 1133; baseline 0.003 -19"><span class='ocrx_word' id='word_1_519' title='bbox 1941 1061 2077 1114; x_wconf 92' lang='lat' dir='ltr'><strong>sicut</strong></span> <span class='ocrx_word' id='word_1_520' title='bbox 2105 1060 2348 1115; x_wconf 88' lang='lat' dir='ltr'><strong>homines</strong></span> <span class='ocrx_word' id='word_1_521' title='bbox 2379 1062 2763 1133; x_wconf 87' lang='lat' dir='ltr'><strong>irrationalium</strong></span> <span class='ocrx_word' id='word_1_522' title='bbox 2807 1063 3043 1116; x_wconf 83' lang='lat' dir='ltr'><strong>membra</strong></span> <span class='ocrx_word' id='word_1_523' title='bbox 3073 1065 3418 1130; x_wconf 85' lang='lat' dir='ltr'><strong>animalium,</strong></span> <span class='ocrx_word' id='word_1_524' title='bbox 3449 1067 3519 1119; x_wconf 87' lang='lat' dir='ltr'><strong>ita</strong></span> 
     </span>
    </p>
   </div>
   <div class='ocr_carea' id='block_1_74' title="bbox 1942 1151 3522 1224">
    <p class='ocr_par' dir='ltr' id='par_1_74' title="bbox 1942 1151 3522 1224">
     <span class='ocr_line' id='line_1_74' title="bbox 1942 1151 3522 1224; baseline 0.002 -19"><span class='ocrx_word' id='word_1_525' title='bbox 1942 1151 2190 1206; x_wconf 87' lang='lat' dir='ltr'><strong>illictiam</strong></span> <span class='ocrx_word' id='word_1_526' title='bbox 2237 1153 2350 1222; x_wconf 82' lang='lat' dir='ltr'><strong>ipsa</strong></span> <span class='ocrx_word' id='word_1_527' title='bbox 2385 1152 2587 1206; x_wconf 86' lang='lat' dir='ltr'><strong>semina</strong></span> <span class='ocrx_word' id='word_1_528' title='bbox 2621 1152 2826 1207; x_wconf 85' lang='lat' dir='ltr'><strong>vitiare.</strong></span> <span class='ocrx_word' id='word_1_529' title='bbox 2865 1153 2936 1206; x_wconf 91' lang='lat' dir='ltr'><strong>De</strong></span> <span class='ocrx_word' id='word_1_530' title='bbox 2967 1151 3270 1208; x_wconf 90' lang='lat' dir='ltr'><strong>hominibus</strong></span> <span class='ocrx_word' id='word_1_531' title='bbox 3299 1157 3522 1224; x_wconf 80' lang='lat' dir='ltr'><strong>quaestio</strong></span> 
     </span>
    </p>
   </div>
   <div class='ocr_carea' id='block_1_75' title="bbox 1943 1242 3525 1312">
    <p class='ocr_par' dir='ltr' id='par_1_75' title="bbox 1943 1242 3525 1312">
     <span class='ocr_line' id='line_1_75' title="bbox 1943 1242 3525 1312; baseline 0.003 -18"><span class='ocrx_word' id='word_1_532' title='bbox 1943 1252 2052 1306; x_wconf 90' lang='lat' dir='ltr'><strong>est,</strong></span> <span class='ocrx_word' id='word_1_533' title='bbox 2084 1242 2135 1294; x_wconf 91' lang='lat' dir='ltr'><strong>in</strong></span> <span class='ocrx_word' id='word_1_534' title='bbox 2159 1243 2348 1311; x_wconf 88' lang='lat' dir='ltr'><strong>quibus</strong></span> <span class='ocrx_word' id='word_1_535' title='bbox 2381 1242 2471 1296; x_wconf 89' lang='lat' dir='ltr'><strong>Dei</strong></span> <span class='ocrx_word' id='word_1_536' title='bbox 2501 1242 2672 1312; x_wconf 82' lang='lat' dir='ltr'><strong>imago</strong></span> <span class='ocrx_word' id='word_1_537' title='bbox 2703 1258 2971 1312; x_wconf 78' lang='lat' dir='ltr'><strong>tamquam</strong></span> <span class='ocrx_word' id='word_1_538' title='bbox 3003 1243 3334 1298; x_wconf 89' lang='lat' dir='ltr'><strong>diversorum</strong></span> <span class='ocrx_word' id='word_1_539' title='bbox 3365 1246 3525 1299; x_wconf 82' lang='lat' dir='ltr'><strong>vitio-</strong></span> 
     </span>
    </p>
   </div>
   <div class='ocr_carea' id='block_1_76' title="bbox 1943 1333 3522 1404">
    <p class='ocr_par' dir='ltr' id='par_1_76' title="bbox 1943 1333 3522 1404">
     <span class='ocr_line' id='line_1_76' title="bbox 1943 1333 3522 1404; baseline 0.001 -18"><span class='ocrx_word' id='word_1_540' title='bbox 1943 1345 2097 1395; x_wconf 84' lang='lat' dir='ltr'><strong>rum,</strong></span> <span class='ocrx_word' id='word_1_541' title='bbox 2125 1347 2246 1387; x_wconf 91' lang='lat' dir='ltr'><strong>cum</strong></span> <span class='ocrx_word' id='word_1_542' title='bbox 2276 1333 2468 1403; x_wconf 90' lang='lat' dir='ltr'><strong>quibus</strong></span> <span class='ocrx_word' id='word_1_543' title='bbox 2493 1349 2584 1386; x_wconf 90' lang='lat' dir='ltr'><strong>eos</strong></span> <span class='ocrx_word' id='word_1_544' title='bbox 2612 1333 2755 1387; x_wconf 84' lang='lat' dir='ltr'><strong>nasci</strong></span> <span class='ocrx_word' id='word_1_545' title='bbox 2785 1333 3055 1398; x_wconf 88' lang='lat' dir='ltr'><strong>videmus,</strong></span> <span class='ocrx_word' id='word_1_546' title='bbox 3087 1349 3274 1404; x_wconf 64' lang='lat' dir='ltr'><strong>poenas</strong></span> <span class='ocrx_word' id='word_1_547' title='bbox 3313 1346 3522 1404; x_wconf 79' lang='lat' dir='ltr'><strong>patere-</strong></span> 
     </span>
    </p>
   </div>
   <div class='ocr_carea' id='block_1_77' title="bbox 1945 1423 3529 1497">
    <p class='ocr_par' dir='ltr' id='par_1_77' title="bbox 1945 1423 3529 1497">
     <span class='ocr_line' id='line_1_77' title="bbox 1945 1423 3529 1497; baseline 0.003 -22"><span class='ocrx_word' id='word_1_548' title='bbox 1945 1431 2065 1488; x_wconf 90' lang='lat' dir='ltr'><strong>tur,</strong></span> <span class='ocrx_word' id='word_1_549' title='bbox 2097 1438 2228 1492; x_wconf 86' lang='lat' dir='ltr'><strong>quas</strong></span> <span class='ocrx_word' id='word_1_550' title='bbox 2267 1423 2373 1493; x_wconf 88' lang='lat' dir='ltr'><strong>pati</strong></span> <span class='ocrx_word' id='word_1_551' title='bbox 2414 1440 2515 1477; x_wconf 92' lang='lat' dir='ltr'><strong>non</strong></span> <span class='ocrx_word' id='word_1_552' title='bbox 2543 1435 2725 1494; x_wconf 86' lang='lat' dir='ltr'><strong>posset</strong></span> <span class='ocrx_word' id='word_1_553' title='bbox 2759 1425 3010 1494; x_wconf 82' lang='lat' dir='ltr'><strong>injustas,</strong></span> <span class='ocrx_word' id='word_1_554' title='bbox 3052 1427 3153 1479; x_wconf 91' lang='lat' dir='ltr'><strong>nisi</strong></span> <span class='ocrx_word' id='word_1_555' title='bbox 3184 1429 3410 1496; x_wconf 87' lang='lat' dir='ltr'><strong>peccatis</strong></span> <span class='ocrx_word' id='word_1_556' title='bbox 3443 1427 3529 1497; x_wconf 81' lang='lat' dir='ltr'><strong>gi-</strong></span> 
     </span>
    </p>
   </div>
   <div class='ocr_carea' id='block_1_78' title="bbox 1943 1514 3527 1586">
    <p class='ocr_par' dir='ltr' id='par_1_78' title="bbox 1943 1514 3527 1586">
     <span class='ocr_line' id='line_1_78' title="bbox 1943 1514 3527 1586; baseline 0.003 -19"><span class='ocrx_word' id='word_1_557' title='bbox 1943 1515 2214 1584; x_wconf 81' lang='lat' dir='ltr'><strong>gnentium</strong></span> <span class='ocrx_word' id='word_1_558' title='bbox 2239 1514 2660 1584; x_wconf 74' lang='lat' dir='ltr'><strong>prrecedentihus</strong></span> <span class='ocrx_word' id='word_1_559' title='bbox 2689 1515 2862 1584; x_wconf 88' lang='lat' dir='ltr'><strong>:quod</strong></span> <span class='ocrx_word' id='word_1_560' title='bbox 2881 1531 2973 1569; x_wconf 89' lang='lat' dir='ltr'><strong>vos</strong></span> <span class='ocrx_word' id='word_1_561' title='bbox 2995 1526 3268 1586; x_wconf 82' lang='lat' dir='ltr'><strong>negantes,</strong></span> <span class='ocrx_word' id='word_1_562' title='bbox 3297 1528 3344 1571; x_wconf 92' lang='lat' dir='ltr'><strong>ct</strong></span> <span class='ocrx_word' id='word_1_563' title='bbox 3371 1517 3527 1571; x_wconf 88' lang='lat' dir='ltr'><strong>ﬁdem</strong></span> 
     </span>
    </p>
   </div>
   <div class='ocr_carea' id='block_1_79' title="bbox 1944 1606 3527 1677">
    <p class='ocr_par' dir='ltr' id='par_1_79' title="bbox 1944 1606 3527 1677">
     <span class='ocr_line' id='line_1_79' title="bbox 1944 1606 3527 1677; baseline 0 -15"><span class='ocrx_word' id='word_1_564' title='bbox 1944 1607 2260 1662; x_wconf 89' lang='lat' dir='ltr'><strong>catholicam</strong></span> <span class='ocrx_word' id='word_1_565' title='bbox 2303 1608 2577 1671; x_wconf 89' lang='lat' dir='ltr'><strong>deseritis,</strong></span> <span class='ocrx_word' id='word_1_566' title='bbox 2609 1616 2662 1661; x_wconf 92' lang='lat' dir='ltr'><strong>ct</strong></span> <span class='ocrx_word' id='word_1_567' title='bbox 2698 1606 2968 1661; x_wconf 80' lang='lat' dir='ltr'><strong>Manicha-i</strong></span> <span class='ocrx_word' id='word_1_568' title='bbox 2994 1608 3183 1677; x_wconf 88' lang='lat' dir='ltr'><strong>dogma</strong></span> <span class='ocrx_word' id='word_1_569' title='bbox 3229 1609 3527 1673; x_wconf 85' lang='lat' dir='ltr'><strong>nefarium,</strong></span> 
     </span>
    </p>
   </div>
   <div class='ocr_carea' id='block_1_80' title="bbox 1945 1696 3531 1767">
    <p class='ocr_par' dir='ltr' id='par_1_80' title="bbox 1945 1696 3531 1767">
     <span class='ocr_line' id='line_1_80' title="bbox 1945 1696 3531 1767; baseline 0.001 -17"><span class='ocrx_word' id='word_1_570' title='bbox 1945 1706 2199 1767; x_wconf 82' lang='lat' dir='ltr'><strong>quantum</strong></span> <span class='ocrx_word' id='word_1_571' title='bbox 2227 1705 2411 1766; x_wconf 86' lang='lat' dir='ltr'><strong>optare</strong></span> <span class='ocrx_word' id='word_1_572' title='bbox 2439 1713 2543 1750; x_wconf 90' lang='lat' dir='ltr'><strong>non</strong></span> <span class='ocrx_word' id='word_1_573' title='bbox 2574 1711 2735 1750; x_wconf 86' lang='lat' dir='ltr'><strong>ausus</strong></span> <span class='ocrx_word' id='word_1_574' title='bbox 2761 1705 2861 1761; x_wconf 89' lang='lat' dir='ltr'><strong>est,</strong></span> <span class='ocrx_word' id='word_1_575' title='bbox 2889 1696 3171 1766; x_wconf 88' lang='lat' dir='ltr'><strong>adjuvatis,</strong></span> <span class='ocrx_word' id='word_1_576' title='bbox 3204 1706 3260 1751; x_wconf 92' lang='lat' dir='ltr'><strong>ut</strong></span> <span class='ocrx_word' id='word_1_577' title='bbox 3288 1698 3387 1752; x_wconf 92' lang='lat' dir='ltr'><strong>sibi</strong></span> <span class='ocrx_word' id='word_1_578' title='bbox 3413 1713 3531 1752; x_wconf 83' lang='lat' dir='ltr'><strong>cer-</strong></span> 
     </span>
    </p>
   </div>
   <div class='ocr_carea' id='block_1_81' title="bbox 1948 1788 3533 1858">
    <p class='ocr_par' dir='ltr' id='par_1_81' title="bbox 1948 1788 3533 1858">
     <span class='ocr_line' id='line_1_81' title="bbox 1948 1788 3533 1858; baseline 0 -16"><span class='ocrx_word' id='word_1_579' title='bbox 1948 1797 2031 1842; x_wconf 88' lang='lat' dir='ltr'><strong>tus</strong></span> <span class='ocrx_word' id='word_1_580' title='bbox 2057 1803 2381 1858; x_wconf 86' lang='lat' dir='ltr'><strong>securusque</strong></span> <span class='ocrx_word' id='word_1_581' title='bbox 2413 1789 2668 1851; x_wconf 88' lang='lat' dir='ltr'><strong>videatur,</strong></span> <span class='ocrx_word' id='word_1_582' title='bbox 2695 1788 2969 1842; x_wconf 90' lang='lat' dir='ltr'><strong>hominum</strong></span> <span class='ocrx_word' id='word_1_583' title='bbox 2991 1789 3234 1857; x_wconf 83' lang='lat' dir='ltr'><strong>opiﬁcem</strong></span> <span class='ocrx_word' id='word_1_584' title='bbox 3276 1804 3379 1842; x_wconf 92' lang='lat' dir='ltr'><strong>non</strong></span> <span class='ocrx_word' id='word_1_585' title='bbox 3401 1805 3533 1845; x_wconf 85' lang='lat' dir='ltr'><strong>con-</strong></span> 
     </span>
    </p>
   </div>
   <div class='ocr_carea' id='block_1_82' title="bbox 1950 1879 3534 1948">
    <p class='ocr_par' dir='ltr' id='par_1_82' title="bbox 1950 1879 3534 1948">
     <span class='ocr_line' id='line_1_82' title="bbox 1950 1879 3534 1948; baseline 0.001 -14"><span class='ocrx_word' id='word_1_586' title='bbox 1950 1881 2084 1934; x_wconf 88' lang='lat' dir='ltr'><strong>ﬁteri</strong></span> <span class='ocrx_word' id='word_1_587' title='bbox 2123 1895 2306 1934; x_wconf 86' lang='lat' dir='ltr'><strong>verum</strong></span> <span class='ocrx_word' id='word_1_588' title='bbox 2348 1880 2545 1944; x_wconf 88' lang='lat' dir='ltr'><strong>Deum,</strong></span> <span class='ocrx_word' id='word_1_589' title='bbox 2574 1879 2667 1934; x_wconf 89' lang='lat' dir='ltr'><strong>sed</strong></span> <span class='ocrx_word' id='word_1_590' title='bbox 2698 1887 2910 1948; x_wconf 83' lang='lat' dir='ltr'><strong>gentem</strong></span> <span class='ocrx_word' id='word_1_591' title='bbox 2944 1879 2960 1911; x_wconf 81' lang='grc'><strong><em>³</em></strong></span> <span class='ocrx_word' id='word_1_592' title='bbox 3003 1879 3338 1935; x_wconf 84' lang='lat' dir='ltr'><strong>introducere</strong></span> <span class='ocrx_word' id='word_1_593' title='bbox 3380 1887 3534 1935; x_wconf 88' lang='lat' dir='ltr'><strong>tene-</strong></span> 
     </span>
    </p>
   </div>
   <div class='ocr_carea' id='block_1_83' title="bbox 1948 1967 2187 2022">
    <p class='ocr_par' dir='ltr' id='par_1_83' title="bbox 1948 1967 2187 2022">
     <span class='ocr_line' id='line_1_83' title="bbox 1948 1967 2187 2022; baseline -0.008 0"><span class='ocrx_word' id='word_1_594' title='bbox 1948 1967 2187 2022; x_wconf 86' lang='lat' dir='ltr'><strong>brarnm.</strong></span> 
     </span>
    </p>
   </div>
   <div class='ocr_carea' id='block_1_84' title="bbox 2021 2079 3534 2152">
    <p class='ocr_par' dir='ltr' id='par_1_84' title="bbox 2021 2079 3534 2152">
     <span class='ocr_line' id='line_1_84' title="bbox 2021 2079 3534 2152; baseline 0.003 -18"><span class='ocrx_word' id='word_1_595' title='bbox 2021 2079 2255 2135; x_wconf 71' lang='lat' dir='ltr'><strong>LXXVI.</strong></span> <span class='ocrx_word' id='word_1_596' title='bbox 2283 2080 2400 2136; x_wconf 65' lang='lat' dir='ltr'><strong>Jun.</strong></span> <span class='ocrx_word' id='word_1_597' title='bbox 2430 2081 2536 2135; x_wconf 81' lang='lat' dir='ltr'><strong>Nos</strong></span> <span class='ocrx_word' id='word_1_598' title='bbox 2567 2096 2693 2135; x_wconf 86' lang='lat' dir='ltr'><strong>vero</strong></span> <span class='ocrx_word' id='word_1_599' title='bbox 2717 2080 2848 2136; x_wconf 86' lang='lat' dir='ltr'><strong>nihil</strong></span> <span class='ocrx_word' id='word_1_600' title='bbox 2886 2080 3160 2146; x_wconf 89' lang='lat' dir='ltr'><strong>habemus,</strong></span> <span class='ocrx_word' id='word_1_601' title='bbox 3185 2081 3324 2152; x_wconf 91' lang='lat' dir='ltr'><strong>quod</strong></span> <span class='ocrx_word' id='word_1_602' title='bbox 3354 2082 3405 2136; x_wconf 94' lang='lat' dir='ltr'><strong>in</strong></span> <span class='ocrx_word' id='word_1_603' title='bbox 3433 2097 3534 2138; x_wconf 89' lang='lat' dir='ltr'><strong>no-</strong></span> 
     </span>
    </p>
   </div>
   <div class='ocr_carea' id='block_1_85' title="bbox 1950 2170 3532 2243">
    <p class='ocr_par' dir='ltr' id='par_1_85' title="bbox 1950 2170 3532 2243">
     <span class='ocr_line' id='line_1_85' title="bbox 1950 2170 3532 2243; baseline 0.002 -19"><span class='ocrx_word' id='word_1_604' title='bbox 1950 2179 2064 2225; x_wconf 87' lang='lat' dir='ltr'><strong>stro</strong></span> <span class='ocrx_word' id='word_1_605' title='bbox 2091 2170 2456 2225; x_wconf 89' lang='lat' dir='ltr'><strong>admirandum</strong></span> <span class='ocrx_word' id='word_1_606' title='bbox 2484 2171 2762 2226; x_wconf 80' lang='lat' dir='ltr'><strong>credamus</strong></span> <span class='ocrx_word' id='word_1_607' title='bbox 2784 2171 3016 2241; x_wconf 85' lang='lat' dir='ltr'><strong>ingenio,</strong></span> <span class='ocrx_word' id='word_1_608' title='bbox 3035 2171 3158 2241; x_wconf 88' lang='lat' dir='ltr'><strong>quia</strong></span> <span class='ocrx_word' id='word_1_609' title='bbox 3187 2170 3532 2243; x_wconf 87' lang='lat' dir='ltr'><strong>intelligimus</strong></span> 
     </span>
    </p>
   </div>
   <div class='ocr_carea' id='block_1_86' title="bbox 1952 2261 3532 2334">
    <p class='ocr_par' dir='ltr' id='par_1_86' title="bbox 1952 2261 3532 2334">
     <span class='ocr_line' id='line_1_86' title="bbox 1952 2261 3532 2334; baseline 0.003 -20"><span class='ocrx_word' id='word_1_610' title='bbox 1952 2274 2051 2314; x_wconf 89' lang='lat' dir='ltr'><strong>nec</strong></span> <span class='ocrx_word' id='word_1_611' title='bbox 2081 2269 2353 2329; x_wconf 88' lang='lat' dir='ltr'><strong>peccatum</strong></span> <span class='ocrx_word' id='word_1_612' title='bbox 2385 2261 2499 2316; x_wconf 89' lang='lat' dir='ltr'><strong>sine</strong></span> <span class='ocrx_word' id='word_1_613' title='bbox 2525 2261 2795 2316; x_wconf 87' lang='lat' dir='ltr'><strong>voluntate</strong></span> <span class='ocrx_word' id='word_1_614' title='bbox 2815 2302 2830 2324; x_wconf 97' lang='lat'><strong>,</strong></span> <span class='ocrx_word' id='word_1_615' title='bbox 2859 2277 2958 2316; x_wconf 90' lang='lat' dir='ltr'><strong>nec</strong></span> <span class='ocrx_word' id='word_1_616' title='bbox 2997 2262 3112 2316; x_wconf 90' lang='lat' dir='ltr'><strong>sine</strong></span> <span class='ocrx_word' id='word_1_617' title='bbox 3137 2262 3247 2317; x_wconf 91' lang='lat' dir='ltr'><strong>Deo</strong></span> <span class='ocrx_word' id='word_1_618' title='bbox 3270 2278 3494 2334; x_wconf 88' lang='lat' dir='ltr'><strong>corpora</strong></span> <span class='ocrx_word' id='word_1_619' title='bbox 3514 2305 3532 2332; x_wconf 96' lang='lat'><strong>,</strong></span> 
     </span>
    </p>
   </div>
   <div class='ocr_carea' id='block_1_87' title="bbox 1953 2353 3532 2422">
    <p class='ocr_par' dir='ltr' id='par_1_87' title="bbox 1953 2353 3532 2422">
     <span class='ocr_line' id='line_1_87' title="bbox 1953 2353 3532 2422; baseline 0.003 -16"><span class='ocrx_word' id='word_1_620' title='bbox 1953 2367 2052 2406; x_wconf 92' lang='lat' dir='ltr'><strong>nec</strong></span> <span class='ocrx_word' id='word_1_621' title='bbox 2080 2353 2196 2408; x_wconf 90' lang='lat' dir='ltr'><strong>sine</strong></span> <span class='ocrx_word' id='word_1_622' title='bbox 2223 2353 2534 2420; x_wconf 83' lang='lat' dir='ltr'><strong>corporibus</strong></span> <span class='ocrx_word' id='word_1_623' title='bbox 2560 2367 2748 2407; x_wconf 89' lang='lat' dir='ltr'><strong>sensus</strong></span> <span class='ocrx_word' id='word_1_624' title='bbox 2772 2368 3078 2422; x_wconf 88' lang='lat' dir='ltr'><strong>corporum,</strong></span> <span class='ocrx_word' id='word_1_625' title='bbox 3110 2369 3210 2409; x_wconf 93' lang='lat' dir='ltr'><strong>nec</strong></span> <span class='ocrx_word' id='word_1_626' title='bbox 3238 2355 3354 2409; x_wconf 89' lang='lat' dir='ltr'><strong>sine</strong></span> <span class='ocrx_word' id='word_1_627' title='bbox 3379 2370 3532 2410; x_wconf 87' lang='lat' dir='ltr'><strong>com-</strong></span> 
     </span>
    </p>
   </div>
   <div class='ocr_carea' id='block_1_88' title="bbox 1953 2443 3537 2515">
    <p class='ocr_par' dir='ltr' id='par_1_88' title="bbox 1953 2443 3537 2515">
     <span class='ocr_line' id='line_1_88' title="bbox 1953 2443 3537 2515; baseline 0.003 -17"><span class='ocrx_word' id='word_1_628' title='bbox 1953 2444 2209 2499; x_wconf 81' lang='lat' dir='ltr'><strong>mixtione</strong></span> <span class='ocrx_word' id='word_1_629' title='bbox 2239 2443 2512 2515; x_wconf 90' lang='lat' dir='ltr'><strong>eonjugia,</strong></span> <span class='ocrx_word' id='word_1_630' title='bbox 2543 2459 2642 2499; x_wconf 89' lang='lat' dir='ltr'><strong>nec</strong></span> <span class='ocrx_word' id='word_1_631' title='bbox 2671 2445 2786 2499; x_wconf 91' lang='lat' dir='ltr'><strong>sine</strong></span> <span class='ocrx_word' id='word_1_632' title='bbox 2830 2445 2940 2498; x_wconf 89' lang='lat' dir='ltr'><strong>Deo</strong></span> <span class='ocrx_word' id='word_1_633' title='bbox 2987 2455 3269 2515; x_wconf 89' lang='lat' dir='ltr'><strong>operatore</strong></span> <span class='ocrx_word' id='word_1_634' title='bbox 3305 2447 3537 2504; x_wconf 79' lang='lat' dir='ltr'><strong>existere</strong></span> 
     </span>
    </p>
   </div>
   <div class='ocr_carea' id='block_1_89' title="bbox 1953 2534 3541 2608">
    <p class='ocr_par' dir='ltr' id='par_1_89' title="bbox 1953 2534 3541 2608">
     <span class='ocr_line' id='line_1_89' title="bbox 1953 2534 3541 2608; baseline 0.003 -20"><span class='ocrx_word' id='word_1_635' title='bbox 1953 2549 2114 2605; x_wconf 88' lang='lat' dir='ltr'><strong>posse</strong></span> <span class='ocrx_word' id='word_1_636' title='bbox 2144 2543 2427 2589; x_wconf 87' lang='lat' dir='ltr'><strong>nascentes</strong></span> <span class='ocrx_word' id='word_1_637' title='bbox 2455 2551 2469 2586; x_wconf 91' lang='lat'><strong>:</strong></span> <span class='ocrx_word' id='word_1_638' title='bbox 2494 2543 2547 2589; x_wconf 92' lang='lat' dir='ltr'><strong>et</strong></span> <span class='ocrx_word' id='word_1_639' title='bbox 2576 2534 2931 2589; x_wconf 88' lang='lat' dir='ltr'><strong>indubitatum</strong></span> <span class='ocrx_word' id='word_1_640' title='bbox 2961 2544 3228 2602; x_wconf 88' lang='lat' dir='ltr'><strong>tenemus,</strong></span> <span class='ocrx_word' id='word_1_641' title='bbox 3262 2552 3432 2608; x_wconf 91' lang='lat' dir='ltr'><strong>neque</strong></span> <span class='ocrx_word' id='word_1_642' title='bbox 3459 2537 3541 2594; x_wconf 82' lang='lat' dir='ltr'><strong>di-</strong></span> 
     </span>
    </p>
   </div>
   <div class='ocr_carea' id='block_1_90' title="bbox 1955 2624 3544 2698">
    <p class='ocr_par' dir='ltr' id='par_1_90' title="bbox 1955 2624 3544 2698">
     <span class='ocr_line' id='line_1_90' title="bbox 1955 2624 3544 2698; baseline 0.003 -20"><span class='ocrx_word' id='word_1_643' title='bbox 1955 2625 2133 2678; x_wconf 89' lang='lat' dir='ltr'><strong>vinum</strong></span> <span class='ocrx_word' id='word_1_644' title='bbox 2165 2640 2305 2690; x_wconf 89' lang='lat' dir='ltr'><strong>esse,</strong></span> <span class='ocrx_word' id='word_1_645' title='bbox 2337 2624 2479 2694; x_wconf 89' lang='lat' dir='ltr'><strong>quod</strong></span> <span class='ocrx_word' id='word_1_646' title='bbox 2505 2624 2760 2680; x_wconf 84' lang='lat' dir='ltr'><strong>doceatur</strong></span> <span class='ocrx_word' id='word_1_647' title='bbox 2779 2625 3030 2695; x_wconf 81' lang='lat' dir='ltr'><strong>injustam</strong></span> <span class='ocrx_word' id='word_1_648' title='bbox 3053 2643 3069 2692; x_wconf 90' lang='lat'><strong>;</strong></span> <span class='ocrx_word' id='word_1_649' title='bbox 3093 2641 3266 2697; x_wconf 91' lang='lat' dir='ltr'><strong>neque</strong></span> <span class='ocrx_word' id='word_1_650' title='bbox 3291 2627 3435 2698; x_wconf 92' lang='lat' dir='ltr'><strong>quod</strong></span> <span class='ocrx_word' id='word_1_651' title='bbox 3461 2627 3544 2683; x_wconf 84' lang='lat' dir='ltr'><strong>di-</strong></span> 
     </span>
    </p>
   </div>
   <div class='ocr_carea' id='block_1_91' title="bbox 1957 2714 3538 2792">
    <p class='ocr_par' dir='ltr' id='par_1_91' title="bbox 1957 2714 3538 2792">
     <span class='ocr_line' id='line_1_91' title="bbox 1957 2714 3538 2792; baseline 0.001 -24"><span class='ocrx_word' id='word_1_652' title='bbox 1957 2715 2140 2769; x_wconf 90' lang='lat' dir='ltr'><strong>vinum</strong></span> <span class='ocrx_word' id='word_1_653' title='bbox 2170 2715 2260 2781; x_wconf 90' lang='lat' dir='ltr'><strong>sit,</strong></span> <span class='ocrx_word' id='word_1_654' title='bbox 2283 2729 2442 2785; x_wconf 91' lang='lat' dir='ltr'><strong>posse</strong></span> <span class='ocrx_word' id='word_1_655' title='bbox 2473 2714 2726 2785; x_wconf 90' lang='lat' dir='ltr'><strong>injustum</strong></span> <span class='ocrx_word' id='word_1_656' title='bbox 2757 2715 2957 2770; x_wconf 89' lang='lat' dir='ltr'><strong>doceri.</strong></span> <span class='ocrx_word' id='word_1_657' title='bbox 2987 2715 3103 2771; x_wconf 89' lang='lat' dir='ltr'><strong>Non</strong></span> <span class='ocrx_word' id='word_1_658' title='bbox 3132 2717 3308 2792; x_wconf 85' lang='lat' dir='ltr'><strong>minus</strong></span> <span class='ocrx_word' id='word_1_659' title='bbox 3334 2726 3538 2784; x_wconf 87' lang='lat' dir='ltr'><strong>autem,</strong></span> 
     </span>
    </p>
   </div>
   <div class='ocr_carea' id='block_1_92' title="bbox 1957 2804 3541 2876">
    <p class='ocr_par' dir='ltr' id='par_1_92' title="bbox 1957 2804 3541 2876">
     <span class='ocr_line' id='line_1_92' title="bbox 1957 2804 3541 2876; baseline 0.001 -16"><span class='ocrx_word' id='word_1_660' title='bbox 1957 2820 2115 2876; x_wconf 87' lang='lat' dir='ltr'><strong>quam</strong></span> <span class='ocrx_word' id='word_1_661' title='bbox 2148 2819 2210 2860; x_wconf 90' lang='lat' dir='ltr'><strong>ea</strong></span> <span class='ocrx_word' id='word_1_662' title='bbox 2237 2821 2355 2874; x_wconf 76' lang='lat' dir='ltr'><strong>qure</strong></span> <span class='ocrx_word' id='word_1_663' title='bbox 2382 2804 2634 2872; x_wconf 87' lang='lat' dir='ltr'><strong>diximus,</strong></span> <span class='ocrx_word' id='word_1_664' title='bbox 2661 2807 2862 2860; x_wconf 81' lang='lat' dir='ltr'><strong>relucet</strong></span> <span class='ocrx_word' id='word_1_665' title='bbox 2889 2821 3008 2861; x_wconf 90' lang='lat' dir='ltr'><strong>esse</strong></span> <span class='ocrx_word' id='word_1_666' title='bbox 3043 2807 3303 2876; x_wconf 86' lang='lat' dir='ltr'><strong>iniquum,</strong></span> <span class='ocrx_word' id='word_1_667' title='bbox 3335 2807 3380 2863; x_wconf 93' lang='lat' dir='ltr'><strong>si</strong></span> <span class='ocrx_word' id='word_1_668' title='bbox 3403 2807 3541 2862; x_wconf 81' lang='lat' dir='ltr'><strong>alio-</strong></span> 
     </span>
    </p>
   </div>
   <div class='ocr_carea' id='block_1_93' title="bbox 1960 2895 3543 2966">
    <p class='ocr_par' dir='ltr' id='par_1_93' title="bbox 1960 2895 3543 2966">
     <span class='ocr_line' id='line_1_93' title="bbox 1960 2895 3543 2966; baseline 0.001 -17"><span class='ocrx_word' id='word_1_669' title='bbox 1960 2911 2080 2949; x_wconf 87' lang='lat' dir='ltr'><strong>rum</strong></span> <span class='ocrx_word' id='word_1_670' title='bbox 2108 2905 2327 2966; x_wconf 86' lang='lat' dir='ltr'><strong>peccata</strong></span> <span class='ocrx_word' id='word_1_671' title='bbox 2353 2896 2488 2960; x_wconf 89' lang='lat' dir='ltr'><strong>aliis,</strong></span> <span class='ocrx_word' id='word_1_672' title='bbox 2525 2895 2613 2966; x_wconf 93' lang='lat' dir='ltr'><strong>qui</strong></span> <span class='ocrx_word' id='word_1_673' title='bbox 2646 2895 2716 2950; x_wconf 93' lang='lat' dir='ltr'><strong>ibi</strong></span> <span class='ocrx_word' id='word_1_674' title='bbox 2743 2912 2841 2950; x_wconf 91' lang='lat' dir='ltr'><strong>nec</strong></span> <span class='ocrx_word' id='word_1_675' title='bbox 2863 2895 3076 2960; x_wconf 89' lang='lat' dir='ltr'><strong>fuerint,</strong></span> <span class='ocrx_word' id='word_1_676' title='bbox 3100 2897 3296 2952; x_wconf 77' lang='lat' dir='ltr'><strong>nedum</strong></span> <span class='ocrx_word' id='word_1_677' title='bbox 3314 2911 3543 2952; x_wconf 84' lang='lat' dir='ltr'><strong>consen-</strong></span> 
     </span>
    </p>
   </div>
   <div class='ocr_carea' id='block_1_94' title="bbox 1957 2985 3544 3056">
    <p class='ocr_par' dir='ltr' id='par_1_94' title="bbox 1957 2985 3544 3056">
     <span class='ocr_line' id='line_1_94' title="bbox 1957 2985 3544 3056; baseline 0.003 -18"><span class='ocrx_word' id='word_1_678' title='bbox 1957 2985 2160 3053; x_wconf 82' lang='lat' dir='ltr'><strong>serint,</strong></span> <span class='ocrx_word' id='word_1_679' title='bbox 2216 2986 2562 3056; x_wconf 87' lang='lat' dir='ltr'><strong>ituputentur.</strong></span> <span class='ocrx_word' id='word_1_680' title='bbox 2605 2986 2834 3041; x_wconf 86' lang='lat' dir='ltr'><strong>Proinde</strong></span> <span class='ocrx_word' id='word_1_681' title='bbox 2886 2987 2970 3041; x_wconf 89' lang='lat' dir='ltr'><strong>his</strong></span> <span class='ocrx_word' id='word_1_682' title='bbox 3009 2988 3284 3042; x_wconf 83' lang='lat' dir='ltr'><strong>illuminati</strong></span> <span class='ocrx_word' id='word_1_683' title='bbox 3339 2986 3544 3042; x_wconf 82' lang='lat' dir='ltr'><strong>solibus</strong></span> 
     </span>
    </p>
   </div>
   <div class='ocr_carea' id='block_1_95' title="bbox 1955 3076 3546 3150">
    <p class='ocr_par' dir='ltr' id='par_1_95' title="bbox 1955 3076 3546 3150">
     <span class='ocr_line' id='line_1_95' title="bbox 1955 3076 3546 3150; baseline 0.003 -20"><span class='ocrx_word' id='word_1_684' title='bbox 1955 3077 2076 3146; x_wconf 86' lang='lat' dir='ltr'><strong>jure</strong></span> <span class='ocrx_word' id='word_1_685' title='bbox 2100 3078 2300 3148; x_wconf 86' lang='lat' dir='ltr'><strong>Optimo</strong></span> <span class='ocrx_word' id='word_1_686' title='bbox 2316 3077 2725 3148; x_wconf 70' lang='lat' dir='ltr'><strong>Manichmorum</strong></span> <span class='ocrx_word' id='word_1_687' title='bbox 2751 3079 2773 3109; x_wconf 83' lang='grc'>¹</span> <span class='ocrx_word' id='word_1_688' title='bbox 2796 3087 2946 3131; x_wconf 89' lang='lat' dir='ltr'><strong>antra</strong></span> <span class='ocrx_word' id='word_1_689' title='bbox 2975 3076 3315 3148; x_wconf 87' lang='lat' dir='ltr'><strong>despicimus,</strong></span> <span class='ocrx_word' id='word_1_690' title='bbox 3338 3079 3426 3150; x_wconf 93' lang='lat' dir='ltr'><strong>qui</strong></span> <span class='ocrx_word' id='word_1_691' title='bbox 3450 3095 3546 3147; x_wconf 83' lang='lat' dir='ltr'><strong>pu-</strong></span> 
     </span>
    </p>
   </div>
   <div class='ocr_carea' id='block_1_96' title="bbox 1961 3157 3543 3237">
    <p class='ocr_par' dir='ltr' id='par_1_96' title="bbox 1961 3157 3543 3237">
     <span class='ocr_line' id='line_1_96' title="bbox 1961 3157 3543 3237; baseline 0 -15"><span class='ocrx_word' id='word_1_692' title='bbox 1961 3176 2074 3222; x_wconf 81' lang='lat' dir='ltr'><strong>tant</strong></span> <span class='ocrx_word' id='word_1_693' title='bbox 2101 3167 2181 3221; x_wconf 90' lang='lat' dir='ltr'><strong>vel</strong></span> <span class='ocrx_word' id='word_1_694' title='bbox 2207 3182 2328 3221; x_wconf 88' lang='lat' dir='ltr'><strong>esse</strong></span> <span class='ocrx_word' id='word_1_695' title='bbox 2367 3182 2525 3237; x_wconf 86' lang='lat' dir='ltr'><strong>posse</strong></span> <span class='ocrx_word' id='word_1_696' title='bbox 2552 3167 2670 3220; x_wconf 91' lang='lat' dir='ltr'><strong>sine</strong></span> <span class='ocrx_word' id='word_1_697' title='bbox 2697 3157 2971 3220; x_wconf 78' lang='lat' dir='ltr'><strong>voluntate</strong></span> <span class='ocrx_word' id='word_1_698' title='bbox 2998 3175 3272 3236; x_wconf 91' lang='lat' dir='ltr'><strong>peccatum</strong></span> <span class='ocrx_word' id='word_1_699' title='bbox 3291 3208 3305 3233; x_wconf 96' lang='lat'><strong>,</strong></span> <span class='ocrx_word' id='word_1_700' title='bbox 3328 3169 3412 3222; x_wconf 90' lang='lat' dir='ltr'><strong>vel</strong></span> <span class='ocrx_word' id='word_1_701' title='bbox 3438 3183 3543 3223; x_wconf 90' lang='lat' dir='ltr'><strong>non</strong></span> 
     </span>
    </p>
   </div>
   <div class='ocr_carea' id='block_1_97' title="bbox 1961 3257 3546 3323">
    <p class='ocr_par' dir='ltr' id='par_1_97' title="bbox 1961 3257 3546 3323">
     <span class='ocr_line' id='line_1_97' title="bbox 1961 3257 3546 3323; baseline 0.001 -11"><span class='ocrx_word' id='word_1_702' title='bbox 1961 3274 1990 3312; x_wconf 91' lang='lat' dir='ltr'><strong>a</strong></span> <span class='ocrx_word' id='word_1_703' title='bbox 2020 3259 2126 3314; x_wconf 90' lang='lat' dir='ltr'><strong>Deo</strong></span> <span class='ocrx_word' id='word_1_704' title='bbox 2153 3257 2396 3313; x_wconf 91' lang='lat' dir='ltr'><strong>homines</strong></span> <span class='ocrx_word' id='word_1_705' title='bbox 2429 3257 2538 3312; x_wconf 88' lang='lat' dir='ltr'><strong>ﬁeri</strong></span> <span class='ocrx_word' id='word_1_706' title='bbox 2559 3299 2573 3323; x_wconf 92' lang='lat'><strong>,</strong></span> <span class='ocrx_word' id='word_1_707' title='bbox 2609 3258 2694 3312; x_wconf 84' lang='lat' dir='ltr'><strong>vel</strong></span> <span class='ocrx_word' id='word_1_708' title='bbox 2725 3257 2790 3312; x_wconf 88' lang='lat' dir='ltr'><strong>ad</strong></span> <span class='ocrx_word' id='word_1_709' title='bbox 2821 3257 2983 3312; x_wconf 89' lang='lat' dir='ltr'><strong>alium</strong></span> <span class='ocrx_word' id='word_1_710' title='bbox 3011 3265 3282 3313; x_wconf 87' lang='lat' dir='ltr'><strong>auctorem</strong></span> <span class='ocrx_word' id='word_1_711' title='bbox 3328 3274 3546 3315; x_wconf 88' lang='lat' dir='ltr'><strong>sensum</strong></span> 
     </span>
    </p>
   </div>
   <div class='ocr_carea' id='block_1_98' title="bbox 1961 3349 3541 3420">
    <p class='ocr_par' dir='ltr' id='par_1_98' title="bbox 1961 3349 3541 3420">
     <span class='ocr_line' id='line_1_98' title="bbox 1961 3349 3541 3420; baseline -0.001 -14"><span class='ocrx_word' id='word_1_712' title='bbox 1961 3365 2278 3420; x_wconf 85' lang='lat' dir='ltr'><strong>corporum,</strong></span> <span class='ocrx_word' id='word_1_713' title='bbox 2308 3359 2362 3405; x_wconf 90' lang='lat' dir='ltr'><strong>et</strong></span> <span class='ocrx_word' id='word_1_714' title='bbox 2389 3349 2453 3404; x_wconf 87' lang='lat' dir='ltr'><strong>ad</strong></span> <span class='ocrx_word' id='word_1_715' title='bbox 2484 3349 2645 3402; x_wconf 86' lang='lat' dir='ltr'><strong>alium</strong></span> <span class='ocrx_word' id='word_1_716' title='bbox 2675 3363 2898 3418; x_wconf 84' lang='lat' dir='ltr'><strong>corpora</strong></span> <span class='ocrx_word' id='word_1_717' title='bbox 2929 3349 3226 3418; x_wconf 86' lang='lat' dir='ltr'><strong>pertinere;</strong></span> <span class='ocrx_word' id='word_1_718' title='bbox 3258 3349 3341 3405; x_wconf 89' lang='lat' dir='ltr'><strong>vel</strong></span> <span class='ocrx_word' id='word_1_719' title='bbox 3371 3349 3541 3405; x_wconf 90' lang='lat' dir='ltr'><strong>Deum</strong></span> 
     </span>
    </p>
   </div>
   <div class='ocr_carea' id='block_1_99' title="bbox 1961 3440 3546 3512">
    <p class='ocr_par' dir='ltr' id='par_1_99' title="bbox 1961 3440 3546 3512">
     <span class='ocr_line' id='line_1_99' title="bbox 1961 3440 3546 3512; baseline 0.001 -16"><span class='ocrx_word' id='word_1_720' title='bbox 1961 3453 2099 3505; x_wconf 88' lang='lat' dir='ltr'><strong>esse,</strong></span> <span class='ocrx_word' id='word_1_721' title='bbox 2155 3441 2247 3511; x_wconf 92' lang='lat' dir='ltr'><strong>qui</strong></span> <span class='ocrx_word' id='word_1_722' title='bbox 2290 3441 2631 3511; x_wconf 87' lang='lat' dir='ltr'><strong>iniquitatum</strong></span> <span class='ocrx_word' id='word_1_723' title='bbox 2683 3440 2998 3496; x_wconf 86' lang='lat' dir='ltr'><strong>criminibus</strong></span> <span class='ocrx_word' id='word_1_724' title='bbox 3041 3442 3407 3512; x_wconf 89' lang='lat' dir='ltr'><strong>opprimatur;</strong></span> <span class='ocrx_word' id='word_1_725' title='bbox 3456 3453 3546 3498; x_wconf 89' lang='lat' dir='ltr'><strong>aut</strong></span> 
     </span>
    </p>
   </div>
   <div class='ocr_carea' id='block_1_100' title="bbox 1961 3532 3546 3604">
    <p class='ocr_par' dir='ltr' id='par_1_100' title="bbox 1961 3532 3546 3604">
     <span class='ocr_line' id='line_1_100' title="bbox 1961 3532 3546 3604; baseline -0.001 -15"><span class='ocrx_word' id='word_1_726' title='bbox 1961 3535 2165 3590; x_wconf 79' lang='lat' dir='ltr'><strong>scelere</strong></span> <span class='ocrx_word' id='word_1_727' title='bbox 2195 3532 2491 3604; x_wconf 88' lang='lat' dir='ltr'><strong>iniquitatis</strong></span> <span class='ocrx_word' id='word_1_728' title='bbox 2516 3533 2689 3603; x_wconf 86' lang='lat' dir='ltr'><strong>urgeri</strong></span> <span class='ocrx_word' id='word_1_729' title='bbox 2716 3549 2870 3600; x_wconf 89' lang='lat' dir='ltr'><strong>eum,</strong></span> <span class='ocrx_word' id='word_1_730' title='bbox 2917 3533 3007 3603; x_wconf 93' lang='lat' dir='ltr'><strong>qui</strong></span> <span class='ocrx_word' id='word_1_731' title='bbox 3051 3542 3283 3589; x_wconf 67' lang='lat' dir='ltr'><strong>:rternus</strong></span> <span class='ocrx_word' id='word_1_732' title='bbox 3309 3535 3546 3589; x_wconf 89' lang='lat' dir='ltr'><strong>omnium</strong></span> 
     </span>
    </p>
   </div>
   <div class='ocr_carea' id='block_1_101' title="bbox 1961 3617 3644 3696">
    <p class='ocr_par' dir='ltr' id='par_1_101' title="bbox 1961 3617 3644 3696">
     <span class='ocr_line' id='line_1_101' title="bbox 1961 3617 3644 3696; baseline -0.001 -17"><span class='ocrx_word' id='word_1_733' title='bbox 1961 3624 2206 3680; x_wconf 89' lang='lat' dir='ltr'><strong>conditor</strong></span> <span class='ocrx_word' id='word_1_734' title='bbox 2227 3625 2559 3689; x_wconf 78' lang='lat' dir='ltr'><strong>aestimetur;</strong></span> <span class='ocrx_word' id='word_1_735' title='bbox 2589 3633 2680 3678; x_wconf 85' lang='lat' dir='ltr'><strong>aut</strong></span> <span class='ocrx_word' id='word_1_736' title='bbox 2720 3624 2965 3678; x_wconf 90' lang='lat' dir='ltr'><strong>umbram</strong></span> <span class='ocrx_word' id='word_1_737' title='bbox 2993 3625 3224 3695; x_wconf 88' lang='lat' dir='ltr'><strong>aliquam</strong></span> <span class='ocrx_word' id='word_1_738' title='bbox 3249 3635 3429 3682; x_wconf 84' lang='lat' dir='ltr'><strong>tenere</strong></span> <span class='ocrx_word' id='word_1_739' title='bbox 3457 3627 3547 3696; x_wconf 90' lang='lat' dir='ltr'><strong>jn-</strong></span> <span class='ocrx_word' id='word_1_740' title='bbox 3635 3617 3644 3632; x_wconf 68' lang='lat'><strong>&#39;</strong></span> 
     </span>
    </p>
   </div>
   <div class='ocr_carea' id='block_1_102' title="bbox 1961 3715 3545 3788">
    <p class='ocr_par' dir='ltr' id='par_1_102' title="bbox 1961 3715 3545 3788">
     <span class='ocr_line' id='line_1_102' title="bbox 1961 3715 3545 3788; baseline 0.003 -21"><span class='ocrx_word' id='word_1_741' title='bbox 1961 3715 2157 3779; x_wconf 76' lang='lat' dir='ltr'><strong>stitim,</strong></span> <span class='ocrx_word' id='word_1_742' title='bbox 2207 3716 2250 3768; x_wconf 91' lang='lat' dir='ltr'><strong>si</strong></span> <span class='ocrx_word' id='word_1_743' title='bbox 2305 3716 2528 3769; x_wconf 84' lang='lat' dir='ltr'><strong>aliorum</strong></span> <span class='ocrx_word' id='word_1_744' title='bbox 2577 3716 2875 3770; x_wconf 84' lang='lat' dir='ltr'><strong>voluntates</strong></span> <span class='ocrx_word' id='word_1_745' title='bbox 2918 3716 3146 3771; x_wconf 90' lang='lat' dir='ltr'><strong>aliorum</strong></span> <span class='ocrx_word' id='word_1_746' title='bbox 3205 3719 3545 3788; x_wconf 83' lang='lat' dir='ltr'><strong>applicentur</strong></span> 
     </span>
    </p>
   </div>
   <div class='ocr_carea' id='block_1_103' title="bbox 1963 3805 3542 3877">
    <p class='ocr_par' dir='ltr' id='par_1_103' title="bbox 1963 3805 3542 3877">
     <span class='ocr_line' id='line_1_103' title="bbox 1963 3805 3542 3877; baseline 0.003 -18"><span class='ocrx_word' id='word_1_747' title='bbox 1963 3805 2258 3859; x_wconf 84' lang='lat' dir='ltr'><strong>exortibus.</strong></span> <span class='ocrx_word' id='word_1_748' title='bbox 2293 3806 2368 3859; x_wconf 76' lang='lat' dir='ltr'><strong>Ac</strong></span> <span class='ocrx_word' id='word_1_749' title='bbox 2397 3821 2492 3874; x_wconf 88' lang='lat' dir='ltr'><strong>per</strong></span> <span class='ocrx_word' id='word_1_750' title='bbox 2525 3805 2626 3860; x_wconf 91' lang='lat' dir='ltr'><strong>hoc</strong></span> <span class='ocrx_word' id='word_1_751' title='bbox 2658 3807 2842 3860; x_wconf 88' lang='lat' dir='ltr'><strong>merita</strong></span> <span class='ocrx_word' id='word_1_752' title='bbox 2883 3807 3110 3876; x_wconf 88' lang='lat' dir='ltr'><strong>partium</strong></span> <span class='ocrx_word' id='word_1_753' title='bbox 3144 3809 3369 3877; x_wconf 89' lang='lat' dir='ltr'><strong>negotiis</strong></span> <span class='ocrx_word' id='word_1_754' title='bbox 3389 3851 3403 3875; x_wconf 91' lang='lat'><strong>,</strong></span> <span class='ocrx_word' id='word_1_755' title='bbox 3435 3824 3542 3864; x_wconf 90' lang='lat' dir='ltr'><strong>non</strong></span> 
     </span>
    </p>
   </div>
   <div class='ocr_carea' id='block_1_104' title="bbox 1963 3893 2750 3966">
    <p class='ocr_par' dir='ltr' id='par_1_104' title="bbox 1963 3893 2750 3966">
     <span class='ocr_line' id='line_1_104' title="bbox 1963 3893 2750 3966; baseline -0.001 -19"><span class='ocrx_word' id='word_1_756' title='bbox 1963 3893 2188 3963; x_wconf 78' lang='lat' dir='ltr'><strong>ingeniis</strong></span> <span class='ocrx_word' id='word_1_757' title='bbox 2217 3893 2555 3962; x_wconf 86' lang='lat' dir='ltr'><strong>imputaums.</strong></span> <span class='ocrx_word' id='word_1_758' title='bbox 2744 3961 2750 3966; x_wconf 85' lang='lat'><strong>_</strong></span> 
     </span>
    </p>
   </div>
   <div class='ocr_carea' id='block_1_105' title="bbox 2033 3983 3542 4054">
    <p class='ocr_par' dir='ltr' id='par_1_105' title="bbox 2033 3983 3542 4054">
     <span class='ocr_line' id='line_1_105' title="bbox 2033 3983 3542 4054; baseline 0.003 -16"><span class='ocrx_word' id='word_1_759' title='bbox 2033 3986 2168 4041; x_wconf 76' lang='lat' dir='ltr'><strong>Am.</strong></span> <span class='ocrx_word' id='word_1_760' title='bbox 2195 3983 2311 4038; x_wconf 81' lang='lat' dir='ltr'><strong>Jam</strong></span> <span class='ocrx_word' id='word_1_761' title='bbox 2339 3985 2429 4038; x_wconf 92' lang='lat' dir='ltr'><strong>tibi</strong></span> <span class='ocrx_word' id='word_1_762' title='bbox 2451 3985 2515 4038; x_wconf 91' lang='lat' dir='ltr'><strong>ad</strong></span> <span class='ocrx_word' id='word_1_763' title='bbox 2547 3986 2723 4038; x_wconf 76' lang='lat' dir='ltr'><strong>tnnnia</strong></span> <span class='ocrx_word' id='word_1_764' title='bbox 2747 3983 3000 4054; x_wconf 89' lang='lat' dir='ltr'><strong>respondi</strong></span> <span class='ocrx_word' id='word_1_765' title='bbox 3028 4005 3040 4040; x_wconf 90' lang='lat'><strong><em>:</em></strong></span> <span class='ocrx_word' id='word_1_766' title='bbox 3065 4001 3164 4041; x_wconf 89' lang='lat' dir='ltr'><strong>nec</strong></span> <span class='ocrx_word' id='word_1_767' title='bbox 3185 3987 3306 4042; x_wconf 90' lang='lat' dir='ltr'><strong>ideo</strong></span> <span class='ocrx_word' id='word_1_768' title='bbox 3325 3987 3542 4044; x_wconf 82' lang='lat' dir='ltr'><strong>ﬁrman-</strong></span> 
     </span>
    </p>
   </div>
   <div class='ocr_carea' id='block_1_106' title="bbox 1967 4077 3550 4151">
    <p class='ocr_par' dir='ltr' id='par_1_106' title="bbox 1967 4077 3550 4151">
     <span class='ocr_line' id='line_1_106' title="bbox 1967 4077 3550 4151; baseline 0.004 -21"><span class='ocrx_word' id='word_1_769' title='bbox 1967 4087 2052 4130; x_wconf 89' lang='lat' dir='ltr'><strong>tur</strong></span> <span class='ocrx_word' id='word_1_770' title='bbox 2080 4077 2338 4131; x_wconf 89' lang='lat' dir='ltr'><strong>advcrsus</strong></span> <span class='ocrx_word' id='word_1_771' title='bbox 2365 4092 2470 4142; x_wconf 90' lang='lat' dir='ltr'><strong>me,</strong></span> <span class='ocrx_word' id='word_1_772' title='bbox 2499 4077 2619 4146; x_wconf 88' lang='lat' dir='ltr'><strong>quia</strong></span> <span class='ocrx_word' id='word_1_773' title='bbox 2644 4086 2747 4130; x_wconf 84' lang='lat' dir='ltr'><strong>tam</strong></span> <span class='ocrx_word' id='word_1_774' title='bbox 2776 4092 2917 4146; x_wconf 77' lang='lat' dir='ltr'><strong>sarpe</strong></span> <span class='ocrx_word' id='word_1_775' title='bbox 2941 4088 2994 4133; x_wconf 92' lang='lat' dir='ltr'><strong>et</strong></span> <span class='ocrx_word' id='word_1_776' title='bbox 3023 4079 3207 4135; x_wconf 90' lang='lat' dir='ltr'><strong>odiose</strong></span> <span class='ocrx_word' id='word_1_777' title='bbox 3237 4090 3550 4151; x_wconf 87' lang='lat' dir='ltr'><strong>repetuntur</strong></span> 
     </span>
    </p>
   </div>
   <div class='ocr_carea' id='block_1_107' title="bbox 1963 4167 3546 4241">
    <p class='ocr_par' dir='ltr' id='par_1_107' title="bbox 1963 4167 3546 4241">
     <span class='ocr_line' id='line_1_107' title="bbox 1963 4167 3546 4241; baseline 0.006 -23"><span class='ocrx_word' id='word_1_778' title='bbox 1963 4179 1993 4218; x_wconf 87' lang='lat' dir='ltr'><strong>a</strong></span> <span class='ocrx_word' id='word_1_779' title='bbox 2028 4175 2098 4220; x_wconf 91' lang='lat' dir='ltr'><strong>te.</strong></span> <span class='ocrx_word' id='word_1_780' title='bbox 2128 4167 2225 4222; x_wconf 89' lang='lat' dir='ltr'><strong>Dic</strong></span> <span class='ocrx_word' id='word_1_781' title='bbox 2255 4167 2446 4235; x_wconf 84' lang='lat' dir='ltr'><strong>potius,</strong></span> <span class='ocrx_word' id='word_1_782' title='bbox 2482 4168 2524 4220; x_wconf 90' lang='lat' dir='ltr'><strong>si</strong></span> <span class='ocrx_word' id='word_1_783' title='bbox 2555 4175 2725 4236; x_wconf 89' lang='lat' dir='ltr'><strong>potes,</strong></span> <span class='ocrx_word' id='word_1_784' title='bbox 2755 4167 2894 4222; x_wconf 91' lang='lat' dir='ltr'><strong>unde</strong></span> <span class='ocrx_word' id='word_1_785' title='bbox 2931 4167 3157 4224; x_wconf 87' lang='lat' dir='ltr'><strong>humana</strong></span> <span class='ocrx_word' id='word_1_786' title='bbox 3187 4170 3396 4241; x_wconf 84' lang='lat' dir='ltr'><strong>ingenia</strong></span> <span class='ocrx_word' id='word_1_787' title='bbox 3423 4187 3546 4228; x_wconf 90' lang='lat' dir='ltr'><strong>cum</strong></span> 
     </span>
    </p>
   </div>
   <div class='ocr_carea' id='block_1_108' title="bbox 1965 4257 3548 4326">
    <p class='ocr_par' dir='ltr' id='par_1_108' title="bbox 1965 4257 3548 4326">
     <span class='ocr_line' id='line_1_108' title="bbox 1965 4257 3548 4326; baseline 0.004 -16"><span class='ocrx_word' id='word_1_788' title='bbox 1965 4264 2107 4310; x_wconf 88' lang='lat' dir='ltr'><strong>tanta</strong></span> <span class='ocrx_word' id='word_1_789' title='bbox 2128 4257 2439 4326; x_wconf 88' lang='lat' dir='ltr'><strong>plerumque</strong></span> <span class='ocrx_word' id='word_1_790' title='bbox 2465 4257 2749 4311; x_wconf 55' lang='lat' dir='ltr'><strong>vitiositate</strong></span> <span class='ocrx_word' id='word_1_791' title='bbox 2781 4267 3096 4323; x_wconf 81' lang='lat' dir='ltr'><strong>nascantur;</strong></span> <span class='ocrx_word' id='word_1_792' title='bbox 3123 4274 3244 4314; x_wconf 91' lang='lat' dir='ltr'><strong>cum</strong></span> <span class='ocrx_word' id='word_1_793' title='bbox 3283 4261 3421 4316; x_wconf 91' lang='lat' dir='ltr'><strong>inter</strong></span> <span class='ocrx_word' id='word_1_794' title='bbox 3449 4277 3548 4316; x_wconf 88' lang='lat' dir='ltr'><strong>nos</strong></span> 
     </span>
    </p>
   </div>
   <div class='ocr_carea' id='block_1_109' title="bbox 1964 4347 3540 4421">
    <p class='ocr_par' dir='ltr' id='par_1_109' title="bbox 1964 4347 3540 4421">
     <span class='ocr_line' id='line_1_109' title="bbox 1964 4347 3540 4421; baseline 0.003 -20"><span class='ocrx_word' id='word_1_795' title='bbox 1964 4348 2420 4402; x_wconf 85' lang='lat' dir='ltr'><strong>convcniattotius</strong></span> <span class='ocrx_word' id='word_1_796' title='bbox 2445 4347 2673 4403; x_wconf 87' lang='lat' dir='ltr'><strong>hominis</strong></span> <span class='ocrx_word' id='word_1_797' title='bbox 2704 4364 2821 4403; x_wconf 89' lang='lat' dir='ltr'><strong>csse</strong></span> <span class='ocrx_word' id='word_1_798' title='bbox 2845 4348 3089 4418; x_wconf 88' lang='lat' dir='ltr'><strong>opiﬁcem</strong></span> <span class='ocrx_word' id='word_1_799' title='bbox 3129 4351 3294 4404; x_wconf 90' lang='lat' dir='ltr'><strong>Deum</strong></span> <span class='ocrx_word' id='word_1_800' title='bbox 3313 4351 3540 4421; x_wconf 86' lang='lat' dir='ltr'><strong>justum,</strong></span> 
     </span>
    </p>
   </div>
   <div class='ocr_carea' id='block_1_110' title="bbox 1965 4438 3544 4508">
    <p class='ocr_par' dir='ltr' id='par_1_110' title="bbox 1965 4438 3544 4508">
     <span class='ocr_line' id='line_1_110' title="bbox 1965 4438 3544 4508; baseline 0.004 -16"><span class='ocrx_word' id='word_1_801' title='bbox 1965 4445 2020 4492; x_wconf 91' lang='lat' dir='ltr'><strong>et</strong></span> <span class='ocrx_word' id='word_1_802' title='bbox 2042 4453 2135 4493; x_wconf 91' lang='lat' dir='ltr'><strong>vos</strong></span> <span class='ocrx_word' id='word_1_803' title='bbox 2162 4439 2364 4508; x_wconf 85' lang='lat' dir='ltr'><strong>negatis</strong></span> <span class='ocrx_word' id='word_1_804' title='bbox 2381 4438 2402 4470; x_wconf 86' lang='grc'><strong><em>³</em></strong></span> <span class='ocrx_word' id='word_1_805' title='bbox 2425 4439 2586 4493; x_wconf 92' lang='lat' dir='ltr'><strong>ullum</strong></span> <span class='ocrx_word' id='word_1_806' title='bbox 2615 4439 2868 4508; x_wconf 85' lang='lat' dir='ltr'><strong>originale</strong></span> <span class='ocrx_word' id='word_1_807' title='bbox 2891 4440 3204 4508; x_wconf 83' lang='lat' dir='ltr'><strong>peccatum?</strong></span> <span class='ocrx_word' id='word_1_808' title='bbox 3225 4440 3342 4496; x_wconf 85' lang='lat' dir='ltr'><strong>Non</strong></span> <span class='ocrx_word' id='word_1_809' title='bbox 3368 4452 3544 4498; x_wconf 87' lang='lat' dir='ltr'><strong>autem</strong></span> 
     </span>
    </p>
   </div>
   <div class='ocr_carea' id='block_1_111' title="bbox 1966 4521 3573 4602">
    <p class='ocr_par' dir='ltr' id='par_1_111' title="bbox 1966 4521 3573 4602">
     <span class='ocr_line' id='line_1_111' title="bbox 1966 4521 3573 4602; baseline 0.002 -18"><span class='ocrx_word' id='word_1_810' title='bbox 1966 4530 2174 4586; x_wconf 85' lang='lat' dir='ltr'><strong>diceres</strong></span> <span class='ocrx_word' id='word_1_811' title='bbox 2207 4532 2432 4584; x_wconf 82' lang='lat' dir='ltr'><strong>aliorum</strong></span> <span class='ocrx_word' id='word_1_812' title='bbox 2479 4541 2692 4600; x_wconf 84' lang='lat' dir='ltr'><strong>peccata</strong></span> <span class='ocrx_word' id='word_1_813' title='bbox 2734 4545 2834 4584; x_wconf 89' lang='lat' dir='ltr'><strong>nos</strong></span> <span class='ocrx_word' id='word_1_814' title='bbox 2873 4532 2990 4584; x_wconf 88' lang='lat' dir='ltr'><strong>aliis</strong></span> <span class='ocrx_word' id='word_1_815' title='bbox 3020 4532 3316 4600; x_wconf 90' lang='lat' dir='ltr'><strong>imputare,</strong></span> <span class='ocrx_word' id='word_1_816' title='bbox 3347 4533 3434 4602; x_wconf 92' lang='lat' dir='ltr'><strong>qui</strong></span> <span class='ocrx_word' id='word_1_817' title='bbox 3477 4521 3573 4588; x_wconf 54' lang='lat' dir='ltr'><strong>ibi&quot;</strong></span> 
     </span>
    </p>
   </div>
   <div class='ocr_carea' id='block_1_112' title="bbox 1966 4619 3549 4690">
    <p class='ocr_par' dir='ltr' id='par_1_112' title="bbox 1966 4619 3549 4690">
     <span class='ocr_line' id='line_1_112' title="bbox 1966 4619 3549 4690; baseline 0.003 -16"><span class='ocrx_word' id='word_1_818' title='bbox 1966 4619 2178 4690; x_wconf 86' lang='lat' dir='ltr'><strong>quando</strong></span> <span class='ocrx_word' id='word_1_819' title='bbox 2204 4620 2489 4674; x_wconf 85' lang='lat' dir='ltr'><strong>commissa</strong></span> <span class='ocrx_word' id='word_1_820' title='bbox 2538 4629 2693 4686; x_wconf 89' lang='lat' dir='ltr'><strong>sunt,</strong></span> <span class='ocrx_word' id='word_1_821' title='bbox 2744 4635 2847 4674; x_wconf 91' lang='lat' dir='ltr'><strong>non</strong></span> <span class='ocrx_word' id='word_1_822' title='bbox 2899 4619 3148 4687; x_wconf 86' lang='lat' dir='ltr'><strong>fuerunt,</strong></span> <span class='ocrx_word' id='word_1_823' title='bbox 3199 4622 3243 4676; x_wconf 92' lang='lat' dir='ltr'><strong>si</strong></span> <span class='ocrx_word' id='word_1_824' title='bbox 3288 4622 3549 4679; x_wconf 90' lang='lat' dir='ltr'><strong>recolercs</strong></span> 
     </span>
    </p>
   </div>
   <div class='ocr_carea' id='block_1_113' title="bbox 1967 4709 3547 4780">
    <p class='ocr_par' dir='ltr' id='par_1_113' title="bbox 1967 4709 3547 4780">
     <span class='ocr_line' id='line_1_113' title="bbox 1967 4709 3547 4780; baseline 0.004 -19"><span class='ocrx_word' id='word_1_825' title='bbox 1967 4711 2107 4780; x_wconf 90' lang='lat' dir='ltr'><strong>quod</strong></span> <span class='ocrx_word' id='word_1_826' title='bbox 2145 4710 2399 4778; x_wconf 88' lang='lat' dir='ltr'><strong>scriptum</strong></span> <span class='ocrx_word' id='word_1_827' title='bbox 2440 4720 2551 4774; x_wconf 58' lang='grc' dir='ltr'><strong>εμῑ,</strong></span> <span class='ocrx_word' id='word_1_828' title='bbox 2594 4711 2645 4763; x_wconf 91' lang='lat' dir='ltr'><strong>in</strong></span> <span class='ocrx_word' id='word_1_829' title='bbox 2679 4709 2871 4764; x_wconf 89' lang='lat' dir='ltr'><strong>lumbis</strong></span> <span class='ocrx_word' id='word_1_830' title='bbox 2909 4710 3136 4765; x_wconf 76' lang='lat' dir='ltr'><strong>Abrahze</strong></span> <span class='ocrx_word' id='word_1_831' title='bbox 3172 4709 3338 4766; x_wconf 88' lang='lat' dir='ltr'><strong>fuisse</strong></span> <span class='ocrx_word' id='word_1_832' title='bbox 3383 4712 3509 4767; x_wconf 90' lang='lat' dir='ltr'><strong>Levi</strong></span> <span class='ocrx_word' id='word_1_833' title='bbox 3534 4754 3547 4775; x_wconf 92' lang='lat'><strong>,</strong></span> 
     </span>
    </p>
   </div>
   <div class='ocr_carea' id='block_1_114' title="bbox 1967 4801 3551 4872">
    <p class='ocr_par' dir='ltr' id='par_1_114' title="bbox 1967 4801 3551 4872">
     <span class='ocr_line' id='line_1_114' title="bbox 1967 4801 3551 4872; baseline 0.003 -17"><span class='ocrx_word' id='word_1_834' title='bbox 1967 4801 2180 4872; x_wconf 92' lang='lat' dir='ltr'><strong>quando</strong></span> <span class='ocrx_word' id='word_1_835' title='bbox 2209 4801 2454 4855; x_wconf 82' lang='lat' dir='ltr'><strong>eumdem</strong></span> <span class='ocrx_word' id='word_1_836' title='bbox 2496 4801 2764 4855; x_wconf 82' lang='lat' dir='ltr'><strong>Abraham</strong></span> <span class='ocrx_word' id='word_1_837' title='bbox 2797 4801 3186 4857; x_wconf 82' lang='lat' dir='ltr'><strong>Melchisedech</strong></span> <span class='ocrx_word' id='word_1_838' title='bbox 3222 4803 3311 4857; x_wconf 92' lang='lat' dir='ltr'><strong>Dei</strong></span> <span class='ocrx_word' id='word_1_839' title='bbox 3353 4803 3551 4860; x_wconf 81' lang='lat' dir='ltr'><strong>excelsi</strong></span> 
     </span>
    </p>
   </div>
   <div class='ocr_carea' id='block_1_115' title="bbox 1968 4890 3553 4963">
    <p class='ocr_par' dir='ltr' id='par_1_115' title="bbox 1968 4890 3553 4963">
     <span class='ocr_line' id='line_1_115' title="bbox 1968 4890 3553 4963; baseline 0.001 -18"><span class='ocrx_word' id='word_1_840' title='bbox 1968 4891 2250 4946; x_wconf 90' lang='lat' dir='ltr'><strong>decimavit</strong></span> <span class='ocrx_word' id='word_1_841' title='bbox 2274 4892 2494 4946; x_wconf 90' lang='lat' dir='ltr'><strong>antistes</strong></span> <span class='ocrx_word' id='word_1_842' title='bbox 2526 4890 2720 4960; x_wconf 80' lang='lat' dir='ltr'><strong>(Hebr.</strong></span> <span class='ocrx_word' id='word_1_843' title='bbox 2757 4907 2847 4956; x_wconf 86' lang='lat' dir='ltr'><strong>vn,</strong></span> <span class='ocrx_word' id='word_1_844' title='bbox 2880 4891 2934 4955; x_wconf 89' lang='lat'><strong>9,</strong></span> <span class='ocrx_word' id='word_1_845' title='bbox 2964 4890 3084 4963; x_wconf 80' lang='grc'><strong>10).</strong></span> <span class='ocrx_word' id='word_1_846' title='bbox 3119 4891 3191 4946; x_wconf 92' lang='lat' dir='ltr'><strong>lbi</strong></span> <span class='ocrx_word' id='word_1_847' title='bbox 3233 4893 3376 4947; x_wconf 91' lang='lat' dir='ltr'><strong>enim</strong></span> <span class='ocrx_word' id='word_1_848' title='bbox 3406 4893 3553 4947; x_wconf 84' lang='lat' dir='ltr'><strong>vide-</strong></span> 
     </span>
    </p>
   </div>
   <div class='ocr_carea' id='block_1_116' title="bbox 1969 4982 3553 5051">
    <p class='ocr_par' dir='ltr' id='par_1_116' title="bbox 1969 4982 3553 5051">
     <span class='ocr_line' id='line_1_116' title="bbox 1969 4982 3553 5051; baseline 0 -14"><span class='ocrx_word' id='word_1_849' title='bbox 1969 4997 2089 5047; x_wconf 89' lang='lat' dir='ltr'><strong>res,</strong></span> <span class='ocrx_word' id='word_1_850' title='bbox 2131 4983 2174 5036; x_wconf 91' lang='lat' dir='ltr'><strong>si</strong></span> <span class='ocrx_word' id='word_1_851' title='bbox 2217 4993 2268 5037; x_wconf 90' lang='lat' dir='ltr'><strong>te</strong></span> <span class='ocrx_word' id='word_1_852' title='bbox 2300 4984 2594 5051; x_wconf 88' lang='lat' dir='ltr'><strong>pervicacia</strong></span> <span class='ocrx_word' id='word_1_853' title='bbox 2639 4999 2742 5035; x_wconf 88' lang='lat' dir='ltr'><strong>non</strong></span> <span class='ocrx_word' id='word_1_854' title='bbox 2783 4992 3037 5047; x_wconf 57' lang='lat' dir='ltr'><strong>enicaret,</strong></span> <span class='ocrx_word' id='word_1_855' title='bbox 3089 4983 3141 5036; x_wconf 90' lang='lat' dir='ltr'><strong>in</strong></span> <span class='ocrx_word' id='word_1_856' title='bbox 3187 4983 3380 5038; x_wconf 92' lang='lat' dir='ltr'><strong>lumbis</strong></span> <span class='ocrx_word' id='word_1_857' title='bbox 3423 4982 3553 5038; x_wconf 70' lang='lat' dir='ltr'><strong>Atla:</strong></span> 
     </span>
    </p>
   </div>
   <div class='ocr_carea' id='block_1_117' title="bbox 1970 5072 3554 5144">
    <p class='ocr_par' dir='ltr' id='par_1_117' title="bbox 1970 5072 3554 5144">
     <span class='ocr_line' id='line_1_117' title="bbox 1970 5072 3554 5144; baseline 0.001 -17"><span class='ocrx_word' id='word_1_858' title='bbox 1970 5073 2132 5128; x_wconf 90' lang='lat' dir='ltr'><strong>fuisse</strong></span> <span class='ocrx_word' id='word_1_859' title='bbox 2179 5090 2345 5144; x_wconf 83' lang='lat' dir='ltr'><strong>genus</strong></span> <span class='ocrx_word' id='word_1_860' title='bbox 2409 5073 2735 5139; x_wconf 88' lang='lat' dir='ltr'><strong>humanum,</strong></span> <span class='ocrx_word' id='word_1_861' title='bbox 2791 5072 3003 5142; x_wconf 90' lang='lat' dir='ltr'><strong>quando</strong></span> <span class='ocrx_word' id='word_1_862' title='bbox 3049 5077 3372 5144; x_wconf 87' lang='lat' dir='ltr'><strong>perpetravit</strong></span> <span class='ocrx_word' id='word_1_863' title='bbox 3426 5073 3554 5129; x_wconf 85' lang='lat' dir='ltr'><strong>illud</strong></span> 
     </span>
    </p>
   </div>
   <div class='ocr_carea' id='block_1_118' title="bbox 1969 5165 2497 5234">
    <p class='ocr_par' dir='ltr' id='par_1_118' title="bbox 1969 5165 2497 5234">
     <span class='ocr_line' id='line_1_118' title="bbox 1969 5165 2497 5234; baseline -0.002 -16"><span class='ocrx_word' id='word_1_864' title='bbox 1969 5165 2169 5234; x_wconf 86' lang='lat' dir='ltr'><strong>grande</strong></span> <span class='ocrx_word' id='word_1_865' title='bbox 2202 5175 2472 5234; x_wconf 79' lang='lat' dir='ltr'><strong>peccaturo</strong></span> <span class='ocrx_word' id='word_1_866' title='bbox 2485 5205 2497 5217; x_wconf 94' lang='lat'><strong>.</strong></span> 
     </span>
    </p>
   </div>
   <div class='ocr_carea' id='block_1_119' title="bbox 2043 5253 3550 5323">
    <p class='ocr_par' dir='ltr' id='par_1_119' title="bbox 2043 5253 3550 5323">
     <span class='ocr_line' id='line_1_119' title="bbox 2043 5253 3550 5323; baseline -0.001 -15"><span class='ocrx_word' id='word_1_867' title='bbox 2043 5253 2296 5308; x_wconf 72' lang='lat' dir='ltr'><strong>LXXV“.</strong></span> <span class='ocrx_word' id='word_1_868' title='bbox 2329 5253 2446 5308; x_wconf 78' lang='lat' dir='ltr'><strong>JUL.</strong></span> <span class='ocrx_word' id='word_1_869' title='bbox 2472 5254 2576 5309; x_wconf 89' lang='lat' dir='ltr'><strong>Sed</strong></span> <span class='ocrx_word' id='word_1_870' title='bbox 2605 5264 2661 5308; x_wconf 91' lang='lat' dir='ltr'><strong>ut</strong></span> <span class='ocrx_word' id='word_1_871' title='bbox 2687 5263 3022 5310; x_wconf 88' lang='lat' dir='ltr'><strong>revertamur</strong></span> <span class='ocrx_word' id='word_1_872' title='bbox 3047 5254 3110 5309; x_wconf 90' lang='lat' dir='ltr'><strong>ad</strong></span> <span class='ocrx_word' id='word_1_873' title='bbox 3133 5271 3369 5316; x_wconf 91' lang='lat' dir='ltr'><strong>causam,</strong></span> <span class='ocrx_word' id='word_1_874' title='bbox 3402 5262 3550 5323; x_wconf 84' lang='lat' dir='ltr'><strong>post-</strong></span> 
     </span>
    </p>
   </div>
   <div class='ocr_carea' id='block_1_120' title="bbox 1969 5345 3552 5414">
    <p class='ocr_par' dir='ltr' id='par_1_120' title="bbox 1969 5345 3552 5414">
     <span class='ocr_line' id='line_1_120' title="bbox 1969 5345 3552 5414; baseline -0.001 -17"><span class='ocrx_word' id='word_1_875' title='bbox 1969 5360 2126 5414; x_wconf 89' lang='lat' dir='ltr'><strong>quam</strong></span> <span class='ocrx_word' id='word_1_876' title='bbox 2149 5345 2348 5408; x_wconf 82' lang='lat' dir='ltr'><strong>dixisti,</strong></span> <span class='ocrx_word' id='word_1_877' title='bbox 2377 5362 2461 5400; x_wconf 91' lang='lat' dir='ltr'><strong>me</strong></span> <span class='ocrx_word' id='word_1_878' title='bbox 2493 5365 2511 5397; x_wconf 83' lang='grc'><strong>‹</strong></span> <span class='ocrx_word' id='word_1_879' title='bbox 2540 5347 2658 5400; x_wconf 91' lang='lat' dir='ltr'><strong>ideo</strong></span> <span class='ocrx_word' id='word_1_880' title='bbox 2678 5347 2912 5402; x_wconf 80' lang='lat' dir='ltr'><strong>noluisse</strong></span> <span class='ocrx_word' id='word_1_881' title='bbox 2939 5347 3423 5414; x_wconf 89' lang='lat' dir='ltr'><strong>concupiscentiam</strong></span> <span class='ocrx_word' id='word_1_882' title='bbox 3457 5361 3552 5397; x_wconf 81' lang='lat' dir='ltr'><strong>uo-</strong></span> 
     </span>
    </p>
   </div>
   <div class='ocr_carea' id='block_1_121' title="bbox 1973 5433 3552 5504">
    <p class='ocr_par' dir='ltr' id='par_1_121' title="bbox 1973 5433 3552 5504">
     <span class='ocr_line' id='line_1_121' title="bbox 1973 5433 3552 5504; baseline 0 -16"><span class='ocrx_word' id='word_1_883' title='bbox 1973 5435 2197 5500; x_wconf 85' lang='lat' dir='ltr'><strong>minare,</strong></span> <span class='ocrx_word' id='word_1_884' title='bbox 2229 5437 2349 5504; x_wconf 87' lang='lat' dir='ltr'><strong>quia</strong></span> <span class='ocrx_word' id='word_1_885' title='bbox 2392 5452 2495 5489; x_wconf 90' lang='lat' dir='ltr'><strong>non</strong></span> <span class='ocrx_word' id='word_1_886' title='bbox 2525 5447 2667 5489; x_wconf 46' lang='lat' dir='ltr'><strong>esset</strong></span> <span class='ocrx_word' id='word_1_887' title='bbox 2687 5453 2753 5491; x_wconf 86' lang='lat' dir='ltr'><strong>cx</strong></span> <span class='ocrx_word' id='word_1_888' title='bbox 2782 5437 2958 5500; x_wconf 80' lang='lat' dir='ltr'><strong>Patre,</strong></span> <span class='ocrx_word' id='word_1_889' title='bbox 2989 5437 3081 5490; x_wconf 90' lang='lat' dir='ltr'><strong>sed</strong></span> <span class='ocrx_word' id='word_1_890' title='bbox 3107 5451 3169 5490; x_wconf 75' lang='lat' dir='ltr'><strong>ex</strong></span> <span class='ocrx_word' id='word_1_891' title='bbox 3199 5433 3430 5499; x_wconf 88' lang='lat' dir='ltr'><strong>mundo;</strong></span> <span class='ocrx_word' id='word_1_892' title='bbox 3461 5450 3552 5488; x_wconf 77' lang='lat' dir='ltr'><strong>ru-</strong></span> 
     </span>
    </p>
   </div>
   <div class='ocr_carea' id='block_1_122' title="bbox 1966 5525 3550 5599">
    <p class='ocr_par' dir='ltr' id='par_1_122' title="bbox 1966 5525 3550 5599">
     <span class='ocr_line' id='line_1_122' title="bbox 1966 5525 3550 5599; baseline 0.001 -22"><span class='ocrx_word' id='word_1_893' title='bbox 1966 5525 2053 5593; x_wconf 90' lang='lat' dir='ltr'><strong>jus</strong></span> <span class='ocrx_word' id='word_1_894' title='bbox 2085 5526 2268 5580; x_wconf 90' lang='lat' dir='ltr'><strong>mundi</strong></span> <span class='ocrx_word' id='word_1_895' title='bbox 2315 5528 2561 5599; x_wconf 80' lang='lat' dir='ltr'><strong>princeps</strong></span> <span class='ocrx_word' id='word_1_896' title='bbox 2590 5529 2763 5583; x_wconf 86' lang='lat' dir='ltr'><strong>dictus</strong></span> <span class='ocrx_word' id='word_1_897' title='bbox 2803 5541 2884 5584; x_wconf 72' lang='lat' dir='ltr'><strong>est</strong></span> <span class='ocrx_word' id='word_1_898' title='bbox 2913 5528 3150 5582; x_wconf 87' lang='lat' dir='ltr'><strong>diabolus</strong></span> <span class='ocrx_word' id='word_1_899' title='bbox 3180 5542 3193 5578; x_wconf 90' lang='lat'><strong><em>:</em></strong></span> <span class='ocrx_word' id='word_1_900' title='bbox 3223 5527 3309 5594; x_wconf 91' lang='lat' dir='ltr'><strong>qui</strong></span> <span class='ocrx_word' id='word_1_901' title='bbox 3339 5539 3455 5579; x_wconf 92' lang='lat' dir='ltr'><strong>eam</strong></span> <span class='ocrx_word' id='word_1_902' title='bbox 3497 5525 3550 5580; x_wconf 89' lang='lat' dir='ltr'><strong>in</strong></span> 
     </span>
    </p>
   </div>
   <div class='ocr_carea' id='block_1_123' title="bbox 2035 5660 3454 5725">
    <p class='ocr_par' dir='ltr' id='par_1_123' title="bbox 2035 5660 3454 5725">
     <span class='ocr_line' id='line_1_123' title="bbox 2035 5660 3454 5725; baseline 0.005 -20"><span class='ocrx_word' id='word_1_903' title='bbox 2035 5662 2051 5693; x_wconf 82' lang='grc' dir='ltr'>ι</span> <span class='ocrx_word' id='word_1_904' title='bbox 2088 5660 2202 5725; x_wconf 53' lang='grc' dir='ltr'>Ρξῖῑῐξ</span> <span class='ocrx_word' id='word_1_905' title='bbox 2226 5675 2334 5710; x_wconf 81' lang='lat' dir='ltr'><strong>cum</strong></span> <span class='ocrx_word' id='word_1_906' title='bbox 2357 5669 2465 5712; x_wconf 73' lang='lat' dir='ltr'><strong>Mar.</strong></span> <span class='ocrx_word' id='word_1_907' title='bbox 2493 5663 2538 5711; x_wconf 82' lang='lat' dir='ltr'><strong>Cl</strong></span> <span class='ocrx_word' id='word_1_908' title='bbox 2557 5678 2629 5720; x_wconf 75' lang='grc' dir='ltr'><strong>τ..</strong></span> <span class='ocrx_word' id='word_1_909' title='bbox 2658 5672 2873 5725; x_wconf 69' lang='lat' dir='ltr'><strong>mentcm.</strong></span> <span class='ocrx_word' id='word_1_910' title='bbox 2900 5671 2949 5724; x_wconf 65' lang='grc' dir='ltr'><strong>,η</strong></span> <span class='ocrx_word' id='word_1_911' title='bbox 2967 5663 3060 5709; x_wconf 84' lang='lat' dir='ltr'><strong>tius</strong></span> <span class='ocrx_word' id='word_1_912' title='bbox 3083 5667 3228 5719; x_wconf 64' lang='lat' dir='ltr'><strong>rem,</strong></span> <span class='ocrx_word' id='word_1_913' title='bbox 3246 5666 3454 5725; x_wconf 77' lang='lat' dir='ltr'><strong>gentem.</strong></span> 
     </span>
    </p>
   </div>
   <div class='ocr_carea' id='block_1_124' title="bbox 2037 5723 2830 5785">
    <p class='ocr_par' dir='ltr' id='par_1_124' title="bbox 2037 5723 2830 5785">
     <span class='ocr_line' id='line_1_124' title="bbox 2037 5723 2830 5785; baseline 0.005 -17"><span class='ocrx_word' id='word_1_914' title='bbox 2037 5724 2055 5785; x_wconf 59' lang='grc' dir='ltr'>ξ</span> <span class='ocrx_word' id='word_1_915' title='bbox 2089 5723 2158 5785; x_wconf 52' lang='grc' dir='ltr'><strong>εἰς</strong></span> <span class='ocrx_word' id='word_1_916' title='bbox 2182 5730 2284 5769; x_wconf 61' lang='lat' dir='ltr'><strong>mss.</strong></span> <span class='ocrx_word' id='word_1_917' title='bbox 2315 5731 2359 5772; x_wconf 75' lang='lat' dir='ltr'><strong>ta</strong></span> <span class='ocrx_word' id='word_1_918' title='bbox 2387 5729 2536 5785; x_wconf 61' lang='lat' dir='ltr'><strong>\i;a.,</strong></span> <span class='ocrx_word' id='word_1_919' title='bbox 2575 5724 2830 5775; x_wconf 61' lang='grc' dir='ltr'><strong>πικτιίσίσωὲ.</strong></span> 
     </span>
    </p>
   </div>
   <div class='ocr_carea' id='block_1_125' title="bbox 2038 5783 2462 5846">
    <p class='ocr_par' dir='ltr' id='par_1_125' title="bbox 2038 5783 2462 5846">
     <span class='ocr_line' id='line_1_125' title="bbox 2038 5783 2462 5846; baseline 0.017 -17"><span class='ocrx_word' id='word_1_920' title='bbox 2038 5783 2058 5814; x_wconf 82' lang='grc'><em>³</em></span> <span class='ocrx_word' id='word_1_921' title='bbox 2089 5783 2246 5842; x_wconf 69' lang='lat' dir='ltr'><strong>Forte,</strong></span> <span class='ocrx_word' id='word_1_922' title='bbox 2272 5798 2301 5831; x_wconf 83' lang='grc' dir='ltr'><em>η</em></span> <span class='ocrx_word' id='word_1_923' title='bbox 2323 5783 2462 5846; x_wconf 67' lang='lat' dir='ltr'><strong>griis.</strong></span> 
     </span>
    </p>
   </div>
  </div>
