3934 6178
333 1838 365 1866 κ

465 270 568 332 333

428 440 658 495 nomino
699 438 806 486 non
839 427 1073 490 invenit;
1114 427 1523 509 quiaDominus
1563 428 1724 482 homo
1767 444 1871 482 non
1915 443 2010 498 per

416 529 592 594 ipsam
612 524 680 579 ad
708 522 951 579 homines
984 519 1128 573 venit
1159 538 1176 570 ι
1206 517 1307 592 (De
1333 517 1546 589 Nuptiis
1572 530 1617 575 et
1638 517 2010 591 Concupiscen-

423 622 516 682 tia,
538 616 628 669 lib.
656 615 713 681 2,
751 630 804 667 tt.
832 612 952 681 Η.)
985 609 1086 667 Ubi
1122 610 1412 665 notandum
1435 612 1548 675 est,
1573 611 1693 681 quia
1715 626 1837 666 cum
1860 610 1928 665 de
1952 625 2014 666 re

429 706 651 761 naturali
683 690 998 773 loquereris,
1032 716 1259 773 eamque
1283 713 1350 756 ex
1378 701 1576 784 mundo
1603 716 1723 757 esse
1756 700 2011 766 dixisses,

422 796 699 854 subdidisti
718 795 898 850 mundi
923 796 1086 850 totius
1105 794 1396 864 principem
1409 794 1677 849 diabolum
1691 793 1833 848 credi
1855 808 2016 863 Opor-

425 902 568 955 tere;
591 900 768 945 utnon
790 899 1004 945 acutum
1022 890 1462 957 voluntariorum,
1480 888 1575 945 sed
1594 888 1908 944 naturalium
1928 895 2018 944 re-

423 999 564 1049 rum,
588 983 768 1052 utique
792 993 1121 1048 naturarum,
1151 980 1391 1036 fatereris
1415 994 1536 1036 cum
1558 989 1855 1036 auctorem.

497 1074 632 1128 Atio.
669 1071 768 1126 Ubi
797 1072 947 1141 poeni
982 1071 1512 1141 «concupiscentiam
1529 1071 1729 1136 carnis,
1757 1089 1776 1123 ι
1802 1076 1860 1123 ιιι
1885 1068 2011 1125 abs-

425 1160 590 1216 tulisti
622 1161 745 1217 inde
770 1174 806 1217 at
827 1163 1035 1227 carnis,
1057 1174 1077 1213 ι
1131 1162 1270 1231 quod
1312 1175 1413 1231 ego
1455 1160 1563 1216 dixi
1595 1179 1608 1214 :
1637 1170 1693 1217 et
1731 1161 1820 1216 ubi
1862 1161 2009 1226 dixi,

429 1253 613 1323 scnths
640 1252 823 1307 mundi
851 1253 1024 1308 dletus
1044 1261 1128 1307 est
1158 1252 1403 1323 princeps
1430 1251 1706 1314 diabolus;
1734 1256 1754 1303 ι
1785 1259 1839 1305 ιιι
1857 1250 2011 1305 addi-

425 1341 548 1395 (iisti
588 1359 606 1392 ι
643 1342 821 1408 totius,
852 1361 871 1394 ι
899 1350 950 1396 ει
973 1342 1174 1406 dixisti,
1206 1360 1225 1391 ι
1252 1342 1413 1396 totius
1438 1340 1616 1395 muttdi
1638 1382 1654 1407 ,
1691 1360 1710 1393 ι
1744 1341 1884 1411 quod
1911 1356 2012 1409 ego

426 1450 532 1486 non
564 1433 694 1488 dixi.
724 1435 836 1503 Age
858 1444 914 1487 ut
944 1434 1131 1501 placet,
1161 1432 1246 1487 die
1276 1432 1416 1502 quod
1440 1429 1534 1485 tibi
1556 1431 1751 1502 placet.
1787 1438 1870 1486 vet
1907 1427 2012 1486 illis

423 1525 584 1577 etiam
633 1522 825 1592 quibus
882 1523 1078 1590 places.
1151 1520 1261 1592 Ego
1304 1522 1784 1591 concupiscentiam
1835 1521 2012 1578 carnis

425 1612 568 1672 dixi.
612 1628 769 1680 quam
803 1613 933 1666 dicit
971 1612 1205 1668 Joannes
1245 1628 1347 1666 non
1383 1626 1505 1668 esse
1541 1627 1569 1664 a
1601 1611 1789 1678 Patre,
1822 1611 1914 1666 sed
1944 1612 2010 1668 ex

423 1704 625 1755 mundo
669 1701 887 1771 (iJoan.
934 1718 990 1765 II,
1045 1703 1174 1774 16),
1221 1700 1271 1755 id
1304 1713 1420 1767 est,
1451 1717 1513 1756 ex
1567 1700 1871 1755 hominibus
1920 1701 2008 1771 qui

417 1801 714 1847 nascuntur
759 1792 811 1845 in
865 1792 1096 1857 mundo,
1153 1793 1369 1861 perituri
1421 1793 1522 1846 nisi
1566 1802 1912 1849 renascantur
1957 1794 2012 1850 in

420 1880 657 1935 Christo.
695 1881 819 1935 llaic
853 1883 1282 1952 concupiscentia
1316 1884 1492 1937 carnis
1518 1899 1624 1937 non
1662 1893 1745 1940 est
1780 1885 2007 1951 luxnria,

420 1970 635 2039 quando
668 1970 717 2024 ei
751 1972 1049 2039 resistitur,
1092 1972 1185 2027 sed
1222 1962 1766 2043 quandoperfieitur,
1813 1974 1866 2031 id
1891 1982 2006 2043 est,

419 2059 634 2128 quando
660 2061 902 2129 pervenit
931 2077 1036 2131 quo
1062 2064 1305 2131 impellit.
1322 2062 1475 2119 Unde
1499 2074 1554 2118 et
1574 2067 1848 2135 apostolus
1868 2066 2009 2122 Pau-

421 2149 505 2204 lus
533 2166 548 2203 :
582 2150 780 2221 Spiritu
799 2192 813 2217 ,
850 2152 1049 2223 inquit,
1077 2148 1362 2218 ambulate,
1402 2163 1447 2209 et
1472 2146 1727 2211 desideria
1748 2146 1919 2213 carnis
1945 2174 2009 2213 ne

421 2241 725 2313 perfeceritis
743 2239 940 2316 (Colat.
967 2258 1017 2311 v,
1045 2243 1156 2315 16).
1183 2243 1295 2299 Νοιι
1318 2246 1413 2311 ait,
1431 2243 1511 2302 Ne
1549 2245 1844 2303 habueritis
1868 2266 1883 2303 :
1907 2264 2006 2304 no-

418 2330 570 2387 ‘verat
599 2334 794 2404 quippe
822 2333 923 2389 hoc
945 2350 1139 2389 munus
1175 2334 1411 2391 futurum
1442 2337 1655 2417 quidem
1685 2354 1805 2394 esse
1829 2338 2004 2407 nobis,

418 2412 515 2479 sed
543 2424 666 2478 vitta
707 2440 812 2480 non
839 2441 957 2483 esse
997 2429 1299 2497 praesentis.
1333 2430 1444 2500 Ego
1483 2412 1775 2501 principem
1819 2418 2006 2491 mundi

417 2506 687 2571 diabdlum
727 2516 877 2584 dixi,
912 2519 1052 2577 sicut
1083 2534 1206 2577 eum
1243 2514 1476 2591 appellat
1512 2515 1787 2593 Scriptura
1824 2524 2005 2583 divina

418 2599 600 2677 (locu.
633 2622 728 2675 xn,
759 2598 858 2674 εις
891 2623 1007 2677 xiv,
1039 2608 1143 2676 30;
1171 2625 1282 2677 xvi,
1314 2608 1429 2682 11),
1460 2625 1567 2667 non
1598 2606 1737 2669 sicut
1762 2606 2004 2686 suspica-

417 2704 507 2752 tur
524 2698 607 2755 vel
627 2697 984 2787 calumniatur
995 2701 1201 2757 vanitas
1225 2710 1335 2759 tua.
1356 2700 1475 2759 Non
1497 2702 1674 2776 itaque
1692 2700 2003 2787 naturarum

415 2796 690 2844 auctorem
730 2776 1000 2845 diabolum
1040 2789 1181 2858 dixi,
1211 2791 1306 2847 sed
1338 2793 1632 2866 principem
1678 2779 1906 2865 mundi,
1948 2797 2003 2856 id

413 2888 533 2946 est,
565 2868 862 2951 hominum,
893 2882 1085 2953 quibus
1131 2883 1185 2939 in
1230 2885 1359 2943 orbe
1403 2894 1663 2944 terrarum
1705 2871 1894 2961 plenus
1922 2900 2005 2949 est

415 2969 669 3039 mundus,
690 2972 781 3042 qui
802 2981 1093 3029 nascuntur
1122 2974 1175 3029 in
1200 2974 1420 3045 mundo,
1448 2992 1547 3033 nec
1570 2980 1924 3036 renascuntur
1946 2982 2001 3037 in

415 3060 651 3118 Christo.
694 3061 778 3119 Ab
803 3063 885 3120 eis
919 3062 1116 3136 quippe
1151 3068 1239 3137 qui
1282 3078 1635 3126 renascuntur
1672 3071 1726 3126 in
1751 3070 2001 3140 Christo,

414 3155 664 3228 princeps
683 3155 866 3212 mundi
888 3143 1115 3213 mittitur
1138 3146 1285 3241 foras
1311 3177 1327 3214 :
1356 3160 1498 3232 quod
1522 3164 1775 3234 mysteria
1794 3163 2002 3235 signiti-

414 3256 560 3315 cant,
582 3248 795 3320 quando
813 3250 973 3305 etiam
1000 3251 1207 3321 parvuli
1230 3252 1532 3326 baptizandi
1553 3257 1930 3314 ειοιεεὶιειιιιιιι⁵
1946 3265 2003 3314 ει

410 3340 775 3397 cxsufllantur.
807 3341 890 3398 Ad
932 3341 1048 3400 ilth
1075 3344 1373 3413 responde,
1414 3344 1462 3401 si
1501 3353 1674 3415 potes.
1704 3346 1824 3402 Noli
1855 3348 1995 3405 velle

412 3433 668 3489 lectorem
703 3444 789 3487 tua
819 3433 1194 3502 loquacissima
1222 3435 1457 3489 vanitate
1481 3433 1806 3501 vanescere,
1839 3449 1893 3493 et
1929 3439 1999 3494 ab

413 3538 481 3578 eo
514 3524 655 3594 quod
679 3526 871 3596 agitur,
919 3526 1085 3579 averti
1131 3534 1289 3596 atque
1310 3525 1493 3582 seduci
1525 3544 1538 3580 :
1581 3528 1698 3590 die,
1730 3530 1775 3583 si
1809 3531 1996 3596 audes,

417 3612 614 3667 bonum
647 3629 766 3668 esse
794 3615 1172 3684 concupiscere
1208 3615 1424 3669 malum.
1456 3616 1552 3672 Dic
1575 3657 1590 3681 ,
1624 3619 1762 3672 mala
1787 3620 1999 3689 quidem

412 3719 573 3774 opera
593 3718 623 3757 a
645 3694 799 3759 Patre
828 3719 932 3758 non
954 3719 1093 3769 esse,
1116 3704 1210 3760 sed
1226 3706 1710 3776 concupiscentiam
1735 3710 1999 3765 malorum

412 3802 634 3865 Operum
664 3810 692 3849 a
725 3785 880 3851 Patre
908 3810 1046 3851 esse.
1090 3796 1216 3863 Dic,
1242 3797 1511 3853 diabolum
1543 3812 1648 3855 non
1675 3800 2000 3870 appellatum

412 3887 709 3957 principem
741 3888 946 3942 mundi.
979 3889 1094 3956 Dic,
1124 3889 1381 3944 mundum
1413 3906 1516 3946 non
1538 3891 1642 3947 dici
1674 3893 1917 3950 homines
1946 3895 2000 3952 in

413 3978 612 4034 mundo
638 3979 975 4034 constitutos.
1007 3979 1120 4047 Dic,
1150 3981 1404 4036 mundum
1438 3984 1489 4036 in
1531 3985 1670 4038 man
1700 4001 1807 4039 non
1835 4001 1997 4057 posse

412 4069 634 4141 intelligi
675 4069 917 4125 homines
947 4070 1223 4137 infideles,
1259 4073 1449 4142 quibus
1486 4075 1537 4127 in
1566 4075 1697 4131 orbe
1737 4085 1999 4131 terrarum

412 4161 602 4232 plenus
627 4170 709 4215 est
737 4151 997 4227 mundus;
1038 4170 1091 4215 et
1116 4176 1323 4229 rursus,
1350 4163 1401 4216 in
1426 4164 1568 4218 bono
1597 4165 1841 4222 homines
1869 4168 2002 4223 fide-

411 4253 513 4317 les,
546 4252 739 4322 quibus
772 4251 893 4305 licet
934 4252 1290 4321 paucioribus,
1329 4264 1505 4308 tamen
1557 4256 1718 4311 etiam
1763 4258 1893 4328 ipsis
1946 4260 1998 4314 in

412 4342 543 4396 urbe
574 4352 835 4396 terrarum
864 4342 1054 4412 plenus
1081 4349 1165 4397 est
1193 4343 1443 4408 mundus,
1472 4347 1687 4402 nomine
1717 4349 1898 4403 mundi
1921 4349 1998 4403 si-

374 4472 381 4481 .
410 4432 609 4486 militcr
646 4432 941 4502 appellari;
980 4434 1118 4487 sicut
1154 4432 1442 4487 absurdum
1474 4450 1579 4489 non
1607 4445 1721 4504 est,
1754 4448 1812 4493 ut
1837 4440 1999 4496 arbor

410 4521 567 4592 plena
608 4524 808 4591 pomis,
832 4524 1037 4580 dicatur
1075 4524 1228 4593 plena
1258 4532 1309 4579 et
1339 4524 1497 4580 foliis.
1535 4527 1662 4590 Dic,
1711 4532 1956 4597 parvulos
1980 4573 1995 4598 ,

412 4628 534 4667 cum
567 4613 921 4682 baptizantur,
948 4632 1053 4670 non
1098 4617 1211 4670 erni
1248 4616 1315 4673 de
1342 4627 1603 4688 potestate
1632 4620 1993 4689 tenebrarum,

360 4694 369 4787 ξ
412 4710 610 4757 etcum
642 4717 829 4771 magna
863 4704 1052 4770 injuria
1087 4704 1177 4758 Dei
1218 4720 1314 4774 per
1349 4708 1648 4762 universam
1679 4710 1995 4767 catholicam

366 4800 372 4871 ξ
416 4793 703 4847 Ecclesium
734 4793 1022 4847 exercizari
1063 4804 1113 4848 et
1142 4796 1414 4852 exsufflari
1445 4800 1701 4871 imagines
1735 4803 1824 4857 Dei
1859 4820 1872 4857 :
1906 4812 1999 4859 aut

274 4950 281 4956 ,
357 4864 372 4982 λ
411 4886 518 4952 dic,
541 4902 633 4941 eos
654 4900 683 4939 a
709 4884 923 4942 diabolo
951 4887 1210 4956 possideri
1242 4889 1357 4944 sine
1385 4891 1489 4945 ulla
1524 4864 1848 4965 obligatione
1870 4912 1997 4966 pec-

386 4978 536 5029 .cati.
572 4977 694 5032 Ilmc
729 4978 773 5032 si
798 4978 1021 5034 audebis
1046 4979 1257 5047 dicere,
1286 4997 1409 5038 mox
1444 4987 1723 5054 apparebis
1756 5003 1771 5041 :
1808 4988 1854 5042 si
1891 5004 1997 5044 non

408 5066 651 5130 audebis,
678 5083 777 5123 nec
804 5069 881 5123 sic
912 5070 1121 5125 latebis.

479 5156 759 5214 LXXVIII.
795 5160 912 5214 JUL.
947 5162 1232 5233 Postquam
1261 5180 1389 5237 ergo
1408 5167 1507 5222 hoc
1531 5167 1722 5224 eﬂ'atus
1741 5186 1821 5237 es,
1851 5172 1996 5228 intu-

384 5249 551 5314 glisti,
594 5249 778 5306 «Unde
822 5250 952 5307 dicit
991 5256 1154 5311 etiam
1200 5258 1312 5325 ipse
1345 5260 1601 5316 Dominus
1625 5304 1641 5329 ,
1695 5263 1829 5319 Ecce
1864 5269 1996 5322 venit

408 5342 643 5413 princeps
668 5342 844 5397 mundi
862 5342 1031 5415 hujus,
1056 5356 1101 5400 et
1129 5348 1181 5401 in
1212 5364 1290 5402 me
1315 5350 1444 5405 nihil
1470 5353 1653 5407 invenit
1685 5372 1705 5406 ι
1739 5354 1849 5427 (Id.
1882 5373 1991 5425 xtv,

407 5430 511 5503 50)
547 5450 559 5486 :
589 5432 845 5505 addisqne
883 5433 951 5491 de
989 5444 1113 5501 ttto,
1160 5439 1331 5493 (nihil
1384 5441 1568 5512 utique
1614 5446 1847 5514 peccati,
1895 5463 1995 5505 nec

405 5523 545 5591 quod
563 5540 593 5578 a
620 5534 872 5580 nascente
896 5525 1144 5594 trahitur,
1166 5543 1263 5583 nec
1280 5531 1420 5599 quod
1437 5548 1467 5585 a
1490 5536 1697 5589 vivente
1720 5538 1951 5595 additur.
1966 5559 1986 5592 ι

406 5614 643 5671 Ostende
663 5618 822 5689 igitur
849 5618 1049 5675 dixisse
1080 5621 1358 5676 Dominum
1390 5624 1441 5679 in
1473 5625 1779 5698 Evangelia,
1803 5647 1907 5687 non
1932 5647 1991 5690 se

408 5703 603 5760 habere
634 5716 907 5777 peceatum
926 5710 1066 5782 quod
1092 5726 1122 5768 a
1154 5722 1406 5770 nascente
1434 5714 1756 5776 traheretur.

1100 315 1343 371 OPERIS
1385 312 1790 369 IMPERFECTI
1830 313 2105 369 CONTRA
2146 314 2510 399 JULIANUM,
2552 318 2611 374 S.
2653 319 3015 377 AUCUSTENI

3530 330 3703 386 ,1585

2196 428 2329 483 Aea.
2367 427 2444 481 'l'u
2481 430 2701 486 ostende
2729 431 2929 487 dixisse
2958 431 3263 501 Dominum,
3293 451 3399 491 non
3424 452 3488 494 se
3510 439 3723 498 habere

2120 519 2333 573 sordem
2357 561 2372 587 ,
2404 522 2520 576 sine
2545 538 2647 592 qua
2669 522 2772 578 Job
2792 523 2921 579 dicit
2950 540 3048 581 nec
3074 526 3325 581 infantem
3370 529 3537 609 nilum
3567 547 3721 597 esse,

2120 609 2272 679 cujus
2310 621 2391 665 est
2426 614 2581 667 unius
2610 614 2715 670 diei
2762 617 2864 670 vita
2912 630 3072 687 super
3114 626 3313 673 terram
3345 618 3480 690 (Job
3514 620 3627 691 xiv,
3659 638 3722 692 s,

2121 717 2219 756 sec.
2268 701 2457 775 LXX).
2504 704 2573 759 Et
2604 714 2779 762 tamen
2827 707 2913 762 ubi
2970 708 3065 773 ait,
3119 707 3252 765 Ecce
3306 711 3435 765 venit
3478 714 3723 785 priucrp:

2121 795 2295 850 mundi
2318 796 2492 867 hujus,
2518 806 2565 852 et
2587 798 2639 852 in
2654 816 2734 852 me
2751 800 2963 854 inveniet
2989 801 3138 866 nihil,
3167 816 3268 857 nec
3294 798 3463 871 ipsum
3496 806 3720 861 sordem

2121 880 2481 960 intelligimus,
2512 890 2557 943 si
2584 899 2728 945 recte
2759 889 3124 961 intelligimus.
3150 891 3282 946 Nam
3318 894 3361 948 si
3386 909 3450 950 ex
3471 896 3540 950 co
3571 898 3718 963 quod

2120 975 2273 1053 dixit,
2321 992 2428 1032 non
2465 987 2548 1034 est
2594 966 2995 1053 intelligendum
3053 980 3193 1051 quod
3238 997 3342 1037 non
3398 972 3567 1049 dixit;
3618 1002 3722 1043 nec

2118 1066 2385 1140 diabolum
2409 1068 2719 1134 nominavit,
2746 1069 2840 1124 sed
2869 1069 3163 1141 principem
3194 1073 3373 1127 mundi
3407 1093 3422 1130 :
3451 1083 3498 1127 et
3529 1078 3586 1129 in
3612 1074 3716 1143 me,

2122 1157 2326 1229 inquit,
2377 1159 2506 1240 nihil
2531 1160 2778 1227 inueniet;
2810 1175 2915 1216 non
2942 1160 3051 1239 ait,
3096 1159 3152 1215 in
3190 1177 3276 1217 me
3314 1178 3421 1219 non
3474 1165 3721 1221 inveniet

2118 1260 2419 1321 peccatum.
2450 1251 2517 1307 Et
2546 1262 2721 1308 tamen
2753 1267 2850 1307 nos
2875 1268 2938 1330 ea
2969 1253 3223 1321 dicimus,
3256 1272 3374 1326 qua:
3397 1270 3506 1313 non
3533 1256 3715 1325 dixit;

2117 1340 2211 1395 sed
2234 1355 2301 1421 ex
2324 1339 2406 1395 his
2434 1340 2725 1417 intellecta,
2747 1358 2867 1413 qua:
2896 1342 3053 1398 dixit.
3558 1418 3559 1421 η

2189 1420 2568 1489 LXXIXJUL.
2613 1431 2747 1502 Quid
2774 1435 3167 1490 circumscribit;
3197 1435 3433 1494 infelices
3477 1435 3715 1515 animas,

2117 1532 2176 1579 ut
2201 1525 2476 1597 mentiaris
2526 1524 2813 1597 indicatum
2840 1527 2857 1559 ¹
2886 1540 3026 1588 esse.
3057 1527 3198 1601 quod
3225 1544 3329 1582 non
3369 1519 3499 1594 est?
3523 1531 3714 1586 Domi-

2118 1628 2221 1668 nus
2237 1614 2361 1669 dicit
2382 1614 2433 1667 ιιι
2447 1611 2757 1683 Evangelia,
2788 1615 2917 1670 Ecce
2940 1617 3069 1671 venit
3090 1615 3325 1688 princeps
3338 1621 3514 1674 mundi
3532 1618 3710 1691 hujus,

2117 1704 2236 1758 'etiu
2261 1721 2340 1757 me
2359 1705 2547 1781 inuenit
2583 1706 2732 1783 nihil.
2778 1706 2996 1763 Certum
3026 1719 3109 1764 est
3151 1710 3283 1765 nihil
3312 1714 3511 1781 peccati
3551 1715 3605 1768 in
3644 1731 3715 1772 eo

2115 1794 2385 1849 diabolum
2433 1794 2759 1853 oli‘endisse:
2805 1799 3069 1875 quoniam.
3101 1800 3153 1854 in
3204 1795 3370 1866 omni,
3422 1802 3504 1858 vel
3547 1802 3712 1874 quam

2115 1885 2390 1949 esurienti,
2416 1882 2498 1942 Vel
2528 1903 2687 1958 quam
2715 1874 2903 1957 postea
2926 1889 3259 1959 praidieanti,
3286 1880 3539 1962 tanquam
3580 1890 3710 1964 per;

2115 1968 2387 2032 secuturos
2416 1991 2542 2032 suos
2584 1969 2915 2044 admoverat,
2961 1981 3255 2035 tentatione
3283 1993 3570 2053 superatus
3598 1996 3706 2041 est.

2114 2066 2396 2122 Profitctur
2439 2082 2567 2139 ergo
2591 2055 2854 2136 Salvator,
2886 2071 3017 2126 nihil
3042 2072 3111 2145 in
3131 2086 3190 2127 se
3214 2072 3484 2129 diabolum
3507 2063 3708 2157 depre.

2113 2156 2361 2214 hendisse
2383 2158 2604 2231 peccati.
2629 2154 2684 2213 in
2714 2156 2821 2231 quo
2849 2169 2996 2216 certe
3035 2161 3347 2231 invenisset,
3396 2166 3442 2219 si
3470 2167 3598 2235 quid
3636 2154 3709 2225 de

2112 2251 2290 2329 carnis
2333 2250 2635 2308 conditione
2660 2241 2961 2309 traheretur
2989 2269 3006 2309 ι
3032 2255 3283 2325 quoniam
3308 2266 3363 2312 et
3384 2252 3500 2328 ipse
3528 2258 3708 2317 factus

2109 2340 2285 2401 fuerat
2298 2358 2364 2400 ex
2388 2344 2632 2413 muliere,-
2653 2344 2721 2401 de
2741 2346 2949 2403 semine
2969 2345 3133 2403 David
3158 2357 3215 2404 et
3239 2348 3307 2406 de
3333 2349 3506 2407 Adam
3532 2350 3706 2424 stirpe

2110 2445 2387 2512 mea“;

2179 2529 2315 2585 Anc.
2343 2520 2448 2585 Sed
2469 2534 2574 2584 non
2601 2523 2725 2585 eum
2746 2545 2845 2602 per
2871 2531 3356 2603 concupiscentiam
3378 2536 3560 2592 carnis
3585 2533 3699 2594 viro

2102 2631 2178 2688 go
2200 2629 2554 2690 conceperat:
2577 2629 2634 2676 et
2658 2620 2777 2677 ideo
2798 2622 2850 2676 in
2874 2616 2997 2678 eum
3015 2624 3135 2680 sine
3160 2626 3450 2695 propagine
3474 2626 3693 2697 peccati

2108 2712 2288 2769 carnis
2306 2727 2540 2785 propago
2561 2713 2890 2784 pertransiit,
2931 2724 2991 2771 ut
3017 2724 3162 2772 esset
3203 2717 3259 2771 in
3306 2733 3374 2774 eo
3416 2732 3523 2775 non
3561 2719 3695 2779 care

2101 2804 2335 2876 peccati,
2363 2805 2458 2861 sed
2478 2805 2771 2875 similitudo
2807 2807 2987 2863 carnis
3025 2810 3247 2880 peccati;
3279 2808 3493 2867 carnem
3522 2812 3705 2870 salva-

2107 2905 2227 2953 tura
2271 2897 2494 2968 peccati.
2541 2896 2772 2955 Proinde
2817 2894 3010 2966 Adam,
3062 2901 3368 2973 priusquam
3422 2902 3697 2975 peccaret;

2107 3001 2208 3045 nec
2227 3004 2449 3047 carnem
2475 2992 2674 3062 peccati
2700 2991 2909 3061 habuit,
2953 3006 3056 3051 nec
3089 2995 3489 3056 similitudinem
3513 3001 3702 3057 carnis

2107 3080 2345 3150 peccati;
2373 3082 2632 3154 ιπιιὶδιιοιι
2658 3091 2779 3140 erat
2801 3084 3231 3151 moriturusmisi
3263 3099 3534 3160 peccasset
3559 3092 3701 3149 :scd

2108 3179 2453 3245 posteaquam
2483 3176 2744 3245 peccavit,
2767 3174 2877 3246 jam
2898 3192 3028 3233 caro
3046 3180 3248 3249 peccati
3274 3182 3697 3251 genth

2121 3264 2350 3334 peccati,
2378 3265 2501 3335 quia
2548 3280 2644 3335 per
2664 3265 2805 3322 illam
2843 3268 3325 3338 educttpisccltiam
3344 3274 3519 3330 carnis
3534 3289 3660 3330 eam
3676 3276 3701 3308 ⁸

2104 3355 2328 3425 genuit,
2386 3372 2506 3429 qua
2533 3365 2658 3414 ante
2685 3367 2963 3429 peceatum
2991 3361 3077 3417 vel
3122 3362 3268 3419 nulla
3316 3363 3373 3419 in
3419 3364 3515 3420 illo
3554 3366 3695 3429 erat.

2106 3445 2187 3499 vel
2208 3446 2417 3514 spiritui
2448 3456 2552 3502 non
2581 3450 2888 3517 resistebat,
2916 3460 3136 3522 propter
3171 3454 3314 3524 quod
3342 3471 3465 3512 cum
3494 3456 3699 3513 nudum

2105 3551 2225 3593 esse
2247 3538 2374 3591 nihil
2402 3539 2650 3607 pudebat.
2672 3540 2916 3596 Christus
2935 3551 3114 3598 autem
3138 3545 3230 3616 qui
3257 3560 3364 3599 non
3408 3561 3505 3617 per
3550 3547 3699 3603 illam

2105 3628 2588 3697 concupiscentiam
2614 3632 2792 3686 carnis
2816 3641 2899 3686 est
2926 3644 3104 3699 natus,
3129 3636 3245 3690 sine
3275 3646 3491 3705 peccato
3533 3648 3692 3693 natus

2105 3724 2208 3781 est,
2239 3716 2379 3785 quod
2408 3718 2571 3773 trahit
2621 3721 2795 3775 omnis
2839 3737 2967 3777 caro
3008 3726 3231 3792 peccati,
3290 3728 3475 3796 procul
3521 3727 3688 3783 dubio

2106 3818 2323 3878 propter
2346 3824 2503 3880 quam
2552 3814 2850 3868 moriuntur
2874 3828 3084 3883 omnes,
3113 3833 3327 3874 carnem
3356 3834 3461 3874 non
3492 3821 3700 3876 habens

2043 3903 2064 3966 ξ
2105 3895 2219 3966 ipse
2236 3900 2433 3967 peccati
2465 3918 2478 3955 :
2506 3900 2601 3955 sed
2625 3909 2800 3958 tamen
2828 3914 2885 3959 et
2929 3904 3041 3976 ipse
3061 3916 3302 3963 mortuus
3336 3916 3431 3964 est
3480 3917 3701 3978 propter

2105 3988 2505 4046 similitudinem
2535 3993 2710 4046 carnis
2741 3996 2963 4062 peccati.
2992 3995 3123 4052 Nam
3153 3998 3199 4053 si
3236 4014 3337 4055 nec
3376 4011 3697 4068 moreretur,

2106 4093 2212 4133 non
2254 4081 2425 4135 solum
2453 4095 2675 4136 carnem
2700 4087 2899 4151 peccati
2949 4103 3054 4142 non
3103 4087 3352 4157 haberet,
3400 4092 3539 4147 sicut
3586 4109 3699 4147 non

2105 4168 2375 4234 habebat;
2416 4172 2511 4227 sed
2568 4187 2669 4228 nec
2725 4176 2840 4243 ejus
2893 4179 3203 4236 ostenderet
3269 4182 3696 4252 similitudinem,

2105 4274 2263 4329 quam
2291 4275 2386 4329 pro
2413 4271 2594 4316 nostra
2623 4263 2798 4321 salute
2839 4281 3165 4337 susceperat.
3191 4271 3271 4326 Tu
3290 4272 3446 4343 igitur
3469 4276 3559 4345 qui
3586 4291 3690 4329 ne-

2102 4366 2230 4421 gare
2258 4367 2362 4407 non
2395 4362 2543 4423 potes
2562 4354 2835 4412 Christum
2854 4375 2957 4415 non
2976 4362 3027 4416 in
3048 4378 3211 4419 carne
3229 4368 3440 4422 venisse
3464 4369 3689 4436 peccati,

2057 4463 2060 4467 ’
2104 4442 2197 4497 sed
2245 4444 2298 4497 in
2327 4458 2488 4500 carne
2536 4446 2749 4516 quidem
2804 4465 2965 4518 vera,
3012 4462 3190 4510 tamen
3240 4458 3290 4510 in
3346 4458 3698 4516 similitudine

2103 4535 2280 4589 carnis
2317 4538 2542 4606 peccati,
2589 4538 2756 4594 debes
2781 4541 3153 4601 demonstrare
3179 4562 3397 4603 carnem
3433 4548 3636 4619 pé'ccati
3676 4570 3692 4609 :

2103 4629 2352 4697 quoniam
2399 4632 2447 4684 si
2491 4632 2632 4686 nulla
2676 4642 2780 4701 est,
2830 4637 3066 4703 profecto
3113 4656 3214 4697 nec
3255 4644 3550 4699 similitudo
3577 4647 3698 4715 ejus

2104 4720 2206 4774 ulla
2227 4730 2330 4776 est.
2354 4721 2520 4778 Porro
2535 4725 2658 4795 quia
2682 4727 2832 4783 solus
2854 4728 3102 4785 Christus
3150 4733 3335 4789 habuit
3383 4739 3694 4794 similitudi-

2102 4826 2226 4868 nem
2252 4816 2428 4869 carnis
2457 4819 2680 4886 peccati,
2708 4836 2827 4890 qua:
2865 4838 2970 4878 non
2998 4835 3142 4880 esset
3165 4843 3293 4882 caro
3327 4834 3550 4899 peccati,
3569 4836 3697 4903 quia

2103 4918 2210 4959 non
2238 4919 2309 4960 ex
2353 4908 2731 4965 commixtione
2755 4926 2977 4968 sexuum
3006 4925 3161 4971 natus
3179 4928 3300 4974 est:
3329 4921 3455 4990 quid
3505 4933 3694 4991 restat,

2102 4997 2203 5051 nisi
2226 5007 2281 5051 ut
2299 4999 2499 5068 peccati
2527 5014 2652 5055 caro
2669 5001 2741 5056 sit
2766 5008 3027 5072 omnium,
3041 5008 3130 5075 qui
3147 5007 3216 5063 de
3238 5011 3328 5064 tali
3347 5015 3697 5069 commixtio-

2102 5102 2171 5142 ne
2198 5100 2505 5153 nascuntur,
2539 5090 2861 5158 pertinentes
2883 5094 2947 5147 ad
2985 5096 3261 5163 mundum,
3294 5101 3446 5169 cujus
3472 5113 3557 5157 est
3574 5104 3697 5157 dia-

2103 5176 2256 5232 boius
2276 5180 2540 5249 princeps,
2566 5195 2597 5234 a
2616 5196 2724 5250 quo
2750 5182 2890 5238 malo
2927 5200 3034 5240 non
3076 5187 3387 5255 liberantur,
3408 5192 3454 5246 si
3494 5208 3602 5249 non
3638 5195 3695 5249 in

2101 5266 2316 5324 Christo
2335 5271 2724 5326 renascuntur?

2174 5358 2383 5414 LXXX.
2405 5360 2525 5416 ιυι.
2558 5361 2854 5419 Invenisset
2895 5380 3025 5436 ergo
3054 5367 3109 5422 in
3154 5383 3221 5425 eo
3253 5369 3498 5428 diabolus
3529 5381 3689 5429 natu-

2101 5449 2213 5504 rale
2240 5449 2521 5515 crimen,si
2544 5452 2707 5505 ullum
2723 5463 2867 5508 esset
2895 5472 2907 5509 :
2939 5464 3143 5512 teneret
3160 5474 3356 5530 corpus
3371 5462 3689 5531 obnoxium,

2101 5540 2146 5596 si
2176 5539 2303 5595 illud
2324 5541 2405 5597 vel
2428 5542 2479 5596 in
2506 5543 2679 5611 primo
2702 5554 2944 5614 parente,
2974 5553 3055 5604 vel
3083 5555 3136 5605 In
3183 5553 3297 5623 ipsa
3325 5554 3567 5622 pariente
3597 5571 3691 5611 ve-

2166 5655 2191 5741 !“
2217 5676 2292 5726 Sic
2312 5682 2416 5726 Mss.
2448 5682 2499 5726 In
2522 5677 2679 5741 \‘ign.,
2693 5678 2987 5741 iudicatum.

2167 5739 2189 5769 ³
2220 5741 2271 5785 ιιι
2291 5744 2414 5801 δίει,
2438 5752 2564 5790 mon.
