3934 6178
265 299 394 356 I385

263 419 532 476 nenasset;
565 425 662 464 nec
688 409 930 475 referret,
955 418 1130 463 utrum
1174 409 1562 464 condit'ouibus
1593 410 1826 464 materia:

261 517 363 556 sua:
391 515 506 555 sera
551 509 604 555 et
632 499 876 555 inefficax
916 501 1199 555 resultaret
1239 500 1523 554 voluntatis
1562 499 1827 556 intentio:

259 601 432 647 contra
460 600 700 644 naturam
729 591 922 654 nitens,
956 606 1060 644 non
1091 591 1330 660 expiaret
1362 599 1563 655 natum,
1594 590 1687 645 sed
1737 606 1830 644 ex-

258 690 520 750 asperaret
548 690 826 752 tyrannum
854 698 868 745 ;
913 682 1064 735 salvo
1089 697 1154 736 eo
1177 681 1314 750 quod
1366 697 1469 736 non
1502 689 1680 751 posset
1711 696 1829 736 esse

257 771 492 824 voluntas
543 770 727 835 libera,
783 770 826 824 si
874 771 1065 824 fuisset
1109 780 1295 825 natura
1338 771 1568 841 captiva.
1617 769 1672 825 Si
1703 785 1830 840 ergo

256 870 392 916 esset
419 861 470 914 in
499 860 663 931 ipsius
685 859 862 914 carnis
891 875 1051 915 sensu
1091 870 1144 915 et
1192 860 1499 916 conditione
1527 870 1826 930 peccatum,

255 954 296 1006 si
317 953 425 1021 ipsa
447 961 630 1006 natura
655 951 928 1006 hominum
951 952 1016 1006 ad
1049 951 1340 1006 dominium
1384 952 1642 1006 dazmonis
1669 951 1831 1022 perti-

256 1051 429 1106 neret;
479 1042 724 1097 Christus
743 1052 834 1096 aut
874 1058 996 1097 reus
1017 1052 1133 1097 erat
1167 1040 1392 1106 futurus,
1413 1052 1502 1096 aut
1529 1042 1690 1095 homo
1721 1057 1826 1095 non

253 1133 476 1187 futurus.
512 1133 650 1202 Ergo
677 1133 720 1186 si
751 1133 1070 1188 adscribitur
1117 1134 1455 1188 maledictum
1503 1143 1706 1187 naturae
1735 1133 1832 1186 hu-

253 1224 516 1278 inanitatis
544 1241 559 1289 ;
615 1225 690 1278 illi
739 1240 970 1294 quoque,
995 1225 1080 1296 qui
1112 1240 1240 1278 caro
1267 1223 1437 1278 factus
1463 1233 1542 1278 est
1573 1234 1628 1276 ut
1674 1222 1830 1277 habi-

253 1325 380 1368 taret
409 1315 464 1368 iu
513 1315 689 1381 nobis,
736 1324 826 1369 aut
869 1314 1068 1369 crimen
1113 1313 1344 1380 (labitur,
1390 1321 1480 1366 aut
1530 1312 1832 1368 humanitas

248 1403 539 1458 auferetur.

315 1497 452 1552 Anc.
473 1495 580 1551 Nec
607 1496 808 1551 crimen
850 1495 897 1552 ei
923 1495 1154 1562 dabitur,
1182 1495 1234 1549 in
1264 1510 1372 1566 quo
1401 1495 1648 1566 princeps
1675 1511 1828 1549 mun-

248 1583 297 1638 di
329 1587 534 1640 nullum
561 1587 728 1656 potuit
753 1586 989 1640 invenire
1033 1596 1305 1655 peccatum
1337 1603 1351 1638 :
1381 1600 1478 1640 nec
1527 1585 1830 1639 humanitas

249 1676 537 1742 auferetur,
571 1677 622 1728 iu
668 1691 774 1745 quo
816 1683 871 1730 et
921 1676 1094 1730 anima
1125 1684 1173 1730 et
1222 1690 1350 1730 caro
1401 1675 1629 1729 humana
1672 1682 1828 1739 erat;

249 1768 488 1836 quamvis
515 1783 620 1821 non
652 1776 774 1822 erat
800 1782 925 1821 caro
950 1767 1174 1838 peccati,
1204 1766 1300 1824 sed
1337 1766 1628 1823 similitudo
1654 1766 1831 1822 carnis

252 1859 474 1928 peccati.
1136 1889 1140 1894 -

317 1949 554 2004 LXXXI.
584 1948 700 2004 JUL.
732 1947 884 2016 Quod
913 1957 1193 2018 utrumque
1220 1943 1344 2004 fecit
1371 1947 1711 2012 Manichacus,
1737 1947 1826 2018 qui

247 2052 636 2096 commentatus
665 2042 717 2096 in
756 2058 916 2096 carne
939 2042 1133 2096 malum
1156 2056 1276 2096 esse
1325 2040 1654 2104 naturaliter,
1701 2039 1835 2093 dixit

245 2132 296 2187 in
327 2132 544 2188 Christo
572 2149 675 2187 non
724 2133 887 2187 fuisse
915 2147 1153 2198 carnem,
1203 2147 1271 2186 ne
1311 2129 1662 2190 confiteretur
1691 2129 1742 2183 in
1769 2144 1834 2182 eo

243 2222 414 2278 fuisse
432 2223 790 2292 iniquitatem.

316 2315 456 2366 Anc.
489 2311 812 2366 Maniebzeus
832 2309 1113 2366 haereticus
1135 2324 1350 2364 carnem
1397 2317 1552 2380 negat
1590 2306 1825 2364 Christi:

241 2401 564 2472 Pelagianos
589 2401 869 2456 hcereticus
893 2415 1106 2455 carnem
1137 2400 1336 2469 peccati
1375 2400 1523 2455 carni
1555 2401 1570 2432 ¹
1591 2414 1836 2468 οοίιξψιίι-

243 2507 302 2547 re
326 2493 442 2546 vult
469 2492 702 2546 Christi:
735 2491 1065 2546 Christianus
1103 2491 1396 2546 catholicus
1438 2491 1832 2548 similitudinem

247 2582 422 2637 carnis
450 2580 648 2650 peccati
675 2580 927 2636 discernit
970 2597 1000 2634 a
1026 2595 1186 2636 carne
1227 2580 1450 2651 peccati,
1474 2595 1540 2635 ne
1582 2578 1832 2651 blasphe-

250 2681 355 2726 ntet
380 2687 596 2726 carnem
623 2669 838 2726 Christi.

319 2761 580 2816 LXXXII.
620 2759 739 2816 IUL.
784 2763 852 2815 At
888 2759 1030 2814 hunc
1061 2759 1192 2815 fides
1220 2759 1477 2815 catholica
1505 2761 1559 2815 in
1607 2769 1834 2832 utroque

251 2855 531 2908 contrivit:
559 2853 756 2907 malum
788 2853 992 2907 scilicet
1022 2852 1074 2906 in
1101 2867 1262 2906 carne
1318 2869 1421 2907 non
1450 2869 1570 2909 esse
1609 2865 1828 2910 natura-

251 2945 384 3013 liter,
412 2954 574 3015 atque
599 2946 668 2999 ob
697 2944 798 2999 hoc
817 2943 1030 2998 Christo
1056 2958 1154 2998 nec
1174 2943 1367 3014 aliquid
1389 2943 1623 3000 defuisse
1648 2947 1835 3002 huma-—

253 3038 444 3103 nitatts,
469 3051 573 3091 nec
593 3035 875 3106 quidquam
899 3034 1189 3104 iniquitatis
1211 3033 1445 3088 adfuisse
1462 3037 1832 3104 pronuntians.

253 3125 448 3181 Clamat
476 3142 608 3196 ergo
660 3125 1070 3196 dispensationis
1116 3138 1226 3178 sua:
1251 3124 1516 3188 conscius,
1549 3124 1680 3179 Ecce
1705 3128 1838 3180 venit

255 3219 481 3287 princeps
537 3217 688 3287 hujus
731 3215 928 3279 mundi,
985 3223 1032 3268 et
1065 3215 1255 3268 invenit
1294 3214 1348 3268 in
1395 3231 1472 3268 me
1509 3215 1678 3270 nihil:
1706 3215 1834 3272 nihil

254 3309 486 3376 profecto
512 3307 652 3378 quod
700 3307 868 3378 possit
891 3319 1134 3376 arguere,
1169 3305 1293 3374 quia
1333 3319 1438 3360 non
1469 3313 1679 3373 poterat
1705 3306 1838 3362 infa-

256 3414 392 3454 mare
413 3409 685 3464 naturam,
717 3397 870 3468 cujus
889 3396 956 3452 ad
1002 3406 1216 3466 peccata
1267 3410 1375 3450 non
1422 3395 1704 3452 inﬂexerat
1738 3413 1836 3453 vo-

255 3489 532 3546 luutatem.

320 3584 448 3637 Acc.
476 3579 596 3634 lmo
626 3593 752 3632 vero
786 3576 916 3632 nihil
947 3577 1168 3648 peccati,
1199 3591 1298 3632 nec
1329 3574 1472 3647 quod
1508 3591 1539 3631 a
1582 3585 1838 3633 nascente

258 3671 493 3738 trahitur,
522 3670 644 3740 quia
671 3669 725 3723 in
753 3667 894 3723 nulla
944 3668 1220 3738 iniquitate
1261 3675 1556 3738 conceptus
1591 3676 1706 3732 est;
1738 3681 1839 3723 nec

259 3764 386 3832 quod
407 3779 436 3817 a
459 3764 680 3817 vivente
708 3759 942 3824 additur,
971 3759 1095 3830 quia
1139 3757 1282 3812 nulla
1325 3758 1618 3812 tentatioue
1665 3757 1831 3812 dece-

261 3865 369 3921 ptus
394 3862 476 3908 est
497 3870 514 3905 :
548 3865 775 3922 quorum
801 3849 1026 3904 duorum
1050 3862 1211 3902 unum
1239 3855 1321 3902 est
1346 3855 1566 3916 propter
1586 3845 1727 3916 quod
1755 3847 1836 3901 le-

260 3943 438 4012 gitnus,
463 3943 534 3998 In
579 3943 922 4012 iniquitatibus
973 3948 1238 4010 conceptus
1265 3955 1375 3992 sunt
1401 3937 1418 4008 (
1444 3935 1590 3992 Psal.
1616 3953 1667 4004 ι,
1719 3938 1750 3992 7
1776 3937 1795 4009 )
1819 3953 1835 4003 ;

261 4033 468 4089 alterum
494 4040 722 4105 pr0pter
743 4029 882 4102 quod
913 4030 1157 4092 dicimus,
1194 4026 1276 4082 Ne
1299 4043 1390 4081 nos
1409 4027 1624 4082 inducas
1652 4027 1704 4080 in
1733 4037 1837 4081 ten-

264 4129 483 4180 tutionem
519 4125 540 4193 (
566 4123 752 4180 Matth.
779 4139 853 4188 Vt,
879 4122 946 4177 I5

325 4215 611 4272 LXXXIII.
639 4214 760 4270 IUL.
809 4213 922 4283 Ipsa
962 4212 1119 4266 etiam
1165 4210 1214 4265 ei
1257 4224 1412 4264 causa
1466 4209 1700 4263 tentandi
1742 4207 1839 4261 fuit

265 4306 520 4361 Christum
557 4322 571 4370 ;
608 4304 855 4376 quoniam
903 4317 1052 4356 more
1075 4302 1203 4355 artis
1230 4315 1339 4355 sua:
1385 4299 1595 4354 volebat
1645 4313 1838 4368 capere

267 4398 667 4466 persuadendo,
725 4410 846 4452 cum
908 4394 1174 4450 neminem
1231 4399 1411 4463 posset
1465 4392 1650 4446 vitiare
1705 4406 1836 4446 con-

269 4491 448 4546 dendo.

332 4589 461 4642 Anc.
490 4585 607 4640 Non
660 4580 937 4638 condendo
977 4579 1144 4644 vitiat,
1183 4578 1271 4649 qui
1321 4578 1590 4633 neminem
1618 4577 1836 4632 condit:

269 4676 350 4728 sed
386 4679 524 4730 male
566 4673 838 4728 suadendo
881 4671 1104 4733 vitiavit,
1134 4669 1273 4740 quod
1319 4670 1517 4724 bonum
1562 4669 1835 4723 conditum

270 4763 476 4820 invenit.
499 4765 616 4820 Non
646 4765 790 4820 enim
825 4771 1027 4817 natura:
1053 4769 1236 4816 auctor
1262 4769 1364 4826 est,
1391 4775 1511 4831 qua:
1554 4760 1646 4813 Dei
1688 4759 1840 4815 boni-

271 4857 441 4911 tatein
473 4857 689 4912 homine
733 4853 1011 4917 conditur;
1045 4851 1136 4907 sed
1167 4851 1353 4920 culpm,
1401 4865 1521 4904 cum
1551 4864 1652 4918 qua
1678 4848 1838 4903 homo

270 4959 326 4998 ex
356 4946 639 5016 propagine
668 4945 969 4998 vitiatarum
998 4943 1291 5012 primorum
1336 4941 1607 4993 hominum
1635 4939 1701 4993 de
1742 4955 1838 5008 pa-

185 5029 190 5034 ’
272 5037 500 5092 rentibus
521 5037 773 5092 nascitur.
793 5034 928 5102 Quid
943 5043 1117 5088 autem
1146 5033 1356 5097 mirum,
1383 5032 1426 5086 si
1447 5029 1668 5085 tentavit
1691 5045 1835 5098 eum,

274 5127 318 5181 ir.
337 5144 438 5197 quo
466 5145 569 5184 non
621 5138 737 5184 erat
759 5143 884 5183 caro
914 5126 1151 5196 peccati;
1179 5140 1296 5194 qua:
1323 5138 1420 5177 nec
1458 5123 1510 5176 in
1560 5123 1662 5176 illis
1702 5131 1842 5189 erat,

273 5233 399 5285 quos
445 5221 616 5288 primo
662 5217 916 5273 tentando
943 5215 1156 5284 dejeeit,
1194 5228 1287 5284 per
1325 5229 1549 5284 quorum
1589 5213 1842 5281 concupi-

274 5309 521 5363 scentiam
539 5309 732 5373 carnis,
753 5309 819 5362 de
841 5321 939 5376 qua
979 5305 1181 5360 confusi
1221 5315 1364 5371 sunt,
1395 5317 1519 5358 caro
1544 5312 1626 5357 est
1653 5315 1840 5372 propao

277 5409 384 5466 gata
413 5401 637 5470 peccati,
666 5415 821 5470 quam
849 5406 1062 5452 sanaret
1103 5395 1171 5450 ab
1202 5396 1303 5450 hoc
1328 5395 1488 5458 malo,
1515 5394 1718 5449 nullum
1742 5394 1836 5447 ha-

278 5487 400 5545 heus
419 5491 612 5546 malum
638 5489 927 5546 similitudo
951 5487 1127 5543 carnis
1153 5486 1392 5556 peccati?

339 5697 355 5728 ⁸
389 5706 504 5756 Vox,
529 5695 682 5752 carni,
702 5699 778 5748 hic
800 5699 984 5746 additur
1011 5709 1072 5745 ex
1097 5704 1182 5744 \tss

543 5779 808 5840 Parnm.
853 5779 1039 5839 XLV.

1581 293 1780 350 LIBER
1818 292 2160 360 QUARTUS.

3379 296 3516 352 I386

2010 407 2291 462 LXXXII".
2332 407 2450 462 Juc.
2509 407 2737 463 Proinde
2793 410 3086 468 incarnatio
3140 410 3338 469 Christi
3383 429 3517 484 opus

1936 514 2046 553 sua:
2075 499 2364 553 divinitatis
2385 508 2581 564 tuetur,
2621 499 2710 569 qui
2748 498 2974 554 all'erens
3019 501 3086 555 ad
3135 519 3218 557 me
3273 513 3514 559 naturain

1936 606 2108 643 meam
2130 601 2182 644 et
2209 591 2532 645 voluntatem
2558 605 2728 656 suam,
2760 593 2910 662 cujus
2934 593 3061 648 mihi
3083 595 3355 665 Speculum
3380 597 3515 652 olfe-

1935 679 2084 733 rebat
2104 689 2156 733 et
2172 680 2422 748 regulam,
2450 681 2900 750 pronuntiausque
2927 683 3057 737 nihil
3077 683 3127 737 in
3155 699 3214 740 se
3247 684 3516 742 diabolum

1937 766 2200 822 invenisse
2232 769 2454 838 peccati,
2484 768 2716 824 ostendit
2739 771 2948 842 culpam
2980 789 3084 826 non
3106 773 3174 829 de
3198 775 3373 829 carnis
3388 791 3518 832 con-

1934 855 2068 921 ditu,
2097 857 2188 910 sed
2215 857 2279 910 de
2319 860 2431 912 sola
2462 859 2657 929 suscipi
2701 860 2992 916 voluntate.
3043 863 3280 933 Denique
3312 873 3368 920 ut
3396 882 3523 922 nus-

1935 962 2093 1018 quam
2139 949 2190 1001 in
2216 947 2502 1018 Seripturis
2551 949 2743 1019 legitur
2785 950 3056 1006 Christum
3110 953 3306 1024 fugisse
3335 971 3524 1025 pecca-

1938 1047 2067 1102 tum,
2101 1039 2240 1108 quod
2281 1055 2308 1092 a
2338 1041 2674 1097 nascentibus
2706 1040 2840 1095 trahi
2870 1053 3086 1108 nosset;
3117 1045 3186 1098 ita
3209 1045 3368 1100 etiam
3395 1047 3520 1103 illud

1935 1130 2404 1184 clarotcstimonio
2455 1131 2785 1199 perdocetur,
2820 1134 2961 1203 quod
2999 1137 3230 1206 suscepti
3282 1139 3512 1196 hominis

1929 1219 2136 1290 justitia
2170 1237 2272 1275 non
2302 1223 2366 1275 de
2419 1233 2620 1277 naturae
2648 1225 2976 1294 diversitate,
3008 1226 3100 1281 sed
3132 1228 3198 1283 de
3229 1229 3523 1290 voluntaria

1935 1313 2145 1366 actione
2169 1313 2484 1368 substiterit.

2007 1404 2141 1457 Anc.
2177 1421 2196 1454 ‹
2224 1401 2494 1472 Nusquam
2525 1405 2780 1474 scriptum
2803 1421 2924 1462 esse
2959 1426 2977 1460 ι
3012 1409 3167 1474 dicis,
3201 1427 3221 1462 ‹
3255 1409 3522 1466 Christum

1937 1489 2132 1561 fugisse
2158 1501 2454 1561 peccatum,
2484 1493 2622 1563 quod
2648 1510 2678 1548 a
2700 1497 3043 1552 nascentibus
3072 1499 3206 1552 trahi
3234 1508 3416 1554 nosset
3445 1515 3458 1552 :
3500 1519 3518 1552 ι

1935 1582 2061 1652 quid
2113 1585 2254 1637 enim
2301 1583 2524 1652 fugeret,
2552 1585 2692 1655 quod
2744 1585 2856 1654 ipse
2898 1603 3005 1641 non
3035 1597 3288 1655 traxerat,
3315 1588 3409 1644 sed
3432 1603 3526 1644 eos

1935 1683 2156 1729 venerat
2199 1674 2406 1730 salvare
2436 1676 2524 1745 qui
2571 1676 2876 1732 traherent?
2919 1679 3077 1746 Quid,
3137 1680 3373 1752 inquam,
3411 1682 3524 1752 ipse

1936 1763 2164 1836 fugeret,
2205 1766 2346 1836 quod
2375 1782 2405 1821 a
2442 1768 2652 1822 nemine
2680 1767 2906 1839 fugitur,
2955 1770 3056 1825 nisi
3087 1787 3208 1825 eum
3254 1771 3321 1826 ad
3352 1772 3522 1841 ipsum

1934 1857 2281 1926 contegitur?
2312 1857 2452 1912 Dicis
2481 1859 2662 1926 etiam,
2689 1876 2707 1910 ‹
2733 1859 2880 1914 claro
2899 1860 3202 1915 testimonio
3223 1861 3522 1932 perdoceri,

1935 1946 2076 2016 quod
2127 1948 2359 2016 suscepti
2409 1947 2639 2003 hominis
2699 1949 2902 2018 justitia
2960 1950 3098 2005 Filio
3154 1952 3246 2006 Dei
3302 1967 3406 2006 non
3454 1951 3525 2008 de

1937 2046 2140 2091 natura:
2164 2037 2492 2101 diversitate,
2531 2040 2626 2094 sed
2656 2039 2725 2094 de
2759 2041 3055 2094 voluntaria
3083 2041 3294 2097 actione
3323 2043 3522 2098 substi~

1941 2125 2082 2180 terit.
2113 2143 2132 2176 ι
2165 2124 2308 2180 Itane
2332 2143 2478 2192 vero,
2499 2143 2566 2182 ne
2597 2127 2698 2182 hoc
2732 2129 2948 2198 quidem
2984 2129 3230 2187 Christus
3255 2130 3524 2186 diversum

1939 2214 2124 2271 habuit
2173 2217 2224 2271 in
2270 2228 2476 2283 natura,
2507 2219 2648 2289 quod
2700 2223 2768 2274 ita
2797 2237 2862 2275 ex
2891 2221 3098 2291 virgine
3139 2232 3297 2277 natus
3318 2233 3419 2289 est,
3470 2235 3528 2280 ut

1935 2304 2044 2376 jam
2075 2316 2346 2362 essetnon
2369 2308 2539 2363 solum
2587 2308 2836 2376 hominis,
2869 2311 2962 2367 sed
2994 2313 3154 2366 etiam
3191 2314 3282 2368 Dei
3311 2313 3475 2369 Filius
3501 2317 3527 2368 ἲ

1940 2398 2150 2468 Ergone
2179 2399 2279 2454 ista
2300 2401 2587 2470 susceptio,
2614 2417 2731 2470 qua:
2777 2402 2939 2458 Deum
2967 2412 3020 2458 et
3062 2402 3333 2460 hominem
3362 2423 3523 2461 unam

1940 2488 2064 2542 fecit
2091 2503 2212 2544 esse
2236 2504 2540 2558 personam,
2565 2490 2694 2544 nihil
2726 2491 2798 2544 illi
2827 2491 3026 2546 homini
3054 2493 3213 2548 valuit
3243 2495 3307 2549 ad
3339 2497 3526 2551 excel-

1940 2576 2156 2631 lentiam
2179 2578 2420 2647 justitice,
2455 2594 2612 2650 quam
2643 2579 2779 2634 dicis
2797 2579 2846 2634 ci
2877 2579 2945 2635 de
2979 2581 3271 2637 voluntaria
3299 2585 3515 2641 actione

1939 2667 2238 2724 substitisse
2257 2668 2280 2720 ?
2299 2669 2508 2724 Siccine
2550 2685 2646 2724 vos
2674 2677 2861 2724 contra
2889 2671 2981 2726 Dei
3013 2674 3238 2741 gmtiam
3276 2672 3528 2731 defensio.

1941 2756 2096 2813 liberi
2125 2757 2329 2813 arbitrii
2360 2758 2660 2829 praecipites
2683 2760 2811 2830 agit.
2849 2769 2906 2814 ut
2933 2761 3096 2817 etiam
3129 2763 3297 2832 ipsum
3323 2764 3522 2829 Media-

1944 2861 2133 2918 torem,
2157 2859 2214 2904 ut
2236 2861 2381 2907 esset
2408 2851 2498 2906 Dei
2529 2850 2696 2906 Filius
2725 2851 2932 2918 unicus,
2960 2853 3230 2908 voluntate
3278 2870 3372 2911 sua
3404 2872 3521 2912 me-

1941 2939 2111 2994 ruisse
2138 2940 2346 3005 dicatis,
2378 2948 2432 2994 et
2470 2939 2660 2995 falsum
2715 2955 2834 2996 esse
2880 2942 3022 3012 quod
3077 2951 3186 2996 tota
3227 2945 3514 3001 confitetur

1943 3027 2203 3095 Ecclesia,
2225 3029 2446 3084 credere
2477 3043 2536 3084 se
2579 3029 2632 3083 in
2658 3027 2841 3084 Jcsum
2890 3029 3160 3086 Christum
3211 3031 3404 3089 Filium
3431 3035 3524 3091 Dei

1942 3116 2116 3172 Patris
2153 3118 2536 3188 omnipotentis
2573 3118 2790 3173 unicum
2821 3118 3102 3174 Dominum
3129 3131 3396 3192 nostrum,
3424 3139 3523 3181 na-

1945 3214 2053 3262 tum
2079 3207 2147 3264 de
2189 3207 2388 3278 Spiritu
2415 3217 2601 3263 sancto
2635 3217 2690 3264 et
2730 3208 2937 3279 virgine
2983 3209 3146 3266 Maria
3170 3212 3195 3263 τ
3223 3211 3526 3271 Secundum

1943 3311 2039 3352 vos
2088 3296 2232 3352 enim
2251 3337 2268 3365 ,
2304 3311 2412 3352 non
2449 3311 2479 3352 a
2503 3297 2676 3352 Verbo
2707 3297 2799 3352 Dei
2827 3296 2988 3353 homo
3029 3311 3308 3372 susceptus
3334 3311 3439 3372 est,
3470 3313 3529 3360 ut

1942 3407 2010 3446 ex
2063 3389 2270 3462 virgine
2314 3389 2789 3456 nasceretur;sed
2840 3399 2996 3446 natus
3030 3407 3098 3448 ex
3139 3393 3362 3466 virgine,
3414 3409 3529 3452 sua

1943 3491 2124 3554 postea
2153 3482 2440 3538 voluntatis
2469 3481 2662 3538 virtute
2684 3481 2928 3554 profecit,
2956 3493 3012 3539 et
3036 3483 3162 3541 fecit
3190 3495 3247 3541 ut
3283 3502 3316 3544 a
3351 3486 3528 3544 Verbo

1943 3574 2038 3630 Dei
2065 3573 2464 3646 susciperetur;
2493 3587 2599 3627 non
2627 3573 2785 3629 talem
2835 3589 2900 3630 ac
2947 3583 3146 3632 tantam
3196 3577 3524 3635 voluntatem

1943 3665 2030 3722 illa
2079 3666 2419 3737 susceptione
2457 3663 2682 3732 habens,
2733 3665 2830 3721 sed
2859 3666 2924 3722 ad
2954 3667 3096 3722 illam
3134 3672 3527 3740 susceptionem

1943 3755 2117 3810 taliet
2158 3761 2303 3808 tanta
2329 3753 2602 3809 voluntate
2647 3756 3006 3826 perveniens:
3040 3773 3140 3814 nec
3179 3759 3409 3816 Verbum
3432 3776 3529 3818 ca-

1942 3861 2006 3902 ro
2030 3843 2225 3901 factum
2251 3853 2336 3900 est
2377 3845 2429 3899 in
2460 3853 2615 3900 utero
2665 3847 2926 3916 virginis;
2957 3847 3051 3901 sed
3100 3859 3280 3917 postea
3322 3852 3516 3906 merito

1944 3937 2108 4007 ipsimi
2136 3935 2384 3998 hominis.
2416 3944 2472 3990 et
2523 3935 2638 4004 ejus
2685 3935 2934 3990 humana:
2965 3938 3380 4010 voluntariteque
3405 3943 3518 3997 viro

1945 4031 2090 4085 tutis.
2121 4030 2195 4084 Ex
2217 4043 2322 4098 quo
2351 4041 2447 4083 vos
2495 4028 2734 4098 sequitur
2773 4027 2935 4082 etiam
2965 4029 3112 4096 illud,
3144 4039 3201 4084 ut
3248 4033 3521 4101 quomodo

1946 4121 2092 4176 illum
2119 4119 2337 4175 creditis
2363 4135 2392 4174 a
2414 4119 2592 4175 Verbo
2620 4119 2710 4175 Dei
2738 4129 3016 4190 propterea
3045 4132 3348 4193 susceptum
3376 4139 3519 4194 esse,

1943 4211 2063 4282 quia
2102 4211 2265 4265 voluit
2298 4227 2312 4275 ;
2342 4209 2419 4266 sic
2449 4209 2644 4264 multos
2688 4209 2917 4265 credatis
2943 4211 3011 4264 ita
3038 4212 3233 4281 suscipi
3266 4215 3522 4284 potuisse,

1943 4305 1986 4358 si
2010 4304 2167 4358 etiam
2190 4303 2286 4372 ipsi
2314 4303 2557 4358 similiter
2584 4302 2898 4368 voluissent,
2923 4303 3006 4356 vel
3022 4317 3197 4372 posse,
3227 4304 3272 4358 si
3301 4307 3464 4361 velint
3501 4326 3516 4362 :

1943 4412 2004 4451 ac
2031 4410 2129 4467 per
2171 4395 2294 4463 hoc,
2324 4396 2544 4466 segnitia
2586 4394 2831 4449 humana:
2863 4394 3146 4449 voluntatis
3189 4394 3321 4463 ﬁeri,
3353 4406 3411 4452 ut
3436 4397 3524 4454 ille

1948 4489 2137 4543 unicus
2166 4487 2254 4552 sit,
2292 4501 2412 4540 cum
2441 4485 2620 4554 plures
2649 4498 2767 4537 esse
2795 4491 3030 4551 possent,
3078 4484 3121 4536 si
3153 4484 3395 4542 homines
3414 4489 3524 4542 vel—

1945 4579 2072 4633 lent.
2097 4577 2220 4632 l‘lmc
2241 4577 2284 4630 si
2307 4575 2501 4636 dicitis,
2533 4573 2622 4627 ubi
2653 4582 2736 4627 est
2760 4580 2936 4626 vestra
2960 4572 3145 4627 frons?
3172 4573 3218 4628 si
3245 4589 3351 4630 non
3381 4575 3518 4631 dici-

1945 4671 2029 4734 tis,
2054 4669 2140 4722 uhi
2173 4677 2254 4721 est
2281 4664 2504 4720 hatresis
2533 4673 2706 4718 vestra
2735 4661 2758 4716 ?

2014 4757 2274 4815 LXXXV.
2305 4757 2425 4812 JUL.
2475 4756 2664 4810 Petrus
2690 4771 2917 4826 namque
2963 4756 3231 4826 apostolus
3257 4758 3349 4824 ait,
3371 4756 3523 4812 Chri-

1942 4863 2049 4908 stus
2093 4867 2182 4921 pro
2226 4849 2367 4902 nobis
2393 4849 2409 4878 ¹
2435 4857 2660 4900 mortuus
2711 4857 2802 4912 est,
2853 4847 2988 4900 vobis
3026 4848 3311 4917 relinquens
3357 4863 3510 4901 exem-

1945 4945 2104 5014 plum,
2127 4951 2178 4993 ut
2205 4938 2480 5010 sequamini
2504 4937 2705 5008 vestigia
2734 4938 2844 5007 ejus
2872 4937 2996 5004 ;qui
3031 4947 3289 5005 peccatum
3317 4953 3416 4990 non
3445 4941 3522 5007 fe-

1945 5037 2032 5098 cit,
2061 5049 2148 5087 nec
2173 5033 2401 5085 inventus
2430 5039 2500 5083 est
2530 5028 2676 5081 dolus
2701 5029 2752 5080 in
2780 5043 2865 5079 ore
2888 5027 2996 5096 ejus
3025 5026 3042 5097 (
3073 5025 3088 5078 l
3122 5025 3262 5081 Pelr.
3291 5045 3348 5095 tt,
3375 5028 3440 5083 21
3473 5027 3515 5099 ).

1945 5126 2102 5180 Certe
2128 5120 2364 5192 Apostoli
2410 5117 2670 5172 sententia
2698 5131 2819 5170 cum
2850 5116 3119 5170 Domiuiea
3147 5133 3276 5172 voce
3301 5133 3524 5172 concor-

1945 5217 2052 5271 dat.
2083 5215 2218 5269 Dicit
2242 5213 2331 5266 ille
2358 5212 2409 5265 in
2441 5209 2748 5280 Evangelia,
2786 5207 2929 5262 Venit
2970 5211 3200 5282 princeps
3226 5211 3396 5263 mundi
3417 5209 3518 5261 Im-

1936 5308 2048 5378 jus,
2081 5313 2128 5359 et
2159 5304 2210 5356 in
2233 5318 2310 5355 nte
2339 5300 2465 5354 nihil
2501 5299 2684 5353 invenit
2713 5298 2906 5368 (Joan.
2940 5315 3050 5364 xlv,
3083 5303 3152 5356 30
3181 5300 3219 5370 ).
3249 5300 3358 5352 lIoc
3381 5297 3517 5351 idem

1947 5393 2284 5452 commendat
2329 5390 2577 5459 magister
2613 5389 2887 5453 Ecclesiae,
2938 5391 3168 5458 dicitque
3207 5389 3260 5440 in
3311 5386 3522 5440 Christo

1949 5487 2148 5543 nullum
2178 5483 2340 5538 fuisse
2373 5481 2624 5536 delictum
2655 5499 2667 5534 :
2703 5480 2796 5535 sed
2853 5496 2946 5549 per
2973 5481 3095 5549 quid
3141 5494 3243 5532 non
3278 5477 3518 5530 habuerit

1951 5585 2228 5647 peccatum
2242 5570 2414 5626 veraci
2432 5569 2770 5626 attestatione
2785 5568 3140 5629 commendat,
3162 5565 3312 5631 Quia,
3330 5565 3521 5636 inquit,

2015 5689 2030 5718 ι
2069 5694 2163 5736 uss
2180 5718 2192 5742 ,
2214 5694 2300 5746 pro
2325 5681 2464 5732 rebus.

2205 5781 2221 5800 ἰ
2545 5755 3218 5835 {Quarunte-quatre.)
