3934 6178
419 263 554 318 1387

423 386 681 448 peccatum
720 390 819 429 non
874 372 1012 445 fecit.
1045 369 1157 425 Non
1201 371 1353 434 dixit,
1402 370 1534 436 Quia
1586 376 1861 438 peccatum
1891 378 1998 419 non

416 466 650 536 suscepit
673 479 689 531 ς
712 464 828 531 sed,
860 462 993 531 Quia
1016 469 1386 533 peccalutnnon
1416 459 1551 531 fecit.

488 561 622 615 Atto.
649 555 839 625 Utique
859 555 948 609 ille
972 555 1062 626 qui
1102 562 1377 624 peccatum
1409 550 1664 621 originale
1690 564 1794 604 non
1814 546 1996 611 traxit,

416 652 618 706 mdium
651 658 923 719 peccatum
978 645 1180 711 habuit,
1205 644 1329 717 quia
1374 660 1478 698 non
1510 642 1670 699 feeit:
1698 642 1837 696 sicut
1885 640 1999 708 ipse

415 739 603 804 Adam,
626 740 748 811 quia
774 737 1033 810 originale
1077 751 1182 791 non
1232 733 1436 800 habttit,
1467 733 1670 788 nullum
1702 730 1995 792 habuisset,

413 834 457 888 si
488 848 592 887 non
616 832 850 887 fecisset.

483 919 764 978 LXXXVI.
791 919 911 977 Jun.
938 922 1006 975 At
1041 919 1085 973 si
1116 928 1257 974 esset
1289 918 1339 972 iu
1369 925 1558 971 natura
1585 916 1811 978 crimen,
1850 910 1995 967 Petri

411 1024 527 1069 erat
577 1011 821 1084 imperita
854 1011 871 1043 ¹
900 1011 1186 1075 sententia,
1209 1009 1296 1079 qui
1333 1016 1613 1063 censuerat
1639 1003 1886 1058 videlicet
1930 1000 1997 1055 ad

411 1106 763 1161 immaculatte
809 1103 1106 1159 sanctitatis
1136 1099 1494 1155 testimonium
1539 1112 1694 1167 posse
1729 1093 1995 1159 sufficere,

410 1201 454 1252 si
482 1209 630 1254 actus
658 1197 774 1269 ejus
803 1212 833 1253 a
853 1196 1165 1252 criminibus
1192 1194 1519 1257 vindicaret;
1546 1207 1666 1247 cum
1689 1190 1999 1245 crederetur

412 1291 464 1343 in
495 1304 561 1346 eo
589 1290 829 1345 habitare
857 1298 1131 1358 peccatum
1174 1301 1268 1355 per
1293 1284 1534 1340 naturale
1565 1284 1728 1337 virus.
1765 1281 1927 1352 igitur
1950 1279 1995 1335 si

412 1381 477 1435 de
497 1379 720 1434 naturali
749 1379 889 1433 malo
911 1376 1108 1448 aliquid
1139 1376 1233 1431 ille
1275 1374 1551 1440 sensisset,
1576 1370 1857 1427 sollicitius
1878 1385 2000 1440 par-

417 1480 522 1525 tem
552 1471 689 1524 hanc
716 1475 1188 1524 commemorasset
1230 1475 1283 1520 et
1328 1465 1583 1535 pressius,
1615 1473 1672 1518 ut
1713 1461 1993 1526 scriberet,

411 1559 656 1617 Christus
685 1561 836 1616 nobis
863 1559 1076 1629 reliquit
1104 1557 1428 1627 exemplum,
1474 1556 1563 1626 qui
1594 1564 1867 1625 peccatum
1897 1567 1998 1609 nec

412 1651 556 1718 Iecit,
604 1667 706 1709 nec
752 1651 894 1723 quod
944 1665 1042 1706 nos
1092 1650 1350 1703 trahimus
1398 1646 1686 1711 nascendo,
1733 1644 1996 1715 collegit:

411 1748 594 1818 sicque
624 1747 814 1800 merito
868 1752 1201 1814 sequeretur,
1241 1742 1511 1797 inventum
1542 1740 1593 1794 in
1639 1752 1734 1793 ore
1760 1736 1875 1807 ejus
1903 1735 1999 1791 do-

411 1839 517 1892 lum
545 1852 648 1892 non
677 1852 817 1893 esse.
850 1835 1014 1890 Porro
1039 1834 1083 1889 si
1111 1833 1214 1889 hoc
1267 1839 1522 1902 putasset,
1553 1844 1820 1897 nunquam
1850 1841 1999 1881 com-

410 1926 849 1982 memorationem
900 1924 1113 1980 fecisset
1139 1921 1411 1991 exempli:
1444 1914 1603 1990 q’ncm
1643 1917 1789 1972 enim
1822 1915 1996 1971 homi-

410 2019 566 2073 nibus
594 2031 717 2073 esse
741 2014 1049 2071 ostenderet
1090 2012 1424 2075 imitandum,
1444 2012 1489 2065 si
1538 2010 1685 2064 illum
1724 2008 1997 2063 externae'

408 2109 582 2164 carnis
635 2117 821 2162 natura
855 2105 1199 2161 discrevissct
1225 2102 1266 2170 ³,
1293 2111 1348 2161 et
1388 2101 1715 2158 censuram‘
1743 2101 1997 2172 magiste-

412 2199 474 2252 rii
505 2196 815 2259 substantia:
835 2194 1116 2250 diversitas
1136 2192 1439 2264 arguissct?

478 2290 611 2347 Ave.
643 2287 811 2357 Quam
842 2285 972 2342 nihil
1000 2283 1175 2351 dicas,
1206 2283 1294 2338 alii
1323 2292 1467 2340 certe
1505 2282 1834 2353 intelligunt,
1867 2281 1910 2335 si
1943 2288 1996 2336 tu

409 2398 513 2438 non
545 2380 815 2452 intelligis.
858 2377 1168 2448 Exemplum
1199 2374 1395 2447 quippe
1427 2375 1698 2447 apostolus
1727 2374 1914 2429 Petrus
1944 2376 1997 2428 in

408 2473 620 2530 Christo
661 2484 963 2543 proponens
993 2466 1300 2523 hominibus
1334 2464 1678 2530 imitandum,
1709 2464 1835 2534 quid
1863 2478 1998 2533 Opus

407 2574 550 2628 erat,
588 2573 645 2618 ut
682 2559 879 2633 aliquid
918 2558 987 2615 de
1029 2557 1268 2628 originali
1310 2564 1528 2628 peccato
1568 2554 1804 2618 diceret,
1847 2554 1995 2623 quasi

405 2655 683 2726 quisquam
719 2648 974 2706 imitando
999 2647 1267 2705 Christum
1307 2656 1486 2719 posset
1518 2644 1764 2710 el‘licere,
1797 2654 1856 2700 ut
1882 2645 1998 2700 sine

406 2745 518 2808 illo,
550 2744 684 2798 sicut
711 2740 800 2797 ille
828 2739 1018 2812 potuit,
1046 2736 1389 2794 nasceretur?
1416 2736 1553 2792 sicut
1581 2750 1685 2791 nou
1715 2745 1889 2806 posset
1921 2735 1998 2790 ef-

409 2837 569 2891 lleere
607 2833 860 2891 imitando
898 2830 1203 2896 Christum,
1239 2838 1297 2884 ut
1335 2827 1782 2902 quemadmodum
1815 2827 1902 2883 ille
1929 2826 1997 2882 de

310 2930 315 2941 '
404 2928 604 2999 Spiritu
638 2935 825 2984 saneto
859 2934 916 2982 et
950 2924 1154 2996 virgine
1185 2922 1377 2989 Maria,
1409 2930 1735 2977 nasceretur.
1769 2918 1997 2975 Proinde

407 3031 465 3077 ut
493 3021 760 3078 imitemur
785 3019 1086 3084 Christum,
1118 3016 1362 3072 voluntas
1399 3023 1580 3070 nostra
1615 3013 1869 3068 formatur
1897 3030 1910 3067 :
1941 3020 1996 3068 ut

406 3094 583 3170 autem
604 3113 890 3168 liberemur
904 3109 972 3165 ab
988 3108 1227 3181 originali
1246 3107 1406 3173 malo,
1424 3113 1610 3161 natura
1628 3111 1992 3177 regeneratur.

476 3200 783 3259 LXXXVII.
805 3200 922 3257 ιω..
947 3199 1060 3255 Huc
1078 3195 1384 3262 accedebat,
1403 3196 1652 3267 quoniam
1673 3195 1852 3268 opinio
1871 3210 1998 3268 pec-

403 3295 506 3349 cati
536 3291 793 3365 naturalis
822 3306 927 3346 non
957 3290 1128 3345 solum
1154 3289 1260 3344 vim
1289 3286 1639 3343 aemulationis
1667 3287 1992 3357 absumeret,

402 3383 498 3440 sed
524 3383 689 3454 ipsius
718 3379 969 3452 prmconii
1000 3379 1259 3446 fraudem,
1283 3377 1423 3449 quod
1447 3377 1497 3434 ei
1520 3376 1876 3444 deferebatur,
1906 3394 1995 3433 ur-

403 3482 553 3545 gcret
566 3473 607 3527 '.
636 3471 750 3542 Qua
780 3470 921 3527 enim
949 3470 1216 3526 diceretur
1239 3469 1519 3542 gravitate,
1543 3484 1646 3540 qua
1675 3469 1868 3535 fronte,
1893 3469 1989 3526 do-

406 3564 490 3618 lus
518 3563 570 3618 in
600 3577 696 3618 ore
724 3561 865 3616 illius
892 3575 997 3617 non
1036 3558 1231 3626 fuisse;
1256 3575 1386 3616 cum
1407 3560 1452 3616 si
1482 3561 1533 3615 in
1565 3561 1664 3615 alia
1690 3556 1994 3617 conditione

403 3654 605 3718 carnis,
632 3667 789 3724 quam
816 3666 934 3723 qua:
954 3658 1037 3707 est
1059 3659 1262 3719 nostra,
1286 3651 1539 3718 venisset,
1568 3666 1672 3706 non
1699 3650 1871 3723 solum
1896 3649 1994 3733 do-

403 3742 597 3813 cendo,
624 3742 764 3815 quod
795 3742 964 3799 levius
987 3750 1090 3810 est,
1121 3741 1216 3798 sed
1244 3741 1404 3799 etiam
1435 3742 1719 3813 nascendo,
1748 3743 1886 3813 quod
1910 3752 1993 3815 est

403 3826 644 3908 gravius,
680 3834 861 3892 dolum
900 3835 1096 3890 malum
1138 3833 1543 3891 convinceretur
1580 3835 1789 3906 egisse?
1826 3828 1991 3905 Quale

402 3930 596 4001 quippe
629 3937 778 3996 erat,
813 3937 869 3991 ut
902 3926 1149 3984 homines
1186 3927 1239 3982 in
1278 3927 1502 3982 naturali
1541 3927 1684 3982 malo
1721 3942 1991 3999 regnoque

402 4021 594 4076 diaboli
622 4021 960 4086 constitutos,
989 4028 1043 4075 et
1066 4018 1165 4075 sub
1191 4019 1435 4089 pestifera
1464 4017 1599 4074 tabis
1624 4018 1871 4089 ingenitae
1899 4034 1991 4074 ne-

401 4114 646 4168 eeSsitate
676 4120 976 4182 peccantes,
1007 4109 1090 4165 vel
1122 4109 1220 4179 legi
1252 4106 1476 4178 peccati,
1507 4124 1626 4178 quae
1651 4109 1704 4163 in
1733 4108 1990 4165 membris

401 4217 584 4256 eorum
615 4199 889 4271 regnabat,
920 4197 1233 4252 naturaliter
1258 4197 1574 4265 servientes,
1607 4198 1698 4254 ille
1728 4199 1795 4255 ad
1821 4215 1987 4254 temu-

402 4293 649 4348 lationem
675 4306 823 4348 suam
854 4289 1015 4347 etiam
1045 4288 1144 4344 sub
1179 4302 1351 4358 pinna:
1389 4288 1817 4346 interminatioue
1842 4307 1990 4346 com-

401 4384 642 4450 pellerel,
664 4381 1029 4453 justitiamque
1052 4394 1203 4436 suam
1224 4378 1339 4452 ejus
1360 4380 1538 4435 carnis
1563 4380 1865 4436 hominibus
1890 4383 1988 4438 im-

399 4481 611 4540 putaret
630 4473 671 4539 ⁸,
693 4473 844 4541 cujus
866 4473 1008 4527 malo
1032 4472 1109 4527 sic
1133 4470 1303 4526 fuerat
1327 4469 1657 4541 perterritus,
1683 4479 1740 4526 ut
1763 4473 1877 4542 ipse
1896 4475 1985 4545 qui

397 4561 497 4615 sub
514 4560 692 4630 specie
712 4564 828 4630 ejus
850 4561 1071 4616 formam
1093 4562 1331 4617 voluerat
1352 4561 1641 4617 honestatis
1660 4564 1982 4634 exprimere,

399 4666 575 4711 unneu
599 4662 799 4708 natura:
819 4653 935 4721 ejus
952 4654 1224 4708 veritatem
1244 4662 1475 4709 caveret.
1492 4653 1702 4731 Quanto
1716 4656 1766 4713 ei
1788 4658 1985 4713 rectius

397 4746 594 4801 diceret
623 4742 881 4816 :egritudo
911 4742 1242 4812 peccantium
1269 4751 1324 4797 et
1351 4745 1610 4801 securitas
1634 4756 1938 4803 coactorum
1967 4766 1980 4804 :

394 4839 527 4892 tium
558 4838 813 4903 valemus,
843 4849 1032 4891 omnes
1060 4842 1203 4889 recta
1231 4835 1449 4890 consilia
1484 4838 1781 4907 praebemus
1810 4856 1983 4912 aegro-

395 4930 463 4983 tis
485 4930 596 5001 (ίιὶι
623 4937 676 4983 tu
703 4929 746 4983 si
774 4928 851 4984 sic
877 4941 1045 4994 esses,
1071 4926 1228 4981 aliter
1250 4925 1406 5003 longe
1434 4926 1693 5000 longeque
1718 4930 1984 4987 sentires?

394 5021 513 5087 Quo
542 5018 699 5089 igitur
726 5026 900 5075 vestra
931 5015 1153 5088 profecit
1190 5016 1469 5088 impietas?
1495 5018 1805 5075 Necessario
1833 5021 1981 5078 vide-

396 5113 519 5165 licet
540 5107 829 5179 consequi,
857 5116 916 5164 ut
939 5108 983 5164 si
1011 5105 1247 5165 creditur
1270 5100 1583 5165 naturaliter
1609 5111 1756 5167 carni
1785 5122 1981 5168 nostra:

460 5334 473 5364 ι
514 5331 675 5383 Codex
701 5337 848 5390 Port.,
869 5325 1169 5391 imperfecta.

460 5394 479 5423 ‘
514 5396 587 5444 Sic
611 5402 715 5442 uss.
743 5397 791 5441 tn
816 5391 1210 5454 \igu.,ea:terua.

462 5454 483 5483 ³
513 5455 673 5505 mdes
698 5459 823 5503 Port.
837 5488 851 5511 ,
868 5448 1148 5502 Histrum.

457 5518 481 5545 “
514 5520 586 5567 sic
609 5525 715 5567 Mss.
736 5522 785 5565 In
810 5517 965 5578 ἤδη..
987 5525 1213 5564 censura.
1708 5512 1737 5551 /

456 5579 479 5642 ξ
513 5588 664 5638 t‘m‘te,
690 5593 853 5642 argue:
867 5589 926 5627 ιι.

458 5638 482 5702 ἢ
518 5635 768 5702 Myron;
790 5646 995 5702 putum.
1025 5638 1217 5702 videtur
1241 5635 1521 5702 legendum,
1547 5638 1824 5701 imperaret.

456 5699 533 5765 (α)
563 5698 740 5751 Allusio
763 5698 824 5752 ad
846 5709 1042 5752 Terent.
1078 5700 1216 5751 Andr.
1244 5698 1337 5750 act.
1364 5698 1411 5761 :2,
1433 5712 1570 5751 scen.
1602 5698 1643 5762 ι’,
1671 5715 1800 5753 vers.
1826 5701 1874 5752 9.

1091 256 1331 313 OI‘ERIS
1371 251 1779 334 IllPlﬁIlFECTI
1820 250 2088 307 CONTRA
2131 250 2490 321 JULIANUM,
2533 255 2587 311 S.
2634 256 3001 315 AUGUSTth

3569 268 3692 324 1388

2112 364 2285 421 inesse
2313 376 2607 436 peccatum,
2635 358 2880 424 Christus
2908 387 3121 443 quoque
3146 384 3236 429 aut
3265 381 3561 448 susceperit
3588 399 3696 436 rar-

2110 470 2228 509 nem
2270 456 2423 511 istam
2446 501 2460 523 ,
2488 468 2540 514 et
2580 458 2680 513 hoc
2715 463 2853 514 malo
2883 473 3121 519 teneatur
3147 465 3447 534 obnoxius;
3480 481 3573 526 aut
3598 490 3695 528 ua-n

2108 551 2419 618 susceperit,
2436 559 2490 606 et
2506 567 2609 606 non
2631 554 2843 623 quidem
2863 557 3170 624 nativitatis,
3187 576 3305 629 qua:
3322 559 3372 615 in
3390 577 3456 618 eo
3475 566 3696 621 mendas

2107 640 2333 707 videtur,
2363 642 2458 699 sed
2488 653 2662 700 tamen
2688 645 3002 703 voluntariae
3028 647 3229 704 fraudis
3256 651 3533 722 iniquitate
3561 656 3698 713 inso-

2108 730 2251 788 lubili
2289 734 2569 790 vinciatur.
2605 736 2754 804 Quod
2785 741 2905 807 quia
2939 747 3103 792 totum
3144 742 3303 796 tantis
3341 742 3699 813 blnSphetttia-

2106 838 2224 878 rum
2251 826 2499 881 sordibus
2529 827 2770 899 squalet,
2802 835 2858 884 ut
2887 828 2971 883 vix
3002 830 3118 885 sine
3147 830 3371 887 horrore
3401 836 3589 904 possit,
3618 839 3699 892 vel

2105 930 2223 971 cum
2241 917 2545 987 dilauiatur,
2564 921 2787 990 exponi;
2806 921 2944 976 adsit
2962 921 3188 992 dignitas
3206 925 3511 982 Mediatoris
3527 945 3700 984 exem-

2107 1009 2194 1078 plo
2219 1024 2317 1064 suo
2341 1018 2395 1065 et
2419 1010 2602 1080 operi,
2629 1026 2691 1066 ac
2722 1020 2920 1066 nostra:
2952 1011 3071 1067 lidci
3090 1056 3102 1073 ,
3134 1029 3253 1083 qua:
3282 1016 3562 1072 veritatem
3590 1026 3696 1072 tant

2107 1099 2291 1171 ipsius,
2314 1117 2471 1171 quam
2495 1102 2731 1172 Apostoli
2755 1103 2871 1174 ejus
2891 1105 3225 1161 sermonibus
3244 1106 3537 1173 vindicans,
3564 1126 3697 1163 intu-

2105 1205 2261 1261 quam
2289 1191 2481 1247 desinit
2519 1193 2840 1262 prtedicare,
2867 1191 3135 1250 Christum
3169 1213 3353 1252 verum
3390 1197 3693 1265 hominem,

2105 1279 2341 1351 ejusdem
2372 1291 2573 1336 naturm
2597 1284 2749 1351 cujus
2774 1292 2828 1338 et
2854 1300 2953 1340 nos
2979 1300 3194 1341 carnem
3220 1286 3287 1342 de
3313 1287 3489 1343 Maria:
3515 1305 3698 1345 susce-

2104 1373 2248 1441 pisse
2275 1373 2588 1443 visceribus,
2619 1392 2802 1431 verum
2832 1392 2929 1448 per
2952 1379 3130 1433 omnia
3166 1378 3460 1449 hominem,
3491 1383 3692 1437 nullum

2105 1461 2353 1518 habuisse
2376 1476 2648 1534 peccatum
2675 1485 2688 1522 ;
2711 1467 2777 1522 ad
2799 1470 2940 1540 quod
2968 1470 3328 1537 indicandum,
3352 1473 3547 1529 suflieit
3566 1490 3696 1544 apo.

2103 1555 2241 1610 stole
2266 1556 2424 1612 Petro
2450 1556 2648 1626 dicere,
2678 1560 2878 1615 tmllum
2904 1577 3026 1617 cum
3053 1561 3243 1633 fecisse
3270 1573 3573 1634 peccatum;
3600 1565 3695 1619 do-

2104 1661 2231 1701 cens
2260 1646 2381 1718 quia
2407 1648 2495 1719 qui
2521 1663 2626 1703 non
2654 1648 2871 1721 fecerat,
2899 1652 3096 1709 habere
3127 1669 3230 1708 non
3258 1664 3485 1723 poterat.
3509 1655 3695 1712 Nullus

2104 1746 2186 1792 est
2221 1736 2375 1792 dolus
2413 1739 2655 1794 inventus
2692 1742 2744 1796 in
2779 1757 2872 1797 ore
2902 1743 3017 1813 cjtts
3045 1762 3059 1798 :
3090 1755 3331 1801 sanetum
3357 1750 3694 1805 consortibus

2106 1836 2309 1883 natura!
2348 1845 2495 1896 sum,
2533 1847 2690 1901 quam
2731 1833 2781 1887 in
2817 1835 3023 1890 cunctis
3061 1836 3173 1905 ipse
3210 1836 3438 1902 fecerat,
3474 1840 3697 1909 pnebuit

2104 1919 2427 1990 exemplum.
2463 1920 2527 1975 Et
2560 1921 2678 1977 ideo
2706 1933 2915 1979 constat
2946 1924 3183 1980 innatum
3214 1942 3320 1981 non
3349 1944 3470 1984 esse
3507 1945 3695 1999 pecca-

2106 2009 2472 2078 tum,‘quando
2499 2012 2623 2066 illud
2650 2013 2897 2069 Christus
2922 2030 3026 2069 non
3056 2015 3259 2081 habuit,
3280 2018 3369 2088 qni
3394 2020 3542 2075 salvo
3563 2036 3695 2090 quo-

2104 2113 2207 2168 que
2246 2097 2449 2154 honore
2475 2100 2688 2155 deitatis
2714 2116 2859 2171 sum,
2890 2104 2959 2159 ob
2989 2103 3089 2161 hoc
3116 2105 3285 2163 factus
3318 2117 3401 2163 est
3427 2111 3688 2176 eat-mdis,

2107 2199 2163 2244 ut
2191 2190 2342 2247 nobis
2370 2201 2511 2246 esset
2541 2192 2831 2249 imitabilis.

2174 2280 2309 2337 Aea.
2338 2280 2473 2349 Quid
2503 2281 2644 2337 enim
2665 2323 2681 2349 ,
2714 2283 2874 2369 homo
2902 2286 3127 2342 multum
3161 2287 3386 2357 loquens
3416 2298 3473 2346 et
3507 2306 3691 2360 parum

2104 2371 2338 2441 sapiens,
2368 2371 2413 2427 si
2439 2372 2678 2430 dicereut
2701 2373 2945 2431 homines
2972 2377 3187 2434 Christo
3207 2380 3409 2448 :Quare
3436 2382 3587 2439 nobis
3609 2382 3691 2453 jn-

2102 2460 2279 2539 be‘tur,
2301 2470 2360 2516 ut
2386 2461 2654 2518 imitemur
2678 2463 2764 2519 te?
2782 2464 3045 2535 Numquid
3072 2481 3171 2524 nos
3190 2470 3261 2525 de
3282 2467 3483 2541 Spiritu
3507 2481 3693 2527 sancto

2102 2560 2157 2608 et
2176 2551 2337 2608 Maria
2361 2554 2564 2625 virgine
2583 2556 2691 2611 nati
2712 2557 2931 2613 sumus?
2953 2559 3248 2628 Postremo,
3273 2563 3527 2634 numquid
3549 2573 3692 2620 tanta

2103 2644 2257 2699 nobis
2281 2660 2401 2701 che
2427 2646 2593 2703 virtus
2617 2656 2793 2719 potest
2820 2659 3017 2718 quanta
3046 2650 3139 2707 tibi
3168 2660 3284 2719 est,
3314 2654 3403 2723 qui
3434 2655 3503 2708 ita
3534 2654 3692 2710 homo

2102 2749 2184 2803 es,
2213 2736 2452 2792 utetiam
2484 2737 2623 2794 Deus
2643 2738 2739 2808 sis,
2761 2740 2940 2796 ethoc
2963 2741 3105 2797 Patri
3130 2755 3429 2801 coaeternus
3449 2755 3504 2803 et
3521 2749 3694 2804 omni-

2102 2828 2304 2899 potenti
2346 2827 2564 2898 :equalis
2600 2830 2979 2902 omnipotens?
3018 2830 3212 2890 ldeone
3252 2851 3357 2890 non
3394 2836 3579 2892 debuit
3615 2840 3693 2894 sic

2102 2919 2283 2986 nasci,
2316 2918 2398 2975 vel
2428 2920 2507 2976 sic
2536 2921 2588 2975 in
2619 2922 2876 2978 unitatem
2906 2938 3151 2993 persona:
3177 2940 3207 2980 a
3240 2926 3414 2984 Verbo
3443 2928 3538 2984 Dei
3571 2947 3692 2987 sus-

2101 3012 2222 3082 cipi,
2254 3020 2309 3066 ut
2334 3011 2640 3068 hominibus
2664 3029 2785 3069 eum
2816 3014 3121 3072 nolentibus
3147 3017 3363 3085 ittliL'tl'i,
3388 3020 3506 3075 talis
3533 3036 3693 3076 exeu-

2099 3101 2235 3158 satio
2276 3119 2381 3159 non
2422 3103 2672 3159 daretur?
2709 3103 2856 3160 Sicut
2896 3116 3072 3162 autem
3119 3107 3276 3163 nobis
3323 3108 3435 3180 ipse
3480 3110 3691 3170 Patrem

2102 3196 2376 3266 proposuit
2405 3197 2750 3264 imitandum,
2782 3199 2870 3269 qui
2897 3209 3044 3255 certe
3073 3199 3232 3256 homo
3259 3218 3528 3274 nunquam
3558 3204 3687 3273 fuit.

2097 3302 2327 3359 eumque
2345 3287 2463 3344 sine
2484 3288 2762 3360 dispendio
2782 3291 2867 3345 vel
2888 3292 3245 3349 intirmatione
3265 3295 3556 3353 divinitatis
3576 3299 3689 3370 ejus

2099 3374 2403 3445 imitantur,
2444 3378 2764 3449 quicumque
2806 3395 2902 3450 per
2936 3381 3052 3452 ejus
3088 3384 3310 3454 gratiam
3340 3394 3396 3441 et
3426 3388 3610 3444 volunt
3637 3399 3689 3445 et

2098 3476 2341 3540 pos~unt,
2366 3477 2422 3547 ut
2442 3468 2664 3547 diligant
2694 3470 2936 3526 inimicos
2962 3486 3110 3543 suos,
3141 3474 3479 3532 benefaciaut
3502 3479 3578 3534 eis
3602 3482 3686 3550 qui

2098 3558 2327 3616 oderunt
2355 3576 2485 3627 eos;
2515 3576 2615 3618 nec
2642 3561 2824 3621 dicunt
2853 3564 2925 3628 ei,
2955 3563 3034 3619 Tu
3063 3575 3342 3636 pr0pterea
3376 3568 3479 3624 hoc
3508 3580 3684 3640 potes,

2096 3652 2220 3723 quia
2251 3651 2388 3707 Dens
2413 3667 2493 3720 es,
2518 3663 2572 3707 et
2593 3652 2715 3721 quia
2743 3653 2939 3710 inimici
2969 3655 3042 3710 tui
3071 3656 3204 3712 nihil
3231 3657 3320 3712 tibi
3347 3670 3575 3729 possunt
3598 3677 3688 3718 ne-

2096 3758 2241 3809 cere,
2271 3760 2367 3799 nos
2392 3753 2567 3801 autem
2599 3744 2843 3801 homines
2872 3762 3056 3803 sumus
3085 3748 3303 3818 infirmi,
3333 3760 3389 3807 et
3415 3766 3513 3809 eos
3534 3753 3687 3821 jube-

2099 3850 2217 3890 tnur
2236 3834 2476 3905 diligere,
2499 3835 2588 3906 qui
2615 3835 2767 3890 nobis
2795 3844 2871 3890 tot
2894 3844 2948 3891 et
2973 3845 3115 3893 tanta
3145 3838 3282 3893 mala
3307 3840 3558 3912 ingerunt
3581 3844 3687 3898 suis

2097 3926 2555 3996 persecutionilms
2596 3944 2609 3980 :
2654 3926 2723 3982 ita
2765 3926 2977 3984 Christo
3017 3942 3124 3985 non
3167 3929 3352 3986 dicunt
3396 3932 3687 3990 imitatores

2096 4014 2241 4085 ejus,
2273 4013 2385 4070 Non
2422 4030 2706 4086 possumus
2740 4033 2802 4072 ea
2841 4017 3013 4075 facere
3032 4060 3048 4086 ,
3080 4035 3199 4091 qua:
3228 4022 3571 4079 nt‘laeiamus
3600 4037 3688 4081 tuo

2097 4122 2195 4162 nos
2220 4107 2521 4163 exhortaris
2547 4108 2827 4178 exetnplo,
2856 4111 2978 4181 quia
3009 4110 3165 4181 longe
3190 4114 3458 4184 potentior
3478 4126 3565 4171 est
3592 4135 3686 4171 ex-

2094 4197 2339 4253 cellentia
2367 4205 2474 4263 tua,
2498 4213 2656 4267 quant
2684 4197 2963 4255 infirmitas
2990 4212 3192 4256 nostra.
3220 4202 3334 4259 Non
3362 4204 3543 4275 itaque
3570 4208 3686 4262 ideo

2093 4287 2275 4343 debuit
2300 4296 2456 4343 natus
2478 4288 2544 4344 de
2567 4287 2766 4359 Spiritu
2791 4301 2978 4347 sancto
2998 4301 3054 4347 et
3073 4294 3276 4364 virgine
3303 4295 3465 4351 Maria
3491 4298 3686 4354 habere

2093 4379 2602 4449 concupiscentiam,
2620 4396 2722 4450 qua
2744 4392 2964 4452 cuperet
2986 4384 3143 4451 mala,
3164 4372 3265 4441 etsi
3284 4388 3297 4418 ¹
3317 4388 3364 4442 ci
3389 4389 3686 4445 resistendo

2094 4484 2198 4524 non
2225 4469 2443 4536 faceret,
2466 4486 2536 4526 ne
2558 4470 2798 4527 dicerent
2820 4472 2869 4527 ei
2896 4472 3162 4541 homines,
3188 4475 3395 4533 Habeto
3423 4462 3572 4548 prius
3597 4497 3687 4535 cn-

2095 4561 2341 4632 piditatcs
2379 4562 2575 4627 malas,
2602 4570 2656 4617 et
2684 4579 2774 4618 eas
2802 4564 2989 4632 vince,
3019 4567 3064 4621 si
3100 4577 3282 4637 potes,
3309 4578 3366 4624 ut
3405 4581 3457 4626 te
3492 4572 3682 4629 imitari

2094 4662 2303 4708 nostras
2321 4652 2581 4708 vincendo
2601 4654 2886 4724 possimus.
2912 4655 3113 4712 Deinde
3132 4658 3257 4728 quid
3277 4659 3430 4727 dicis,
3452 4661 3678 4729 Juliane,

2090 4736 2157 4799 de
2185 4744 2276 4799 illo
2298 4745 2386 4814 qui
2412 4744 2559 4810 dicit,
2589 4744 2709 4800 Non
2732 4747 2867 4818 quod
2893 4749 3027 4817 vola,
3055 4766 3184 4823 ago;
3212 4753 3301 4806 sed
3327 4754 3464 4823 quod
3489 4755 3598 4819 odi,
3625 4756 3674 4811 il-

2093 4834 2184 4888 lud
2209 4836 2341 4907 facio
2363 4833 2538 4904 (Rom.
2566 4853 2657 4903 vn,
2688 4838 2775 4909 lii)
2796 4856 2810 4903 ;
2834 4855 2990 4909 quem
3017 4856 3111 4897 vos
3137 4843 3397 4908 asseritis,
3427 4860 3533 4900 non
3556 4862 3669 4902 corr

2089 4927 2412 4995 enpiscentia
2434 4943 2553 4983 cunt
2581 4945 2681 4998 qua
2712 4940 2867 4984 natus
2894 4940 2995 4997 est,
3019 4933 3113 4988 sed
3141 4934 3277 4990 mala
3299 4938 3632 4992 consuetudi:
3650 4956 3685 4994 θ

2091 5032 2259 5088 usque
2284 5018 2349 5071 ad
2380 5018 2534 5073 istam
2564 5021 2933 5076 necessitatem
2968 5023 3177 5093 premi?
3204 5025 3469 5097 Numquid
3498 5027 3682 5097 hujus-

2091 5108 2231 5163 modi
2255 5108 2560 5166 hominibus
2579 5111 2823 5167 Christus
2843 5128 2948 5167 non
2969 5114 3219 5184 praebuit,
3246 5127 3303 5171 ut
3327 5132 3385 5172 se
3411 5119 3686 5176 imitaren-

2090 5207 2175 5253 tur
2201 5199 2544 5270 exemplum?
2571 5203 2821 5271 numquid
2848 5218 2943 5259 eos
2968 5208 3311 5277 contempsit,
3338 5223 3539 5280 eosque
3563 5227 3685 5267 esse

2087 5290 2254 5347 voluit
2276 5306 2306 5346 a
2333 5292 2444 5346 suis
2472 5292 2741 5350 sectaudis
2770 5294 3052 5352 virtutibus
3079 5297 3325 5355 alienos?
3354 5299 3408 5356 Si
3438 5316 3570 5372 ergo
3598 5302 3680 5356 di-

2085 5393 2269 5437 cerent
2289 5383 2357 5446 ei,
2384 5382 2565 5438 Nescis
2584 5383 2710 5453 quid
2743 5385 2971 5455 patimur
2993 5389 3135 5444 mole
3157 5391 3557 5447 consuetudinis
3578 5408 3680 5463 qua

2087 5473 2377 5541 premimur
2402 5491 2415 5528 :
2446 5483 2500 5528 tu
2529 5491 2633 5528 non
2664 5476 2955 5545 premeris,
2988 5489 3270 5549 propterea
3302 5481 3568 5552 loqueris;
3601 5486 3678 5536 Ia-

2085 5563 2186 5620 cile
2211 5581 2416 5630 omnes,
2442 5582 2560 5621 eum
2587 5568 2844 5636 valemus,
2872 5580 3016 5625 recta
3032 5573 3263 5629 consilia
3292 5574 3447 5645 a-gris
3467 5573 3674 5630 damus.

2150 5702 2166 5733 ι
2204 5700 2338 5757 mliti,
2362 5706 2407 5751 et
2429 5700 2515 5752 sic.
2544 5701 2865 5753 Emendantur
2888 5714 2955 5754 ex
2979 5709 3086 5754 Mss.
