3954 6178
287 325 410 386 i389

284 441 583 496 l'itlt'el‘t‘lllc
624 436 748 501 tibi,
785 445 841 490 ut
873 435 1030 490 etiam
1065 433 1306 489 Christus
1347 434 1432 489 tali
1475 434 1856 491 COnsueludinc

281 528 626 600 premeretur,
653 540 878 596 eamque
905 534 1210 597 superaret,
1243 535 1301 581 ut
1327 535 1501 592 esset,
1529 537 1735 581 remota
1763 540 1858 581 eo-
1900 586 1917 611 ι

282 635 390 673 l'iIIIl
410 617 772 685 excusatione,
796 617 986 671 talibus
1007 616 1325 671 imitandus?
1346 620 1424 671 .-\n
1448 625 1534 671 tua
1560 615 1860 687 raniloquia

276 710 382 781 jam
409 709 629 774 ridebis;
652 720 706 764 ct
731 724 762 763 a
790 708 942 763 nobis
970 707 1207 763 tacebis?

352 800 682 859 LXXXVIII.
702 801 820 857 Jun.
842 799 1039 855 Verum
1064 800 1147 856 his
1166 806 1223 855 ut
1241 784 1327 854 res
1352 800 1648 870 postulabat
1670 797 1859 868 imple-

280 891 365 956 tis,
388 892 536 962 juvat
564 901 616 947 te
640 892 723 946 vel
748 890 1085 946 mediocriter
1107 891 1410 957 convenire,
1440 907 1538 961 qua
1568 891 1754 946 tidncia
1782 900 1857 955 tu,

278 998 395 1037 cum
421 981 722 1052 Hieronymi
748 976 943 1050 scripta
967 979 1257 1048 collaudes,
1280 979 1425 1035 dicas
1450 982 1500 1035 in
1522 982 1733 1037 Christo
1757 996 1860 1035 non

277 1073 439 1130 fuisse
471 1083 773 1143 peccatum,
805 1087 925 1127 cum
957 1072 1046 1128 ille
1083 1072 1136 1127 in
1177 1072 1395 1143 Dialogo
1422 1073 1541 1139 illo,
1572 1088 1731 1144 quem
1763 1072 1864 1125 sub

276 1167 493 1221 nomine
534 1165 692 1220 Attici
731 1173 787 1218 et
821 1162 1112 1226 Critoboli,
1145 1163 1279 1219 mira
1317 1174 1370 1218 et
1407 1172 1466 1219 ut
1507 1165 1666 1219 talem
1704 1163 1861 1220 fidem

274 1258 500 1312 decebat
536 1266 812 1312 venustate
849 1255 1174 1325 composuit,
1220 1255 1379 1310 etiam
1421 1256 1585 1324 quinti
1621 1255 1863 1326 Evange-

274 1351 326 1404 lii
359 1352 456 1419 (η),
489 1350 627 1419 quod
659 1366 687 1399 a
714 1363 773 1403 se
804 1348 1113 1402 translatum
1140 1347 1304 1413 dicit,
1337 1348 1641 1402 testimonio
1668 1348 1864 1402 nitatur

272 1441 579 1505 ostendere,
600 1438 871 1494 Christum
896 1454 1001 1492 non
1021 1439 1192 1493 solum
1215 1439 1473 1501 naturale,
1498 1454 1680 1493 verum
1703 1438 1862 1493 etiam

274 1531 629 1584 Voittntat‘ittm
660 1528 909 1585 habuisse
937 1538 1209 1598 peccatum
1227 1569 1241 1593 ,
1277 1536 1488 1597 propter
1513 1527 1656 1597 quod
1681 1543 1740 1584 se
1767 1543 1863 1584 co-

269 1622 517 1693 gnoverit
540 1620 760 1675 Joannis
784 1621 1097 1688 baptismate
1122 1618 1450 1674 diluendum.
1477 1619 1552 1673 De
1576 1619 1681 1674 alio
1702 1621 1862 1674 etiam

272 1715 580 1769 testimonio
618 1712 839 1767 Joannis
879 1711 1251 1781 evangelistm,
1283 1709 1534 1782 ﬂagitium
1573 1710 1620 1765 ei
1657 1710 1862 1765 assuit‘

267 1805 518 1858 falsitatis
548 1802 644 1875 (ὁ).
689 1803 763 1856 De
796 1816 904 1872 quo
932 1816 1096 1871 opere
1126 1810 1180 1855 ttt
1215 1800 1266 1855 in
1297 1801 1382 1855 illa
1416 1801 1635 1870 epistola
1657 1843 1673 1869 ,
1704 1815 1864 1871 quam

268 1893 652 1949 Alexandriam
682 1892 992 1958 destinasti,
1024 1893 1095 1946 ita
1130 1891 1408 1962 gloriaris,
1439 1899 1498 1945 ut
1524 1890 1670 1947 dicas
1698 1890 1865 1947 .i’cia-

263 1986 414 2055 ginm
438 2026 453 2047 ,
486 1984 879 2054 Scripturarum
910 1982 977 2037 ab
1000 1997 1067 2037 eo
1094 1996 1406 2054 oppressum
1434 1982 1694 2047 molibus,
1723 1981 1867 2037 arbi-

265 2080 435 2132 triutn
465 2077 688 2131 liberum
718 2068 984 2129 vindicare
1011 2088 1117 2128 non
1149 2087 1326 2142 posse.
1349 2072 1544 2127 Verum
1567 2072 1643 2126 illi
1662 2072 1811 2141 operi
1835 2087 1866 2127 a

260 2168 542 2224 catholico
563 2168 699 2233 viro,
722 2166 810 2235 qui
835 2165 1070 2233 pulsatus
1091 2163 1281 2227 fuerat,
1303 2162 1572 2217 obviatum
1591 2168 1693 2218 est.
1715 2160 1868 2217 Nunc

261 2274 407 2314 vero
428 2259 496 2313 ad
521 2257 622 2312 hoc
641 2255 1201 2312 commemorationem
1220 2253 1335 2323 ejus
1357 2251 1721 2308 tantummodo
1744 2251 1864 2321 fcci,

255 2362 317 2406 ut
350 2361 407 2406 tc
437 2365 852 2422 rccognosceres
880 2365 986 2403 non
1015 2348 1187 2403 solum
1216 2346 1502 2417 Scripturis
1527 2343 1745 2410 sanctis,
1772 2343 1867 2399 sed

258 2456 367 2498 nec
397 2441 533 2510 ipsis
563 2441 636 2495 tui
664 2440 929 2510 dogmatis
952 2439 1283 2508 adjutoribus
1311 2451 1632 2492 consonare.

336 2533 484 2587 Aac.
509 2530 565 2586 Si
591 2531 862 2600 posuisses
886 2529 1046 2585 verba
1072 2528 1402 2598 Hieronymi,
1426 2525 1665 2582 fortassis
1689 2537 1870 2582 osten-

258 2619 458 2678 derem
487 2621 756 2692 quomodo
782 2619 1089 2691 accipienda
1128 2628 1310 2674 essent
1344 2618 1462 2674 siue
1500 2618 1863 2690 blasphemia,

258 2729 430 2782 quam
468 2722 521 2768 tu
551 2712 623 2767 itli
655 2712 944 2781 importare
966 2709 1178 2767 conaris
1205 2725 1220 2763 :
1247 2707 1387 2780 quod
1414 2709 1460 2764 si
1487 2725 1590 2764 non
1622 2723 1865 2780 possem,

260 2820 377 2858 non
409 2813 593 2858 tamen
616 2803 733 2872 ejus
760 2801 942 2870 Iidem,
968 2816 1125 2872 quam
1156 2816 1276 2856 cum
1302 2800 1422 2856 aliis
1448 2801 1870 2872 praeclarissimis

261 2894 535 2951 Ecclesia:
563 2894 838 2950 catholica:
868 2892 1175 2950 doctoribus
1209 2891 1403 2958 tenuit,
1438 2890 1559 2947 ideo
1586 2891 1874 2961 repudian-

258 2987 393 3040 dam
426 2992 704 3055 putarem,
736 2984 858 3054 quia
886 2982 1084 3038 dixisse
1114 2982 1311 3053 aliquid
1338 2982 1686 3049 inveniretur,
1719 2982 1763 3036 si
1793 2990 1870 3036 ta-

260 3093 394 3131 men
444 3076 807 3141 inveniretur,
845 3075 897 3129 in
933 3089 1040 3144 quo
1077 3073 1182 3128 iiiis
1218 3088 1324 3127 non
1359 3082 1697 3128 consonaret.
1737 3071 1870 3128 illud

260 3178 454 3220 autem
487 3166 614 3220 mihi
646 3181 713 3221 ex
744 3165 902 3235 hujus
934 3164 1165 3219 hominis
1194 3177 1420 3234 persona
1449 3173 1634 3218 contra
1665 3171 1716 3219 te
1741 3163 1872 3229 satis

260 3271 371 3323 est,
398 3258 546 3328 quod
572 3272 690 3313 cum
715 3256 766 3311 id
792 3256 988 3311 sentiat
1007 3254 1074 3310 de
1095 3263 1314 3326 peccato
1338 3253 1603 3324 originali,
1627 3251 1768 3325 quod
1794 3253 1873 3309 sic

260 3353 546 3409 aversaris
564 3393 580 3417 ,
611 3360 668 3405 ttt
696 3350 838 3406 idem
858 3351 882 3381 ‘
908 3347 1148 3419 appelles
1174 3347 1523 3403 Manichzcmn
1543 3388 1560 3414 ,
1590 3345 1760 3417 ipsum
1788 3352 1870 3400 ta-

261 3463 399 3499 men
428 3444 537 3498 hoc
566 3442 834 3513 appellare
864 3456 969 3494 non
1000 3438 1182 3494 audes.
1214 3436 1316 3494 Ubi
1349 3445 1399 3494 te
1427 3446 1646 3508 apparet
1673 3436 1873 3507 impru-

259 3537 461 3592 deutia
506 3534 613 3590 falli
632 3575 649 3602 ,
679 3533 774 3589 scd
799 3540 984 3589 contra
1013 3530 1345 3601 prudentiam
1387 3539 1530 3584 tuam
1560 3528 1689 3586 mihi
1726 3528 1874 3586 calu-

263 3629 498 3684 mniari.
532 3627 644 3697 Ego
674 3641 806 3681 sane
836 3641 939 3678 non
967 3622 1295 3695 Hieronymi,
1322 3621 1418 3677 sed
1444 3620 1738 3688 Ambrosii;
1771 3634 1873 3677 nec

259 3722 414 3775 meis
439 3725 941 3782 commemoratam,
963 3713 1057 3769 sed
1083 3713 1260 3768 verbis
1282 3713 1398 3782 ejus
1423 3727 1729 3781 expressam
1751 3726 1872 3766 sen-

263 3811 504 3865 tentiam
530 3809 619 3864 tibi
646 3808 867 3878 opposui
891 3805 995 3879 (De
1022 3803 1230 3876 Nuptiis
1253 3813 1299 3858 et
1323 3801 1756 3873 Cancupisccntia,
1781 3800 1869 3856 lib.

262 3903 318 3963 1,
353 3918 415 3954 n.
445 3898 539 3964 40,
569 3909 616 3952 et
643 3899 731 3953 lib.
758 3897 815 3959 2,
842 3914 930 3950 nn.
958 3897 1047 3961 M,
1074 3895 1184 3967 15),
1206 3908 1308 3965 qua
1328 3892 1596 3949 Christum
1616 3892 1745 3947 dicit
1766 3906 1871 3945 non

260 3992 436 4045 aliter
464 3992 738 4058 expertem
763 3985 941 4041 delicti
969 3999 1086 4040 esse
1114 3984 1370 4053 potuisse,
1401 3983 1500 4037 nisi
1526 3996 1716 4051 expers
1742 3980 1873 4035 fuis-

257 4094 351 4139 set
396 4084 544 4139 ilIius
582 4079 976 4149 conccptionis,
1008 4093 1164 4147 quam
1202 4077 1509 4131 commixtio
1537 4074 1633 4129 viri
1667 4083 1719 4130 et
1752 4056 1871 4128 mu-

260 4175 426 4229 lieris
451 4182 725 4243 operatur.
758 4169 855 4226 Ubi
881 4171 1057 4225 cernis
1082 4182 1202 4224 esse
1232 4180 1593 4237 consequens,
1620 4174 1674 4220 ut
1705 4165 1748 4220 si
1774 4180 1873 4236 ego

332 4308 352 4376 ξ
392 4306 538 4376 editi,
562 4303 697 4376 aﬂuit
710 4317 729 4367 ;
753 4309 979 4366 corrupte
996 4313 1101 4366 pro,
1122 4300 1287 4353 assut't.

329 4369 354 4399 ¹
394 4375 558 4426 t-‘orte,
582 4367 696 4416 inde
716 4378 812 4415 me.

327 4429 418 4491 (α)
450 4419 776 4491 Calumniandi
812 4435 1116 4491 occasumem
1150 4422 1319 4491 arripit
1346 4419 1560 4491 renittis
1599 4420 1873 4491 Hieronymi

258 4484 447 4541 verbis
490 4491 541 4551 in
585 4489 780 4551 Dialogo
823 4494 991 4551 contra
1034 4484 1320 4551 Pelagianos
1339 4484 1633 4551 t_ertio,_eap.
1664 4484 1728 4531 ιε
1775 4498 1805 4531 ι
1823 4489 1874 4532 tn

262 4570 287 4596 ι
315 4550 595 4613 Evangelio
610 4541 748 4613 juxta
767 4548 1013 4613 Hebraeos,
1037 4541 1427 4613 qttodchaldaico
1441 4541 1637 4613 quidem
1663 4555 1876 4613 syroque

262 4631 289 4658 ι
313 4606 585 4671 sermone,
608 4606 698 4661 sed
719 4608 963 4660 hebraicis
985 4606 1160 4671 litteris
1178 4606 1531 4671 scriptumest,
1553 4616 1654 4671 quo
1673 4612 1876 4671 utuntur

257 4693 286 4722 ι
313 4686 495 4736 usque
519 4664 663 4723 hodie
685 4667 1220 4739 uagareai,_secundum
1524 4664 1631 4739 sive
1654 4672 1707 4739 ut
1727 4666 1876 4738 pleri:

260 4754 287 4782 ι
316 4727 437 4797 qui:
463 4742 729 4789 autumant,
759 4727 1220 4794 juxta'tttatthazum,
1258 4727 1386 4791 Quod
1421 4734 1473 4777 et
1497 4728 1544 4777 in
1582 4727 1876 4777 Ctesareeusi

260 4815 286 4843 ι
316 4798 547 4843 habetur
567 4794 881 4843 bibliotheca.
904 4797 1068 4840 narrat.
1089 4790 1284 4839 historia
1308 4802 1328 4838 τ
1349 4795 1467 4839 Ecce
1506 4794 1661 4839 mater
1693 4788 1874 4838 Domini

258 4815 286 4843 ι
316 4796 547 4845 habetur
567 4796 881 4850 bibliotheca,
904 4797 1068 4840 narrat
1090 4796 1284 4839 historia
1308 4802 1328 4838 τ
1349 4796 1467 4839 Ecce
1506 4796 1661 4839 mater
1693 4796 1874 4838 Dommt

257 4878 282 4919 ᾳ
316 4866 381 4909 et
411 4860 590 4906 fratres
613 4856 723 4917 ejus
744 4855 972 4903 dicebant
994 4852 1079 4901 ei:
1114 4858 1325 4919 Joannes
1360 4852 1564 4919 baptista
1600 4851 1805 4919 nauigat
1826 4850 1875 4898 in

256 4916 284 4967 ἆ
310 4911 675 4989 Γςεηῂδςῖίῖιιθῐῖι
700 4921 1037 4989 peccatorum;
1073 4924 1257 4989 eamus,
1283 4918 1335 4961 et
1361 4911 1752 4989 .baptizemurab
1794 4924 1872 4989 eo;

255 5001 281 5028 α
312 4979 459 5029 Dixit
483 4986 648 5027 autem
672 4972 747 5027 eis
768 4989 781 5024 :
801 4976 919 5034 Quid
964 4976 1254 5037 peccari,gut
1286 4972 1470 5037 vatiam,
1494 4979 1547 5037 et
1582 4973 1793 5032 baptizer
1817 4974 1878 5037 ab

246 5061 275 5091 ι
313 5056 390 5088 eo
412 5045 440 5088 1’
474 5040 564 5100 eisi
589 5039 713 5088 forte
737 5032 832 5100 hoc
849 5032 1003 5100 ipsum
1019 5035 1144 5100 quod
1169 5035 1266 5085 dixi
1293 5035 1556 5091 ignorantia
1582 5040 1674 5082 est.
1694 5049 1716 5077 ι
1746 5032 1878 5100 Quod

241 5099 593 5163 Esaztgclium
615 5111 646 5163 a_
664 5112 723 5163 se
748 5098 794 5163 in
817 5093 1027 5163 gr'mcu‘m
1040 5093 1361 5163 'latinumqu_e_
1375 5107 1648 5163 sermonem
1674 5093 1877 5163 transla-

245 5155 527 5220 tnmfnon
549 5176 611 5211 eo
635 5160 726 5209 loci
748 5155 862 5209 dicit
884 5161 1215 5221 Hieronymus.
1238 5155 1326 5221 sed
1351 5158 1397 5221 in
1416 5155 1656 5221 catalogo
1675 5155 1878 5221 scripto-

239 5216 390 5276 runt
413 5222 875 5280 ecclesiasucorum,
898 5216 1141 5281 capite'de
1158 5219 1333 5281 tacebo
1356 5219 1504 5281 t'ratre
1530 5216 1730 5281 Domini.

322 5284 416 5349 (lt)
450 5290 602 5349 Locus
623 5277 923 5349 Hieronymi,
937 5277 1085 5343 quem
1108 5277 1556 5349 .htliantts_tmligtte
1589 5279 1878 5349 interpreta-

242 5337 363 5403 tnr',
396 5337 588 5408 ἰδιωτιςὶ
628 5337 1161 5408 οδινεθὲυιιόίίωρτϐτ
1199 5342 1281 5390 ubi
1318 5339 1385 5408 de
1425 5337 1622 5389 uimine
1663 5337 1873 5408 legitur:

250 5428 269 5458 ι
308 5400 491 5469 negat
511 5400 743 5456 fFatribns
772 5410 825 5454 et
847 5400 1123 5467 propinquis
1147 5404 1219 5451 ire
1242 5414 1301 5452 se
1327 5401 1387 5469 a_tl
1410 5400 1764 5469 scenOpa‘giam
1786 5412 1802 5469 ξ
1826 5407 1880 5449 et

250 5428 269 5458 ι
308 5417 491 5469 negat
511 5417 743 5456 fratribus
772 5417 825 5454 et
847 5417 1123 5467 propmqms
1148 5417 1219 5451 tre
1242 5417 1301 5452 se
1327 5417 1387 5450 an
1410 5417 1560 5451 scena
1595 5417 1798 5463 trgum;
1826 5417 1878 5449 et

250 5492 271 5521 ι
309 5475 508 5532 postea
529 5469 761 5532 scriptum
786 5471 879 5532 est,
910 5470 968 5532 Li
989 5471 1150 5532 mttcm
1181 5461 1502 5532 ascendcrtmt
1545 5417 1720 5532 ﬂagres
1754 5459 1878 5532 ejus,

197 5584 204 5589 ,
252 5554 274 5582 σ
303 5523 452 5581 tunc
469 5535 515 5594 _ct_
538 5523 641 5594 ipse
662 5524 963 5594 «stemmati
1001 5523 1361 5594 saletmtitatent,
1502 5523 1765 5594 nuntifeste,
1792 5523 1877 5593 sed

247 5610 278 5638 ι
303 5586 480 5656 quasi
499 5590 548 5640 in
558 5585 854 5640 abscondito.
872 5593 1058 5656 Iturutu
1074 5598 1130 5636 se
1150 5588 1362 5656 negarit,
1385 5586 1572 5656 etfacit
1592 5585 1721 5656 quod
1742 5585 1880 5656 prius

246 5674 274 5703 ι
304 5648 627 5716 negaverat.
661 5656 819 5720 latrat
840 5648 1498 5720 Porpltyriushipcoustaatize
1529 5659 1586 5695 ac
1607 5648 1879 5720 mutationis

243 5736 277 5761 ιι
303 5707 546 5827 ειαῖκιῗιι.
567 5714 795 5763 nesciens
818 5707 973 5761 omnia
994 5707 1230 5760 scandala
1260 5709 1320 5759 ad
1356 5721 1552 5758 carnem
1587 5721 1699 5758 esse
1732 5708 1863 5758 refc-

251 5796 282 5826 ι
312 5790 409 5826 rex
502 5813 513 5824 .
539 5794 559 5824 ι

251 5796 282 5826 ι
312 5790 513 5826 renus.
539 5794 559 5824 1

1614 323 1815 380 LIBER
1853 323 2195 394 QUARTUS.

3408 329 3545 388 i390

1970 449 2187 507 propter
2213 436 2685 493 hanc'senteutiam
2717 452 2835 494 sum
2862 437 3208 506 Manichteus,
3236 440 3304 499 sit
3333 450 3388 498 et
3415 447 3544 498 Am-

1966 526 2177 584 brosius
2208 546 2221 583 :
2253 528 2373 599 quia
2404 544 2530 583 vero
2560 529 2648 584 ille
2686 544 2792 584 non
2831 537 2949 596 est,
2978 531 3244 587 neminem
3282 530 3442 587 faciat
3467 535 3551 588 vei

1967 620 2213 675 ostendat
2241 619 2341 675 ista
2370 621 2630 676 sententia
2662 620 3032 678 Manichznum.
3072 621 3184 678 [Ioc
3217 638 3337 678 cum
3367 622 3551 678 videas

1968 712 2099 776 (non
2126 711 2265 766 enim
2294 711 2398 766 tale
2421 720 2503 764 est
2533 720 2586 765 ut
2613 726 2717 765 non
2746 712 2918 783 possis
2944 711 3046 767 hoc
3076 712 3285 779 videre,
3311 712 3396 768 vel
3426 727 3542 784 pos-

1968 803 2042 858 sis
2068 803 2169 858 hoc
2197 819 2299 858 non
2322 800 2550 875 videre},
2579 812 2779 858 tantum
2809 815 2984 860 tamen
3009 820 3183 862 causa:
3208 805 3441 861 bonitate
3461 806 3556 862 dc-

1967 895 2195 959 sereris,
2225 903 2283 948 ut
2310 892 2649 949 calumnieris
2689 893 2816 947 mihi
2852 896 3066 950 nomine
3103 895 3407 961 Manichmi,
3445 910 3553 951 non

1966 984 2301 1055 imprudente
2331 987 2643 1056 ignorantia,
2676 985 2767 1040 sed
2799 985 3030 1055 pudente
3059 985 3264 1042 fallacia
3289 988 3331 1042 ¹.

2040 1073 2322 1130 LXXXIX.
2355 1076 2475 1131 Jun.
2507 1076 2637 1131 Nam
2670 1074 2987 1130 Manicinnos
3014 1077 3218 1132 deseris
3253 1079 3304 1132 in
3341 1078 3554 1148 vitupe-

1967 1166 2173 1222 ratione
2201 1182 2355 1222 suum
2391 1177 2446 1224 et
2474 1182 2752 1237 cumarum
2771 1209 2786 1235 ,
2818 1184 2951 1238 quos
2981 1167 3032 1223 in
3069 1169 3315 1225 humanm
3353 1183 3555 1226 natura:

1967 1256 2337 1312 criminatione
2364 1258 2671 1323 comitaris;
2700 1274 2820 1314 cum
2852 1260 3041 1330 quibus
3071 1262 3227 1316 etiam
3260 1263 3311 1317 in
3338 1261 3556 1318 Christo

1968 1361 2072 1401 non
2113 1347 2344 1415 speciem
2384 1349 2587 1416 carnis,
2632 1348 2725 1403 sed
2771 1351 3028 1404 rationem
3072 1351 3265 1407 evertis
3303 1353 3551 1422 exempli.

1966 1436 2260 1520 βιώηιονοε
2282 1438 2441 1493 etiam
2462 1453 2492 1493 a
2513 1438 2726 1494 Christo
2747 1439 2921 1494 verbis
2946 1439 3155 1496 interim
3180 1441 3419 1496 naturale
3442 1458 3557 1512 pec-

1967 1538 2162 1594 catum,
2195 1544 2261 1583 ne
2285 1538 2339 1584 et
2364 1530 2535 1600 ipsum
2561 1530 2660 1584 sub
2685 1538 2947 1600 potestate
2973 1530 3169 1586 diaboli
3195 1531 3457 1588 collocare
3480 1532 3557 1605 ri—

1967 1620 2162 1685 dearis,
2186 1621 2325 1691 quod
2353 1636 2458 1676 non
2487 1620 2607 1676 fecit
2633 1622 2715 1677 vel
2739 1620 2852 1689 ipse
2874 1621 3209 1676 Maniehmus.
3238 1621 3343 1678 Sed
3373 1622 3558 1677 laudas

1968 1710 2370 1783 Hieronymum,
2398 1713 2485 1781 qui
2506 1713 2528 1743 ⁸
2559 1712 2627 1766 ita
2658 1726 2780 1767 eum
2813 1728 2917 1767 non
2948 1715 3132 1768 mctttit
3162 1713 3555 1784 biasphemare.

1967 1808 2025 1855 ut
2051 1799 2193 1857 dicat
2228 1800 2373 1855 illum
2410 1800 2824 1856 familiaritatem
2852 1818 2973 1856 eum
3008 1804 3321 1858 voluntariis
3348 1818 3557 1874 qucque

1968 1890 2150 1946 iniisse
2172 1891 2502 1947 criminibus.
2532 1891 2603 1946 Ita
2628 1891 2766 1946 inter
2789 1892 3028 1948 diversas
3053 1893 3345 1948 amicorum
3372 1894 3559 1949 sordes

1968 1991 2024 2036 et
2050 1992 2348 2037 commenta
2378 1982 2646 2036 volutatus
2671 1983 2788 2037 sine
2815 1981 3047 2049 deﬂexu,
3079 1984 3130 2038 iu
3160 1983 3557 2038 Catholicorum

1972 2074 2141 2131 solum
2176 2072 2415 2130 el‘feraris
2448 2074 2697 2143 injurias,
2729 2075 2851 2145 quia
2887 2074 3072 2129 dicunt
3111 2075 3275 2130 Deum
3308 2074 3432 2129 mali
3461 2091 3557 2128 au-

1970 2175 2172 2221 ctorem
2199 2179 2304 2219 non
2335 2178 2477 2231 esse,
2503 2164 2745 2219 homines
2774 2165 2863 2234 qui
2889 2164 2957 2220 ab
2987 2180 3052 2221 eo
3082 2163 3233 2230 fiunt,
3260 2164 3426 2219 malos
3452 2180 3558 2218 non

1970 2271 2091 2312 esse
2119 2255 2446 2320 naturaliter,
2476 2257 2620 2326 leges
2649 2256 2740 2310 Dei
2763 2255 2934 2327 justas
2963 2271 3102 2322 esse,
3136 2253 3420 2327 ititaginem
3446 2256 3561 2325 ejus

1971 2362 2128 2418 posse
2148 2349 2416 2404 declinare
2435 2364 2463 2400 a
2487 2348 2624 2401 malo
2645 2358 2695 2402 et
2719 2347 2895 2403 facere
2921 2347 3145 2415 bonum;
3170 2349 3438 2404 Christum
3464 2365 3560 2404 nec

1971 2439 2024 2492 in
2056 2439 2342 2503 membris,
2373 2452 2474 2493 nec
2502 2437 2552 2491 in
2585 2436 2902 2507 prmceptis,
2936 2453 3033 2493 nec
3064 2438 3114 2493 in
3147 2439 3364 2508 judiciis
3394 2439 3560 2494 nilum

1970 2538 2305 2598 perpetrasse
2330 2536 2627 2598 peccatum.
2658 2529 2830 2598 Atque
2856 2528 2976 2584 ideo
3000 2529 3046 2584 si
3074 2540 3128 2584 tu
3154 2532 3449 2587 assertione
3473 2548 3561 2586 vc-

1969 2617 2143 2672 ritatis
2169 2631 2466 2687 :cgrescas,
2495 2616 2766 2672 credimus
2796 2626 2971 2674 tamen
3013 2618 3301 2689 prudentes
3336 2620 3522 2677 in'strni
3542 2659 3560 2688 ,

1972 2704 2361 2777 nonnullasque
2389 2707 2549 2763 etiam
2576 2705 2644 2762 de
2670 2706 2753 2763 his
2780 2722 2914 2779 quos
2941 2708 3217 2765 mendacia
3243 2718 3329 2766 tua
3357 2706 3559 2768 sancia-

1970 2806 2117 2862 runt,
2146 2812 2303 2867 posse
2330 2797 2528 2852 sanari.

2040 2888 2178 2944 Atta.
2224 2889 2297 2943 De
2334 2886 2533 2943 Christi
2573 2876 2820 2959 exemplo
2856 2888 3104 2959 superius
3143 2888 3233 2945 tibi
3278 2891 3559 2962 respondi,

1972 2977 2114 3049 quod
2158 2993 2331 3049 neque
2373 2992 2570 3049 negare
2593 2977 2853 3034 debemus
2880 2978 2998 3050 ejus
3034 2980 3427 3046 excellentiam,
3457 2999 3559 3053 qua

1972 3067 2097 3124 licet
2115 3066 2276 3124 homo
2301 3067 2696 3139 integerrimus,
2724 3068 2903 3123 tamen
2928 3068 2997 3125 de
3026 3069 3225 3139 Spiritu
3252 3082 3428 3137 natus,
3462 3070 3563 3127 nec

1972 3173 2134 3216 canto
2152 3158 2563 3228 concupiscente
2584 3157 2606 3191 ⁸
2631 3167 2942 3230 conceptus,
2980 3175 3142 3232 super
3175 3174 3362 3219 omnes
3390 3165 3561 3219 homi-

1974 3266 2071 3308 nes
2109 3251 2197 3307 hic
2226 3251 2388 3312 vitam
2424 3250 2774 3322 justissimam
2815 3253 3001 3319 duxit;
3031 3269 3129 3310 nec
3164 3265 3383 3326 propter
3424 3258 3561 3314 hanc

1973 3340 2339 3399 excellentiam
2367 3356 2467 3398 nos
2492 3356 2767 3408 excusare,
2794 3352 2853 3398 ut
2878 3360 2983 3399 non
3004 3360 3126 3402 eum
3152 3361 3250 3419 pro
3278 3348 3437 3404 modo
3462 3366 3561 3405 no-

1973 3441 2086 3488 stro
2114 3431 2421 3489 Studeamus
2466 3432 2707 3487 imitari.‘
2734 3432 2853 3489 Non
2890 3436 3032 3490 enim
3075 3437 3328 3509 conjuges
3378 3439 3562 3497 fideles

1974 3523 2279 3579 cmlibatum
2305 3521 2422 3594 ejus
2446 3522 2749 3590 imitantur;
2780 3536 2832 3583 et
2857 3533 3055 3593 tamen,
3086 3536 3143 3581 ut
3167 3527 3426 3585 adulteria
3445 3544 3557 3587 0m-

1974 3630 2137 3672 nesve
2197 3615 2508 3672 concubitus
2574 3614 2787 3672 illicitos
2853 3633 2960 3673 non
3017 3629 3366 3689 pcrpetrcnt,
3436 3622 3546 3678 inti-

1976 3715 2155 3763 tantur
2206 3705 2356 3761 illum
2396 3722 2411 3759 :
2447 3720 2547 3761 nec
2592 3706 2637 3760 si
2682 3718 2805 3763 eum
2865 3708 3096 3779 amplius
3144 3710 3420 3766 imitantur
3469 3713 3561 3783 qui

1975 3807 2161 3856 sancte
2215 3798 2415 3853 ducunt
2460 3797 2710 3853 coalibem
2757 3799 2960 3881 vitatu,
3018 3798 3137 3855 ideo
3194 3801 3246 3855 in
3286 3800 3388 3856 hoc
3429 3817 3562 3872 quo-

1975 3902 2080 3958 que
2120 3885 2314 3941 imitari
2353 3900 2473 3940 eum
2511 3891 2756 3956 possunt,
2800 3884 2940 3955 quod
2987 3886 3079 3942 ille
3116 3903 3219 3942 non
3247 3888 3418 3943 solum
3455 3904 3560 3944 non

1976 3977 2119 4045 fecit,
2146 3991 2329 4032 verum
2357 3986 2457 4029 nec
2477 3974 2995 4044 concupivitiilicita.
3024 3975 3213 4031 (Ζωιὶϋὶ
3237 3985 3412 4033 autem
3438 3994 3563 4032 san-

1976 4077 2076 4123 ctae
2099 4067 2223 4139 vita:
2258 4064 2573 4121 concubitus
2600 4074 2683 4120 est
2711 4066 2883 4119 omnis
2914 4065 3149 4131 iliicitus,
3177 4067 3263 4122 cui
3292 4084 3389 4123 nec
3432 4085 3563 4123 cou-

1971 4158 2166 4231 jugalis
2188 4152 2269 4214 est
2294 4157 2488 4213 licitas.
2516 4155 2654 4225 Quid
2684 4171 2813 4228 ergo
2835 4158 3050 4223 mirum,
3075 4158 3122 4214 si
3149 4170 3302 4213 natus
3328 4160 3396 4216 dc
3433 4160 3557 4231 Spi-

1978 4255 2082 4310 ritu
2106 4251 2127 4286 δ
2148 4263 2201 4309 et
2217 4253 2422 4324 virgine
2448 4265 2557 4308 non
2584 4250 2636 4305 in
2664 4264 2724 4306 se
2747 4249 2933 4306 habuit
2959 4251 3122 4305 ullum
3161 4251 3399 4306 malum?
3428 4252 3558 4320 Quis

1978 4361 2127 4414 vero,
2158 4345 2259 4402 nisi
2289 4344 2627 4417 gravioribus
2654 4341 2940 4414 depressus
2967 4343 3141 4425 malis,
3170 4353 3328 4415 neget
3356 4345 3554 4400 malum

1978 4455 2119 4507 esse,
2140 4447 2324 4495 contra
2348 4435 2488 4508 quod
2515 4436 2672 4491 etiam
2700 4435 2868 4490 sancti
2886 4432 3121 4505 quatidic
3137 4445 3325 4506 rogant
3348 4437 3557 4495 Patrem

1978 4550 2042 4590 ex
2071 4533 2237 4602 ipsius
2262 4529 2470 4586 Domini
2497 4526 2840 4599 magisterio?
2864 4525 2993 4582 Cum
3024 4529 3165 4582 enim
3197 4529 3444 4598 dicimus,
3478 4530 3561 4585 Ne

1979 4640 2070 4679 nos
2098 4624 2289 4694 inferas
2310 4623 2363 4677 in
2378 4620 2701 4676 tentatiattem
2728 4616 2941 4688 (Matth.
2970 4634 3046 4688 vr,
3074 4620 3159 4691 i3)
3184 4637 3198 4687 ;
3231 4632 3416 4677 contra
3433 4638 3556 4678 cnn-

1979 4714 2355 4785 cnpiscentiam
2407 4718 2643 4767 nostram
2695 4725 2941 4781 rogamus
2986 4711 3176 4766 Deum.
3218 4710 3563 4783 Unusquisque

1980 4807 2111 4859 enim
2154 4811 2391 4866 tentatur,
2437 4809 2493 4856 ut
2536 4801 2789 4870 scriptum
2821 4812 2922 4866 est,
2957 4818 2989 4854 a
3026 4801 3429 4871 concupiscentia
3469 4819 3561 4859 sua

1980 4896 2259 4949 abstractus
2287 4902 2331 4947 et
2358 4891 2551 4946 illectus
2580 4888 2781 4961 (Jacobi
2803 4906 2842 4956 I,
2874 4890 2979 4961 l5).
3012 4891 3226 4947 Avertat
3250 4908 3379 4964 ergo
3409 4909 3437 4948 a
3468 4912 3560 4947 uo-

1979 4987 2064 5041 bis
2104 4986 2225 5051 istc,
2256 4999 2413 5053 quem
2446 4996 2712 5053 rogamus,
2752 4981 2929 5046 Pater,
2960 4991 3015 5036 ut
3051 4980 3231 5039 dicere
3274 4984 3565 5041 audeamus

1958 5075 2123 5147 'quod
2164 5092 2192 5129 a
2230 5075 2383 5129 Patre
2414 5073 2627 5144 quidem
2661 5087 2766 5127 non
2805 5073 2893 5135 sit,
2921 5070 2985 5127 ad
3015 5073 3156 5143 quod
3188 5089 3286 5130 nos
3314 5078 3565 5147 concupi-

1985 5168 2193 5224 scentia
2213 5166 2390 5221 carnis
2420 5162 2600 5230 trahit,
2625 5163 2721 5219 sed
2748 5178 2780 5218 a
2819 5161 2974 5219 Patre
2997 5162 3064 5218 sit
3091 5164 3203 5234 ipsa
3229 5182 3347 5235 quae
3375 5167 3562 5231 trahit;

1986 5259 2065 5314 vel
2117 5258 2310 5311 malum
2354 5256 2423 5310 sit
2472 5251 2538 5309 ad
2583 5252 2724 5324 quod
2775 5253 2957 5321 trahit,
3003 5263 3057 5310 et
3098 5254 3295 5310 malum
3344 5269 3450 5308 non
3498 5255 3567 5309 sit

2050 5458 2064 5488 ¹
2099 5457 2173 5506 sic
2194 5466 2366 5504 omnes
2387 5461 2493 5502 uss.
2515 5451 2634 5514 miti
2675 5463 2810 5513 vero,
2845 5464 2938 5503 non
2976 5449 3246 5514 impudente
3281 5444 3568 5511 ignorantia,

1983 5516 2069 5571 sed
2090 5514 2368 5580 impudente
2377 5512 2586 5577 fallacia.

2050 5582 2072 5651 ξ
2104 5570 2263 5651 ξίὲρο»
2285 5570 2763 5651 ΨίδζῗὲῳξἯθπ
2779 5570 3092 5651 fet-21's;

2051 5642 2071 5673 ³
2104 5636 2256 5698 Ειίῖιῑέ
2300 5636 2715 5699 concupiscentiae.
2774 5644 2954 5699 omnes
3005 5639 3111 5681 Mss.
3130 5664 3149 5691 ,ι
3195 5636 3569 5694 concupisreute.

2049 5704 2078 5770 ﬁ
2105 5695 2402 5770 vignierius,
2442 5695 2621 5762 Spiritu
2668 5703 2845 5749 macto.
2888 5697 3088 5755 Μηδίῳ
3117 5699 3295 5756 sancto,
3333 5705 3363 5744 a
3408 5704 3576 5743 mauo-

1988 5766 2098 5827 scrit
2116 5766 2195 5815 tis.
