3934 6178
338 391 467 448 1391

334 512 445 577 ipsa
491 515 607 571 qmc
661 493 838 549 trahit.
879 488 1061 544 Porro,
1109 480 1154 536 si
1203 493 1316 531 eam
1348 472 1541 526 malmn
1572 481 1689 521 esse
1711 461 1910 515 Veritas

1077 575 1085 577 -
1150 572 1160 577 -
1313 567 1342 577 ..
1514 561 1557 577 ._
1811 558 1882 577 Μ,

336 558 562 654 clamai;
595 585 830 658 profecto
860 593 974 633 eam
1002 575 1088 644 qui
1121 572 1236 623 sine
1273 567 1382 619 ullo
1427 561 1566 616 malo
1603 564 1760 622 natus
1809 558 1910 611 est,

341 704 453 742 non
495 680 741 737 habebat,
771 687 832 726 ac
859 685 951 739 per
981 666 1102 724 hoc,
1131 666 1406 730 peccatum
1447 653 1583 705 sicut
1622 661 1726 701 non
1770 641 1906 700 l'ceit,

344 781 414 832 ita
462 789 556 829 nec
595 763 914 832 ceucupivit.
956 757 1064 812 Nos
1109 755 1286 821 itaque
1327 747 1594 800 imitamur
1623 752 1764 801 eum,
1795 747 1912 788 eum

345 873 620 940 peccatum
651 873 754 911 non
788 852 1030 913 faciums,
1062 858 1164 897 non
1206 835 1408 910 peccati
1435 824 1916 898 concupiscentiam

1086 937 1096 940 ‘
1354 929 1364 939 '
1457 924 1496 940 ¹ν
1588 937 1610 940 μ
1635 915 1816 940 --η-..ιη
1850 913 1916 940 ει..

347 913 451 1014 bon
500 949 761 1023 habendo,
792 944 882 998 sed
917 955 1020 994 non
1052 937 1099 992 ei
1129 924 1509 988 consentiendo
1543 941 1555 976 ε
1581 915 1819 990 quamvis
1850 913 1920 966 ita

347 1049 616 1103 imitemur
651 1039 796 1092 illmn
825 1036 1076 1087 Sanctum
1105 1033 1407 1080 sanctorum
1427 1059 1440 1080 ,
1479 1029 1599 1068 cum
1635 1010 1770 1064 bene
1798 1003 1925 1056 vivi-

353 1155 492 1200 mus,
519 1144 574 1187 ιιι
613 1142 788 1184 tamen
834 1139 938 1178 non
987 1117 1126 1172 desit
1156 1113 1291 1166 unde
1318 1110 1552 1162 dicamus
1593 1103 1644 1155 in
1688 1095 1928 1151 oratione

1444 1198 1450 1200 _
1487 1194 1527 1200 __
1619 1191 1628 1200 ,
1801 1185 1859 1200 ,η
1886 1182 1901 1200 κ

351 1182 554 1286 nostin,
591 1220 796 1275 Dimitte
839 1213 977 1266 nobis
1013 1208 1174 1261 debita
1205 1212 1373 1256 nostra
1435 1191 1661 1266 (Matth.
1694 1205 1770 1253 vt,
1797 1185 1862 1240 12

358 1321 467 1391 Ego
496 1324 669 1371 autent
703 1325 810 1362 non
850 1307 927 1360 sic
971 1297 1177 1354 laudavi
1222 1294 1599 1358 Hieronymum
1621 1325 1634 1347 ,
1668 1275 1933 1350 quomodo

1172 1389 1180 1391 -
1459 1377 1470 1391 Ι
1557 1375 1567 1385 ⁸
1619 1388 1633 1391 λ
1688 1369 1840 1391 01η...
1886 1373 1931 1391 Α.

359 1369 603 1478 leagius
653 1397 886 1456 laudavit
939 1389 1300 1446 Ambrosium,
1333 1377 1474 1449 quod
1523 1375 1639 1443 ejus
1688 1369 1843 1422 tidem
1883 1373 1937 1417 et

362 1459 376 1464 “
408 1459 462 1463 “”’⁷
487 1459 515 1478 υ

362 1501 697 1573 purissinnnn
723 1493 774 1546 in
800 1483 1087 1555 Scripturis
1118 1490 1336 1533 sensum
1363 1488 1429 1525 ne
1451 1467 1693 1522 inimicus
1721 1459 1934 1532 quidem

1099 1571 1118 1573 ‘
1308 1567 1318 1573 ·
1380 1562 1432 1573 Α·
1481 1561 1492 1572 ο
1529 1559 1558 1573 Α
1725 1555 1779 1573 n-
1837 1550 1914 1573 a-n

549 1598 624 1644 est
650 1550 1042 1651 reprehendere
1065 1571 1164 1642 (De
1191 1567 1349 1640 gratia
1372 1559 1578 1622 Christi,
1602 1575 1690 1610 nn.
1715 1555 1803 1618 46,
1827 1550 1937 1620 47).

366 1687 442 1740 Ac
467 1698 558 1750 per
583 1681 684 1732 hoc
711 1675 752 1729 si
771 1669 896 1741 quid
923 1665 1053 1722 mihi
1076 1661 1338 1730 displicet,
1361 1648 1690 1722 reprehendo
1711 1646 1761 1699 in
1789 1640 1942 1696 amici

365 1733 579 1841 scriptis
607 1771 646 1831 ‘,
682 1733 814 1819 sicut
839 1763 893 1814 iu
923 1757 1074 1811 meis.
1103 1750 1209 1807 Sed
1231 1745 1372 1801 aliud
1397 1752 1481 1798 est
1504 1738 1696 1795 alicubi
1729 1733 1948 1788 catholio

372 1879 494 1917 eum
521 1872 723 1918 errare,
757 1851 899 1906 aliud
927 1845 1102 1916 magni
1125 1839 1323 1896 erroris
1345 1837 1502 1892 etiam
1548 1829 1794 1884 barresim
1823 1840 1952 1879 con-

369 1955 495 2009 dere
521 1951 602 2005 vel
630 1959 829 2002 tenere.

448 2043 557 2098 XC.
590 2040 704 2094 .loL.
739 2033 842 2090 Sed
875 2031 998 2084 hinc
1037 2028 1134 2080 ista
1172 2020 1438 2078 sufﬁciant
1471 2033 1484 2068 :
1511 2012 1786 2069 veniamus
1817 2019 1958 2061 nunc

379 2137 443 2190 ad
479 2132 630 2195 illud,
659 2129 709 2182 in
751 2141 856 2196 quo
884 2137 1008 2192 pars
1037 2116 1232 2187 negotii
1274 2124 1464 2180 magna
1503 2098 1958 2168 versatur;cujus

382 2225 613 2296 potentia
644 2217 973 2276 esamiuatus
1003 2220 1054 2264 et
1089 2205 1424 2264 exanimatus
1454 2196 1858 2264 Manicharorum
1888 2191 1965 2242 le-

383 2279 558 2388 gatus,
592 2324 696 2367 tam
751 2306 922 2362 ﬁdelis
969 2295 1335 2370 responsionis
1385 2291 1701 2344 documenta
1748 2279 1966 2362 protulit

388 2422 547 2478 quam
586 2400 844 2470 elegantis
890 2392 1105 2464 ingenii.
1139 2388 1269 2444 Nam
1317 2392 1594 2454 postquam
1637 2377 1778 2430 dicta
1824 2385 1964 2437 mea,

389 2514 506 2568 qme
532 2508 688 2564 supra
715 2489 888 2561 posui,
918 2485 1060 2539 nulla
1088 2497 1145 2537 re
1176 2493 1310 2534 nova
1343 2471 1724 2534 intercedente,
1743 2464 1974 2520 laudavit

391 2555 446 2645 et
479 2555 739 2656 prob-aviti,
769 2578 835 2632 ad
865 2591 982 2632 eam
1020 2580 1222 2642 partem
1261 2581 1363 2636 qua
1408 2560 1696 2632 disputatio
1741 2573 1771 2611 a
1823 2555 1975 2610 nobis

397 2647 656 2747 promissa
687 2667 1052 2738 supplebatur,
1081 2659 1305 2714 accessit
1329 2674 1342 2709 :
1365 2660 1634 2724 qumrente
1657 2664 1742 2703 me
1758 2647 1974 2716 quippe,

400 2734 495 2838 per
524 2762 646 2833 quid
669 2734 768 2816 sub
793 2755 1005 2812 diabolo
1029 2759 1226 2814 essent,
1249 2761 1382 2816 quos
1410 2745 1548 2798 Deus
1567 2741 1722 2805 fecit;
1751 2736 1815 2790 ad
1838 2734 1978 2806 quod

403 2855 652 2928 respondi
675 2853 840 2922 ipsius
870 2846 1106 2909 nomine,
1136 2839 1241 2894 Per
1273 2845 1546 2910 peccatum,
1573 2849 1674 2886 non
1724 2846 1812 2900 per
1837 2836 1984 2882 natu-

404 2968 516 3005 ram
540 2965 559 3003 :
589 2956 642 3001 et
667 2943 823 3000 retuli
851 2941 920 2996 de
942 2951 1083 3003 meo,
1114 2933 1238 2996 Sed,
1261 2934 1386 2986 sicut
1411 2929 1519 2998 ipse
1532 2924 1712 2978 annuis
1737 2933 1778 2985 ι,
1805 2930 1860 2975 ut
1886 2935 1986 2972 non

409 3048 566 3112 potest
591 3052 697 3090 esse
715 3035 821 3088 sine
846 3029 1044 3085 scribus
1071 3030 1220 3093 fetus,
1249 3023 1318 3074 ita
1347 3035 1434 3074 nec
1456 3018 1562 3072 sine
1585 3014 1836 3068 uoluntate
1855 3009 1988 3064 deli-

409 3101 562 3186 ctum.
601 3124 798 3180 Habent
830 3121 984 3192 igitur
1012 3127 1230 3183 tempore
1256 3117 1522 3179 conceptus
1549 3105 1646 3169 sui,
1680 3101 1877 3172 parvuli
1906 3114 1992 3152 vo—

411 3224 683 3280 luntatem,
711 3213 798 3285 qui
837 3191 1001 3264 adhuc
1045 3205 1266 3260 animam
1304 3217 1404 3254 non
1447 3197 1658 3258 habent;
1697 3201 1784 3246 aut
1812 3191 1994 3248 habent

415 3323 636 3380 tempore
653 3313 852 3360 exortus
879 3300 958 3353 sui
966 3341 978 3358 ,
996 3297 1080 3368 qui
1095 3295 1260 3348 adhuc
1277 3289 1485 3350 rationis
1502 3302 1646 3341 usum
1673 3301 1772 3337 non
1793 3281 1991 3336 habent.

415 3399 548 3456 Cum
575 3397 637 3452 ad
671 3397 807 3448 hunc
839 3391 998 3461 igitur
1021 3387 1258 3441 venisset
1285 3381 1482 3440 locum,
1503 3376 1603 3430 hoc
1630 3375 1800 3429 solum
1818 3373 1883 3427 de
1905 3386 2000 3430 uo-

419 3491 548 3546 stris
576 3483 851 3556 proposuit
889 3477 1134 3547 objectis,
1163 3472 1215 3526 id
1241 3479 1344 3536 est,
1371 3467 1476 3523 Sed
1502 3474 1556 3518 ut
1591 3481 1691 3518 non
1720 3471 1876 3532 potest
1897 3477 2003 3516 esse

423 3583 531 3635 sine
555 3554 752 3632 sentibus
779 3577 929 3644 fetus,
956 3567 1027 3620 ita
1054 3581 1142 3620 nec
1177 3563 1286 3617 sine
1323 3560 1576 3613 uoluntate
1611 3554 1847 3608 delictum
1871 3568 1889 3605 :
1915 3566 2003 3606 re-

426 3642 880 3742 Sponditqueplta
911 3674 1044 3720 vero,
1073 3656 1143 3708 ita
1171 3662 1241 3707 est
1264 3668 1282 3705 :
1307 3651 1378 3704 sic
1405 3648 1534 3705 enim
1577 3665 1596 3697 ι
1627 3661 1713 3714 per
1735 3659 1889 3705 unum
1915 3642 2004 3696 ho-

429 3764 613 3816 minem
642 3764 897 3827 peccatum
923 3747 1123 3803 intravit
1161 3746 1214 3798 in
1243 3739 1509 3805 mundum,
1539 3746 1583 3791 et
1619 3752 1706 3807 per
1749 3741 2007 3805 peccatum

430 3869 598 3916 mors;
625 3861 668 3904 ct
690 3850 760 3902 ita
788 3847 840 3900 in
864 3857 1033 3897 omnes
1053 3837 1276 3898 homines
1307 3829 1612 3903 pertransiit,
1642 3828 1694 3886 in
1723 3841 1820 3897 quo
1839 3841 2010 3878 omnes

432 3946 753 4020 peccauerunt
779 3956 797 3988 ι
825 3932 1000 4007 (Rom.
1025 3943 1082 3997 v,
1113 3925 1226 3996 12).
1262 3922 1359 3986 Per
1383 3921 1531 3976 unius
1552 3917 1686 3972 illius
1711 3915 2012 3970 uoluntatem

435 4005 622 4090 inritam
651 4042 822 4084 omnes
837 4005 892 4077 in
917 4038 973 4076 eo
1001 4022 1348 4091 peccaverunt,
1377 4009 1576 4082 quando
1593 4023 1762 4071 attines
1783 4005 1868 4060 ille
1883 4018 2012 4058 antu

440 4132 661 4200 fuerunt,
705 4123 768 4178 de
812 4134 908 4190 quo
935 4124 1198 4188 propterea
1237 4108 1424 4180 singuli
1470 4114 1729 4178 peccatum
1771 4097 2016 4171 originale

441 4189 696 4278 traxerunt
723 4189 831 4285 (De,
847 4207 1061 4280 Nuptiis
1087 4215 1132 4260 et
1159 4198 1573 4271 Concupiscentia
1594 4236 1608 4260 .
1631 4194 1721 4250 lib.
1737 4193 1794 4260 2,
1822 4209 1876 4249 ιι.
1901 4189 2013 4260 15).

444 4280 904 4373 Ιιθειοιυειιιίςίιιιι·
929 4298 1204 4358 adhortor,
1235 4300 1295 4346 ut
1321 4289 1628 4347 conﬂictum
1659 4292 1899 4339 nostrum
1935 4280 2018 4334 vi-

444 4403 670 4474 gilanter
699 4369 962 4464 inspiciat.
997 4385 1132 4455 Quid
1171 4383 1264 4438 tibi
1295 4377 1514 4451 profuit,
1544 4373 1902 4432 eruditissime
1939 4369 2022 4424 bi-

448 4459 664 4564 pedum,
691 4498 863 4540 meam
890 4495 996 4534 non
1036 4475 1284 4547 supplere
1316 4467 1664 4530 sententiam;
1694 4478 1814 4518 cum
1847 4461 1945 4516 etsi
1969 4459 2022 4514 in

451 4553 514 4638 ea
537 4592 703 4650 parte,
732 4591 887 4647 quam
911 4566 1250 4641 suppressisti
1273 4562 1466 4636 prioris
1493 4559 1619 4624 dicti
1645 4553 1908 4625 expositio
1942 4561 2024 4608 te-

455 4642 697 4734 neretur,
723 4642 898 4721 tamen
937 4663 1093 4717 etiam
1122 4659 1174 4712 in
1215 4657 1323 4719 illo,
1356 4651 1496 4724 quod
1523 4649 1616 4704 tibi
1646 4644 1906 4715 obiecisti,
1946 4642 2027 4697 vis

457 4777 606 4832 teque
633 4769 742 4813 tota
772 4751 1056 4810 consistat?
1076 4746 1332 4816 Proposui
1356 4745 1550 4815 quippe
1579 4739 1826 4804 ﬁdeliter,
1855 4744 1912 4790 ut
1940 4744 2028 4790 tua

455 4827 665 4926 quoque
689 4842 1043 4904 manifestavit
1068 4841 1088 4872 ³
1109 4838 1366 4904 assensio,
1384 4835 1524 4906 quod
1544 4841 1647 4888 ate
1661 4830 1800 4886 solet
1821 4827 2026 4893 referri,

457 4916 511 5000 et
547 4916 878 5010 interrogans
915 4950 1010 5006 per
1047 4930 1173 5003 quid
1213 4927 1313 4984 sub
1352 4925 1562 4982 diabolo
1601 4929 1780 4978 essent
1809 4918 2058 4990 parvuli,
2101 4916 2107 4922 '

461 5049 594 5104 quos
619 5033 826 5088 iecisset
848 5028 1005 5092 Deus,
1033 5017 1282 5091 respondi
1303 5017 1417 5071 vice
1433 5025 1541 5081 tua,
1570 5031 1589 5065 ‹
1612 5013 1713 5067 Per
1734 5017 2030 5081 peccatum,

461 5142 568 5180 non
601 5139 696 5193 per
725 5129 985 5175 naturam.
1024 5135 1043 5169 ι
1083 5113 1264 5177 Certe,
1290 5107 1438 5163 vides
1466 5121 1551 5161 me
1577 5105 1701 5159 hinc
1729 5101 1928 5157 nullam
1955 5097 2034 5154 fe-

462 5190 882 5272 cisse-fraudem.
915 5205 1030 5261 Dixi
1063 5202 1204 5274 quod
1235 5202 1288 5256 in
1313 5213 1406 5253 ore
1429 5192 1748 5251 Traduciani
1775 5200 1886 5257 est,
1917 5190 2039 5244 licet

465 5306 570 5359 hoc
610 5315 715 5356 non
757 5298 827 5350 sit
863 5297 914 5353 in
941 5294 1205 5362 dogmate.
1237 5288 1317 5344 Ad
1345 5286 1488 5359 quod
1513 5285 1689 5348 retuli,
1722 5281 1827 5337 Sed
1854 5289 1909 5334 ut
1937 5296 2038 5334 non

471 5402 629 5463 potest
656 5403 760 5444 esse
785 5387 892 5441 sine
916 5382 1112 5438 sedibus
1153 5383 1302 5450 fetus,
1325 5379 1398 5431 ita
1425 5391 1515 5430 nec
1542 5375 1648 5429 sine
1673 5371 1924 5426 uoluntate
1948 5369 2038 5423 de-

467 5461 660 5538 lictum.
687 5479 767 5534 Tu
809 5477 908 5529 hoc
946 5469 1236 5540 impudenti
1275 5467 1460 5523 fraude
1505 5463 1676 5520 fecisti
1720 5461 1989 5516 dividuum
2025 5478 2038 5514 τ

533 5657 552 5688 ι
584 5654 719 5716 aliti.
743 5651 795 5702 in
815 5647 1001 5701 inimici
1019 5644 1228 5716 scriptis.
1249 5643 1415 5695 Helius
1444 5651 1571 5702 ωε,
1595 5641 1648 5692 in
1664 5637 1809 5691 amici
1829 5637 2038 5702 scriptis.

533 5717 555 5748 ⁸
583 5707 737 5765 Codex
763 5719 906 5770 Port.,
929 5722 1023 5770 novt
1043 5707 1227 5758 abnuis.

537 5777 559 5808 ⁸
589 5763 872 5835 ἶῇυιθτὶυδ,
894 5763 1239 5832 ιηιιπὲῖεδωῑιιτ.
1265 5774 1393 5829 ΜΞ..
1411 5763 1743 5828 manifestam.

1005 366 1249 425 UPERIS
1291 351 1696 417 lMPl-ZRFECT!
1737 345 2010 403 CONTR.\
2051 335 2404 397 JULIANUM,
2447 333 2502 387 S.
2548 325 2911 384 AUGUSTI-Nl

2021 469 2142 509 nam
2173 458 2596 504 commemorans
2622 439 2759 512 quod
2783 454 2879 494 nos
2907 436 3227 497 dixeramus,
3257 429 3377 497 quia
3409 438 3465 481 ut
3494 442 3598 479 non

2024 554 2164 598 esset
2192 543 2392 611 absque
2424 538 2636 592 sesibns
2659 535 2811 594 fetus,
2845 532 2913 584 ita
2942 544 3038 582 nec
3065 527 3180 580 siue
3211 527 3481 578 voluntate
3504 519 3599 574 dco

2025 638 2234 696 lictum;
2271 631 2393 686 il!ud
2424 629 2564 699 quod
2592 624 2910 695 sequebatur
2945 620 3011 673 de
3053 615 3386 688 parvulorum
3415 612 3602 665 volun—

2029 739 2134 782 tate
2163 725 2388 787 tacuisti,
2431 733 2483 773 et
2522 717 2830 787 respondes,
2869 712 2948 766 Ita
2979 727 3111 770 vero,
3143 710 3213 763 ita
3239 717 3310 762 est
3335 722 3353 760 :
3376 706 3447 759 sic
3477 706 3610 756 enim

3464 313 3484 364 1
3495 311 3596 363 ’3⁸νεί

2038 841 2054 872 ι
2093 837 2179 889 per
2206 834 2361 871 unum
2393 815 2640 868 hominem
2669 817 2925 879 p'ccatum
2948 804 3152 858 intrauit
3179 801 3228 852 in
3255 797 3501 850 mundum
3526 811 3545 848 :
3581 812 3602 847 ι

2035 930 2121 983 per
2147 912 2292 966 unius
2317 909 2453 962 illius
2475 906 2780 959 roluntatem
2809 899 2992 953 malam
3021 911 3191 950 omnes
3219 895 3268 946 in
3291 908 3347 946 eo
3371 903 3608 958 peccaue—

2034 1015 2169 1060 runt.
2203 1001 2430 1055 lloccine
2453 1006 2532 1051 est
2562 991 2919 1064 l‘OSptllillCI‘C?
2942 988 3159 1042 hoccine
3186 985 3456 1048 disputare
3485 978 3612 1034 est?

2039 1095 2258 1148 hoccine
2301 1101 2571 1161 postremo
2605 1084 2687 1138 vel
2720 1081 3022 1134 sobrietatis
3055 1076 3248 1129 habere
3275 1069 3615 1140 respectum?

2040 1186 2262 1241 Ridetur
2290 1192 2432 1237 certe
2461 1180 2527 1233 ab
2556 1175 2775 1233 ermlitis
2805 1171 3066 1226 calliditas
3088 1167 3498 1236 Sophismatum,
3529 1159 3616 1213 ubi

2045 1294 2138 1348 per
2161 1273 2586 1330 communionem
2615 1266 2885 1321 nominum
2909 1257 3227 1328 simplicitati
3249 1252 3620 1322 respondentis

2046 1367 2282 1422 illuditur
2315 1381 2326 1414 :
2357 1361 2448 1415 sed
2470 1359 2553 1413 illa
2586 1359 2696 1427 ipsa
2728 1353 3050 1422 sophismata
3080 1349 3204 1402 licet
3227 1361 3330 1398 non
3352 1347 3456 1396 sint
3485 1342 3624 1394 veri-

2051 1467 2157 1514 tate
2196 1454 2383 1517 solida,
2412 1452 2609 1505 urbana
2640 1458 2814 1502 tamen
2846 1442 3126 1512 superﬁcie
3151 1439 3491 1494 colorantur:
3525 1433 3627 1486 hec

2052 1545 2386 1615 autemquod
2427 1552 2718 1597 monstrum
2767 1533 3140 1606 disputationis
3179 1539 3300 1592 est,
3341 1527 3486 1598 quod
3529 1540 3629 1579 nec

2053 1626 2276 1693 veritate
2307 1633 2532 1689 solidum
2561 1640 2660 1692 est,
2695 1643 2792 1682 nec
2809 1625 3133 1694 sepltismate
3163 1619 3472 1689 levigatnm.
3511 1616 3631 1670 Dixi

2055 1740 2202 1785 certe
2233 1744 2334 1780 non
2361 1741 2514 1794 posse
2534 1737 2651 1776 esse
2678 1721 2792 1775 sine
2823 1718 2988 1772 libera
3015 1716 3285 1767 voluntate
3309 1719 3587 1782 peccatum
3621 1727 3634 1760 :

2059 1837 2165 1890 quo
2191 1829 2468 1879 concesso,
2497 1822 2728 1867 vestrum
2759 1809 2950 1878 dogma
2991 1805 3340 1868 consumitur,
3369 1802 3456 1870 qui
3484 1809 3643 1870 puta-

2065 1911 2130 1964 tis
2155 1923 2272 1962 esse
2295 1907 2345 1960 in
2375 1912 2559 1960 natura
2589 1901 2857 1954 hominum
2876 1898 2991 1952 sine
3011 1896 3112 1950 ulla
3139 1894 3408 1948 voluntate
3425 1905 3643 1946 reorum

2065 1999 2333 2052 delictum.

2140 2090 2272 2143 Acc.
2306 2087 2415 2155 Ego
2445 2084 2494 2138 id
2523 2083 2691 2138 solum
2717 2079 2784 2135 de
2800 2093 2964 2149 opere
2993 2077 3084 2131 illo
3111 2084 3202 2129 tuo
3225 2075 3478 2144 legeram,
3501 2071 3646 2142 quod

2069 2178 2306 2236 chartula
2333 2193 2450 2248 qua:
2480 2173 2609 2229 mihi
2630 2174 2788 2226 missa
2815 2181 2914 2232 est,
2934 2166 3257 2223 continebat.
3281 2164 3413 2219 Nam
3433 2172 3649 2232 postca-

2072 2288 2229 2343 quam
2255 2270 2420 2324 libros
2451 2273 2588 2331 tuos,
2614 2265 2678 2320 de
2721 2262 2913 2334 quibus
2954 2260 3082 2314 illud
3106 2257 3287 2313 nescio
3317 2257 3436 2326 quis
3463 2269 3652 2310 excer-

2075 2365 2200 2434 psit,
2230 2360 2428 2422 iuveni,
2463 2357 2526 2411 ad
2571 2363 2758 2411 cuncta
2789 2351 3057 2421 respondi.
3094 2349 3329 2408 Dicimus
3377 2357 3553 2401 autem
3599 2354 3654 2399 et

2077 2469 2176 2508 nos
2236 2467 2340 2506 non
2372 2463 2526 2519 posse
2555 2461 2673 2502 esse
2697 2445 2811 2498 sine
2839 2444 3002 2498 libem
3029 2442 3298 2495 voluntate
3336 2445 3612 2508 peccatum
3638 2453 3653 2495 ;

2079 2560 2179 2600 nec
2209 2543 2328 2598 ideo
2351 2551 2546 2606 tamen,
2568 2548 2623 2593 ut
2651 2537 2808 2602 dicis,
2838 2545 3079 2592 nostrum
3097 2533 3286 2602 dogma
3305 2530 3656 2589 consumitur,

2081 2653 2202 2693 cum
2232 2635 2520 2691 asserimus
2549 2645 2670 2687 esse
2711 2628 2967 2699 originale
2999 2635 3267 2695 peccatmu
3299 2641 3310 2676 :
3341 2624 3460 2692 quia
3504 2630 3559 2676 et
3591 2619 3660 2674 ad

2086 2728 2188 2782 hoc
2217 2727 2232 2757 ¹
2264 2722 2463 2794 peccati
2501 2737 2668 2792 genus
2715 2735 2781 2774 ex
2834 2718 2997 2773 libera
3037 2715 3306 2770 voluntate
3349 2719 3662 2781 perventum

2088 2827 2187 2882 est,
2223 2832 2328 2872 non
2365 2816 2480 2886 ejus
2509 2814 2720 2884 propria
2751 2812 2840 2881 qui
2889 2809 3146 2871 nascitur,
3177 2805 3271 2859 sed
3311 2804 3427 2874 ejus
3462 2803 3514 2856 in
3557 2817 3665 2872 quo

2089 2923 2276 2966 omnes
2297 2904 2625 2976 originaliter
2653 2903 2868 2956 fuerunt
2892 2942 2905 2961 ,
2937 2897 3148 2968 quando
3189 2908 3525 2949 communem
3567 2907 3668 2946 na-

2095 3012 2263 3058 turam
2297 2999 2432 3054 mala
2461 2997 2732 3052 voluntate
2768 2992 2992 3046 vitiavit.
3033 2989 3150 3048 Non
3177 2988 3374 3042 habent
3396 3001 3524 3054 ergo
3551 2999 3672 3052 par-

2094 3095 2204 3150 vuli
2229 3103 2466 3161 tempore
2491 3096 2777 3157 conceptus
2799 3085 2877 3138 vel
2905 3094 3052 3136 ortus
3071 3081 3149 3134 sui
3171 3090 3191 3120 ί
3209 3077 3458 3147 peccandi
3485 3076 3665 3130 volun-

2100 3194 2259 3240 tatem
2294 3180 2428 3236 :sed
2484 3178 2572 3234 ille
2625 3187 2861 3244 tempore
2916 3169 3364 3242 prmvztricatiottis
3403 3181 3511 3220 sua:
3554 3180 3673 3218 ma-

2099 3291 2261 3348 gnum
2308 3271 2435 3328 illud
2482 3277 2752 3339 peccatum
2809 3266 2970 3319 libera
3007 3263 3277 3315 voluntate
3319 3257 3604 3321 conuuisit,
3647 3269 3674 3306 a

2103 3383 2205 3440 qua
2233 3364 2506 3434 originalis
2532 3359 2732 3431 peccati
2774 3355 3076 3426 contagium
3112 3353 3190 3406 sic
3219 3351 3448 3404 lnunana
3488 3357 3677 3400 natura

2104 3456 2388 3522 contraxit,
2415 3461 2472 3506 ut
2501 3450 2776 3505 verissime
2803 3447 3004 3501 diceret
3038 3451 3254 3496 sanctus
3273 3483 3288 3502 ,
3317 3440 3382 3493 In
3404 3437 3688 3507 iniquitati-

2107 3549 2198 3603 bus
2223 3553 2489 3615 conceptns
2513 3559 2625 3596 sum
2654 3541 2672 3609 (
2702 3538 2841 3592 Psal.
2875 3552 2924 3597 ι..
2958 3535 2988 3587 7
3014 3535 3067 3602 );
3109 3541 3163 3586 et
3191 3532 3325 3585 alius
3347 3530 3527 3584 itidem
3556 3541 3680 3579 san.

2109 3649 2246 3702 ctus,
2273 3635 2395 3700 Quis
2415 3634 2546 3686 enim
2585 3629 2799 3683 mundus
2830 3635 2899 3679 est
2925 3643 2958 3678 a
2983 3623 3170 3677 sorde?
3203 3620 3308 3674 Nec
3344 3620 3517 3688 infans
3543 3621 3683 3686 cujus

2111 3741 2183 3786 est
2209 3729 2359 3783 unius
2386 3725 2485 3779 diei
2497 3724 2596 3777 vita
2618 3737 2767 3791 super
2789 3727 2973 3772 terram
2992 3715 3110 3785 (Job
3135 3729 3248 3775 XIV,
3285 3713 3340 3774 4,
3371 3727 3471 3764 sec.
3495 3708 3682 3773 LXX).

2115 3822 2240 3877 l-lacc
2262 3817 2470 3887 eloquia
2497 3811 2738 3868 veritatis
2782 3808 3112 3872 subsannant
3136 3804 3423 3858 vanitatem
3461 3799 3686 3870 loquaci-

2117 3915 2240 3970 tatis
2272 3921 2393 3966 tuae.

2188 4003 2323 4061 XCI.
2351 4001 2468 4057 Jun.
2498 3997 2612 4066 Qua
2631 4009 2756 4065 ergo
2782 4001 2838 4048 tu
2864 3989 3185 4060 impudentia
3206 3995 3260 4042 et
3280 3984 3545 4057 approbas
3572 3999 3692 4038 sen-

2120 4095 2339 4153 tentiam
2385 4103 2582 4154 meam,
2622 4097 2678 4140 et
2727 4093 2873 4139 tuum
2915 4081 3102 4149 dogma
3146 4093 3250 4131 non
3284 4075 3522 4138 deseris;
3573 4088 3693 4127 cum

2121 4183 2401 4244 sententia:
2447 4178 2720 4244 utriusque
2747 4172 2909 4242 partis
2960 4171 3029 4225 ita
3065 4168 3210 4222 nullo
3239 4166 3445 4236 possint
3496 4163 3699 4217 ﬁndere

2124 4275 2383 4348 copulari,
2408 4281 2468 4326 ut
2494 4269 2886 4325 enuntiatorum
2913 4262 3152 4332 Opposita
3183 4260 3380 4328 pariter
3401 4273 3505 4311 non
3537 4256 3702 4324 parti-

2125 4372 2304 4439 cipaut
2330 4357 2888 4426 veritati?Quomodo
2936 4368 3063 4423 ergo
3108 4365 3210 4424 ego
3252 4348 3296 4403 si
3339 4345 3702 4415 consentirem

2128 4457 2372 4516 naturale
2395 4467 2516 4509 esse
2542 4458 2816 4521 peccatum
2844 4487 2858 4511 ,
2893 4457 3112 4498 necesse
3139 4449 3256 4495 erat
3300 4448 3359 4493 ut
3405 4435 3706 4492 deciderem

2130 4551 2198 4606 de
2223 4550 2342 4620 jure
2369 4543 2680 4608 sententiae,
2711 4554 2830 4609 qua:
2860 4532 3177 4605 prmscribit,
3215 4529 3315 4583 nisi
3350 4529 3402 4582 in
3434 4526 3709 4579 voluntate

2133 4619 2302 4700 libera
2347 4643 2620 4708 peccatum
2663 4646 2784 4688 esse
2827 4643 2930 4683 non
2978 4639 3176 4696 posse:
3210 4623 3277 4678 ita
3316 4630 3373 4675 tu
3415 4636 3446 4675 e
3494 4619 3712 4687 regione

2133 4731 2477 4789 consentiens
2498 4741 2583 4782 me
2608 4725 2744 4779 bene
2771 4721 2988 4781 dixisse,
3017 4717 3105 4788 qui
3137 4712 3470 4783 pronuntiavi
3509 4711 3711 4765 nullum

2137 4838 2258 4880 esse
2281 4823 2396 4878 sine
2423 4819 2692 4873 voluntate
2718 4818 3014 4883 peccatum,
3044 4807 3266 4876 rejicere
3290 4803 3468 4858 statim
3486 4800 3714 4856 debuisti

2137 4918 2283 4974 illam
2311 4913 2642 4985 Opinionem,
2673 4921 2772 4976 qua
2803 4913 3077 4973 peccatum
3100 4897 3337 4952 naturale
3364 4893 3640 4950 credebas.

2212 5009 2344 5063 Anc.
2373 5001 2527 5059 Aliud
2555 5008 2638 5056 est
2666 4999 2782 5053 sine
2809 4994 3082 5050 voluntate
3113 4989 3276 5044 libera
3301 4995 3574 5056 peccaturo
3595 4996 3718 5035 esse

2144 5115 2251 5158 non
2273 5112 2451 5169 posse,
2479 5091 2620 5165 quod
2654 5101 2706 5145 et
2745 5103 2841 5142 nos
2870 5085 3094 5140 dicimus
3116 5123 3130 5146 ,
3165 5080 3287 5148 quia
3331 5091 3433 5132 nec
3463 5073 3724 5144 originale

2143 5209 2262 5251 esse
2276 5166 2548 5262 potuisset
2591 5183 2707 5238 sine
2754 5179 2908 5250 primi
2937 5173 3169 5229 hominis
3214 5169 3382 5226 libera
3414 5166 3722 5227 voluntate;

2145 5294 2201 5342 et
2219 5255 2361 5337 aliud
2389 5287 2490 5345 est,
2522 5273 2789 5347 quomodo
2819 5271 2930 5340 ipse
2948 5265 3149 5330 dixisti,
3177 5263 3277 5317 nisi
3301 5261 3353 5314 in
3379 5259 3632 5313 voluntate
3659 5255 3725 5308 ιξ-

2148 5380 2264 5433 bera
2288 5381 2544 5445 peccatum
2571 5383 2676 5422 esse
2701 5381 2802 5419 non
2838 5377 3000 5433 posse,
3041 5355 3182 5429 quod
3212 5368 3322 5410 non
3360 5349 3722 5406 concedimus.

2148 5443 2414 5540 Originale
2439 5475 2664 5531 namque
2693 5464 2968 5527 peccatum
2992 5465 3096 5507 non
3133 5456 3215 5504 est
3241 5447 3293 5501 in
3316 5443 3585 5500 voluntate
3618 5451 3726 5489 na-

2217 5697 2232 5728 ι
2267 5695 2340 5742 sic
2361 5699 2464 5740 Mss.
2491 5686 2622 5748 [quia
2644 5686 2710 5734 ad
2733 5681 2861 5748 [tua]
3645 5678 3669 5688 ·

2217 5759 2238 5788 ⁸
2271 5758 2350 5804 Hic
2372 5744 2704 5808 editi—addunt,
2731 5744 2946 5795 liberam.
