3934 6178
326 445 455 502 1395

323 543 518 600 scentis
546 559 558 594 :
591 539 686 595 sed
710 552 880 608 neque
909 537 963 591 in
990 535 1102 605 ipsa
1129 542 1214 588 est
1242 532 1514 587 voluntate
1538 529 1692 599 primi
1719 527 1890 583 ltomio

324 634 422 702 uis,
435 632 677 704 quamvis
699 631 815 686 sine
842 629 956 700 ipsa
973 642 1092 683 esse
1121 641 1226 681 non
1244 633 1444 695 posset.
1470 622 1628 678 Aliud
1647 631 1892 691 estergo,

321 727 432 782 Non
459 731 632 793 potest
671 736 790 777 esse
835 720 952 775 sine
996 719 1268 773 voluntate
1315 725 1624 786 peccatum;
1655 721 1708 767 et
1751 711 1896 766 aliud

321 828 418 879 est,
449 816 565 872 Non
591 822 766 885 potest
787 827 905 868 esse
942 812 1042 866 nisi
1071 810 1122 865 in
1154 810 1422 864 voluntate
1448 815 1742 876 peceatum.
1787 803 1896 858 Ne-

319 923 419 978 que
449 907 614 973 enim,
648 906 693 960 si
718 912 862 960 recte
877 903 1124 968 dicimus,
1149 902 1274 957 Sine
1299 906 1558 968 conceptu
1583 907 1763 968 partus
1788 912 1897 950 nun

319 1009 493 1073 potest
519 1014 665 1063 esse;
698 997 818 1052 ideo
839 997 1000 1051 etiam
1021 1003 1165 1050 recte
1190 993 1404 1059 dicitur,
1432 991 1541 1046 Nisi
1562 992 1610 1044 in
1635 997 1896 1058 conceptu

319 1103 499 1164 partus
525 1107 628 1147 non
657 1098 832 1161 potest
859 1103 999 1144 esse.
1028 1087 1134 1144 Sed
1169 1086 1272 1141 hoc
1298 1086 1367 1147 ita
1396 1094 1478 1139 est
1504 1083 1770 1138 diversum
1796 1122 1812 1146 ,
1841 1088 1899 1133 ttt

321 1200 494 1255 neque
524 1185 575 1237 itt
605 1193 863 1251 conceptu
887 1187 1092 1251 partus,
1123 1193 1295 1248 neque
1325 1179 1376 1230 in
1404 1185 1554 1246 partu
1586 1174 1756 1246 possit
1780 1187 1899 1228 esse

317 1286 625 1347 conceptus.
673 1276 952 1330 Peccatum
988 1287 1118 1328 vero
1155 1273 1208 1326 in
1241 1271 1512 1324 voluntate
1552 1276 1731 1338 potest
1755 1280 1895 1330 esse,

317 1368 454 1425 sicut
484 1367 582 1430 fuit
612 1365 765 1436 primi
797 1363 1061 1426 hominis;
1093 1369 1274 1432 potest
1297 1361 1457 1415 etiam
1488 1374 1593 1413 non
1635 1358 1687 1411 in
1711 1356 1902 1411 volun-

320 1468 462 1521 tate,
513 1458 654 1512 sicut
695 1455 955 1526 originale
1007 1453 1389 1522 cujuscumque
1437 1448 1706 1505 nascentis
1758 1446 1896 1514 quod

317 1548 538 1602 omnino
561 1555 642 1602 est
668 1547 718 1601 in
752 1545 1024 1600 voluntate
1053 1542 1281 1603 nullius;
1309 1541 1400 1596 sed
1427 1556 1532 1594 non
1564 1539 1680 1592 sine
1709 1537 1899 1591 volun-

320 1650 423 1696 tate
453 1641 608 1709 primi
628 1639 789 1693 illius.
810 1638 902 1692 llle
918 1651 1128 1707 quoque
1149 1641 1364 1690 sanctus
1392 1633 1481 1702 qui
1507 1630 1640 1686 dixit
1671 1627 1902 1696 De0,Si—

317 1731 485 1800 guaati
505 1739 708 1798 peccata
728 1746 838 1784 mea
860 1731 912 1781 in
928 1727 1153 1791 sacculo,
1173 1735 1218 1780 et
1241 1724 1496 1778 adnotasti
1515 1723 1560 1776 si
1582 1720 1704 1791 quid
1721 1721 1904 1774 invitus

321 1821 506 1875 admisi
524 1820 812 1888 (Job.xtv,l
825 1821 899 1886 7);
915 1834 1018 1874 non
1042 1818 1220 1888 utique
1235 1815 1418 1870 habuit
1434 1816 1486 1869 in
1505 1814 1776 1868 voluntate
1791 1826 1905 1881 pec-

319 1907 678 1981 catnm,quod
697 1911 966 1966 commisit
989 1910 1202 1964 invitus.
1222 1907 1357 1976 Quid
1387 1907 1475 1961 ille
1498 1905 1588 1976 qui
1609 1905 1756 1968 dicit,
1783 1901 1904 1958 Non

317 2001 456 2070 quod
471 2003 601 2063 volo,
621 2003 754 2071 facio
771 2001 974 2060 bonum;
992 2015 1219 2068 moxque
1231 1994 1621 2067 subjungit,sed
1638 1993 1774 2062 quod
1789 1993 1906 2046 nolo

318 2092 531 2155 malum,
559 2093 653 2144 hoc
672 2107 768 2160 ago
799 2089 976 2158 (Rom.
1005 2105 1099 2154 vn,
1131 2088 1256 2156 15)?
1294 2085 1617 2156 numquidin
1637 2083 1908 2138 voluntate

315 2183 580 2240 dicendus
592 2194 674 2237 est
692 2183 886 2236 habere
903 2189 1196 2250 peccatum,
1216 2176 1507 2232 secundum
1529 2189 1625 2229 vos
1638 2174 1802 2243 ipsos,
1819 2173 1908 2242 qui

317 2288 447 2327 eum
466 2273 627 2326 vultis
644 2272 861 2342 intelligi
878 2274 925 2324 vi
945 2269 1345 2326 consuetudinis
1357 2268 1470 2337 cogi
1491 2280 1710 2335 peccare
1722 2264 1910 2319 nolen-

321 2364 472 2415 tem?
503 2361 697 2417 Desine
723 2362 879 2432 igitur
911 2360 978 2415 de
1003 2360 1271 2414 vicinitate
1291 2357 1602 2426 subrepere,
1629 2365 1682 2410 et
1710 2354 1910 2410 sensim

320 2445 549 2504 limitem
578 2451 893 2521 transgredi,
919 2460 976 2505 ut
999 2450 1249 2518 quoniam
1267 2448 1490 2503 dicimus
1508 2447 1625 2500 sine
1642 2446 1912 2500 voluntate

324 2542 522 2605 libera,
557 2552 611 2596 ttt
648 2557 746 2595 nos
775 2542 955 2596 dicere
997 2541 1255 2606 affirmes,
1304 2534 1404 2593 nisi
1449 2538 1500 2592 in
1550 2537 1819 2592 voluntate
1849 2537 1911 2590 li-

327 2631 473 2694 bera,
509 2645 628 2685 esse
673 2646 776 2684 non
820 2645 980 2700 posse
1007 2636 1278 2698 peccatum
1310 2644 1323 2678 :
1355 2631 1604 2696 tanquam
1631 2626 1674 2680 si
1706 2625 1912 2680 dicere-

327 2738 468 2787 mus,
497 2722 613 2775 sine
659 2721 777 2791 igne
810 2721 1068 2775 carbones
1107 2733 1227 2774 esse
1268 2733 1374 2773 nou
1407 2732 1592 2786 posse;
1627 2725 1682 2771 et
1730 2725 1783 2770 tu
1813 2730 1911 2770 nos

326 2813 624 2868 aftirtnares
671 2814 871 2879 dicere,
921 2813 1020 2866 nisi
1064 2813 1117 2866 in
1170 2812 1290 2881 igne
1335 2809 1596 2865 carbones
1637 2823 1759 2864 esse
1805 2824 1911 2862 non

283 2951 306 2983 ο
329 2919 509 2972 posse.
540 2904 666 2958 llzcc
694 2904 737 2960 si
768 2902 1067 2968 nesciebas,
1096 2902 1355 2956 confitere
1381 2909 1434 2955 te
1467 2915 1574 2954 non
1613 2898 1780 2952 fuisse
1827 2898 1912 2952 in-

329 2998 661 3067 telligentem
684 2996 1066 3066 disputatorem
1101 2993 1182 3048 :si
1209 3003 1387 3048 autem
1426 2991 1652 3056 sciebas,
1685 3003 1792 3044 non
1833 2989 1916 3043 in-

329 3091 656 3159 telligentem
687 3103 934 3159 sperasse
959 3086 1261 3142 habiturum
1290 3093 1342 3139 te
1363 3098 1483 3139 esse
1498 3083 1771 3137 lectorem.

393 3179 560 3234 XCII.
589 3179 708 3234 .luc.
731 3177 992 3249 Quidquid
1010 3177 1150 3232 enim
1177 3173 1416 3229 naturale
1430 3181 1535 3235 est,
1558 3169 1912 3226 voluntarium

327 3288 429 3326 non
458 3287 585 3325 esse
615 3271 952 3324 manifestum
979 3276 1082 3323 est.

395 3363 540 3417 Anc.
581 3361 633 3416 Si
651 3359 903 3430 quidquid
920 3367 1004 3414 est
1026 3356 1280 3420 naturale,
1298 3353 1651 3411 voluntarium
1675 3366 1777 3406 non
1795 3365 1916 3406 esse

326 3453 670 3506 manifestum
698 3459 814 3515 est;
854 3466 958 3504 non
999 3458 1080 3504 est
1111 3462 1237 3518 ergo
1263 3445 1532 3510 naturale,
1561 3442 1702 3513 quod
1743 3441 1913 3509 salvi,

326 3543 464 3611 quod
507 3541 641 3594 heati
681 3555 800 3595 esse
828 3540 1090 3594 volumus.
1131 3536 1282 3605 Quod
1328 3536 1506 3591 dicere
1531 3535 1650 3606 quis
1693 3532 1915 3600 audeat,

329 3635 423 3687 nisi
455 3643 520 3686 tu
547 3633 569 3686 ?
594 3642 682 3685 aut
711 3631 1038 3695 admonitus,
1067 3629 1291 3684 fortasse
1317 3643 1415 3682 nec
1437 3636 1510 3682 tu.

400 3723 589 3778 XCIII.
616 3723 734 3778 ιυι..
762 3723 963 3791 Siergo
990 3729 1071 3775 est
1099 3716 1334 3772 naturale
1367 3724 1638 3786 peccatum
1659 3755 1676 3780 ,
1703 3729 1806 3768 non
1834 3723 1918 3768 est

330 3817 691 3871 voluntarium
717 3832 731 3867 :
763 3815 806 3868 si
837 3823 918 3868 est
943 3810 1328 3874 voluntarium,
1362 3823 1466 3863 non
1496 3815 1579 3861 est
1602 3805 1914 3875 ingenitum.

334 3906 448 3962 ista:
479 3909 605 3962 dua:
631 3905 965 3962 definitiones
992 3913 1095 3956 tam
1139 3899 1418 3956 contraria:
1451 3898 1551 3952 sibi
1577 3904 1730 3961 sunt,
1757 3909 1915 3964 quam

330 3995 660 4054 contrarium
691 4004 774 4050 est
800 3995 1088 4048 necessitas
1108 4003 1160 4046 et
1177 3991 1440 4055 voluntas,
1467 4002 1688 4057 quarum
1717 3985 1917 4040 conﬁr-

336 4093 501 4144 matio
527 4105 590 4142 es
624 4097 803 4142 mutua
831 4086 1105 4156 negatione
1135 4091 1433 4153 generatur.
1465 4079 1596 4134 Nam
1623 4079 1760 4133 sicut
1786 4075 1918 4131 nihil

333 4181 574 4238 estaliud
606 4180 988 4241 voluntarium,
1015 4192 1171 4247 quam
1198 4191 1302 4230 non
1353 4182 1627 4235 coactum;
1673 4171 1742 4225 ita
1787 4169 1919 4224 nihil

334 4283 411 4327 est
435 4272 584 4326 aliud
610 4280 848 4326 coactura
865 4309 878 4333 ,
897 4283 1054 4338 quam
1077 4282 1181 4320 non
1207 4265 1580 4318 voluntarium.
1603 4261 1767 4317 Simul
1791 4275 1918 4330 ergo

337 4374 552 4417 cvstare
573 4403 587 4426 ,
615 4371 668 4416 et
694 4360 835 4415 velut
861 4360 1060 4424 vivere,
1099 4356 1204 4432 duo
1235 4356 1333 4409 ista
1377 4369 1482 4407 non
1515 4359 1766 4422 possunt;
1795 4350 1919 4419 quia

336 4455 454 4506 talis
479 4468 668 4506 eorum
697 4460 882 4505 natura
909 4458 1010 4516 est,
1037 4458 1090 4502 ut
1119 4456 1242 4501 tunc
1266 4444 1410 4499 aliud
1441 4444 1602 4509 vivat,
1626 4440 1918 4498 cum‘aliud

337 4543 707 4612 exstinguitur.
1741 4579 1747 4584 .

405 4634 540 4687 Anc.
584 4631 720 4687 Cur‘
753 4646 858 4685 non
888 4628 1117 4684 attendis
1165 4642 1284 4682 esse
1325 4634 1594 4697 peccatum
1623 4623 1781 4677 etiam
1813 4638 1918 4676 non

344 4722 731 4787 voluntarium,
759 4730 902 4776 certe
933 4721 982 4774 in
1016 4720 1106 4772 illo
1133 4718 1221 4788 qui
1248 4717 1390 4779 dicit,
1411 4729 1742 4785 quacumque
1761 4728 1918 4767 causa

345 4812 442 4865 hoc
469 4812 607 4866 dicat
631 4854 646 4876 ,
678 4811 738 4865 Si
765 4809 1086 4878 autemquod
1113 4809 1229 4861 nolo
1251 4823 1362 4876 ego,
1390 4806 1483 4858 hoc
1510 4805 1676 4876 facio;
1688 4805 1803 4874 jam
1821 4819 1920 4857 non

343 4920 432 4974 ego
461 4921 642 4972 operor
666 4902 916 4965 illud,sed
935 4902 1068 4971 quod
1088 4899 1276 4953 habitat
1302 4900 1351 4952 in
1380 4915 1457 4952 me
1469 4907 1724 4967 peccatum
1744 4895 1918 4964 (Rom.

346 5010 432 5057 vu,
471 4993 558 5064 l9)
593 4992 746 5048 ?Cur
777 5009 878 5046 non
908 4991 1136 5046 attendis
1175 5006 1293 5045 esse
1329 4989 1486 5044 etiam
1517 4989 1882 5044 necessitatem
1902 5027 1918 5050 ,

343 5101 444 5153 qua
464 5099 683 5139 necesse
705 5094 787 5138 est
809 5084 1032 5138 velimus
1061 5082 1212 5136 beate
1228 5081 1435 5144 vivere;
1466 5087 1522 5134 et
1538 5078 1731 5132 clausis
1755 5078 1922 5132 oculis

345 5174 420 5228 sic
443 5175 594 5228 alteri
623 5174 841 5229 alteram
869 5173 1145 5242 opponis’,
1173 5171 1322 5240 quasi
1355 5170 1595 5224 voluntas
1629 5167 1920 5223 necessita-

350 5263 414 5317 tis
433 5306 448 5325 ,
475 5272 564 5318 aut
595 5265 882 5319 necessitas
909 5263 1193 5316 voluntatis
1221 5277 1340 5316 esse
1372 5253 1487 5315 non.
1505 5259 1711 5330 possit?

417 5355 597 5411 XCIV.
629 5357 746 5411 ιῐυι..
785 5356 918 5409 Cum
959 5370 1085 5424 ergo
1124 5356 1226 5409 hoc
1276 5356 1344 5408 ita
1399 5355 1770 5408 inconcussum
1818 5353 1921 5415 sit,

347 5455 403 5498 ut
449 5447 591 5499 nulla
630 5457 786 5515 queat
835 5446 1288 5516 argumentatione
1337 5443 1561 5499 convelli
1615 5461 1627 5496 :
1689 5450 1743 5496 tu
1790 5443 1924 5510 elige

349 5545 528 5590 utrum
558 5540 739 5601 mavis,
787 5546 842 5591 et
891 5537 973 5590 vel
1005 5544 1274 5600 nostram,
1307 5535 1390 5589 vel
1422 5544 1564 5588 tuam
1613 5542 1920 5587 constanter

267 5623 272 5628 ’
347 5625 553 5680 afﬁrma
579 5628 928 5692 sententiam;
957 5634 1014 5680 ut
1058 5635 1145 5680 aut
1173 5625 1476 5680 necessitati
1502 5667 1516 5692 ,
1550 5632 1641 5678 aut
1671 5622 1923 5677 voluntati

413 5739 430 5772 ι
467 5740 753 5799 vignierius,
788 5752 899 5788 cum
922 5749 1046 5799 Mss,
1070 5752 1176 5788 cur.

419 5799 443 5830 ι
470 5794 755 5861 vignierius,
788 5800 857 5849 sic
892 5794 1092 5851 alterum
1128 5799 1358 5863 opponis;
1397 5801 1585 5857 omisso,
1614 5794 1770 5857 alteri,
1799 5794 1926 5856 quod

355 5863 573 5910 exstabat
598 5864 642 5910 in
666 5863 1010 5920 tnanuscritttis.

1653 429 1860 484 LIBER
1901 421 2244 494 QUARTUS.

3449 425 3581 482 l3”

2003 525 2231 593 imputes
2257 523 2488 593 culpam.
2519 520 2652 576 Cum
2680 529 2856 575 autem
2881 518 3019 585 dico,
3047 529 3223 574 utrum
3248 520 3413 573 mavis
3437 562 3451 586 ,
3479 537 3582 574 non

2003 617 2078 670 sic
2104 614 2388 677 admoneo,
2417 626 2565 681 qua5t
2599 619 2683 664 tua
2711 610 2884 664 adhuc
2925 611 3082 664 lateat
3107 610 3287 678 opinio
3309 651 3323 674 ,
3354 612 3442 679 qui
3473 611 3583 664 cri-

2003 707 2142 761 mina
2174 693 2374 758 natu'rze
2398 718 2490 772 per
2520 701 2866 755 Maniclneum
2895 701 3180 770 importare
3206 701 3432 754 didicisti
3457 701 3581 755 :sed

2007 796 2130 851 ideo
2156 795 2254 849 hoc
2269 808 2605 860 commoneo,
2635 802 2693 848 ut
2718 793 3090 862 disputationis
3130 803 3234 847 tua:
3265 795 3462 847 veritas
3488 795 3584 848 dc-

2009 897 2238 944 llOlCllll‘.

2077 981 2211 1033 Avo.
2232 977 2375 1032 Velis
2393 977 2548 1040 nolis,
2568 977 2816 1046 quoniam
2835 991 2975 1046 szrpe
2989 975 3090 1030 hoc
3107 975 3260 1038 dicis,
3280 992 3420 1046 sarpe
3431 992 3585 1048 opor-

2005 1079 2148 1125 tctut
2167 1069 2369 1134 audias,
2391 1083 2494 1122 non
2515 1067 2674 1122 fuisse
2687 1067 3032 1122 Manichmum
3063 1069 3154 1137 qui
3188 1067 3323 1120 dixit
3342 1110 3355 1131 ,
3375 1068 3580 1123 dissen-

2005 1162 2206 1215 sionem
2226 1161 2401 1214 carnis
2412 1167 2466 1214 et
2479 1159 2692 1227 spiritus
2711 1175 2804 1227 per
2823 1160 3304 1226 prmvarimtionetn
3326 1160 3476 1227 primi
3495 1159 3590 1215 ho-

2007 1252 2164 1305 mittis
2185 1251 2236 1304 in
2255 1260 2495 1304 naturam
2514 1249 2736 1303 vertisse
2755 1248 3088 1320 (Ambrosius,
3109 1251 3176 1303 lib
3215 1251 3247 1304 7
3262 1251 3310 1303 in
3331 1249 3586 1304 Luc.xul.

2005 1343 2172 1410 Quam
2191 1352 2244 1396 tu
2259 1357 2469 1396 causam
2491 1342 2611 1396 mali
2628 1341 2783 1410 hujus
2805 1358 3023 1412 negans,
3042 1358 3161 1396 cum
3179 1359 3285 1413 quo
3302 1345 3440 1398 tnalo
3460 1346 3473 1374 ¹
3500 1361 3590 1398 ua-

2005 1434 2302 1488 sciomnem
2321 1432 2590 1489 hominem
2610 1449 2802 1504 negare
2821 1449 2923 1489 non
2937 1436 3126 1490 sineris
3142 1477 3156 1500 ,
3185 1435 3314 1490 facis
3344 1445 3400 1490 ut
3429 1436 3565 1490 Mani
3585 1466 3594 1476 ι

2007 1527 2186 1580 clucus
2212 1526 2330 1581 aliae
2352 1535 2553 1581 natura:
2572 1527 3001 1582 commixtionem
3030 1529 3179 1583 nobis
3215 1528 3388 1584 inesse
3425 1529 3588 1594 dicat,

2008 1629 2062 1674 et
2082 1620 2255 1674 vincat
2283 1619 2382 1674 nisi
2413 1629 2585 1674 tecum
2613 1619 2785 1675 victus
2813 1621 3056 1678 intereat.

2081 1731 2238 1788 XCV.
2265 1733 2386 1788 JUL.
2416 1732 2552 1799 Quid
2583 1733 2740 1803 igitur
2765 1732 2895 1787 mihi
2925 1733 3263 1804 responderis
3290 1733 3518 1804 prudens
3539 1743 3592 1788 et

2008 1825 2267 1880 sollicitus
2302 1823 2512 1878 auditor
2539 1825 2822 1894 expendat.
2877 1825 2952 1881 De
3006 1826 3240 1896 parvulis
3280 1837 3425 1882 certe
3478 1829 3593 1896 agi-

2011 1931 2149 1982 mus,
2176 1915 2368 1984 quibus
2392 1916 2531 1969 nulla
2562 1917 2786 1986 propria:
2817 1917 3010 1972 mentis
3037 1917 3191 1971 adest
3219 1920 3493 1981 voluntas,
3523 1918 3592 1974 de

2011 2007 2202 2076 quibus
2223 2009 2476 2076 qurcritur
2489 2023 2584 2076 per
2613 2009 2736 2077 quid
2766 2009 2873 2063 sint
2901 2011 3000 2062 sub
3023 2010 3256 2074 diabolo,
3287 2025 3420 2079 quos
3450 2011 3592 2065 Deus

2013 2095 2137 2151 fecit
2157 2137 2172 2159 ,
2195 2112 2316 2151 cum
2339 2097 2469 2150 nihil
2497 2097 2620 2151 mali
2651 2099 2796 2166 ipsos
2822 2099 2994 2168 egisse
3020 2101 3342 2154 consentias.
3375 2101 3452 2154 'l'u
3500 2115 3594 2155 eos

2013 2189 2358 2242 concionatus
2397 2203 2458 2242 es
2481 2228 2496 2254 ,
2535 2188 2601 2242 ad
2626 2188 2713 2258 jus
2737 2188 2996 2245 daemonis
3037 2199 3254 2259 propter
3283 2199 3554 2259 peccaturo
3579 2231 3593 2253 ,

2017 2292 2122 2332 non
2169 2285 2384 2348 pr0pter
2426 2288 2667 2332 naturam
2712 2279 2995 2348 pertinere.
3038 2279 3114 2333 Ad
3161 2279 3261 2334 hoc
3313 2279 3593 2336 iusurrexit

2016 2378 2200 2423 nostra
2228 2367 2504 2438 responsio
2531 2383 2546 2420 :
2575 2366 2712 2423 «Sed
2739 2376 2796 2422 ut
2819 2383 2926 2423 non
2954 2376 3130 2438 potest
3156 2383 3276 2424 esse
3304 2369 3418 2423 sine
3447 2369 3593 2424 sexi—

2016 2457 2117 2512 bus
2143 2458 2310 2520 fetus,
2339 2457 2409 2511 ita
2433 2450 2533 2512 nec
2562 2457 2679 2513 sine
2707 2458 2976 2512 voluntate
3002 2457 3272 2513 delictum.
3290 2477 3308 2510 ι
3339 2459 3420 2513 Ad
3447 2459 3591 2526 quod

2018 2556 2071 2601 ιιι
2111 2547 2370 2602 retulisti:
2397 2566 2414 2599 ι
2445 2547 2518 2602 Ita
2544 2563 2691 2614 vero,
2738 2548 2808 2602 ita
2837 2557 2919 2603 est
2951 2566 2965 2602 :
3001 2565 3022 2600 ι
3048 2549 3098 2603 id
3125 2557 3238 2614 est,
3268 2565 3371 2604 non
3421 2558 3598 2620 potest

2015 2653 2136 2694 esse
2174 2638 2291 2694 sine
2318 2638 2586 2693 voluntate
2627 2639 2899 2695 delictum.
2932 2638 3128 2694 Verum
3154 2639 3243 2710 qui
3273 2643 3373 2695 hoc
3397 2640 3596 2694 contir-

2016 2743 2278 2793 maveras,
2305 2744 2409 2799 qua
2442 2729 2762 2801 impudentia
2783 2729 3059 2784 subdidisti
3079 2732 3123 2793 ',
3147 2749 3166 2782 ι
3186 2731 3290 2786 Sed
3321 2747 3414 2801 per
3435 2748 3594 2785 unum

2018 2818 2285 2874 hominem
2310 2827 2584 2889 peccatum
2622 2820 2840 2875 intravit
2886 2821 2938 2875 in
2981 2820 3275 2890 mundum,
3325 2837 3418 2892 per
3445 2824 3600 2878 unius

2017 2908 2161 2964 illius
2184 2909 2550 2965 voluntatem?
2583 2929 2602 2964 ι

2088 3003 2228 3058 Ave.
2255 3001 2538 3072 Numquid,
2557 3002 2804 3072 quoniam
2830 3001 2897 3058 de
2925 3004 3158 3086 parvulis
3175 3005 3449 3074 agebatur,
3482 3005 3601 3079 ideo

2018 3093 2159 3162 quod
2185 3107 2367 3148 verum
2394 3093 2599 3158 dixisti,
2621 3109 2726 3147 non
2754 3093 2910 3148 debui
2939 3096 3224 3151 ostendere
3243 3097 3403 3151 etiam
3426 3110 3599 3152 meam

2020 3198 2126 3238 non
2160 3184 2419 3254 impedire
2443 3185 2762 3240 sententiam
2783 3225 2796 3249 ,
2827 3185 2876 3238 id
2903 3194 3005 3254 est,
3033 3202 3138 3240 non
3163 3201 3284 3242 esse
3307 3202 3466 3256 posse
3485 3187 3602 3244 sino

2020 3277 2288 3330 voluntate
2307 3275 2554 3331 delictum
2575 3293 2590 3343 ;
2613 3276 3037 3348 quandoquidem
3054 3278 3213 3332 etiam
3230 3279 3487 3348 originale
3506 3279 3602 3335 de-

2021 3365 2201 3420 lictum
2229 3380 2334 3420 non
2362 3366 2520 3421 habet
2549 3382 2760 3421 causam
2782 3407 2796 3429 ,
2830 3367 2929 3421 nisi
2975 3382 3038 3422 ex
3070 3367 3212 3422 illius
3239 3368 3507 3424 voluntate
3525 3409 3538 3435 ,
3571 3386 3599 3422 a

2020 3457 2251 3528 qnoipsa
2280 3457 2428 3527 origo
2457 3457 2776 3512 deducitur?
2804 3457 2937 3512 Illud
2967 3473 3094 3529 ergo
3122 3474 3244 3514 cum
3269 3459 3490 3514 adversa
3520 3459 3599 3514 iu-

2020 3548 2252 3603 tentione
2271 3546 2518 3612 dixisses,
2549 3563 2655 3602 non
2687 3548 2814 3602 mitti
2845 3557 3020 3604 tamen
3055 3549 3338 3605 adversum
3368 3565 3488 3607 esse
3511 3566 3598 3607 re-

2019 3639 2246 3708 spondi,
2270 3647 2324 3693 et
2348 3653 2530 3693 verum
2556 3653 2676 3693 esse
2695 3641 2964 3705 concessi;
2989 3649 3041 3694 et
3060 3641 3200 3711 quod
3232 3651 3289 3696 tu
3321 3657 3425 3695 non
3457 3641 3603 3696 vide-

2021 3743 2128 3794 ras,
2148 3728 2416 3797 quomodo
2439 3728 2567 3783 mihi
2589 3744 2692 3784 non
2710 3729 3100 3796 adversaretur,
3121 3733 3348 3787 ostendi.
3377 3733 3601 3788 Potuisti

2019 3817 2162 3871 enim
2208 3817 2386 3872 dicere
2427 3819 2717 3873 secundum
2758 3821 3104 3874 intentionem
3135 3832 3314 3888 tuam,
3340 3838 3444 3878 non
3484 3838 3604 3880 esse

2022 3921 2180 3976 posse
2199 3905 2450 3960 delictum
2476 3907 2593 3962 sine
2613 3908 2752 3961 illius
2772 3949 2786 3974 ,
2807 3909 2961 3977 cujus
2989 3909 3241 3965 delictum
3257 3921 3332 3965 est
3352 3953 3367 3977 ,
3389 3913 3602 3982 propria

2023 3999 2325 4054 voluntate:
2349 3998 2489 4068 quod
2514 3999 2558 4053 si
2588 3999 2832 4063 dixisses,
2861 4015 3191 4071 nequaquam
3218 4003 3601 4072 concederem;

2022 4091 2139 4146 sine
2155 4091 2367 4160 propria
2387 4089 2553 4144 enim'
2571 4092 2837 4147 nascentis
2851 4093 3120 4148 voluntate
3135 4093 3359 4148 trahitur
3374 4096 3605 4165 origina-

2023 4185 2074 4240 le
2101 4193 2394 4256 peccatum.
2415 4183 2518 4240 Sed
2551 4194 2724 4240 tamen
2746 4201 2929 4240 verum
2958 4185 3158 4253 dixisti,
3179 4203 3284 4241 non
3309 4204 3464 4257 posse
3483 4204 3605 4246 esse

2024 4276 2139 4331 sine
2168 4276 2438 4330 voluntate
2477 4285 2747 4344 peccatum
2776 4277 2935 4345 :quia
2954 4286 3007 4331 et
3035 4277 3202 4348 ipsum
3233 4278 3488 4348 originale
3513 4295 3606 4334 vo-

2026 4366 2200 4420 luntas
2220 4367 2338 4435 ejus
2365 4365 2558 4432 effecit,
2580 4367 2668 4433 qui
2700 4367 2899 4435 primus
2924 4383 3006 4434 ea,
3026 4382 3128 4437 qua
3155 4378 3338 4422 natura
3368 4368 3599 4424 humana

2023 4461 2203 4516 vitiata
2229 4469 2330 4526 est,
2359 4461 2629 4514 voluntate
2660 4461 2930 4529 peccavit;
2959 4461 3027 4513 ita
3059 4465 3117 4513 ut
3140 4460 3392 4531 quidquid
3428 4460 3603 4516 homi-

2025 4568 2150 4606 num
2175 4560 2482 4607 nasceretur
2503 4565 2596 4618 per
2613 4550 2788 4604 carnis
2811 4551 3314 4619 concupiscentiam,
3339 4567 3456 4621 quae
3483 4567 3605 4607 reo-

2026 4658 2142 4696 rum
2163 4641 2475 4695 confusione
2503 4640 2674 4694 velata
2693 4649 2805 4706 est,
2835 4640 3060 4696 liberum
3088 4636 3192 4698 non
3211 4641 3361 4698 fleret
3381 4657 3411 4697 a
3431 4653 3602 4710 reatu,

2027 4735 2126 4788 nisi
2158 4742 2525 4788 renasceretur
2553 4747 2650 4802 per
2667 4733 2886 4803 spiritus
2905 4735 3148 4803 gratiam.

2096 4823 2278 4879 XCVI.
2307 4823 2424 4879 ιιιι..
2453 4823 2715 4894 Numquid
2737 4824 2803 4879 de
2829 4824 2997 4879 Adam
3025 4826 3275 4893 operibus
3309 4826 3605 4896 interroga-

2029 4925 2111 4970 tus
2135 4916 2686 4983 er‘as,autqu:esitum
2735 4913 2938 4979 fuerat,
2980 4924 3154 4968 utrum
3202 4915 3291 4970 ille
3334 4917 3608 4971 voluntate

2029 5016 2302 5076 peccasset
2339 5006 2362 5059 ?
2405 5005 2544 5075 quod
2586 5006 2796 5075 quidem
2827 5015 3011 5059 contra
3063 5014 3114 5059 te
3166 5021 3285 5061 mox
3317 5015 3603 5077 quaeretur.

2029 5099 2174 5161 Esto.
2203 5097 2319 5152 aliis
2347 5106 2401 5152 te
2425 5097 2649 5152 delectet
2675 5094 2897 5151 illudere
2924 5113 2938 5151 :
2964 5095 3114 5166 cujus
3135 5095 3487 5164 deformitatis
3503 5107 3604 5159 est,

2028 5199 2085 5243 ut
2111 5200 2167 5243 tu
2190 5187 2397 5242 tibimet
2422 5187 2660 5256 imponas
2681 5186 2702 5239 ?
2723 5185 2918 5255 quippe
2949 5185 3088 5240 haud
3124 5187 3253 5242 mihi
3299 5188 3450 5240 valeo
3481 5201 3606 5254 per-

2028 5281 2257 5337 suadere
2276 5321 2291 5346 ,
2317 5278 2457 5346 quod
2488 5287 2682 5332 tantam
2713 5278 3102 5335 deformitatem
3132 5295 3234 5333 non
3263 5277 3444 5332 fraude
3464 5317 3478 5338 ,
3512 5279 3606 5331 sed

2028 5371 2276 5441 opinione
2303 5369 2538 5440 patiaris.
2563 5369 2619 5424 In
2643 5385 2748 5424 uno
2787 5369 3086 5439 eodemque
3108 5384 3260 5424 versu
3291 5367 3567 5420 assentiris
3593 5409 3606 5431 ,

2031 5480 2132 5519 non
2161 5479 2316 5534 posse
2348 5477 2466 5517 esse
2493 5463 2606 5517 sine
2628 5463 2898 5518 voluntate
2919 5463 3256 5524 deiiettun,ct
3278 5459 3461 5514 subdis
3489 5475 3614 5528 pro.

2032 5557 2192 5614 tinus,
2226 5562 2497 5624 peccatum
2526 5554 2666 5623 quod
2695 5554 2810 5609 sine
2835 5562 2979 5607 motu
3009 5549 3169 5604 animi
3193 5549 3362 5602 libero
3393 5566 3609 5607 manete

2094 5673 2112 5702 ί
2147 5671 2282 5728 Editi,
2312 5665 2507 5718 malum.
2532 5671 2816 5718 Concinnius
2837 5673 2959 5724 Mss,
2983 5661 3127 5732 (nolo.

2094 5734 2114 5762 ³
2151 5726 2296 5779 Vetus
2317 5731 2472 5779 codex
2497 5738 2756 5786 I’ortarutn,
2779 5742 2873 5790 qua
2902 5726 3146 5790 pudenda.

2095 5795 2115 5824 ³
2147 5795 2219 5841 sic
2241 5799 2321 5839 Ms.
2357 5798 2480 5840 ιιοιί.
2525 5792 2604 5839 Alii
2646 5783 2760 5841 vero
2792 5783 3102 5839 'ntan'uscriuti
3145 5799 3256 5837 cum
3301 5785 3445 5838 editis
3489 5783 3611 5847 loco,

2037 5853 2178 5906 enim.
2207 5854 2401 5904 habent.
2435 5853 2616 5902 eadem.
