3934 6178
299 441 433 498 1395

258 573 400 621 ,non
425 539 678 622 dixeras:
722 555 778 613 in
804 556 1050 612 omnibus
1091 555 1396 612 hominibus
1443 555 1558 609 sine
1607 553 1879 609 voluntate

296 664 538 720 regnare.

374 746 509 800 Atto.
539 741 675 811 Quid
704 740 959 811 supponis
989 739 1208 795 verbum
1236 749 1380 794 tuum
1407 739 1558 810 quasi
1587 754 1764 794 meum
1785 781 1799 804 ,
1826 746 1882 792 ut

295 848 399 888 non
423 834 685 889 sentiente
713 833 803 902 qui
829 833 930 887 hoc
957 831 1104 886 audit
1129 841 1218 886 aut
1246 830 1403 902 legit,
1432 829 1714 885 subtrahas
1759 845 1880 883 seu.

293 942 410 979 sum
439 941 614 979 meum
643 923 667 978 ?
690 925 799 996 Ego
827 940 930 978 non
951 924 1081 991 dixi,
1111 923 1225 978 sine
1247 924 1516 977 voluntate
1540 936 1754 976 manere
1771 936 1878 975 non

297 1034 452 1086 posse
491 1026 764 1088 peccatum
784 1058 801 1085 ,
840 1016 934 1070 sed
966 1031 1086 1072 esse
1138 1032 1240 1070 non
1274 1030 1430 1085 posse
1459 1032 1470 1067 :
1497 1025 1750 1085 quantmn
1783 1029 1879 1067 au-

299 1121 402 1164 tem
433 1109 669 1177 intersit,
698 1123 762 1163 ex
810 1107 912 1163 tuis
953 1107 1130 1162 verbis
1155 1107 1410 1178 aperiam.
1444 1105 1545 1160 Ubi
1573 1106 1716 1159 enim
1745 1103 1878 1157 dixi-

294 1201 381 1261 sti,
417 1219 435 1251 ι
460 1199 572 1254 Νοιι
604 1206 778 1270 potest
819 1213 941 1253 esse
993 1198 1109 1253 sine
1137 1196 1351 1251 Sexibus
1378 1195 1547 1260 fetus;
1581 1215 1600 1248 ›
1626 1199 1744 1264 quis
1771 1211 1874 1249 non

292 1302 344 1346 te
371 1307 555 1346 verum
585 1290 782 1344 dixisse
805 1288 1103 1344 consentiat
1129 1287 1150 1341 i
1178 1287 1346 1342 Aliter
1376 1286 1519 1340 enim
1552 1301 1658 1340 non
1688 1287 1879 1341 existit

291 1387 448 1447 tctus,
499 1382 600 1436 nisi
653 1397 718 1436 ex
767 1381 928 1435 maris
971 1387 1026 1433 et
1063 1378 1274 1434 femina:
1317 1377 1554 1432 scxibus.
1605 1376 1663 1431 Si
1698 1386 1875 1431 autem

287 1475 517 1529 dixisses
538 1515 554 1540 ,
584 1472 697 1528 Non
732 1481 904 1543 potest
930 1485 1146 1526 manere
1166 1470 1282 1524 sine
1309 1468 1527 1523 sexibus
1554 1468 1725 1534 fetus;
1757 1469 1878 1539 quis

291 1569 382 1621 tibi
409 1567 511 1622 hoc
536 1583 721 1622 verum
754 1580 874 1620 esse
899 1564 1257 1622 concederet?
1277 1563 1453 1618 Manet
1477 1561 1620 1617 enim
1644 1561 1878 1630 sine‘pa-

290 1668 499 1713 rentum
531 1658 748 1713 sexibus
793 1659 951 1723 fetus,
981 1658 1096 1711 sine
1143 1655 1338 1725 quibus
1386 1665 1562 1709 tamen
1609 1667 1728 1708 esse
1771 1667 1876 1706 non

290 1761 503 1820 posset;
528 1766 627 1806 nec
656 1751 874 1806 omnino
899 1750 997 1818 ipsi
1029 1749 1226 1804 faciunt
1254 1756 1312 1802 ιιι
1339 1756 1570 1812 maneat,
1601 1746 1691 1816 qui
1737 1745 1879 1801 fece-

289 1852 412 1912 runt
441 1854 497 1898 ut
523 1851 688 1899 esset.
713 1843 801 1899 Sic
825 1858 952 1913 ergo
973 1852 1250 1912 pereatum
1273 1882 1291 1908 ,
1320 1840 1464 1911 quod
1492 1854 1612 1897 esse
1639 1840 1758 1895 sine
1781 1852 1878 1892 vo-

292 1938 626 1990 luntatenon
657 1944 868 2005 potest,
923 1950 1142 1990 manere
1182 1935 1300 1989 sine
1351 1933 1624 1988 voluntate
1676 1939 1871 2002 potest.

290 2027 470 2096 Itaque
494 2026 651 2080 etiam
675 2035 951 2098 peceatum
976 2024 1125 2090 Δάλιε,
1155 2023 1408 2094 quoniam
1432 2023 1604 2092 ipsum
1627 2023 1875 2092 estquod

287 2116 617 2185 uriginaliter
663 2124 844 2171 manet
895 2115 946 2170 in
994 2115 1223 2184 posteris
1251 2114 1399 2182 ejus,
1431 2113 1532 2168 nisi
1572 2113 1768 2183 quibus
1821 2113 1872 2167 in

285 2207 504 2264 ttbristo
519 2207 826 2274 remittitur,
845 2205 1086 2278 profecto
1109 2221 1230 2261 cum
1255 2204 1449 2261 dicitur
1469 2213 1522 2260 et
1541 2203 1592 2259 in
1610 2205 1739 2274 ipsis
1759 2204 1875 2260 sine

285 2301 554 2354 voluntate
575 2313 683 2354 non
710 2312 829 2354 esse
849 2339 864 2363 ,
889 2297 957 2352 ad
983 2297 1125 2353 illius
1148 2295 1472 2352 voluntatem
1500 2295 1750 2362 refertur,
1771 2311 1874 2366 qua

287 2397 482 2445 tactum
503 2397 590 2446 est
616 2398 672 2444 ut
699 2398 844 2446 esset
861 2388 1004 2460 quod
1034 2387 1302 2443 manendo
1322 2387 1449 2444 etin
1465 2387 1694 2459 posteris
1709 2395 1871 2453 esset,

295 2497 401 2536 non
429 2495 534 2552 qua
563 2479 761 2536 factum
790 2489 874 2536 est
903 2487 964 2534 ut
997 2487 1238 2535 maneret
1281 2478 1425 2550 quod
1472 2489 1528 2534 et
1549 2478 1664 2533 sine
1686 2478 1876 2532 volun-

283 2583 392 2627 tate
411 2571 524 2642 jam
554 2581 757 2641 posset.
781 2569 838 2627 Si
865 2577 1043 2626 autem
1062 2571 1164 2626 hoc
1181 2569 1316 2626 dicis
1335 2585 1474 2634 esse,
1497 2569 1639 2640 quod
1656 2578 1736 2624 est
1760 2583 1874 2622 ma-

285 2679 453 2730 nere;
481 2677 588 2718 non
611 2661 880 2719 contendo
903 2659 1104 2727 verbis,
1135 2662 1230 2716 sed
1261 2661 1419 2732 plane
1437 2660 1560 2717 dico
1575 2701 1591 2728 ,
1617 2671 1871 2730 quantum

284 2756 476 2810 attinet
490 2752 557 2809 ad
588 2752 958 2820 manendum',
976 2752 1094 2808 sine
1109 2752 1378 2808 voluntate
1401 2766 1524 2807 esse
1542 2766 1700 2820 posse
1714 2767 1874 2807 omne

290 2854 587 2911 peccatum.
608 2843 738 2912 Quis
767 2853 852 2900 est
875 2843 1018 2899 enim
1046 2843 1135 2914 qui
1161 2853 1439 2914 peccatum
1461 2842 1601 2912 quod
1629 2843 1745 2898 sine
1772 2859 1870 2900 vo:

285 2935 488 2990 Ituttate
518 2950 623 2989 non
652 2932 775 2990 fecit
795 2975 809 3001 ,
832 2949 1048 2991 manere
1077 2935 1236 2990 etiam
1265 2933 1438 2990 veliti
1464 2934 1528 2988 Et
1548 2942 1724 2990 tamen
1755 2950 1870 2990 ma-

287 3035 378 3080 net
407 3025 622 3082 noiente
651 3035 932 3096 peccatore
975 3037 1278 3096 peccatum,
1330 3025 1482 3096 quod
1518 3040 1547 3079 a
1601 3026 1872 3082 voluntate

284 3117 633 3173 eummissum
704 3127 807 3174 est.
873 3118 1050 3173 Manet
1099 3133 1229 3188 ergo
1274 3116 1448 3173 donec
1499 3119 1802 3172 remittatur
1853 3135 1867 3173 :

287 3219 341 3262 et
359 3209 403 3264 si
425 3225 694 3280 nunquam
724 3209 1041 3275 remittatur,
1061 3208 1294 3264 manebit
1317 3207 1371 3262 in
1389 3217 1680 3274 mteruum;
1700 3223 1873 3279 neque

283 3298 426 3353 enim
477 3298 808 3356 mendaciter
840 3299 892 3353 in
923 3299 1208 3369 Evangelia
1237 3297 1434 3353 dictum
1465 3306 1547 3353 est
1570 3340 1586 3364 ,
1619 3297 1755 3353 licus
1777 3299 1870 3352 erit

281 3391 458 3444 (elcrni
496 3391 688 3462 νεοίαιὶ
721 3390 741 3461 (
767 3390 934 3446 Merc.
966 3407 1043 3458 tn,
1073 3389 1190 3462 9.9).

358 3481 564 3538 XCVII.
593 3481 710 3538 .Ιι;ι..
744 3481 945 3537 Deinde
968 3481 1091 3550 quia
1139 3481 1304 3536 multa
1337 3481 1387 3534 in
1421 3480 1872 3550 propositionibus

285 3573 554 3628 invenitur
581 3571 862 3627 diversitas
889 3573 932 3634 ',
963 3570 1177 3625 dixeras
1210 3588 1230 3622 ι
1261 3586 1365 3624 nou
1392 3586 1513 3626 esse
1537 3571 1655 3625 sine
1681 3571 1868 3625 volun-

282 3675 394 3719 tate
416 3663 703 3729 delictum;
733 3679 754 3714 ι
775 3670 829 3716 et
850 3661 1191 3732 respondisti,
1215 3678 1234 3713 ι
1253 3660 1347 3715 sed
1371 3676 1464 3730 per
1489 3661 1645 3715 unius
1679 3661 1870 3716 volun-

286 3763 450 3810 tatem
477 3769 600 3811 esse
624 3753 902 3810 delictum.
917 3771 936 3806 ι
959 3752 1224 3823 Numquid
1247 3753 1484 3809 concinit
1505 3754 1764 3824 superiori
1785 3753 1871 3810 de-

291 3847 538 3911 I‘mitioni,
569 3863 691 3919 qua:
716 3845 932 3902 ablativi
982 3860 1141 3901 casus
1197 3845 1570 3916 praepositione
1613 3846 1867 3913 munitur,

284 3949 468 3998 secuta
512 3939 793 4012 responsio
817 3954 913 4010 per
941 3938 1372 4010 praepositionem
1399 3939 1684 3994 accusativi
1714 3954 1873 3996 casus

287 4034 430 4088 illata
459 4032 484 4085 ‘l
519 4031 817 4099 Quaesitum
857 4038 974 4086 erat
999 4040 1175 4085 utrum
1225 4039 1370 4085 esset
1394 4028 1600 4086 crimen
1631 4029 1748 4085 sine
1772 4044 1868 4085 vo-

288 4125 510 4187 luntate,
540 4123 679 4193 quod
708 4139 813 4178 non
837 4137 994 4192 posse
1019 4123 1369 4179 constiterat:
1400 4130 1455 4176 ιιι
1472 4122 1752 4178 subdidisti
1779 4139 1872 4192 per

285 4233 446 4270 intum
472 4213 742 4271 hominem
773 4213 1000 4270 intrasse
1026 4224 1300 4285 peccatum
1325 4253 1342 4279 ,
1363 4228 1484 4268 cum
1515 4219 1620 4269 no‘n
1648 4214 1872 4270 referret

288 4321 382 4376 per
409 4306 533 4372 quid
552 4307 800 4377 erupisset
818 4347 833 4373 ,
861 4305 956 4362 sed
980 4305 1097 4361 sine
1124 4319 1232 4375 quo
1246 4317 1370 4359 esse
1389 4318 1496 4359 non
1525 4313 1726 4373 posset.

357 4399 466 4456 Are
481 4437 496 4454 .
518 4398 632 4470 Ego
657 4398 736 4455 sic
763 4397 877 4454 dixi
901 4405 1174 4468 peccatum
1196 4396 1312 4451 sine
1331 4394 1602 4450 voluntate
1625 4409 1743 4450 esse
1763 4410 1868 4450 non

289 4504 443 4558 posse
463 4531 478 4554 ,
508 4489 774 4560 quomodo
799 4489 1027 4546 dicimus
1057 4503 1210 4560 poma
1233 4487 1316 4542 vel
1348 4486 1611 4542 frumenta
1638 4486 1755 4541 sine
1780 4501 1868 4541 ra-

285 4581 492 4635 dicibus
527 4596 648 4637 esse
699 4597 806 4636 non
844 4595 1047 4650 posse:
1074 4581 1161 4636 ubi
1191 4580 1353 4636 etiam
1402 4578 1520 4634 sine
1575 4577 1871 4634 offensione

283 4670 748 4738 grammaticorum
775 4685 1062 4742 possumus
1087 4671 1265 4726 dicere
1283 4712 1299 4738 ,
1325 4669 1584 4741 pennave!
1607 4670 1870 4726 frumenta

286 4761 386 4814 nisi
440 4774 536 4829 per
579 4759 814 4815 radicem
861 4775 983 4816 esse
1035 4776 1142 4815 non
1196 4775 1374 4830 posse.
1406 4762 1540 4817 Cum
1567 4777 1696 4833 ergo
1725 4770 1872 4818 recte

291 4861 578 4921 utrumque
601 4850 828 4917 dicatur,
857 4851 1101 4922 quamvis
1128 4850 1258 4906 illud
1289 4866 1386 4922 per
1402 4851 1639 4922 ablativi,
1659 4853 1758 4909 hoc
1776 4871 1872 4924 per

283 4943 573 4998 accusativi
599 4957 757 4999 casus
793 4941 1224 5014 praepositionem
1250 4942 1585 5009 enuntietur;
1619 4943 1745 5014 quid
1786 4954 1873 5000 est

283 5040 424 5110 quod
455 5040 608 5096 nobis
627 5041 839 5097 casibus
874 5041 1173 5108 nominum,
1197 5037 1340 5095 velut
1369 5039 1611 5094 cassibus
1647 5053 1872 5094 aranea-

283 5149 433 5199 rum,
479 5142 678 5203 quanlo
728 5131 1009 5196 subtilius,
1037 5139 1183 5188 tanto
1221 5130 1482 5186 infirmius
1521 5129 1695 5185 tendis
1738 5129 1871 5184 insi-

285 5223 402 5278 dias
433 5219 463 5278 ἲ
489 5223 681 5289 Quane
723 5236 935 5276 muscas
983 5222 1288 5288 nim-ituras,
1321 5236 1456 5291 quas
1481 5220 1598 5276 istis
1636 5221 1872 5275 reticulis

285 5313 484 5384 capias.
541 5311 657 5369 Non
709 5311 810 5366 hoc
848 5321 1000 5366 erant
1043 5313 1156 5377 illi,
1202 5325 1337 5381 quos
1393 5312 1513 5366 ideo
1560 5310 1867 5380 sequimur,

285 5416 341 5458 ut
401 5413 521 5459 tuas
568 5402 864 5459 tcndicuias
908 5402 1244 5471 dissipemus.
1286 5401 1402 5456 Non
1444 5402 1543 5456 hoc
1583 5411 1700 5456 erat
1731 5401 1871 5469 Apoc

285 5495 484 5565 sudus,
536 5497 626 5567 qui
670 5494 805 5550 dixit
836 5491 1070 5556 :Corpus
1105 5493 1307 5562 quidem
1355 5504 1603 5548 mortuum
1637 5503 1710 5548 est
1754 5508 1870 5564 pro-

353 5712 368 5738 ι
404 5705 694 5768 vlguierlus,
715 5713 938 5766 quantum
963 5703 1105 5754 altius
1128 5704 1192 5754 od
1216 5702 1520 5753 manendum.
1554 5703 1870 5766 Manuscripti,

294 5766 523 5828 quamn—nt
549 5766 710 5817 auum
733 5768 797 5816 (td
821 5769 1126 5828 nutriendum.

348 5831 368 5859 ⁸
384 5827 542 5895 (unde;
565 5835 687 5894 Port.
711 5842 723 5875 :
749 5826 929 5895 penult;
959 5841 1049 5895 cur
1062 5827 1170 5889 jam
1195 5825 1342 5878 multa
1366 5824 1657 5877 dissonantia
1678 5823 1726 5874 in
1746 5837 1872 5889 pra:-

295 5886 594 5945 pcs-tt'ont'bus
616 5888 847 5940 invenitur
874 5886 1140 5942 diuersitas.

968 439 1211 497 OPERIS
1250 437 1660 496 IMPERFECTI
1697 439 1964 499 CONTRA
1998 439 2354 506 JL'U.\NUM,
2397 440 2452 498 S.
2497 441 2860 500 AL'GL'STINI

3437 443 3572 502 I396

1995 565 2106 627 pler
2135 567 2390 627 peccalttttt
2413 555 2588 627 (Rom.
2623 572 2728 624 \‘Ili,
2767 557 2870 629 l0).
2892 556 3004 610 Non
3039 555 3139 611 hoc
3162 566 3277 611 erat
3311 555 3564 623 Ililarius,

1988 648 2078 716 qui
2124 647 2257 702 dixit
2286 663 2300 700 :
2333 665 2352 699 ι
2381 648 2452 701 Ex
2514 658 2731 717 peccato
2776 647 2950 702 omnis
2979 661 3105 702 caro
3128 656 3245 714 est,
3276 663 3307 702 a
3353 659 3571 718 μεραιιο

1988 739 2192 794 scilicet
2217 738 2384 792 Adam
2406 739 2639 807 parentis
2658 740 2675 770 ί
2699 738 2944 792 deducta.
2971 757 2990 790 ι
3017 737 3132 792 Νοιι
3164 739 3266 795 hoc
3294 751 3410 794 erat
3440 741 3570 794 Am-

1988 831 2221 898 brosius,
2235 831 2322 900 qui
2339 831 2499 885 dixit:
2522 850 2540 883 ι
2559 832 2757 886 Omnes
2772 831 2871 886 sub
2895 841 3112 900 peccato
3133 833 3422 899 nascimur,
3441 850 3572 903 quo-

1987 941 2103 978 rum
2136 927 2248 995 ipse
2277 936 2423 981 ortus
2473 927 2524 981 in
2556 925 2685 982 vitio
2713 938 2823 982 est)
2854 925 2956 997 (De
2979 924 3282 994 Pwnitpnlia
3306 967 3322 988 ,
3369 942 3489 997 cup.
3534 926 3570 980 Ξ

1986 1018 2062 1070 vel
2088 1016 2164 1087 5).
2205 1015 2416 1072 Utinam
2449 1027 2502 1071 tu
2549 1018 2722 1088 potius
2764 1018 2984 1072 istorum
3015 1016 3210 1072 Christi
3241 1016 3567 1087 piscatorum

1989 1107 2194 1162 retibus
2223 1109 2481 1163 tenaciter
2517 1109 2908 1178 salubriterque
2950 1109 3215 1178 capiaris:
3249 1119 3372 1162 tttnc
3407 1123 3564 1164 accu-

1983 1200 2211 1254 sativum
2241 1215 2422 1256 casum
2443 1242 2459 1268 ,
2495 1217 2600 1272 quo
2630 1204 2742 1271 ipse
2770 1217 2799 1255 a
2832 1211 2883 1256 te
2927 1202 3040 1271 ipso
3064 1216 3126 1255 es
3151 1186 3461 1263 accusatus,
3513 1212 3566 1254 et

1985 1291 2295 1356 ablativum,
2321 1307 2428 1361 quo
2454 1292 2524 1347 de
2552 1291 2792 1347 Ecclesia
2819 1292 3081 1346 catholica
3108 1307 3167 1345 es
3188 1291 3426 1355 ablatus,
3449 1308 3563 1345 cor-

1984 1389 2166 1436 rectus
2189 1382 2380 1436 melius
2403 1382 2714 1437 declinabis.
2753 1383 3167 1451 Prmpositians
3186 1391 3364 1435 autem
3406 1383 3450 1435 si
3481 1397 3567 1437 re-

1983 1478 2068 1524 cte
2095 1479 2254 1540 atque
2280 1472 2484 1542 integre
2510 1473 2769 1542 sequeris,
2794 1487 2893 1527 cur
2917 1490 3018 1526 non
3038 1474 3169 1528 istos
3189 1473 3439 1528 doctores
3469 1472 3564 1528 Ec-

1982 1560 2162 1616 clesiae
2187 1562 2303 1628 tibi,
2334 1562 2576 1632 deposita
2606 1565 2856 1628 elatione,
2892 1564 3206 1633 pra-ponis?

2053 1650 2282 1708 XCVIII.
2328 1653 2450 1708 Jun.
2481 1655 2719 1723 Apparet
2767 1664 2915 1709 certe
2968 1655 3166 1707 furtum
3213 1653 3563 1721 detestabile,

1981 1743 2122 1812 quod
2160 1744 2374 1814 quidem
2419 1744 2699 1800 confestim
2729 1761 2814 1808 ea,
2857 1761 2976 1816 quze
3023 1747 3254 1814 peccatis
3297 1746 3564 1811 adbzrret,

1984 1834 2184 1890 ultione
2201 1837 2442 1904 punitum
2475 1846 2577 1902 est,
2610 1837 2858 1892 videlicet
2887 1846 2945 1892 ut
2969 1848 3254 1908 antequam
3282 1838 3337 1892 in
3361 1849 3562 1909 pestem

1981 1925 2297 1996 procederet
2323 1926 2674 1991 audientium,
2736 1943 2893 1982 suum
2939 1929 3349 1986 circumveniret
3384 1941 3568 1985 aucto-

1979 2033 2115 2072 rem.
2149 2018 2286 2073 Ecce
2311 2019 2458 2074 enim
2483 2035 2588 2074 non
2614 2020 2871 2075 abnuitur
2896 2021 3123 2090 primum
3153 2021 3423 2077 hominem
3464 2023 3563 2078 ali-

1979 2110 2120 2181 quod
2163 2112 2451 2168 incurrisse
2497 2122 2806 2182 peccatum;
2853 2115 2947 2169 sed
2996 2115 3252 2185 qumritur
3297 2117 3564 2184 quomodo

1980 2203 2083 2260 boc
2109 2214 2383 2275 peccatum
2412 2215 2593 2277 posset
2621 2206 2671 2260 in
2717 2206 3060 2261 nascentibus
3099 2206 3345 2260 inveniri.
3399 2206 3566 2260 Defini

1980 2305 2055 2363 tu,
2091 2298 2295 2366 peccati
2327 2299 2483 2368 primi
2507 2297 2719 2369 qualem
2760 2307 2914 2367 putes
2954 2297 3312 2352 conditionem
3364 2297 3562 2355 fuiSSe:

1979 2387 2134 2457 dicis,
2163 2407 2184 2442 ι
2219 2389 2478 2445 Voluntas
2522 2390 2620 2444 fuit
2648 2390 2845 2455 libera,
2876 2405 2982 2445 non
3026 2390 3171 2446 enim
3220 2400 3394 2460 potest
3448 2407 3566 2447 esse

1979 2478 2095 2534 sine
2124 2478 2398 2535 voluntate
2425 2490 2700 2549 peccatum
2735 2497 2749 2534 :
2787 2499 2806 2532 ι
2844 2495 2941 2535 nos
2983 2479 3087 2536 hoc
3129 2480 3436 2550 probamus.
3485 2482 3563 2536 Tu

1981 2588 2108 2628 vero
2132 2572 2336 2638 subdis,
2371 2591 2389 2624 ι
2418 2572 2522 2627 Sed
2557 2571 2658 2627 hoc
2705 2580 2982 2642 peccatum
3003 2613 3018 2638 ,
3052 2571 3194 2642 quod
3233 2572 3351 2627 sine
3373 2575 3563 2627 volun-

1979 2675 2089 2719 tate
2111 2678 2231 2721 esse
2257 2679 2362 2720 non
2393 2673 2603 2736 potest,
2636 2663 2804 2721 liceret
2829 2666 2944 2720 sine
2971 2665 3247 2721 voluntate
3293 2667 3562 2721 nascenti-

1976 2755 2097 2812 bus.
2112 2775 2131 2810 ι

2050 2851 2186 2904 Avo.
2228 2848 2408 2904 llmret
2441 2863 2533 2918 per
2559 2847 2861 2918 contagium
2884 2890 2899 2915 ,
2928 2861 3034 2902 non
3061 2863 3161 2918 per
3187 2847 3487 2902 arbitrium.

2047 2937 2234 2993 XCIX.
2264 2937 2384 2993 λιιι.
2413 2937 2626 2994 Falsum
2654 2948 2737 2994 est
2750 2955 2878 3009 ergo
2899 2939 3038 3008 quod
3063 2953 3430 3004 concesseras,
3449 2957 3556 2994 non

1971 3043 2097 3086 csse
2125 3030 2240 3084 sine
2260 3031 2530 3085 voluntate
2560 3039 2864 3100 peccatum;
2890 3030 2934 3084 si
2972 3029 3096 3084 licet
3123 3032 3465 3085 commissum
3495 3033 3562 3084 sit

1977 3135 2072 3189 per
2095 3120 2419 3175 voluntatem
2441 3162 2454 3186 ,
2482 3128 2658 3176 tamen
2685 3119 2751 3174 ad
2774 3120 2907 3175 alios
2949 3121 3123 3190 potuit
3147 3121 3264 3176 sine
3293 3123 3559 3176 voluntate

1979 3213 2224 3267 transire.
2643 3233 2646 3236 ’

2046 3303 2182 3357 Auc.
2210 3301 2325 3356 Non
2356 3310 2438 3357 est
2467 3299 2656 3356 falsum
2687 3301 2829 3372 quod
2852 3317 3225 3358 concesseram
3248 3345 3262 3368 ,
3292 3303 3416 3373 quia
3444 3303 3556 3359 sine

1954 3395 2247 3450 voluntate
2272 3395 2442 3460 illius,
2473 3408 2502 3448 a
2522 3409 2627 3465 quo
2654 3396 2903 3466 eStorigo
2929 3397 3264 3449 nascentium
3295 3437 3310 3458 ,
3345 3411 3449 3450 non
3481 3406 3554 3450 est

1976 3488 2171 3542 factum
2196 3487 2450 3556 originale
2474 3497 2746 3556 peccatum
2781 3505 2794 3540 :
2825 3490 2995 3557 potuit
3021 3497 3198 3542 autem
3222 3488 3286 3542 ad
3318 3489 3449 3542 alios
3472 3504 3558 3557 per

1976 3579 2280 3648 contagium
2302 3578 2419 3632 sine
2441 3577 2714 3632 voluntate
2736 3579 2984 3643 transire,
3013 3577 3152 3648 quod
3184 3594 3286 3631 non
3312 3579 3478 3647 potuit
3497 3578 3560 3629 ab

1977 3670 2069 3724 illo
2109 3669 2226 3725 sine
2263 3669 2536 3726 voluntate
2585 3668 2865 3724 committi.
2911 3671 2989 3724 Ae
3029 3686 3121 3738 per
3160 3670 3260 3724 huc
3284 3711 3298 3734 ,
3331 3671 3445 3724 sine
3477 3687 3560 3722 vo-

1978 3761 2179 3817 luntate
2229 3777 2350 3816 esse
2415 3777 2520 3816 non
2566 3769 2782 3831 posset,
2837 3770 2898 3815 ut
2939 3769 3084 3816 esset
3128 3761 3269 3830 quod
3328 3763 3379 3815 in
3434 3763 3561 3815 alios

1977 3853 2094 3908 sine
2158 3852 2430 3908 voluntate
2478 3854 2498 3885 '
2555 3851 2805 3908 transiret
2860 3868 2874 3907 :
2933 3852 3070 3906 sicut
3123 3852 3384 3905 frumenta
3448 3852 3561 3906 sine

1979 3944 2243 4000 radicibus
2264 3959 2384 4001 esse
2409 3960 2514 4000 non
2537 3953 2786 4014 possent,
2813 3954 2867 3998 ut
2891 3955 3073 3999 essent
3101 3960 3222 4014 qua:
3250 3945 3302 3999 in
3323 3945 3424 3998 alia
3450 3945 3558 4000 loca

1978 4036 2206 4091 transire
2236 4037 2351 4090 sine
2381 4036 2648 4091 radicibtts
2677 4045 2921 4106 possent.

2045 4127 2108 4181 (ἶ.
2139 4127 2259 4182 JL'L.
2291 4127 2384 4181 Est
2413 4141 2541 4197 ergo
2564 4127 2671 4195 jam
2694 4129 2810 4181 sine
2825 4127 3094 4181 voluntate
3118 4134 3419 4194 peccatum,
3440 4141 3556 4179 cum

1977 4220 2242 4276 invenitur
2267 4221 2316 4272 in
2348 4218 2428 4272 bis
2457 4218 2647 4285 quibus
2677 4217 2870 4271 tnalam
2895 4219 3056 4287 eripis
3086 4220 3410 4270 voluntatem
3442 4217 3483 4269 ³.

2047 4315 2181 4368 Are.
2218 4311 2309 4365 list
2329 4311 2546 4364 omnino
2574 4309 2690 4365 sine
2710 4312 2978 4364 voluntate
3002 4321 3276 4381 peceatum
3299 4351 3313 4374 ,
3357 4309 3406 4362 id
3444 4317 3556 4372 est,

1978 4411 2174 4456 manet.
2206 4399 2320 4455 Non
2363 4403 2506 4454 enim
2553 4408 2826 4464 maneret,
2875 4400 2976 4454 nisi
3022 4409 3165 4453 esset
3199 4401 3382 4468 utique
3421 4398 3556 4468 quod

1977 4502 2218 4547 maneret
2247 4509 2262 4547 :
2287 4490 2379 4547 sed
2411 4500 2469 4546 ut
2487 4500 2632 4546 esset
2654 4491 2794 4561 quod
2823 4501 3062 4546 maneret
3110 4492 3225 4545 sine
3265 4492 3555 4554 voluntate,

1977 4600 2082 4638 non
2130 4593 2214 4640 est
2257 4582 2453 4638 factum
2499 4582 2600 4636 nisi
2646 4583 2916 4660 voluntate
2950 4600 2962 4635 :
2992 4583 3035 4635 si
3071 4592 3244 4635 tamen
3285 4591 3558 4651 peccatum

1979 4675 2344 4732 tantummodo
2395 4685 2671 4748 peccatum
2698 4675 2798 4742 sit,
2839 4692 2942 4729 non
2991 4676 3149 4729 etiam
3200 4689 3404 4744 pinna;
3465 4672 3560 4728 hac

1977 4767 2118 4822 cnim
2160 4766 2383 4836 quisque
2431 4775 2614 4836 peccat
2666 4767 2882 4821 invitus.
2923 4766 3012 4821 Sic
3037 4765 3060 4796 ‘
3102 4780 3229 4834 ergo
3281 4775 3488 4832 utrtnnq
3515 4778 3558 4812 in

1976 4873 2162 4913 verum
2185 4865 2300 4924 est,
2327 4865 2382 4912 et
2408 4873 2527 4912 esse
2571 4873 2674 4913 non
2719 4873 2875 4927 posse
2899 4857 3013 4912 sine
3057 4857 3325 4910 Volunt;th
3361 4870 3562 4923 pert-a—

1978 4956 2126 5013 tum,
2159 4954 2352 5002 etesse
2391 4961 2546 5017 posse
2577 4948 2691 5003 sine
2731 4947 3002 5001 voluntate
3045 4954 3318 5016 peccatum
3367 4961 3381 5009 ;
3439 4959 3565 5010 quo-

1976 5037 2135 5093 modo
2172 5048 2451 5107 utrumque
2497 5053 2681 5092 verum
2719 5047 2833 5105 est,
2879 5046 3078 5092 etesse
3122 5052 3226 5090 non
3267 5051 3423 5105 posse
3456 5038 3566 5091 sine

1980 5138 2255 5200 parentant
2286 5129 2499 5182 sexibus
2525 5127 2708 5192 fetum,
2741 5137 2935 5183 etesse
2960 5143 3115 5198 posse
3141 5128 3257 5181 sine
3286 5137 3565 5192 parentum

1977 5201 2198 5272 sexibus
2225 5217 2410 5271 frtmn.
2463 5217 2592 5272 Illud
2623 5219 2764 5272 enim
2804 5218 3002 5274 dictum
3031 5226 3143 5280 est,
3187 5218 3308 5284 quia
3337 5216 3452 5269 sine
3490 5215 3566 5267 bis

1980 5325 2083 5363 non
2109 5319 2277 5378 potest
2306 5309 2536 5363 existere
2569 5327 2582 5363 :
2613 5308 2714 5363 boc
2743 5317 2918 5363 autem
2942 5351 2956 5373 ,
2991 5309 3111 5378 quia
3143 5309 3258 5361 sine
3283 5306 3366 5360 bis
3394 5314 3566 5376 potest

1980 5418 2215 5456 manere.
2247 5401 2388 5456 Bene
2424 5402 2636 5471 quidem
2673 5404 2784 5470 ipse
2814 5414 2919 5455 uno
2951 5401 3069 5454 loco
3093 5444 3106 5465 ,
3141 5410 3194 5454 et
3228 5399 3294 5454 de
3325 5407 3565 5469 peccatu,

2044 5518 2061 5549 ι
2099 5524 2163 5564 tta
2183 5515 2262 5578 hic
2283 5521 2392 5566 uss.
2418 5521 2473 5565 At
2495 5515 2629 5574 editi,
2655 5520 2883 5578 parente;
2907 5522 2960 5564 ut
2983 5514 3030 5562 in
3055 5512 3138 5562 lib.
3169 5513 3186 5562 I
3216 5520 3384 5563 centra
3431 5509 3565 5558 lulia-

1979 5577 2266 5704 “iii-3'3;
2292 5639 2628 5701 manuscriptis
2657 5637 2893 5704 addimus,
2920 5634 3330 5704 sineyoiuutate.’
3422 5700 3449 5704 Δ
3468 5694 3496 5704 υ

2046 5701 2171 5762 ‘rsic
2215 5708 2296 5762 Ms.
2331 5707 2455 5762 Part.
2496 5694 2552 5749 At
2587 5706 2718 5759 titan,
2744 5694 2888 5749 male
2914 5697 3061 5762 eripis
3107 5694 3376 5747 voluminis.
3422 5694 3551 5760 Editi,

1981 5761 2134 5812 nmina
2157 5761 2307 5812 crinis
2329 5761 2608 5812 roluntntes.

2044 5826 2066 5855 δ
2103 5825 2405 5893 vignicrius,
2442 5823 2501 5873 si.
2544 5828 2833 5873 auctoritate
2873 5821 3048 5871 codicis
3083 5827 3328 5870 rortarum
3365 5823 3549 5868 cortex.

1983 5897 2106 5944 mus,
2133 5897 2220 5935 sic.
