3954 6178
370 440 388 492 1
401 440 499 495 397

364 559 416 604 et
454 551 520 604 de
551 549 658 604 fetu
688 549 893 604 loculus
921 563 980 604 es
1002 591 1015 610 ,
1058 547 1238 603 dicens
1267 566 1279 602 :
1320 567 1338 600 ι
1369 545 1437 602 υι
1465 563 1568 603 non
1617 557 1790 617 potest
1828 561 1946 601 csse

365 642 483 696 sine
511 642 726 696 sexibus
762 640 920 704 fetus,
952 642 1020 694 ita
1049 655 1148 694 nec
1173 641 1289 694 sine
1319 641 1589 696 voluntue
1611 638 1882 693 delictum.
1925 657 1942 690 ι

361 731 510 786 Sicut
528 746 655 801 ergo
672 731 1010 802 intelligimus
1032 731 1195 785 fctum
1219 731 1337 786 ideo
1366 731 1481 784 sine
1503 738 1782 801 parentum
1809 728 1950 783 sexi-

362 824 462 876 bns
487 838 606 878 esse
636 838 738 876 non
763 838 918 891 posse
936 865 950 887 ,
976 825 1096 895 quia
1125 823 1240 879 sine
1263 824 1344 878 his
1370 839 1470 878 non
1497 831 1667 892 potest
1693 822 1946 888 existere,

361 920 419 965 ut
449 915 553 979 sit;
606 924 661 968 et
703 913 824 968 ideo
864 915 981 969 sine
1028 924 1306 984 parentum
1354 929 1475 968 esse
1520 914 1734 968 sesibus
1759 928 1946 982 posse,

359 1005 484 1074 quia
513 1006 630 1062 sine
660 1005 742 1059 his
784 1015 956 1076 potest
997 1020 1247 1071 manere,
1281 1020 1402 1060 cum
1439 1005 1550 1074 jam
1577 1005 1793 1060 sitzcur
1841 1019 1946 1057 non

362 1097 428 1148 ita
459 1095 799 1166 intelligimus
828 1096 987 1150 etiam
1017 1105 1293 1166 peccatum
1318 1105 1372 1150 et
1393 1094 1508 1150 sine
1529 1096 1803 1150 voluntate
1828 1108 1949 1148 esse

361 1202 466 1239 non
499 1201 658 1264 posse
685 1226 698 1250 ,
725 1187 844 1257 quia
869 1188 983 1242 sine
1011 1187 1098 1242 illa
1129 1203 1233 1241 non
1263 1195 1439 1256 potest
1462 1186 1693 1242 existere
1712 1226 1726 1248 .
1759 1194 1816 1240 ut
1841 1187 1946 1251 sit;

361 1288 415 1333 et
463 1280 582 1334 sine
613 1263 880 1334 voluntate
923 1295 1042 1335 esse
1070 1271 1261 1350 posse,
1307 1279 1432 1351 quia
1482 1280 1599 1335 sine
1643 1280 1729 1335 illa
1775 1289 1950 1350 potest

361 1387 613 1437 manere,
637 1387 756 1426 cum
781 1371 892 1442 jam
915 1372 1018 1426 sit?

431 1464 516 1517 Cl.
550 1464 668 1518 JUL.
703 1464 830 1520 Vide
852 1481 980 1535 ergo
1006 1481 1111 1536 quo
1134 1473 1219 1520 tua
1245 1465 1489 1520 acumina
1513 1464 1873 1535 perveltantur
1897 1465 1910 1494 ¹
1935 1483 1948 1518 :

362 1557 687 1623 persuadere
711 1558 920 1614 conaris
939 1597 954 1622 ,
995 1574 1108 1613 rem
1137 1559 1367 1628 aliquam
1401 1575 1498 1629 per
1531 1559 1632 1614 hoc
1659 1576 1764 1615 non
1792 1573 1913 1615 esse
1934 1599 1950 1626 ,

361 1664 459 1712 per
481 1647 619 1716 ιιιιωιί
649 1657 824 1717 potest
850 1665 988 1704 esse.

434 1743 570 1796 Acs.
601 1740 737 1808 Quid
782 1742 923 1796 enim
979 1751 1031 1798 tu
1052 1783 1068 1808 ,
1117 1757 1150 1796 ο
1181 1757 1372 1813 magne
1398 1743 1485 1797 ille
1508 1783 1528 1810 ,.
1572 1744 1732 1800 etiam
1767 1753 1953 1798 contra

357 1834 586 1900 gratiam
611 1833 738 1900 Dei,
769 1833 1020 1889 defensor
1053 1835 1202 1890 liberi
1229 1835 1472 1890 arbitrii?
1510 1835 1798 1906 negabisne
1824 1851 1952 1906 pee-

359 1933 540 1978 catum
563 1923 773 1994 aliquod
806 1941 897 1995 per
923 1927 1147 1982 liberum
1173 1927 1453 1982 arbitrium
1487 1941 1590 1982 non
1628 1941 1783 1993 esse,
1811 1928 1952 1997 quod

363 2029 460 2082 per
491 2014 712 2069 liberum
747 2016 1026 2070 arbitrium
1049 2019 1068 2047 ²
1095 2026 1270 2086 potest
1309 2016 1468 2072 esse?
1514 2016 1599 2072 Fit
1621 2018 1762 2072 enim
1791 2026 1849 2072 ut
1887 2017 1962 2071 sit

363 2113 641 2170 peccatum
673 2120 768 2173 per
812 2107 1039 2162 liberum
1068 2107 1350 2162 arbitrium
1371 2149 1386 2174 ,
1417 2123 1539 2162 cum
1567 2107 1729 2162 homo
1771 2115 1958 2177 peccat

359 2199 405 2250 si
438 2198 602 2261 velit;
633 2208 688 2254 et
715 2199 768 2252 lit
798 2207 855 2252 ut
882 2214 988 2254 non
1025 2199 1095 2252 sit
1123 2210 1399 2269 peccatum
1429 2215 1524 2268 per
1552 2199 1778 2253 liberum
1809 2198 1954 2252 arbi-

363 2289 550 2352 trium,
575 2305 695 2344 cunt
721 2289 882 2343 homo
903 2305 1009 2344 non
1036 2293 1280 2359 peccat'si
1311 2291 1463 2344 nolit.
1493 2290 1635 2345 Ecce
1656 2289 1962 2346 invenimus

360 2379 603 2449 aliquid,
634 2392 689 2436 et
734 2380 838 2437 hoc
861 2382 1036 2452 ipsum
1081 2383 1147 2437 de
1200 2397 1309 2454 quo
1351 2383 1704 2452 disputamus,
1758 2383 1811 2438 id
1852 2392 1957 2450 est,

364 2479 648 2540 peceatmn
676 2487 771 2540 per
796 2472 898 2526 hoc
928 2487 1034 2527 non
1060 2487 1212 2540 esse,
1235 2488 1331 2543 per
1360 2472 1500 2543 quod
1526 2483 1702 2544 potest
1729 2488 1847 2528 esse
1864 2514 1880 2540 ,
1907 2473 1960 2528 id

363 2569 483 2624 est.
520 2576 613 2630 per
646 2562 874 2617 liberum
913 2564 1214 2618 arbitrium.
1247 2564 1384 2630 Quid
1427 2574 1547 2629 est,
1585 2565 1959 2620 contentiose?

366 2652 594 2708 hoccine
614 2669 732 2709 mea
753 2656 996 2708 acumina
1021 2656 1410 2723 pervehentur‘l
1429 2656 1512 2710 An
1535 2655 1621 2712 hic
1644 2665 1730 2712 tua
1757 2657 1958 2712 lumina

365 2743 537 2797 aciem
593 2744 975 2814 perdiderunt?
1027 2745 1144 2801 Noli
1191 2761 1314 2804 esse
1342 2763 1586 2819 princeps
1613 2766 1626 2802 :
1657 2750 1848 2805 melius
1876 2760 1960 2806 est

365 2834 646 2892 attendere
669 2835 794 2908 quid
811 2836 976 2904 dicas,
1002 2854 1162 2909 quam
1182 2841 1508 2898 contendere
1526 2852 1586 2896 ut
1602 2841 1958 2899 contradicas.

438 2924 544 2980 Cll.
581 2925 698 2982 ιω..
730 2926 785 2981 ld
812 2937 916 2994 est,
943 2939 1214 2998 peccatum
1244 2946 1342 3001 per
1367 2931 1470 2987 hoc
1494 2946 1616 2988 esse
1634 2932 1752 2988 sine
1777 2935 1962 2990 volun-

369 3027 474 3073 tate
496 3059 512 3083 ,
542 3035 636 3087 per
660 3021 801 3090 quod
831 3037 934 3076 non
967 3033 1141 3092 potest
1164 3039 1284 3080 esse
1313 3025 1430 3080 sine
1454 3027 1746 3082 voluntate.

438 3115 578 3167 Anc.
603 3112 718 3167 Non
757 3129 886 3168 sane
914 3125 1187 3184 peccatum
1231 3131 1325 3185 per
1353 3118 1458 3172 hoc
1493 3119 1720 3172 estsine
1767 3118 1960 3173 volun-

371 3211 513 3270 tate,
548 3219 639 3271 per
659 3205 798 3275 quod
838 3221 944 3259 non
977 3216 1152 3275 potest
1198 3222 1319 3262 esse
1357 3209 1473 3263 sine
1519 3210 1831 3264 voluntate:
1863 3209 1960 3265 sed

367 3293 600 3349 diversis
640 3296 858 3364 quidem
905 3296 1114 3362 causis;
1172 3306 1361 3354 tamen
1403 3307 1580 3368 potest
1628 3309 1957 3371 utrumque:

370 3400 491 3436 nam
517 3384 634 3438 sine
659 3386 928 3441 voluntate
938 3401 1042 3440 non
1062 3395 1236 3456 potest
1251 3403 1390 3456 esse,
1407 3391 1530 3461 quia
1556 3392 1672 3447 sine
1689 3393 1962 3448 voluntate

370 3489 473 3529 non
511 3483 686 3543 potest
718 3478 949 3532 existere
979 3486 1034 3531 ut
1061 3479 1172 3545 sit;
1205 3481 1321 3536 sine
1359 3492 1538 3538 autem
1568 3482 1839 3539 voluntate
1865 3500 1964 3556 po‘

372 3576 475 3622 test
507 3583 662 3636 esse,
695 3570 817 3639 quia
868 3571 986 3627 sine
1035 3574 1304 3630 voluntate
1339 3584 1514 3644 petest
1554 3592 1771 3634 manere
1819 3580 1960 3649 quod

370 3661 576 3714 existit.

438 3754 576 3810 Clll.
617 3755 736 3812 Jun.
783 3756 854 3814 Ut
906 3759 1268 3816 conditionem
1311 3776 1460 3816 suam
1509 3763 1818 3820 conditione
1864 3781 1959 3821 sua

372 3847 600 3915 perdat,
633 3860 687 3902 et
711 3851 780 3904 sit
808 3850 1006 3920 absque
1034 3851 1168 3918 hoc,
1203 3853 1320 3907 sine
1354 3869 1460 3922 quo
1503 3868 1609 3908 non
1648 3869 1804 3924 posse
1843 3871 1962 3912 esse

373 3937 652 3994 delinitum
677 3949 776 3996 est.
801 3941 914 4002 lloc
935 3949 1022 3997 est
1042 3942 1263 3997 iniiciari
1281 3942 1458 3997 rebus.
1476 3945 1613 4011 Quid
1642 3945 1746 4000 tale
1764 3947 1967 4000 Anaxa-

373 4043 566 4098 goras,
595 4031 682 4100 qui
716 4032 890 4087 nivem
920 4034 1124 4104 nigrant
1151 4049 1270 4090 esse
1297 4034 1546 4091 dicebat?
1574 4038 1965 4093 Commentaris

374 4123 449 4175 rei
483 4121 710 4192 alicujus
752 4133 994 4178 naturam
1023 4125 1136 4180 suis
1179 4125 1436 4198 fructibus
1479 4129 1660 4200 negari
1693 4146 1705 4182 :
1736 4144 1966 4200 cumque

374 4215 444 4268 sit
464 4216 794 4269 coiitrarium
837 4218 1128 4273 necessitas
1157 4228 1210 4273 et
1240 4219 1518 4284 voluntas,
1555 4220 1622 4273 ita
1680 4229 1775 4286 ut,
1827 4223 1966 4276 sicut

376 4323 538 4377 supra
589 4309 937 4375 ostendimus,
995 4320 1174 4364 mutua
1219 4327 1277 4365 se
1331 4313 1731 4381 impugnatione
1773 4328 1967 4368 oonsu-

379 4407 560 4465 mant;
596 4408 650 4453 tu
695 4415 834 4454 novo
887 4401 1304 4471 impossibilique
1345 4401 1545 4457 ﬁndere
1575 4417 1637 4457 ac
1669 4405 1966 4457 necessitu-

379 4489 505 4544 dine
535 4499 871 4546 monstruosa
918 4491 1142 4547 alterum
1170 4493 1388 4546 alterius
1425 4492 1610 4547 subdis
1639 4492 1847 4548 cﬂ‘ectui
1868 4535 1883 4562 ,
1916 4503 1970 4549 et

380 4579 515 4634 dicis
535 4584 903 4636 necessitatem
926 4583 991 4637 de
1024 4581 1279 4637 fructibus
1302 4583 1591 4636 voluntatis
1617 4593 1879 4651 exortam,
1912 4592 1969 4638 ut

384 4673 629 4726 voluntas
657 4688 748 4728 sua
792 4689 850 4728 se
899 4675 1336 4745 multiplicatione
1365 4675 1642 4741 deleverit,
1685 4684 1739 4730 et
1768 4687 1964 4731 statum

385 4763 655 4832 proprium
708 4776 924 4832 Operata
967 4765 1278 4828 mutaverit;
1311 4775 1505 4835 atque,
1558 4777 1616 4819 ut
1651 4781 1764 4822 rem
1799 4770 1966 4836 ipsam

384 4857 494 4909 suis
523 4855 794 4910 vocabulis
834 4857 1225 4926 exprimamus,
1261 4867 1539 4927 postquam
1587 4860 1752 4930 cmpit
1777 4860 1966 4914 volun-

387 4954 465 5003 tas
495 4962 616 5002 esse
645 4947 688 5012 ³,
737 4948 978 5002 voluntas
1020 4964 1137 5003 esse
1184 4947 1421 5003 desierit.
1454 4949 1570 5016 Quo
1599 4949 1726 5019 quid
1774 4960 1968 5020 potest,

388 5055 489 5092 non
521 5040 646 5094 dico
687 5041 931 5095 obtusius
950 5083 964 5102 ,
993 5039 1087 5094 sed
1117 5040 1364 5093 furiosius
1389 5040 1646 5109 cogitari?
1676 5039 1808 5096 Cum
1841 5058 1968 5112 ergo

390 5132 500 5186 lucc
526 5131 631 5186 duo
659 5130 818 5186 simul
849 5146 970 5186 esse
999 5146 1102 5185 non
1141 5129 1361 5199 possint,
1397 5131 1445 5184 id
1472 5138 1575 5194 est,
1598 5132 1886 5186 necessitas
1916 5141 1972 5187 et

390 5224 650 5286 voluntas,
704 5233 868 5293 tuque
916 5222 1319 5277 conlirmaveris
1358 5220 1500 5291 quod
1555 5222 1814 5285 diximus,
1864 5238 1970 5275 non

392 5329 545 5382 posse
565 5329 683 5368 esse
703 5314 818 5368 sine
851 5314 1120 5369 voluntate
1148 5313 1438 5379 delictum,
1484 5314 1798 5368 assentiaris
1838 5328 1968 5382 quo-

454 5561 466 5591 ί
502 5559 660 5623 male:
685 5567 832 5618 Port.,
855 5556 1189 5623 penjeliwunr.

452 5623 470 5651 ¹
504 5621 639 5690 miti,
663 5635 748 5684 per
766 5613 893 5684 quo}!
916 5621 1115 5670 liberum
1132 5615 1402 5667 arbitrimn.
1429 5613 1839 5680 Emendantugad
1879 5625 1975 5662 ma-

391 5692 796 5810 ωτιῗίῐέεῗέήιιε,
821 5749 1016 5808 propter
1035 5803 1046 5810 Δ
1063 5741 1188 5806 quod
1228 5739 1441 5810 voluntas
1472 5739 1614 5810 (repit
1641 5751 1773 5810 psse.
1826 5744 1928 5810 Mss:
1959 5769 1972 5809 ε

392 5803 632 5867 postquam
681 5803 1241 5867 roliottus'cwpt'l‘essc;
1287 5811 1338 5852 et
1371 5805 1438 5852 sic
1477 5804 1595 5851 iulia
1641 5804 1685 5850 in
1736 5803 1973 5861 Augustini

390 5877 485 5928 res;
501 5870 720 5919 onsionc.

1707 434 1906 494 LlBER
1947 428 2287 500 QUARTUS.

3498 436 3634 493 1398

2054 556 2158 610 que
2207 555 2310 593 non
2353 553 2470 594 esse
2499 551 2551 594 In
2595 546 2824 610 parvulis
2850 545 3210 605 voluntatem;
3243 554 3486 600 contorto
3513 559 3636 616 gut-

2058 640 2173 686 ture
2225 631 2431 702 cogeris
2471 647 2707 689 annuere
2760 635 2964 690 nullum
3009 636 3173 691 iubis
3211 651 3331 693 esse
3364 653 3635 707 peccatum

2054 723 2192 792 quod
2223 723 2339 778 sine
2371 724 2641 779 voluntate
2671 741 2776 780 non
2807 742 2966 796 posse
2986 741 3113 783 "esse
3144 729 3414 797 professus
3434 745 3515 785 es.

2127 815 2263 868 Avo.
2310 812 2689 868 Necessitatem
2733 825 2788 870 et
2817 816 3145 872 voluntatem
3190 819 3346 872 simul
3377 834 3500 875 esse
3532 838 3636 874 non

2059 919 2213 972 posse
2236 920 2341 956 non
2364 885 2570 960 diceres
2589 944 2603 967 ,
2633 905 2675 958 si
2708 905 2801 958 tibi
2824 905 3038 960 daretur
3060 922 3217 962 nosse
3242 908 3382 979 quod
3406 910 3639 964 diceres.

2055 996 2189 1050 Cum
2218 997 2356 1050 enim
2381 996 2447 1050 sit
2474 995 2737 1050 moriendi
2767 999 3088 1063 necessitas,
3132 1001 3254 1068 quis
3299 1011 3456 1068 neget
3496 1006 3637 1071 quod

2058 1093 2225 1159 possit
2249 1105 2366 1144 esse
2387 1099 2438 1144 et
2466 1089 2753 1144 voluntas?
2793 1088 2944 1144 Unde
2983 1091 3056 1144 ait
3101 1092 3412 1160 Apostolus,
3437 1107 3633 1149 (ιυιιριίο

2060 1179 2366 1247 pisccntiam
2400 1194 2457 1233 se
2504 1179 2702 1233 habere
2743 1178 2999 1245 dissolvi,
3040 1189 3094 1234 et
3120 1195 3238 1236 esse
3277 1197 3397 1236 Cllth
3428 1181 3640 1238 (.liristo

2059 1267 2314 1339 (Philipp.
2345 1285 2381 1334 l,
2411 1268 2527 1338 23).
2553 1267 2684 1322 Cum
2715 1284 2842 1337 ergo
2879 1270 2989 1323 vult
3020 1270 3186 1336 mori,
3229 1285 3384 1339 quem
3415 1289 3633 1328 unumsse

2059 1368 2140 1413 est
2172 1358 2327 1422 mori,
2359 1358 2513 1412 simul
2543 1368 2669 1414 sunt
2694 1357 2985 1413 necessitas
3014 1368 3068 1414 et
3097 1359 3344 1416 voluntas
3374 1380 3386 1412 :
3414 1364 3556 1432 quod
3582 1368 3641 1412 tu

2060 1448 2172 1502 ﬁeri
2195 1463 2348 1519 posse
2378 1464 2510 1502 vana
2539 1449 2811 1504 voluntate
2831 1491 2846 1514 ,
2890 1449 3031 1505 nulla
3063 1451 3384 1508 necessitate
3407 1466 3642 1524 negave-

2060 1555 2163 1594 ras.
2187 1540 2337 1608 Quod
2365 1550 2540 1594 autem
2587 1541 2674 1594 liat
2719 1542 2986 1606 etiame:
3035 1543 3308 1602 voluntate
3352 1544 3646 1600 necessitas

2059 1632 2366 1702 plerumque
2411 1632 2674 1686 contraria
2721 1631 3015 1702 voluntati,
3071 1650 3287 1704 prorsus
3333 1635 3646 1705 insipienter

2058 1724 2324 1796 abnuitur.
2351 1724 2449 1793 Qui
2481 1726 2622 1780 enim
2661 1740 2721 1781 se
2764 1727 2948 1780 volens
2979 1728 3112 1781 mori
3161 1726 3431 1784 lethaliter
3457 1743 3648 1802 percu-

2061 1816 2157 1882 tit,
2187 1816 2409 1890 moritur
2435 1815 2534 1872 etsi
2564 1817 2715 1871 nolit.
2763 1815 2892 1872 Item
2922 1818 3008 1888 qui
3053 1819 3237 1874 volens
3265 1818 3390 1874 fecit
3417 1821 3432 1852 ι
3459 1835 3645 1890 pecca-

2062 1917 2194 1973 tum,
2225 1907 2413 1974 nolens
2442 1907 2600 1963 habet
2630 1918 2940 1978 peccatum;
2972 1909 3156 1967 volens
3191 1909 3510 1981 impudicus,
3545 1929 3642 1965 no-

2060 1997 2178 2053 lens
2201 2012 2326 2052 reus
2355 2016 2368 2052 :
2395 2012 2461 2052 eo
2485 1997 2682 2068 quippe
2729 1998 2944 2054 nolente
2971 2011 3246 2068 peccatum
3287 2011 3502 2068 manet,
3539 2017 3648 2072 quo

2064 2087 2277 2142 nolente
2305 2103 2411 2142 non
2457 2088 2626 2144 iteret.
2659 2089 2736 2143 Ac
2772 2105 2867 2159 per
2899 2091 3034 2157 hoc,
3080 2101 3133 2146 et
3178 2106 3282 2146 non
3327 2100 3502 2162 potest
3527 2108 3650 2149 esse

2063 2175 2180 2232 sine
2206 2176 2474 2232 voluntate
2500 2186 2809 2247 peccatum,
2843 2179 2966 2249 quia
2998 2195 3102 2235 non
3129 2180 3188 2251 lit
3212 2181 3312 2236 nisi
3331 2181 3602 2240 voluntate
3627 2200 3643 2248 ;

2063 2273 2119 2322 et
2143 2275 2317 2336 potest
2336 2282 2456 2323 esse
2492 2273 2608 2323 sine
2637 2269 2906 2325 voluntate
2947 2280 3244 2342 peccatum,
3293 2271 3417 2342 quia
3464 2283 3649 2331 manet

2063 2357 2224 2412 etiam
2268 2356 2383 2413 sine
2412 2357 2706 2426 voluntate,
2735 2357 2877 2430 quod
2907 2357 3102 2416 factum
3139 2370 3221 2416 est
3253 2362 3527 2419 voluntate
3554 2380 3567 2415 :
3595 2372 3651 2418 et

2063 2455 2145 2502 est
2168 2445 2280 2516 jam
2304 2447 2596 2503 necessitas
2629 2449 2792 2503 etiam
2830 2448 2948 2505 sine
2991 2451 3278 2520 voluntate,
3327 2466 3485 2523 quam
3524 2453 3652 2510 iecit

2063 2539 2307 2594 voluntas
2335 2539 2451 2594 sine
2480 2540 2815 2596 necessitate.
2847 2539 2979 2597 Nam
3007 2550 3061 2598 et
3089 2543 3177 2599 ille
3203 2545 3290 2614 qui
3311 2527 3442 2599 dicit
3466 2584 3482 2612 ,
3525 2543 3646 2606 Non

2062 2629 2197 2701 quod
2223 2631 2356 2698 volo,
2386 2646 2504 2703 ago,
2535 2641 2682 2687 certe
2718 2631 3011 2688 secundum
3040 2647 3138 2690 vos
3177 2635 3495 2692 necessitate
3517 2649 3648 2692 cou-

2064 2721 2361 2777 suetudinis
2382 2723 2405 2754 ‘
2433 2722 2692 2792 premitur
2720 2739 2735 2778 :
2763 2721 2902 2778 hanc
2947 2733 3123 2780 autem
3151 2725 3547 2792 necessitatem,
3581 2741 3651 2782 ne

2064 2809 2290 2868 liberum
2333 2812 2585 2868 auleratis
2622 2812 2925 2880 arbitrium,
2969 2829 3093 2869 eum
3122 2814 3223 2870 sibi
3256 2815 3529 2872 voluntate
3575 2818 3648 2871 fe-

2063 2905 2204 2961 cisse
2241 2903 2565 2962 contenditis
2593 2922 2608 2959 :
2635 2914 2690 2960 et
2729 2905 2834 2962 talo
2862 2905 3064 2977 aliquid
3103 2906 3156 2961 in
3197 2916 3384 2962 natura
3418 2909 3648 2965 humana

2063 2991 2262 3051 factum
2289 3009 2408 3050 esse
2425 3010 2529 3049 non
2557 2994 2796 3062 creditis,
2822 3003 2878 3050 ut
2907 3011 2970 3050 ex
2999 2995 3270 3052 voluntate
3292 2996 3446 3067 primi
3475 2994 3649 3052 liomi-

2065 3084 2167 3154 nis,
2192 3085 2258 3141 de
2285 3101 2392 3156 quo
2416 3095 2498 3142 est
2522 3087 2671 3157 origo
2693 3085 2910 3140 humani
2930 3086 3162 3157 generis,
3187 3087 3336 3143 ﬁeret
3358 3088 3650 3144 necessitas

2066 3177 2266 3246 peccati
2296 3177 2569 3248 originalis
2595 3178 2645 3231 in
2676 3177 2929 3248 posteris.
2962 3177 3101 3234 Ecce
3129 3178 3217 3233 illa
3237 3194 3357 3249 qum
3398 3179 3651 3250 impossi-

2064 3267 2188 3324 bilia
2221 3267 2585 3337 preponebas,
2613 3267 2666 3322 in
2691 3266 2743 3322 vi
2772 3267 3173 3325 consuetudinis
3201 3269 3336 3325 facta
3373 3279 3498 3325 sum
3526 3285 3651 3341 pos—

2064 3359 2260 3423 sibilia,
2288 3373 2408 3428 qure
2433 3373 2538 3412 non
2564 3356 2761 3414 frustra
2786 3357 2929 3414 dicta
2956 3367 3039 3414 est
3061 3372 3092 3412 a
3116 3358 3432 3430 quibusdam
3459 3374 3649 3416 secun-

2063 3450 2131 3505 da
2178 3458 2386 3504 natura.
2434 3449 2676 3516 Dixeras,
2723 3463 2822 3504 nos
2861 3447 3144 3504 absurdius
3194 3447 3391 3520 aliquid
3429 3449 3644 3517 dicere,

2053 3560 2212 3615 quam
2243 3546 2332 3617 qui
2360 3545 2532 3602 nivem
2569 3548 2773 3618 nigram
2815 3559 2934 3600 esse
2959 3544 3192 3611 dicebat,
3230 3561 3249 3595 ι
3287 3548 3346 3597 ιιι
3365 3550 3639 3612 peccatum

2053 3636 2417 3693 conditionem
2447 3651 2597 3692 suam
2627 3654 2722 3694 sua
2749 3637 3059 3693 conditione
3094 3634 3299 3705 perdat,
3332 3646 3384 3690 et
3414 3634 3483 3689 sit
3513 3633 3640 3688 abs-

2051 3743 2156 3792 que
2196 3728 2318 3794 hoc,
2363 3731 2478 3794 sine
2505 3745 2609 3799 quo
2647 3745 2752 3785 non
2790 3744 2951 3802 posse
2993 3743 3114 3785 esse
3150 3728 3426 3784 deﬁnitum
3466 3736 3569 3782 est.
3614 3746 3634 3780 ι

2049 3818 2238 3876 Nonne
2286 3810 2643 3878 conditionem
2687 3838 2838 3877 suam
2887 3837 2984 3878 sua
3027 3821 3331 3877 conditione
3361 3820 3552 3890 perdit.
3585 3829 3642 3873 ut

2054 3928 2148 3982 per
2195 3913 2300 3967 vim
2345 3913 2743 3968 consuetudinis
2779 3914 2866 3968 llat
2897 3913 3012 3969 sine
3037 3913 3326 3977 voluntate,
3353 3927 3474 3968 cum
3506 3927 3638 3964 (ξοη-

2051 4001 2282 4057 Snetudo
2323 4017 2426 4056 non
2473 4003 2606 4056 facta
2650 4003 2719 4070 {sit
2758 4003 2860 4057 nisi
2896 4002 3200 4057 voluntate?
3224 4001 3411 4056 Nonne
3437 3999 3512 4054 rei
3542 3999 3638 4054 hu.

2047 4092 2134 4164 jus
2179 4103 2366 4146 natura
2420 4093 2684 4149 fructibus
2734 4095 2844 4148 suis
2896 4093 3157 4162 negatur?
3208 4089 3636 4163 quandoquidem

2055 4185 2385 4240 consuetudo
2416 4184 2621 4241 fructus
2649 4193 2732 4241 est
2753 4183 3055 4250 voluntatis,
3080 4170 3336 4255 quoniam
3357 4198 3422 4238 ex
3451 4183 3637 4238 volun-

2053 4285 2162 4334 tate
2188 4277 2447 4348 gignitur;
2480 4293 2597 4347 qua:
2627 4285 2803 4334 tamen
2826 4276 2876 4331 id
2902 4275 3041 4346 quod
3065 4275 3193 4347 agit,
3221 4282 3378 4344 negat
3400 4289 3459 4330 se
3478 4288 3637 4344 agere

2049 4371 2342 4426 voluntate.
2376 4371 2538 4436 Dicis,
2563 4370 2702 4440 quod
2749 4389 2767 4422 ι
2795 4369 3121 4426 contrarium
3161 4367 3232 4423 sit
3262 4366 3552 4422 necessitas
3579 4374 3637 4421 et

2050 4465 2318 4529 voluntas,
2350 4465 2420 4520 ita
2449 4476 2504 4519 ut
2530 4479 2589 4520 se
2608 4473 2787 4520 mutua
2810 4462 3206 4534 impugnatione
3230 4469 3579 4524 consumant;
3613 4479 3632 4512 ι

2051 4557 2176 4615 inde
2219 4574 2317 4614 nos
2341 4573 2592 4629 arguens,
2631 4557 2772 4628 quod
2799 4575 2821 4609 ι
2851 4557 3077 4613 alterum
3102 4556 3320 4612 alterius
3349 4553 3638 4611 subdamus

2051 4651 2288 4714 elici-tui.
2319 4652 2556 4708 dicentes
2587 4651 2958 4706 necessitatem
2989 4649 3058 4705 de
3097 4647 3358 4705 fructibus
3401 4647 3639 4704 volunta-

2051 4743 2121 4798 tis
2155 4752 2429 4798 exortam:
2459 4761 2478 4795 ι
2508 4758 2626 4798 cum
2659 4742 2842 4800 videas
2885 4742 3258 4798 necessitatem
3296 4739 3640 4797 consuetudi-

2053 4834 2136 4890 nis
2167 4836 2391 4888 frnctum
2421 4848 2540 4890 esse
2574 4832 3062 4892 manifestissimum
3088 4832 3396 4902 voluntatis.
3425 4829 3636 4893 Nonne.

2050 4925 2192 4996 quod
2240 4925 2332 4979 tibi
2372 4925 2701 4994 impossibile
2746 4925 2917 4980 visum
2959 4934 3064 4991 est,
3098 4943 3118 4976 ι
3154 4939 3252 4980 sua
3292 4939 3352 4979 se
3380 4925 3640 4986 voluntas

2053 5018 2492 5087 multiplicatione
2538 5017 2758 5081 delevit,
2789 5025 2842 5072 et
2872 5024 3068 5071 statum
3112 5015 3380 5085 proprium
3419 5025 3636 5085 operata

2053 5111 2295 5172 mutavit,
2333 5128 2353 5162 ι
2387 5124 2507 5179 qua:
2550 5108 2896 5177 multiplicata
2939 5108 3312 5168 necessitatem
3350 5116 3637 5163 consuetu-

2051 5199 2192 5255 diuis
2231 5199 2359 5256 fecit
2392 5199 2442 5264 ³;
2494 5199 2538 5254 si
2587 5198 2912 5255 voluntatem
2946 5199 3260 5266 necessitas,
3304 5209 3356 5255 te
3395 5207 3634 5263 auctore,

2052 5291 2353 5348 conisumit?
2379 5291 2434 5346 Si
2475 5298 2651 5344 autem
2691 5305 2796 5345 non
2826 5291 3110 5357 consumit,
3155 5291 3392 5361 profecto
3435 5289 3487 5343 in
3536 5287 3636 5342 ho--

2055 5391 2195 5444 utine
2223 5388 2361 5442 mole
2389 5384 2791 5441 consuetudinis
2820 5399 3005 5456 presso
3023 5384 3182 5440 simul
3206 5397 3326 5439 esse
3346 5389 3636 5452 possuntet

2046 5480 2271 5552 justititn
2324 5480 2572 5534 voluntas
2622 5487 2677 5534 et
2732 5477 2940 5550 peccati
2997 5475 3308 5531 necessitas.
3349 5472 3631 5540 Quoniam,

3293 5569 3308 5590 ι

2116 5639 2131 5703 ξ
2169 5639 2242 5688 Sic
2260 5645 2365 5687 \tss.
2391 5645 2440 5687 ln
2463 5637 2834 5703 t‘ign,,_fedsse._
3137 5693 3163 5703 ._
3279 5638 3305 5703 κ’
3595 5693 3604 5703 .

2109 5701 2137 5774 1³
2173 5708 2288 5762 \‘ox,
2309 5698 2682 5759 consuetudinis,
2707 5700 2797 5749 hoc
2821 5698 2926 5748 loco
2957 5698 3230 5746 restituitur
3267 5702 3330 5741 ex
3370 5698 3634 5742 eanostri-

2051 5769 2164 5855 ΡΗῨ
2175 5824 2469 5894 vignierius.
2481 5825 2806 5894 ηίῗιοεεδὶηιιεηι
2829 5830 2931 5871 sua’
2947 5815 3297 5870 ϐοηδῑιεευίίίηῖδ
3316 5816 3444 5881 μεθ’
3467 5815 3629 5870 Aha“

2049 5896 2169 5938 sua:
2187 5898 2214 5935 a
2239 5900 2444 5936 mentiset
2461 5891 2572 5950 ipt'ts
