3954 6178
289 417 426 476 1399

297 531 436 588 Velle
462 532 660 603 adjacet
687 531 828 594 mihi,
862 529 1120 598 professio
1150 537 1234 584 est
1270 528 1594 594 voluntatis;
1631 527 1857 596 Perﬁce-

285 641 341 678 re
366 633 533 677 autem
560 623 762 684 bonum,
793 637 892 674 non
927 620 1121 673 invenio
1152 619 1326 690 (Rom.
1351 635 1446 684 vu,
1473 621 1559 686 15,
1585 617 1697 684 18),
1727 634 1859 672 con-

287 713 451 770 fessio
479 723 561 767 est
598 711 949 766 necessitatis.
999 710 1077 764 Tu
1104 712 1122 743 ι
1165 726 1291 766 vero
1321 711 1499 765 dixisti
1531 711 1856 762 voluntatem

281 813 338 859 et
363 803 729 859 necessitatem
758 803 912 856 simul
935 816 1052 856 esse
1083 817 1186 856 non
1215 817 1372 871 posse
1396 820 1409 865 ;
1437 817 1556 856 cum
1583 816 1771 855 cernas
1792 801 1865 852 si-

282 896 394 950 mul
420 908 511 950 eas
554 908 674 949 esse
703 909 824 948 cum
869 893 1216 957 concordant,
1263 893 1420 948 simul
1459 909 1580 948 esse
1613 909 1732 947 cum
1765 907 1864 962 pu-

283 995 465 1056 gnant.
495 985 624 1040 Illud
670 1000 828 1056 porro
855 985 1132 1040 ridiculum
1166 995 1267 1052 est,
1298 985 1438 1054 quod
1481 1001 1576 1054 pro
1603 984 1861 1053 impossi-

235 1091 240 1096 '
280 1079 373 1132 bili
412 1077 669 1147 posuisti,
705 1094 725 1127 (
759 1076 907 1142 nihil,
946 1095 965 1128 ι
1000 1076 1207 1143 dicens,
1263 1097 1280 1128 ι
1317 1077 1556 1132 oblusius
1581 1119 1596 1142 ,
1645 1077 1751 1129 imo
1783 1074 1862 1128 iu-

283 1169 478 1224 riosius
501 1170 742 1239 cogitari,
782 1179 839 1223 ut
879 1179 1155 1240 postquam
1196 1170 1358 1238 coepit
1407 1170 1655 1240 voluntas
1699 1183 1817 1222 csse
1843 1210 1858 1232 ,

283 1261 525 1316 voluntas
571 1275 692 1315 esse
724 1260 977 1315 desierit:
1011 1279 1028 1312 ι
1082 1261 1229 1330 quasi
1284 1275 1388 1313 non
1433 1259 1534 1312 hoc
1583 1259 1691 1324 liat,
1740 1273 1859 1312 cunt

282 1351 443 1408 homo
465 1352 680 1424 quando
707 1354 932 1422 coeperit
973 1353 1112 1408 male
1156 1352 1354 1422 aliquid
1383 1352 1541 1416 velle,
1591 1365 1710 1404 mox
1737 1365 1860 1404 eum

281 1444 504 1511 [militet
541 1453 596 1498 et
635 1443 832 1499 desinit
859 1445 1012 1499 velle.
1047 1443 1420 1498 Verumtamen
1463 1442 1586 1496 talia
1619 1441 1859 1510 loquens,

289 1555 308 1590 ι
344 1544 610 1602 contorto,
667 1555 687 1590 ι
723 1545 779 1592 ιιι
822 1535 978 1601 dicis,
1014 1545 1226 1606 gutture
1275 1551 1360 1590 me
1400 1552 1419 1585 ς
1453 1534 1600 1603 cogis
1628 1545 1864 1586 annuere

284 1625 560 1684 nullum-in
583 1627 819 1698 parvulis
838 1643 961 1684 esse
982 1637 1256 1698 peccatum
1289 1644 1303 1682 :
1334 1646 1352 1678 ι
1378 1641 1499 1681 cum
1523 1634 1578 1679 tu
1609 1637 1708 1680 nec
1731 1638 1863 1677 con-

284 1728 429 1774 torto
447 1726 659 1788 gutture
687 1719 970 1788 abrumpas
991 1718 1255 1773 vinculum
1291 1716 1567 1771 catholico
1595 1714 1857 1782 veritatis,

282 1827 388 1882 quo
414 1812 514 1869 uisi
535 1811 585 1866 ei
611 1812 934 1876 consentias,
964 1811 1263 1866 miserrime
1285 1809 1654 1880 strangularis.

350 1899 485 1958 CIV.
511 1900 629 1958 ιω..
672 1901 826 1970 Quod
867 1917 993 1956 vero
1031 1900 1302 1968 addidisti,
1333 1916 1352 1951 ι
1387 1899 1487 1953 Per
1517 1913 1672 1952 unum
1695 1896 1861 1950 Immi-

281 2010 394 2048 neat
422 2003 680 2064 peccatum
700 1993 906 2047 intravit
925 1992 979 2046 in
1002 1991 1246 2044 mundum
1266 2032 1282 2056 ,
1318 2008 1336 2042 ι
1379 1999 1434 2044 ιιι
1462 1989 1551 2045 hic
1581 1997 1858 2043 ostensum

281 2093 366 2138 est
387 2082 945 2138 inconvenien‘tissime
987 2081 1327 2146 collocatum,
1360 2081 1430 2134 ita
1454 2080 1505 2135 in
1533 2077 1767 2135 secundo
1791 2077 1860 2131 li-

284 2175 381 2230 bro
409 2173 854 2245 quemadmodum
899 2173 1224 2243 intelligatur
1266 2171 1566 2241 expositum
1605 2179 1707 2225 est.
1753 2167 1858 2224 Sed

279 2265 412 2334 jam,
454 2263 701 2334 prtesenti
743 2263 1099 2334 disputatione
1143 2262 1410 2333 suppleta,
1457 2261 1584 2317 libet
1613 2260 1858 2315 acutissi-

282 2371 424 2410 mam
446 2355 467 2388 ⁸
494 2363 783 2411 retractare
809 2356 1128 2410 sententiam
1155 2373 1168 2408 :
1195 2356 1272 2408 sic
1293 2357 1434 2408 enim
1464 2353 1659 2422 inquis,
1694 2370 1714 2404 ι
1753 2349 1856 2404 Per

282 2461 440 2499 unum
489 2446 740 2499 hominem
783 2455 1041 2514 peccatum
1087 2443 1289 2497 intravit
1329 2443 1382 2496 in
1430 2441 1670 2495 mundum
1699 2451 1744 2495 et
1775 2457 1863 2512 per

284 2545 544 2604 peccatum
566 2552 703 2591 mors
720 2551 738 2601 ;
758 2547 802 2590 et
832 2537 904 2588 ita
938 2537 990 2589 in
1017 2552 1188 2589 omnes
1211 2535 1434 2588 homines
1465 2531 1774 2603 pertransiit,
1807 2532 1859 2585 in

283 2644 381 2700 quo
407 2643 578 2683 omnes
607 2637 930 2698 pta-caverunt
950 2645 969 2679 ι
995 2626 1102 2699 (1(1.
1134 2642 1185 2693 v,
1228 2625 1341 2697 12).
1367 2643 1386 2677 (
1411 2627 1514 2680 Per
1537 2624 1692 2679 unius
1719 2624 1862 2678 illius

285 2718 608 2773 voluntatem
635 2719 827 2772 malam
849 2733 1034 2773 omnes
1064 2717 1117 2771 in
1153 2731 1218 2772 eo
1246 2725 1618 2787 peccaverunt,
1648 2714 1860 2785 quando

283 2824 470 2864 omnes
497 2809 588 2864 ille
622 2825 758 2864 unus
790 2812 1031 2872 fuerunt,
1084 2808 1150 2864 de
1196 2825 1301 2879 quo
1337 2818 1618 2880 propterea
1669 2806 1859 2875 singuli

283 2899 541 2970 originale
568 2907 841 2971 peccatum
875 2907 1151 2955 traxerunt
1176 2917 1195 2952 ι
1226 2898 1326 2973 (De
1353 2898 1563 2969 Nuptiis
1589 2908 1636 2953 et
1663 2898 1863 2952 Concu-

285 2990 548 3058 pisrentia,
579 2991 811 3056 lib.2,n.
846 2992 954 3063 l5).
991 3009 1010 3043 ι
1035 2992 1205 3052 Tunc.
1245 3011 1264 3044 ›
1309 2993 1503 3063 inquis,
1555 3009 1574 3042 ι
1612 3007 1864 3062 peccave-

285 3088 428 3146 runt,
458 3080 670 3150 quando
689 3096 876 3137 omnes
915 3082 1003 3138 ille
1035 3098 1170 3138 unus
1198 3082 1429 3138 fuerunt.
1470 3101 1488 3135 ι
1523 3082 1638 3138 Iloc
1682 3093 1858 3138 autem

283 3171 389 3240 jam
414 3171 480 3225 ad
513 3171 870 3229 Marcellinum
897 3182 948 3228 te
970 3173 1251 3243 scripsisse
1273 3171 1378 3244 (De
1407 3173 1735 3229 Peccatorum
1759 3172 1865 3228 Me-

284 3263 412 3329 ritis,
445 3263 512 3317 lib
535 3264 584 3323 l.
615 3280 669 3317 η.
717 3265 805 3329 11,
848 3274 894 3319 et
925 3263 1014 3320 tib.
1058 3266 1110 3331 5,
1141 3282 1196 3319 n.
1242 3265 1331 3337 H)
1361 3266 1693 3336 signaveram
1721 3285 1733 3320 :
1758 3281 1862 3337 quo

285 3355 587 3410 testimonio
613 3355 968 3423 convinceris,
996 3357 1291 3412 animarum
1324 3358 1596 3413 traducem
1648 3359 1715 3413 de
1752 3357 1862 3412 Ma-

286 3443 476 3499 niclimi
524 3446 826 3515 specialiter
874 3447 1166 3502 visceribus
1216 3448 1540 3517 acceptum'
1591 3449 1766 3519 (cujus
1808 3449 1861 3503 in

287 3535 442 3591 tertio
473 3536 607 3591 libro
649 3536 941 3591 sententias
969 3535 1207 3608 inserui)
1253 3538 1475 3593 credere
1521 3546 1679 3608 atque
1715 3553 1862 3594 com-

289 3625 467 3695 plecti.
495 3624 647 3692 Quod
675 3633 824 3680 certe
852 3633 959 3680 tam
989 3625 1231 3682 deforme
1268 3636 1370 3692 est,
1403 3637 1458 3682 ut
1486 3637 1540 3682 tu
1574 3629 1702 3684 illud
1739 3645 1860 3684 cum

287 3713 572 3786 signiﬁces,
615 3731 945 3786 nequaquam
986 3724 1161 3773 tamen
1202 3717 1400 3774 audeas
1444 3720 1702 3789 profiteri.
1758 3721 1863 3777 Sed

287 3807 390 3865 hoc
413 3821 511 3864 nos
532 3809 585 3863 in
609 3811 855 3879 praesenti
873 3809 1088 3865 interim
1113 3809 1440 3880 differamus,
1470 3813 1610 3883 quod
1637 3823 1691 3868 et
1719 3815 1864 3884 prio-

288 3903 363 3957 ris
383 3902 668 3958 assertoris
695 3902 774 3956 sui
800 3902 1147 3970 obscenitate,
1173 3913 1230 3959 et
1253 3905 1545 3975 sequentis,
1576 3904 1626 3960 id
1649 3914 1749 3972 est,
1777 3917 1866 3963 tuo

290 3993 781 4064 pavorejngulatur.
805 3992 937 4048 illud
956 4005 1132 4050 autem
1162 3993 1216 4048 in
1241 3995 1487 4064 praesenti
1502 3995 1865 4065 dispicereju-

289 4092 413 4153 vat,
439 4093 634 4154 quanta
650 4085 714 4153 ,in
736 4084 1052 4156 disputando
1075 4085 1475 4155 perturbatione
1505 4085 1743 4156 iacteris.
1775 4087 1866 4142 Ais

288 4177 482 4247 quippe
506 4194 520 4230 :
548 4195 568 4230 ‹
598 4176 699 4232 Per
714 4177 870 4232 unius
892 4177 1035 4232 illius
1055 4177 1375 4232 voluntatem
1397 4177 1588 4232 malam
1614 4193 1796 4233 onmes
1815 4180 1865 4232 in

289 4281 356 4321 eo
379 4273 748 4337 peccaverunt,
777 4265 988 4336 quando
1015 4279 1203 4320 omnes
1231 4265 1319 4320 ille
1346 4280 1482 4320 unus
1499 4265 1726 4320 fuerunt.
1763 4286 1780 4318 ι
1812 4266 1867 4322 Si

289 4372 476 4413 omnes
493 4357 579 4414 ille
602 4373 741 4413 unus
754 4357 980 4421 fuerunt,
1003 4355 1268 4427 quomodo
1283 4371 1379 4427 per
1393 4357 1711 4412 voluntatem
1730 4359 1868 4412 illius

293 4448 482 4503 malam
506 4463 695 4505 omnes
733 4457 1115 4520 peccaverunt;
1142 4463 1264 4504 cum
1306 4449 1392 4504 isti
1418 4464 1624 4516 omnes,
1652 4465 1786 4520 quos
1815 4453 1866 4506 in

295 4541 387 4594 illo
421 4539 584 4596 fuisse
628 4541 783 4608 dicis,
837 4552 931 4596 sua
973 4541 1244 4612 potuerint
1288 4541 1562 4597 voluntate
1608 4544 1869 4617 peccare?

295 4631 427 4697 luto,
453 4640 512 4685 ut
539 4639 959 4700 retorqueamns,
991 4632 1080 4687 ille
1105 4631 1368 4688 infelicior
1395 4633 1621 4700 cunctis,
1655 4634 1744 4704 qui
1775 4648 1867 4688 so-

295 4720 380 4775 lus
417 4726 596 4790 portat
634 4718 905 4784 invidiam,
947 4735 1068 4774 cum
1111 4734 1300 4777 omnes
1345 4721 1399 4778 in
1441 4723 1533 4778 illo
1579 4724 1867 4780 secundum

295 4825 443 4870 tuum
466 4811 658 4886 dogma
682 4808 1025 4883 deliquerint.
1055 4811 1364 4868 Habuerunt
1387 4829 1518 4886 ergo
1542 4817 1744 4885 parvuli
1771 4833 1868 4871 vo-

296 4907 570 4972 luntatem,
617 4920 726 4961 non
772 4904 946 4961 solum
972 4912 1255 4974 antequam
1286 4915 1650 4974 nascerentur,
1684 4921 1868 4963 verum

295 5005 579 5065 antequam
606 4994 790 5065 proavi
830 5009 1018 5051 eorum
1053 5003 1468 5066 generarentur;
1519 5005 1575 5052 et
1619 4997 1702 5052 usi
1746 5006 1868 5052 sunt

295 5085 570 5142 electionis
609 5085 849 5152 arbitrio,
881 5086 1189 5156 priusquam
1234 5086 1546 5142 substantias
1569 5101 1753 5142 eorum
1779 5101 1868 5143 se-

296 5177 437 5232 mina
465 5178 841 5234 conderentur.
870 5174 980 5230 Cur
1019 5176 1194 5245 itaque
1237 5176 1430 5231 metuis
1460 5176 1668 5240 dicere,
1710 5178 1762 5231 in
1790 5178 1870 5232 eis

299 5278 536 5338 tempore
572 5273 926 5335 conceptuum
954 5281 1169 5320 suorum
1215 5281 1336 5323 esse
1378 5267 1596 5321 liberam
1624 5268 1868 5322 volunta-

298 5367 442 5422 tem,
491 5371 602 5429 qua
647 5365 919 5425 peccatum
969 5371 1076 5412 non
1127 5358 1337 5412 trahant
1394 5357 1723 5418 naturaliter,
1775 5357 1868 5412 sed

297 5454 490 5513 attente
515 5445 878 5510 committant;
928 5447 973 5500 si
1020 5447 1195 5502 credis
1237 5462 1331 5502 eos
1374 5446 1530 5502 hodie
1553 5453 1864 5516 conceptos,

360 5691 380 5752 ι
415 5691 701 5749 vtgmertus.
728 5691 814 5741 ita.
837 5699 902 5740 -Αι
926 5701 1051 5752 Mss,
1075 5699 1142 5743 tu.

360 5751 383 5782 ³
417 5756 562 5807 μοι-ιη
582 5751 999 5801 accusatissimmn.

359 5809 379 5840 ⁸
411 5812 572 5869 Forte,
595 5817 852 5873 acceptam.

954 415 1196 471 OPERIS
1235 413 1642 470 IMPERFECTI
1679 410 1950 468 CONTRA
1990 410 2347 476 JULI.\NUli,
2389 413 2444 467 S.
2488 412 2852 470 AUGUSTINI

3402 418 3544 476 1ἱο0

1975 533 2098 578 ante
2125 533 2195 578 tot
2226 526 2415 580 saecula
2446 525 2694 581 habuisse
2725 542 2962 594 sensum,
2999 529 3278 598 Judicium,
3307 531 3546 590 efficien-

1975 619 2098 672 tiam
2124 620 2446 674 voluutatis?
2472 621 2621 687 Quod
2649 621 2860 690 quidem
2890 621 2942 674 in
2985 623 3133 678 libris
3158 639 3293 694 quos
3319 625 3385 680 ad
3410 625 3546 682 Mar-

1971 708 2148 762 cellini
2179 723 2374 763 nomen
2401 710 2631 776 edidisti,
2678 726 2782 764 non
2827 711 3081 767 dubitasti
3132 731 3364 783 ponere;
3397 717 3552 787 plane

1971 799 2037 854 ad
2079 801 2465 856 ostendendum
2505 817 2607 872 qua
2635 803 2865 858 amentia
2893 814 3174 861 teneantur
3203 807 3403 864 inimici
3433 811 3550 865 Dei.

1971 889 2045 944 lbi
2077 891 2219 945 enim
2250 892 2322 946 ila
2348 895 2459 947 ais:
2497 911 2516 944 ‹
2545 893 2643 959 Qui
2669 894 2871 964 parvuli
2905 896 2954 948 in
2979 896 3146 950 Adam
3176 912 3548 969 peccaverunt,

1972 993 2029 1036 ut
2049 982 2097 1038 ei
2122 985 2322 1040 similes
2341 995 2652 1040 crearentur
2680 1007 2699 1039 ι
2729 986 2834 1056 (De
2859 986 3188 1043 Peccatorum
3213 991 3428 1057 Meritis,
3461 995 3548 1048 lib.

1971 1078 2023 1142 1,
2059 1093 2111 1130 n.
2145 1079 2254 1147 ll).
2284 1077 2400 1145 Quo
2448 1079 2572 1148 quid
2625 1079 2950 1147 mendacius,
3005 1085 3285 1146 amentius,
3315 1093 3369 1138 et
3394 1101 3550 1152 spur-

1968 1168 2084 1222 cius
2127 1168 2300 1236 potuit
2349 1169 2620 1233 insonare,
2651 1184 2809 1238 quam
2866 1189 2884 1222 ι
2917 1179 3041 1225 ante
3091 1181 3461 1241 peccaverunt,
3496 1187 3550 1230 ut

1967 1261 2312 1315 crearentur?
2347 1281 2365 1313 ι
2405 1261 2457 1315 Id
2483 1271 2584 1326 est,
2616 1261 2858 1316 faciendo
2884 1275 3208 1326 meruerunt,
3240 1273 3297 1319 ut
3317 1279 3549 1335 possent

1967 1367 2089 1407 esse
2110 1353 2198 1422 qui
2225 1351 2420 1422 aliquid
2451 1363 2834 1422 Operarenlur;
2862 1361 2916 1406 et
2947 1354 3216 1424 antiquior
3238 1369 3422 1410 eorum
3452 1355 3549 1412 fuit

1967 1443 2126 1508 actio,
2171 1456 2328 1512 quam
2373 1441 2689 1498 substantia.
2735 1441 2868 1509 Qua:
2895 1453 3220 1510 commenta,
3269 1445 3446 1514 Orgiis
3494 1458 3550 1502 ct

1968 1531 2190 1603 Thyrsis
2238 1533 2443 1603 aptiora
2498 1547 2657 1603 quam
2704 1533 2895 1589 litteris
2923 1567 2939 1600 ~,
2993 1534 3253 1590 indicasse
3297 1535 3546 1592 sufﬁciat.

1970 1621 2096 1678 Inde
2122 1637 2249 1694 ergo
2277 1623 2512 1678 manavit
2550 1623 2648 1679 ista
2687 1626 2964 1695 responsio
2987 1665 3003 1692 ,
3032 1639 3136 1695 qua
3169 1625 3329 1691 dicis,
3363 1626 3550 1682 Omnes

1965 1713 2020 1768 in
2045 1730 2103 1768 eo
2127 1725 2450 1784 peccaverunt
2471 1755 2487 1781 ,
2518 1716 2721 1786 quando
2743 1717 2834 1771 ille
2856 1731 2988 1772 unus
3011 1735 3180 1772 omnes
3209 1719 3414 1788 fuerunt
3439 1762 3454 1787 ,
3481 1723 3547 1776 de

1965 1821 2066 1874 quo
2113 1806 2302 1877 singuli
2340 1815 2600 1877 peccatum
2627 1807 2892 1876 originale
2937 1818 3216 1862 tremat.
3271 1810 3367 1865 Hic
3401 1811 3546 1867 enim

1967 1895 2310 1951 laborandum
2356 1910 2462 1951 non
2499 1905 2622 1958 est.
2663 1905 2722 1951 ut
2772 1897 3095 1962 doceamus,
3142 1913 3261 1953 eum
3307 1900 3548 1958 voluntas

1965 2000 2100 2056 opus
2124 1999 2366 2057 persona
2407 1987 2510 2052 sit,
2541 1981 2864 2043 voluntatem
2894 1997 3018 2044 ante
3044 2005 3324 2060 personam
3349 2034 3364 2057 ,
3394 1993 3547 2063 cujus

1966 2077 2208 2132 voluntas
2255 2087 2374 2144 est,
2437 2091 2558 2132 esse
2604 2093 2710 2133 non
2759 2092 2916 2148 posse
2968 2097 2981 2133 :
3028 2079 3120 2136 sed
3167 2082 3292 2137 illud
3331 2086 3546 2153 potissi-

1965 2180 2110 2220 mum
2140 2165 2361 2236 intelligi
2386 2167 2508 2222 velo
2533 2207 2549 2234 ,
2580 2169 2703 2238 quia
2729 2183 2826 2223 nec
2852 2171 3144 2225 secundum
3176 2171 3312 2228 hanc
3335 2176 3546 2243 Opinio-

1965 2271 2086 2311 nem
2117 2265 2200 2312 est
2244 2258 2502 2328 originale
2537 2268 2828 2328 peccatum.
2870 2261 3000 2317 Nam
3039 2262 3084 2316 si
3113 2277 3298 2319 omnes
3329 2266 3397 2319 ibi
3429 2267 3547 2321 fne-

1965 2359 2090 2405 runt
2135 2351 2226 2421 qui
2273 2362 2663 2420 peccaverunt,
2695 2353 2828 2407 nihil
2877 2365 3149 2409 traxerunt
3192 2355 3258 2410 de
3301 2358 3546 2427 originali

1965 2443 2138 2509 malo,
2165 2445 2286 2513 quia
2319 2445 2368 2499 id
2399 2446 2630 2499 universi
2657 2447 2767 2500 suis
2791 2446 2980 2501 studiis
3001 2457 3386 2516 perpetrarent.
3417 2451 3547 2504 Τιτι-

1964 2531 2066 2587 dus
2121 2547 2248 2604 ergo
2290 2536 2491 2603 peccati
2531 2552 2636 2589 non
2676 2536 2845 2591 solum
2893 2537 3149 2592 catholica
3195 2541 3415 2594 veritate
3448 2541 3542 2595 de-

1964 2623 2202 2688 struitur,
2221 2638 2401 2677 verum
2423 2625 2582 2679 etiam
2602 2629 2803 2695 patroni
2826 2626 2904 2680 sui
2925 2629 3248 2697 argumentis
3267 2631 3542 2686 omnibus:

1964 2714 2103 2783 quod
2141 2714 2356 2784 quidem
2407 2714 2569 2771 habet
2615 2716 3007 2772 mendaciorum
3063 2728 3280 2783 natura,
3331 2732 3388 2775 ut
3439 2736 3544 2775 non

1965 2813 2141 2862 servet
2175 2805 2455 2861 simulandi
2479 2807 2862 2862 concinentiam
2883 2848 2897 2870 ,
2941 2808 3033 2863 sed
3068 2812 3396 2866 verecundia:
3427 2828 3548 2882 pro-

1964 2893 2083 2964 diga
2101 2935 2117 2959 ,
2147 2903 2202 2949 et
2226 2895 2384 2949 alieni
2411 2903 2664 2966 appetens
2685 2936 2703 2963 ,
2733 2897 2786 2950 in
2817 2899 3074 2953 universis
3099 2915 3217 2969 qua:
3260 2913 3546 2971 usurpave-

1965 2985 2034 3038 rit
2058 2984 2355 3054 delegatur.

2035 3075 2171 3130 Auu.
2213 3075 2314 3130 Per
2332 3091 2495 3130 unum
2518 3075 2786 3132 hominem
2809 3118 2827 3142 ,
2859 3079 2911 3133 in
2942 3094 3048 3148 quo
3073 3095 3259 3136 omnes
3287 3098 3544 3150 peccave-

1967 3174 2124 3232 runt,
2158 3164 2213 3220 in
2241 3165 2494 3220 mundum
2527 3167 2756 3222 intrasse
2795 3178 3066 3238 peccatum
3092 3210 3108 3233 ,
3150 3170 3283 3226 dixit
3319 3175 3544 3242 Aposto-

1967 3259 2047 3312 lus
2070 3299 2086 3322 ,
2119 3258 2376 3313 intellexit
2407 3259 2718 3316 Ambrosius
2750 3277 2763 3312 :
2795 3260 2887 3315 sed
2917 3261 3102 3316 eadem
3132 3264 3289 3317 verba
3327 3275 3544 3333 aposto-

1967 3351 2064 3406 lica
2098 3352 2149 3406 in
2191 3367 2345 3407 suum
2391 3367 2696 3418 perversum
2735 3366 2947 3407 sensum
2988 3365 3209 3408 conatur
3246 3366 3546 3424 pervertere

1965 3440 2221 3497 Julianus.
2265 3441 2374 3496 Cur
2401 3443 2447 3496 ei
2489 3458 2592 3500 non
2634 3444 2746 3511 ipse
2783 3445 2960 3512 potius
3011 3447 3296 3514 respondet
3321 3449 3548 3503 Ambro-

1967 3531 2119 3586 sius?
2165 3531 2302 3586 Audi
2340 3546 2506 3601 ergo,
2532 3531 2740 3588 Juliane
2767 3550 2781 3586 :
2815 3532 3030 3597 Omnes,
3063 3535 3266 3604 inquit.
3299 3537 3352 3589 in
3384 3537 3547 3591 Adam

1968 3623 2280 3687 moriuntur;
2305 3622 2424 3694 quia
2449 3640 2467 3674 ι
2489 3639 2578 3693 per
2604 3640 2760 3676 unum
2785 3624 3035 3677 hominem
3065 3633 3318 3694 peccatum
3345 3627 3549 3680 intrauit

1968 3712 2019 3766 in
2047 3712 2291 3766 mundum
2308 3753 2324 3779 ,
2350 3722 2397 3766 et
2421 3729 2510 3783 per
2537 3724 2794 3784 peccatum
2819 3729 2953 3768 mors
2979 3731 3000 3779 ,'
3022 3723 3068 3767 et
3093 3714 3163 3767 ita
3188 3716 3240 3768 in
3268 3732 3437 3768 omnes
3464 3717 3549 3770 ho-

1968 3803 2126 3856 mines
2169 3803 2456 3871 pertransiit
2479 3844 2494 3867 ,
2517 3804 2570 3857 in
2605 3820 2704 3873 quo
2741 3820 2911 3858 omnes
2953 3818 3280 3875 peccaverunt
3306 3824 3325 3860 :
3360 3827 3378 3859 ι
3411 3808 3549 3863 illius

1969 3909 2086 3963 ergo
2119 3893 2273 3962 culpa
2309 3909 2444 3947 mors
2469 3894 2693 3947 omnium
2719 3905 2792 3948 est
2825 3893 2969 3966 (Lib.
2995 3896 3028 3949 4
3050 3896 3104 3949 in
3141 3895 3266 3951 Luc.
3309 3913 3381 3960 tv,
3413 3899 3482 3951 58
3503 3899 3543 3964 ).

1969 3983 2106 4037 Audi
2147 3982 2322 4037 adhuc
2353 3983 2496 4038 aliud
2545 4001 2557 4037 :
2599 3982 2764 4051 Fuit,
2802 3985 3002 4054 inquit,
3047 3988 3247 4052 Adam,
3289 3999 3335 4042 et
3372 3990 3425 4041 in
3458 3991 3548 4042 illo

1909 4089 1921 4094 ε
1971 4072 2158 4143 [nimus
2182 4089 2352 4126 omnes
2379 4091 2399 4137 ;
2423 4074 2571 4142 periit
2597 4074 2758 4128 Adam
2782 4116 2797 4140 ,
2826 4087 2870 4128 et
2906 4092 3077 4130 omnes
3103 4078 3154 4130 in
3175 4078 3264 4132 illo
3291 4079 3547 4147 perierunt

1976 4159 2118 4230 (Lib.
2149 4161 2180 4213 7
2206 4161 2258 4214 in
2283 4160 2409 4214 Luc.
2441 4177 2530 4226 xv,
2558 4161 2682 4234 24).
2708 4164 2837 4219 lluic
2856 4164 2962 4231 dic,
2989 4166 3032 4218 si
3059 4165 3244 4231 audes,
3275 4167 3412 4234 quod
3445 4183 3547 4222 una

1971 4252 2146 4306 anima
2160 4253 2374 4322 propria
2390 4251 2659 4307 voluntate
2690 4263 2958 4321 peccante,
2987 4265 3394 4328 nonpotuerunt
3422 4273 3543 4324 per-

1971 4339 2048 4395 ire
2086 4349 2163 4394 tot
2187 4341 2377 4394 anima:
2404 4340 2635 4394 nondum
2663 4341 2918 4397 habentes
2958 4345 3198 4412 proprias
3228 4345 3544 4400 voluntates.

1972 4431 2146 4500 Argue
2173 4431 2188 4462 ¹
2233 4429 2300 4486 de
2346 4431 2545 4500 origine
2573 4432 2865 4485 animarum
2906 4435 3292 4490 cunctationem
3338 4452 3544 4501 meant,

1971 4521 2093 4590 quia
2130 4535 2233 4575 non
2275 4522 2444 4577 audeo
2481 4520 2672 4576 docere
2706 4523 2785 4579 vel
2833 4525 3099 4594 afﬁrmare
3137 4527 3277 4596 quod
3319 4528 3498 4581 nescio
3532 4545 3548 4582 :

1972 4610 2150 4680 profer
2177 4620 2230 4666 tu
2258 4612 2321 4666 de
2341 4611 2498 4680 lmjus
2525 4613 2599 4667 rei
2631 4623 2734 4666 tam
2764 4613 3020 4682 profunda
3046 4615 3369 4671 obscuritate
3405 4619 3546 4687 quod

1972 4703 2145 4772 placet
2175 4718 2190 4768 ;
2216 4701 2339 4756 dum
2367 4711 2542 4757 tamen
2570 4703 2669 4757 lixa
2697 4713 2750 4757 et
2776 4705 3086 4759 inconcussa
3109 4706 3177 4760 sit
3203 4707 3301 4760 ista
3327 4717 3544 4762 sentcn-

1974 4791 2043 4844 tia
2064 4831 2080 4857 ,
2111 4791 2234 4861 quia
2265 4790 2403 4845 illius
2433 4794 2587 4848 unius
2629 4793 2781 4863 culpa
2813 4810 2958 4848 mors
2989 4796 3229 4851 omnium
3259 4805 3374 4863 est,
3403 4809 3458 4852 et
3497 4800 3546 4852 in

1972 4880 2066 4935 illo
2101 4896 2288 4935 omnes
2315 4882 2584 4950 perierunt
2611 4900 2624 4946 ;
2653 4882 2792 4937 unde
2827 4881 2972 4938 venit
3013 4885 3334 4940 novissimus
3381 4888 3546 4941 Adam

1972 4985 2211 5040 quaerere
2237 4980 2292 5024 et
2311 4971 2520 5032 salvare
2545 4972 2682 5042 quod
2710 4972 2937 5041 perierat
2957 4972 3108 5043 (Luc.
3140 4991 3254 5041 XIX,
3279 4978 3386 5048 l0).
3420 4978 3551 5032 llnie

1973 5060 2088 5126 dic,
2128 5060 2195 5114 Et
2222 5060 2306 5114 isti
2334 5077 2460 5131 ergo
2497 5077 2590 5116 sua
2629 5065 2897 5120 voluntate
2924 5079 3306 5135 peccaverunt,
3336 5085 3470 5137 quos
3500 5071 3553 5124 in

1974 5151 2064 5206 illo
2090 5151 2308 5220 periisse
2329 5152 2460 5206 dicis
2479 5195 2493 5220 ,
2524 5153 2612 5222 qui
2638 5169 2730 5208 sua
2751 5157 3020 5212 voluntate
3046 5160 3299 5227 peccavit.
3331 5159 3436 5213 Sed
3463 5176 3551 5228 poo

1976 5252 2111 5297 terat
2137 5243 2447 5298 Ambrosius
2476 5243 2575 5296 hoc
2605 5244 2902 5315 intelligere
2928 5287 2942 5309 ,
2968 5247 3108 5317 quod
3152 5257 3205 5302 tu
3233 5266 3334 5302 non
3365 5261 3517 5318 potes
3538 5291 3552 5313 ,

1977 5352 2081 5390 non
2137 5336 2238 5392 hoc
2275 5335 2379 5389 dici
2429 5339 2686 5405 proptcr’
2717 5338 2990 5392 arbitrium
3032 5340 3354 5410 singulorum
3393 5381 3410 5407 ,
3460 5341 3555 5396 sed

1978 5437 2192 5497 propter
2218 5427 2473 5496 originem
2503 5429 2723 5483 seminis
2744 5470 2757 5493 ,
2793 5429 2928 5483 unde
2953 5446 3140 5486 omnes
3168 5431 3326 5486 futuri
3355 5443 3510 5486 erant
3540 5449 3554 5485 :

1977 5515 2263 5571 secundum
2305 5533 2460 5584 quam
2504 5517 2760 5587 originem
2788 5533 2975 5572 omnes
3007 5519 3056 5572 in
3095 5521 3183 5574 illo
3223 5538 3328 5574 uno
3367 5531 3550 5586 erant,

1979 5618 2031 5662 et
2058 5607 2107 5661 iti
2138 5621 2323 5661 omnes
2344 5623 2476 5661 unus
2499 5609 2586 5663 ille
2605 5619 2775 5676 erant,
2799 5611 2885 5679 qui
2915 5611 2966 5664 in
2992 5624 3049 5665 se
3072 5607 3198 5680 ipsis
3227 5612 3352 5666 nulli
3383 5613 3554 5669 adhuc

2044 5781 2063 5851 ξ
2097 5779 2249 5848 vigit,
2280 5785 2437 5851 Atque.
2469 5785 2594 5851 uss,
2635 5793 2791 5851 mque.

2047 5841 2063 5868 ²
2098 5833 2175 5886 HiE
2200 5833 2245 5886 in
2273 5833 2412 5887 editis
2447 5833 2650 5901 additur,
2679 5833 2882 5892 liberum
2901 5881 2913 5903 ,
2941 5841 3028 5891 sed
3053 5843 3189 5893 abest
3214 5855 3241 5893 δ
3267 5851 3370 5894 διεδ.
