3934 6178
180 429 287 487 Ιωί

174 551 314 599 erant.
346 533 636 594 Secundum
679 532 814 586 hanc
847 530 1108 602 originem
1151 529 1497 590 seminalem,
1544 529 1703 583 etiam

173 632 276 690 Levi
315 630 362 684 in
405 625 590 683 lambis
628 623 792 693 patris
838 621 921 676 sui
966 616 1234 676 Abraham
1268 619 1430 673 fuisse
1477 617 1704 682 dicitur,

171 722 348 797 quando
370 736 394 773 a
416 712 802 774 Melchisedech
820 711 1115 767 decimatas
1133 719 1215 765 est
1240 710 1507 764 Abraham
1532 724 1545 760 :
1571 706 1711 760 unde

173 827 215 872 ct
248 817 347 885 ipse
383 809 503 866 Levi
548 815 675 862 tunc
716 804 1011 860 decimatas
1052 800 1384 864 ostenditur,
1419 815 1522 853 non
1556 800 1607 851 in
1651 811 1710 852 se

168 909 289 975 ipso.
314 901 399 956 sed
428 900 480 954 in
502 898 596 952 illo
622 897 674 950 in
702 895 851 965 cujus
877 892 977 947 fuit
997 891 1193 947 lumbis
1218 907 1230 943 :
1264 905 1361 944 nec
1385 888 1573 955 voluit,
1608 902 1709 942 nec

171 994 307 1053 noluit
332 989 576 1046 decimari
611 1006 627 1054 ;
658 985 912 1057 quoniam
941 984 1084 1038 nulla
1125 983 1240 1053 ejus
1279 981 1526 1035 voluntas
1555 987 1704 1043 crat,

165 1084 343 1156 quando
364 1079 653 1137 secundum
681 1076 1028 1133 substantiam
1060 1082 1076 1114 ι
1107 1086 1255 1128 suam
1285 1087 1381 1126 nec
1404 1071 1515 1141 ipse
1536 1069 1709 1124 adhuc

166 1184 298 1240 erat;
333 1183 384 1230 et
424 1183 600 1227 tamen
649 1169 940 1226 secundum
986 1168 1249 1222 rationem
1292 1165 1511 1221 seminis
1539 1206 1553 1228 ,
1603 1177 1709 1217 non

164 1267 489 1331 mendaciter,
535 1276 635 1318 nec
664 1261 893 1315 inaniter
917 1259 1115 1314 dictum
1148 1269 1261 1322 est,
1304 1256 1446 1326 quod
1479 1255 1547 1310 ibi
1576 1256 1671 1310 fuit
1693 1294 1710 1320 ,

165 1361 497 1417 etdecimatas
534 1365 639 1411 est.
672 1354 824 1411 Unde
857 1352 925 1408 ab
962 1352 1063 1407 bac
1092 1350 1444 1407 decimatione
1484 1348 1712 1402 ﬁliorum

162 1449 386 1515 Abt-altas,
417 1448 508 1519 qui
534 1446 767 1502 erantin
802 1444 997 1499 lumbis
1028 1443 1172 1513 ejus,
1204 1441 1415 1511 quando
1438 1438 1716 1495 Melchise-

163 1543 275 1600 dech
294 1541 555 1600 sacerdoti
583 1540 817 1595 decimas
838 1536 1025 1603 dedit,
1055 1534 1148 1591 ille
1171 1535 1320 1590 solus
1346 1533 1596 1589 sacerdos
1621 1547 1717 1587 ex-

159 1644 318 1706 ceptus
340 1643 442 1700 est,
469 1633 556 1689 cui
578 1633 777 1688 dictum
798 1640 881 1687 est
909 1649 924 1686 :
949 1628 1026 1684 Tu
1054 1645 1106 1684 es
1139 1626 1374 1684 sacerdos
1394 1628 1448 1682 in
1475 1634 1716 1682 aeternum

158 1726 398 1782 aetatium
413 1724 644 1779 ordinem
667 1721 1035 1779 Melchisedech
1060 1718 1230 1793 (Psat.
1253 1734 1361 1783 ctx,
1378 1717 1459 1791 ι).
1477 1719 1575 1783 Qui
1593 1717 1719 1774 licet

156 1818 375 1872 utetiam
407 1817 525 1887 ipse
560 1814 854 1871 secundum
894 1826 1111 1869 carnem
1147 1826 1332 1868 semen
1358 1808 1717 1877 Abrabaa,’eo

153 1906 269 1976 quod
295 1906 442 1979 virgo
469 1906 667 1971 Maria,
712 1904 781 1961 de
820 1917 924 1976 qua
951 1917 1167 1960 carnem
1195 1900 1458 1972 sumpsit,
1489 1916 1555 1956 ex
1599 1902 1716 1971 ipso

151 1999 357 2064 semine,
401 2004 696 2068 propagata
717 2004 800 2050 est
832 2013 846 2049 :
882 2009 989 2049 non
1033 2001 1209 2049 tamen
1250 2000 1334 2047 est
1356 1992 1616 2047 obnoxius
1642 1989 1720 2044 ei-

147 2086 244 2142 dem
278 2086 477 2143 semini
501 2129 517 2152 ,
545 2088 639 2158 qui
665 2085 803 2139 virili
824 2099 935 2139 non
957 2091 1040 2139 est
1072 2091 1361 2152 conceptus
1382 2096 1446 2136 ex
1477 2079 1682 2134 semine
1702 2118 1718 2142 ,

146 2177 255 2233 liber
292 2192 321 2231 a
367 2193 516 2233 nexu
567 2174 924 2232 scminatricis
961 2172 1427 2243 concupiscentiae.
1456 2168 1572 2224 Non
1606 2167 1718 2237 jam

145 2282 244 2338 ergo
264 2267 575 2322 Ambrosio
603 2306 617 2331 ,
650 2266 788 2321 sicut
815 2264 1090 2326 dicebam,
1118 2263 1212 2318 sed
1243 2263 1315 2317 illi
1346 2262 1432 2316 dic
1455 2261 1545 2331 qui
1585 2259 1720 2315 scri-

147 2360 227 2428 psit
253 2358 320 2414 ad
352 2358 655 2422 Hebraeos,
684 2364 843 2426 atque
868 2355 941 2409 ait
974 2373 990 2410 :
1023 2353 1118 2419 Et,
1148 2353 1278 2408 sicut
1306 2352 1502 2423 oportet
1525 2352 1718 2415 dicere,

148 2462 325 2522 propter
356 2449 634 2503 Abraham
659 2457 706 2501 et
736 2446 856 2500 Levi
883 2445 1136 2516 accipiens
1163 2443 1410 2498 decimam
1441 2441 1722 2495 decimatas

150 2553 205 2597 est
238 2540 451 2604 :adhuc
480 2536 621 2593 enim
655 2537 709 2589 in
736 2534 917 2590 (iambis
951 2534 1112 2604 patris
1132 2537 1215 2587 sui
1249 2533 1383 2604 fuit,
1415 2547 1530 2585 eum
1562 2531 1609 2584 ei
1639 2545 1725 2583 oc-

146 2634 276 2688 currit
316 2629 707 2693 Melchisedech,
737 2625 942 2700 (Hebr.
970 2625 1044 2681 vti
1068 2666 1082 2689 ,
1129 2623 1166 2680 9
1188 2666 1203 2689 ,
1244 2624 1312 2678 10
1332 2622 1374 2694 ).
1421 2621 1553 2677 Huic
1577 2622 1599 2653 ²
1628 2635 1721 2676 ca-

147 2724 383 2779 lumniare
405 2736 557 2778 caeca
582 2719 936 2790 loquacitate,
964 2724 1021 2774 et
1043 2716 1129 2772 dic
1154 2717 1199 2770 si
1225 2715 1389 2770 audes
1419 2732 1432 2767 :
1463 2714 1593 2768 Cum
1624 2728 1719 2783 pa-

149 2825 214 2870 ter
238 2815 517 2871 Abraham
570 2812 843 2867 voluntate
882 2823 977 2864 sua
1016 2806 1177 2862 fuerit
1215 2804 1539 2869 decimatas,
1585 2817 1722 2873 quo-

147 2907 283 2960 modo
308 2905 485 2976 potuit
509 2919 613 2974 per
646 2902 786 2956 illius
813 2899 1139 2955 voluntatem
1174 2895 1460 2960 decimari,
1500 2894 1603 2947 ltoc
1642 2899 1727 2947 est

144 2996 355 3052 decimas
376 2995 517 3051 dare
544 2994 567 3026 ³
598 2993 747 3059 Levi,
774 2991 928 3061 cujus
962 2989 1210 3044 voluntas
1236 2986 1380 3041 nulla
1410 2990 1557 3051 erat,
1603 2982 1725 3052 quia

144 3089 337 3143 omnino
383 3087 507 3157 ipse
555 3084 796 3140 nondum
835 3090 951 3137 erat
977 3078 1105 3134 ‘l‘Ea
1144 3077 1353 3134 ratione
1380 3076 1611 3146 quippe,
1641 3072 1727 3128 vel

102 3188 109 3191 ‘
143 3181 295 3250 potius
333 3180 439 3236 hoc
474 3193 673 3235 errore
696 3176 830 3231 dicis
850 3182 908 3229 et
935 3172 1092 3227 nobis
1120 3186 1134 3227 :
1159 3169 1293 3225 Cum
1324 3168 1529 3240 primas
1563 3166 1727 3220 homo

142 3271 390 3328 voluntate
433 3267 750 3342 peccaverit
774 3307 789 3329 ,
830 3262 1098 3337 quomodo
1133 3268 1421 3332 potuerunt
1471 3272 1566 3328 per
1609 3257 1728 3325 ejus

144 3362 451 3419 voluntatem
480 3360 655 3417 simul
684 3359 737 3413 in
764 3356 861 3413 illo
896 3368 1147 3425 peccare,
1178 3351 1269 3423 qui
1300 3364 1450 3406 suam
1492 3347 1727 3404 nondum

145 3453 389 3511 habebant
414 3497 430 3522 ,
482 3455 621 3526 quia
657 3464 753 3522 per
788 3448 1137 3506 substantiam
1184 3458 1333 3501 suam
1377 3440 1507 3498 nulli
1554 3441 1731 3497 adhuc

144 3548 313 3603 erant?
335 3548 446 3603 Ima
469 3546 672 3603 desine
698 3556 834 3598 vana
850 3541 1075 3612 garrire,
1096 3546 1151 3594 et
1165 3549 1355 3593 omnes
1376 3535 1464 3605 qui
1492 3532 1729 3588 nondum

145 3640 233 3692 nati
258 3639 387 3693 nihil
417 3653 521 3709 per
546 3634 804 3708 proprias
827 3632 1129 3687 voluntates
1153 3642 1313 3698 agere
1338 3633 1579 3707 p0terant
1604 3621 1730 3677 boni

146 3730 214 3784 vel
243 3731 360 3786 mali
386 3773 401 3795 .
432 3731 489 3786 in
520 3741 643 3784 uno
680 3724 915 3795 potuisse
941 3734 1194 3792 peccare,
1224 3717 1279 3772 in
1306 3731 1415 3786 quo
1442 3730 1539 3783 per
1563 3712 1731 3767 ratio‘

144 3836 247 3877 nam
285 3823 517 3877 seminis
564 3826 763 3884 erant,
808 3813 1024 3885 quando
1062 3812 1154 3866 ille
1201 3808 1414 3880 pr0pria
1461 3804 1733 3859 voluntate

146 3924 400 3981 peccatum
440 3911 581 3969 illud
629 3906 831 3980 grande
873 3902 1150 3975 peccavit,
1186 3907 1535 3967 naturamque
1573 3895 1625 3948 in
1673 3907 1734 3947 se

143 4005 358 4070 vitiavit,
413 4001 692 4066 mutavit,
747 3994 1054 4053 obnoxiavit
1114 3992 1455 4053 humanam;
1508 3992 1759 4055 excepto_

146 4108 237 4149 uno
260 4095 481 4152 homine
511 4135 529 4161 ,
563 4092 661 4164 qui
689 4105 753 4145 ex
784 4089 899 4158 ipso
924 4085 1138 4157 quidem
1168 4082 1391 4145 semine,
1423 4092 1529 4134 non
1559 4086 1732 4132 tamen

143 4190 362 4243 seminali
391 4190 621 4243 ratione
648 4188 960 4254 procreatus
998 4185 1114 4244 est,
1162 4176 1205 4232 si
1232 4182 1384 4246 potes
1409 4214 1424 4241 ,
1452 4171 1731 4242 intellige;
1776 4185 1789 4201 ο

144 4277 296 4331 sinon
326 4286 485 4349 potes
506 4319 523 4343 ,
553 4272 749 4331 crede.

200 4369 302 4426 CV.
342 4370 470 4426 Jun.
507 4368 652 4423 Post
679 4364 816 4418 hanc
836 4374 963 4416 vero
987 4357 1393 4428 responsionem
1420 4353 1559 4409 aliud
1588 4352 1675 4408 ubi
1705 4366 1734 4406 a

142 4476 216 4516 me
235 4463 481 4531 pulsatus
502 4459 710 4522 fuerat,
732 4453 949 4509 deluere
968 4459 1210 4506 conatur.
1238 4448 1350 4518 Ego
1371 4444 1565 4516 quippe
1589 4454 1734 4514 post-

138 4569 282 4624 quam
319 4554 391 4610 de
422 4550 788 4625 parvulorum
818 4545 1089 4600 voluntate
1124 4539 1505 4610 requisiveram
1526 4579 1542 4603 ,
1586 4550 1729 4591 secu-

140 4652 215 4698 tas
238 4660 356 4700 sum
388 4663 405 4701 :
441 4642 561 4700 Sed
587 4655 745 4711 negas
773 4637 867 4691 hoc
889 4677 906 4703 ,
944 4634 1000 4689 id
1026 4641 1135 4698 est,
1164 4630 1471 4685 voluntatem
1500 4628 1742 4698 peccatri-

136 4751 230 4790 cem
254 4738 423 4793 inesse
450 4730 787 4790 nascentibus
812 4770 827 4794 ,
857 4737 904 4783 et
932 4726 1060 4780 dicis
1088 4731 1254 4777 tamen
1292 4736 1398 4775 esse
1425 4719 1516 4773 sub
1539 4717 1741 4772 diabolo

140 4829 363 4896 parvulos
390 4869 408 4893 ,
442 4842 544 4880 nec
581 4818 876 4877 dissimulas
905 4832 996 4888 per
1022 4814 1144 4886 quid
1189 4829 1273 4866 eos
1312 4811 1490 4881 degere
1530 4808 1621 4863 sub
1652 4824 1744 4879 p0-

136 4926 299 4973 testate
346 4910 823 4973 illius'arbitreris
852 4922 871 4960 :
914 4906 991 4959 ais
1033 4904 1252 4975 quippe,
1302 4898 1432 4966 Quia
1482 4898 1545 4951 de
1594 4913 1743 4952 sexus

136 5010 386 5080 utriusque
422 5000 797 5061 conmiatione
831 5004 1105 5052 nascuntur
1122 5034 1138 5060 ,
1185 4990 1275 5045 sub
1301 4988 1591 5080 adversaria
1626 4996 1745 5080 sunt

134 5079 394 5170 potestate.
435 5100 729 5155 Dictorum
755 5090 871 5162 ejus
898 5091 1079 5159 itaque
1111 5082 1415 5140 testimonio
1440 5079 1643 5151 patuit,
1675 5079 1745 5134 ob

135 5193 230 5250 hoc
255 5196 415 5250 illum
450 5189 722 5263 parvulos
747 5183 977 5240 daamoni
1004 5178 1274 5234 vindicare
1298 5217 1312 5239 ,
1338 5174 1463 5245 quia
1491 5172 1558 5228 de
1585 5184 1746 5263 sexus

132 5286 412 5357 utriusque
456 5259 691 5338 fuerant
726 5273 1108 5332 commixtione
1143 5264 1430 5338 prognati;
1474 5277 1571 5333 per
1605 5259 1746 5341 quod

128 5377 318 5443 docui,
345 5377 513 5431 illum
546 5370 766 5439 nuptias
790 5381 910 5437 qua:
939 5379 970 5418 a
1013 5364 1123 5417 Deo
1144 5358 1399 5415 institutae
1442 5360 1597 5417 sunt,
1627 5366 1747 5421 quae

129 5470 244 5526 siue
275 5464 695 5526 commixtione
728 5473 849 5516 esse
877 5471 984 5512 non
1017 5458 1273 5524 possunt,
1303 5446 1516 5505 diabolo
1543 5444 1747 5500 manci-

128 5576 304 5632 passe.

185 5741 205 5775 ι
242 5747 332 5788 Ms.
380 5743 513 5785 alar.
560 5729 816 5793 praeterit,
859 5719 1173 5778 substantiam
1204 5732 1222 5769 :
1270 5718 1393 5768 forte
1437 5720 1493 5765 ut.
1543 5726 1604 5763 eo
1644 5713 1751 5762 loco

127 5800 511 5855 subaudiamus,
550 5788 859 5858 ὰζιξωωιώκ-
909 5845 921 5858 ,
975 5847 986 5858 ,

191 5845 572 5923 Tiniaeque,
599 5850 725 5923 hinc_.
751 5857 878 5923 βιβδέ
902 5845 1031 5923 huic;

180 5929 201 5960 ³
239 5904 662 5980 ὲότῖίξήάὲέὶἱηιιε
685 5911 809 5966 dari.
843 5904 1161 5959 intendantur
1203 5916 1263 5953 ex
1300 5907 1378 5949 Ms.
1429 5904 1688 5947 Portarum.

1494 416 1691 472 LIBER
1731 411 2074 482 QUARTUS.

3266 415 3403 470 1402

1886 526 2023 582 At'c.
2055 527 2165 581 lloc
2207 527 2351 580 nulla
2388 527 2593 581 ratione
2636 527 2830 582 doccrc
2872 527 3121 594 potuisti,
3163 532 3404 598 quamvis

1820 616 1982 672 fueris
2016 618 2181 671 multa
2217 617 2561 672 contentione
2597 627 2858 682 conatus;
2891 617 3034 687 quod
3081 629 3300 689 possunt
3327 616 3408 676 ii-

1818 709 1946 763 dere
1970 749 1986 774 ,
2036 709 2125 779 qui
2164 709 2345 779 legant
2384 718 2437 765 et
2468 716 2585 765 tuas
2622 710 2947 778 calumnias,
2974 720 3028 766 et
3057 715 3406 773 refutationcs

1821 813 1988 876 ιιιιδειε.

1891 887 2020 942 CVI.
2061 888 2180 945 Jun.
2223 887 2333 944 lloc
2361 903 2489 961 ergo
2518 902 2660 945 nunc
2695 890 2795 945 sibi
2827 894 3097 962 proposuit
3124 935 3142 961 ,
3184 903 3235 949 et
3269 911 3408 964 prat-

1822 981 1980 1034 mittit
2005 981 2471 1051 interrogationem
2497 997 2692 1036 mcam.
2717 981 2856 1037 Dicis
2885 1000 3027 1055 ergo,
3063 985 3232 1056 inquit
3256 1027 3270 1053 ,
3301 989 3412 1042 ideo

1820 1074 1937 1127 illos
1957 1088 2062 1128 esse
2087 1075 2180 1128 sub
2209 1074 2440 1139 diabolo,
2468 1076 2587 1145 quia
2611 1074 2674 1129 de
2697 1092 2844 1130 sexus
2875 1078 3135 1148 utriusque
3158 1082 3409 1134 centuria:-

1823 1164 1959 1217 tione
2001 1174 2274 1218 nascuntur
2296 1165 2322 1218 Ρ
2352 1164 2431 1220 Ad
2466 1163 2606 1236 quod
2633 1166 2845 1235 qualem
2875 1167 3288 1225 satisfactionem
3326 1187 3412 1224 re-

1826 1253 1997 1322 ferat,
2048 1254 2346 1310 audiamus.
2398 1255 2562 1322 Dico,
2609 1256 2810 1327 inquit,
2856 1259 3008 1328 plane
3033 1272 3240 1331 propter
3278 1262 3409 1316 deli-

1822 1354 1958 1399 ctum
1994 1346 2112 1400 illos
2149 1362 2256 1401 esse
2283 1346 2373 1401 sub
2412 1346 2614 1401 diabolo
2644 1364 2662 1403 :
2690 1350 2803 1403 ideo
2830 1360 2999 1404 autent
3038 1363 3266 1423 expertes
3313 1372 3412 1408 non

1823 1453 1928 1492 esse
1956 1438 2157 1504 delicti,
2200 1440 2320 1510 quia
2362 1439 2425 1493 de
2448 1439 2540 1493 illa
2581 1441 2935 1496 commixtione
2966 1454 3083 1498 sunt
3121 1446 3266 1511 nati,
3303 1463 3416 1516 qua

1822 1530 1931 1584 sine
1971 1531 2207 1600 pudenda
2233 1532 2441 1586 libidine
2467 1549 2565 1586 non
2596 1542 2759 1604 potest
2790 1534 2936 1587 etiam
2981 1539 3117 1605 quod
3152 1537 3414 1592 honestum

1823 1630 1894 1675 est
1923 1622 2141 1691 operari.
2183 1621 2326 1675 Dixit
2366 1624 2458 1676 hoc
2486 1624 2636 1676 etiam
2670 1623 2970 1678 beatissima:
3005 1629 3256 1682 nmnoria:
3288 1629 3412 1681 Am-

1823 1718 2017 1774 brosius
2045 1718 2255 1792 (Supra
2277 1762 2292 1786 ,
2322 1720 2385 1775 de
2415 1719 2623 1790 Nuptiis
2646 1731 2693 1775 et
2734 1720 3153 1792 Concupiscentia
3173 1762 3188 1785 ,
3224 1721 3309 1774 lib.
3337 1720 3374 1774 2
3396 1762 3412 1789 ,

1825 1827 1880 1864 τι.
1911 1811 1978 1866 15
2003 1812 2042 1882 ).
2073 1809 2119 1867 0
2142 1811 2508 1866 calamitosam
2537 1812 2769 1868 hominis
2798 1814 3109 1883 pravitatem
3136 1812 3150 1867 Ξ
3180 1827 3214 1867 o
3244 1811 3417 1867 inten-

1829 1899 2025 1956 tionem
2053 1900 2336 1957 nefandam
2369 1903 2385 1956 !
2414 1919 2447 1957 ο
2476 1902 2759 1958 falsitatem
2786 1902 3205 1959 erubescendum
3235 1905 3249 1956 !

1892 1986 2036 2051 Aac.
2077 1994 2351 2061 Exclama,
2379 1995 2618 2051 exclama
2644 2005 2900 2066 quantum
2929 2007 3081 2066 potes
3109 2014 3121 2049 :
3155 1994 3292 2050 adde
3319 2010 3416 2049 ex-

1829 2085 2238 2140 clamationibus
2268 2087 2404 2151 tuis,
2445 2084 2490 2140 Ο
2528 2086 2611 2140 hia
2658 2087 2776 2158 (a)!
2818 2087 2988 2140 llomo
3032 2086 3228 2156 quippe
3258 2085 3417 2140 inno-

1829 2193 1996 2244 cens,
2046 2177 2152 2231 vim
2206 2178 2440 2248 pateris,
2485 2187 2542 2231 at
2588 2176 2937 2232 Mauicluenm
2986 2176 3164 2231 dicere
3210 2175 3421 2247 cogaris

1829 2266 2190 2322 Ambrosium.
2232 2266 2418 2333 Absit,
2460 2265 2671 2338 inquis,
2702 2276 2759 2321 ut
2783 2265 2978 2321 dicam.
3008 2265 3115 2322 Car
3138 2307 3155 2335 ,
3187 2280 3369 2337 quaeso
3395 2266 3418 2319 l

1829 2357 1912 2411 An
1943 2355 2028 2411 hic
2054 2355 2293 2412 ostendis
2334 2366 2530 2427 quanta
2574 2357 2644 2411 sit
2672 2354 2927 2412 fortitudo
2974 2357 3124 2412 liberi
3171 2355 3415 2423 arbitrii,

1828 2446 2041 2518 quando
2067 2455 2266 2502 tantam
2306 2444 2411 2501 vim
2452 2448 2647 2516 pateris
2678 2459 2734 2502 ut
2756 2446 2904 2505 tlicas
2931 2491 2946 2515 ,
2985 2464 3083 2503 acc
3113 2457 3288 2503 tamen
3333 2447 3420 2502 di-

1828 2536 1904 2592 cis
1930 2538 1953 2592 ?
1982 2538 2089 2593 Cur
2113 2553 2241 2609 ergo
2268 2554 2355 2594 me
2378 2538 2511 2594 dicis
2530 2581 2545 2607 ,
2574 2539 2714 2608 quod
2752 2540 2899 2594 illam
2947 2554 3066 2595 esse
3111 2555 3215 2593 non
3246 2537 3414 2600 dicis.

1827 2642 1948 2685 cum
1976 2628 2079 2683 hoc
2107 2628 2196 2685 ille
2221 2636 2369 2684 tanto
2394 2638 2519 2685 ante
2550 2630 2778 2695 dixerit,
2808 2628 2951 2700 quod
2981 2644 3080 2701 ego
3107 2645 3249 2685 nunc
3276 2627 3419 2695 dico,

1829 2726 1989 2788 atque
2019 2720 2073 2774 in
2104 2718 2203 2774 hac
2228 2720 2491 2774 sententia
2528 2730 2745 2791 propter
2771 2736 2929 2790 quam
2957 2719 3305 2775 Manichazam
3335 2736 3423 2775 me

1830 2810 1963 2865 dicis
1988 2853 2004 2877 ,
2034 2809 2163 2867 mihi
2191 2819 2247 2867 et
2270 2811 2344 2866 illi
2365 2812 2435 2867 sit
2460 2826 2619 2866 causa
2648 2811 2949 2866 communis
2975 2810 2999 2866 ?
3024 2812 3106 2866 An
3130 2852 3146 2878 ,
3168 2811 3419 2882 quoniam

1831 2917 1938 2957 non
1980 2904 2187 2958 invenis
2227 2919 2330 2974 qua
2379 2919 2576 2969 exeas,
2605 2905 2737 2958 iram
2782 2904 2994 2973 quidem
3022 2905 3279 2968 simulas,
3315 2919 3421 2958 non

1833 3002 2008 3048 tamen
2036 2993 2232 3058 iratus,
2260 2993 2355 3050 sed
2380 2994 2621 3049 turbatus
2660 2995 2964 3050 exclamas?
2996 2995 3190 3049 Veram
3215 2996 3266 3049 in
3296 2996 3425 3065 ipsis

1832 3082 2307 3138 etclamationibus
2355 3085 2461 3139 tuis
2505 3071 2702 3151 audio,
2755 3082 2799 3138 0
2847 3083 3208 3139 Calamitosam
3260 3084 3426 3138 Itami-

1834 3173 1912 3227 nis
1944 3174 2240 3244 pravitatem
2267 3175 2289 3228 .'
2311 3174 2443 3242 Quia
2470 3174 2716 3229 videlicet
2744 3173 2908 3229 homo
2933 3189 3052 3229 sum
3082 3175 3427 3230 calamitosas

1832 3271 1891 3320 et
1928 3278 2161 3335 pravus,
2210 3266 2300 3337 qui
2345 3267 2650 3322 consentire
2692 3265 2831 3337 eligo
2878 3265 3164 3322 Ambrosio
3202 3285 3215 3321 :
3247 3282 3424 3323 essem

1834 3373 1963 3413 vero
1983 3357 2172 3414 beatus
2186 3368 2240 3415 et
2268 3368 2447 3416 rectas
2471 3401 2485 3425 ,
2509 3360 2553 3415 si
2581 3361 2833 3432 eligerem
2857 3363 3160 3417 consentire
3185 3361 3420 3418 Juliano.

1834 3447 2042 3517 Audio,
2074 3447 2119 3504 0
2146 3449 2471 3505 intentionem
2507 3452 2779 3523 nefandam
2807 3452 2829 3507 .'
2848 3453 3078 3508 Intentio
3102 3453 3298 3525 quippe
3332 3470 3429 3509 no-

1835 3548 1945 3595 stra
1974 3540 2196 3595 nefanda
2238 3551 2340 3608 est,
2370 3542 2492 3613 quia
2527 3544 2846 3614 opponimus
2885 3544 3223 3600 Ambrosium
3258 3546 3427 3601 Julia-

1837 3644 1907 3682 no
1938 3647 1951 3682 :
1982 3639 2127 3684 esset
2165 3640 2341 3686 autem
2370 3629 2529 3687 fanda
2555 3674 2570 3699 ,
2612 3634 2655 3688 si
2690 3634 2957 3690 lulianum
2997 3651 3429 3707 prmponercmus

1838 3718 2141 3773 Ambrosio.
2174 3719 2280 3775 Sed
2305 3721 2430 3790 quid
2459 3731 2544 3777 est
2571 3723 2710 3792 quod
2731 3724 2891 3778 audio
2921 3727 3129 3779 tertiam
3162 3727 3428 3781 exclanm-

1838 3810 2038 3864 tioncm
2075 3819 2216 3866 tuam
2242 3853 2258 3878 ,
2294 3812 2339 3865 0
2376 3813 2650 3883 falsitatem
2677 3815 3063 3869 erubescendum
3097 3817 3118 3871 !
3148 3817 3430 3874 Falsamne

1838 3900 1974 3955 dicis
1999 3915 2119 3955 esse
2145 3901 2414 3956 Ambrosii
2443 3903 2761 3957 sententiam
2787 3944 2803 3969 ,
2838 3904 2888 3958 id
2915 3914 2998 3959 est
3021 3946 3036 3971 ,
3068 3905 3211 3974 quod
3238 3905 3429 3983 falsam

1840 3993 1953 4065 ipse
1996 3994 2266 4050 senserit?
2312 4009 2379 4049 an
2421 4011 2540 4049 eam
2586 4010 2685 4049 nos
2715 3996 2787 4050 illi
2818 3994 2953 4053 falso
2997 3997 3263 4064 tribucre,
3306 4014 3428 4053 cum

1840 4084 1942 4140 hoc
1981 4086 2229 4155 ipse'non
2271 4086 2537 4150 senserit,
2584 4101 2757 4156 neque
2793 4086 2845 4141 id
2892 4088 3110 4143 omnino
3138 4089 3280 4159 quod
3308 4107 3431 4145 cum

1841 4192 1940 4233 nos
1985 4178 2183 4233 dixisse
2212 4177 2439 4233 dicimus
2468 4177 2665 4233 dixerit
2695 4179 2720 4233 ?
2748 4195 2817 4233 an
2856 4195 2973 4234 eam
3005 4195 3104 4235 nos
3133 4197 3238 4235 non
3274 4182 3433 4236 intel-

1844 4270 2055 4342 ligendo
2078 4314 2093 4338 ,
2126 4270 2315 4326 falsum
2339 4271 2544 4343 Opinari
2573 4271 2639 4326 de
2664 4272 2780 4340 illa,
2811 4288 2932 4329 cum
2965 4274 3077 4343 ipsa
3113 4274 3184 4328 sit
3210 4289 3336 4328 vera
3357 4275 3372 4305 ¹
3410 4273 3434 4328 ?

1842 4362 1947 4418 Sed
1978 4377 2081 4416 non
2112 4369 2217 4415 tam
2256 4362 2638 4417 contumeliose
2663 4361 2731 4417 de
2760 4363 3044 4417 Ambrosio
3079 4363 3347 4433 loqueris,
3376 4374 3436 4419 ut

1844 4452 1920 4507 illi
1950 4452 2065 4507 viro
2084 4452 2501 4508 erubescendum
2525 4452 2785 4507 tribueres
2806 4453 3088 4508 falsitatem
3106 4455 3147 4507 ².
3176 4454 3283 4509 Nos
3306 4471 3435 4511 vero
3496 4466 3517 4490 κ

1844 4557 1961 4597 eam
1991 4542 2469 4611 composuisse,_et
2492 4540 2634 4610 quod
2673 4542 2740 4596 ab
2780 4541 2872 4596 illo
2899 4542 3104 4612 prolata
3136 4542 3293 4599 fuerit
3336 4544 3435 4598 lin-

1846 4634 1990 4690 xisse
2013 4675 2028 4699 ,
2056 4649 2162 4688 non
2193 4648 2353 4689 ausus
2390 4648 2448 4688 es
2477 4633 2654 4689 dicere
2685 4652 2698 4687 :
2733 4642 2837 4689 tam
2867 4635 3048 4690 multis
3073 4637 3213 4691 enim
3253 4636 3440 4693 docto-

1847 4726 1922 4781 ris
1971 4726 2113 4780 illius
2159 4733 2285 4779 nota
2329 4733 2453 4778 sunt
2482 4725 2678 4795 scripta
2699 4767 2714 4793 ,
2745 4734 2802 4780 ut
2830 4724 2883 4779 in
2925 4723 3029 4781 hoc
3066 4727 3348 4797 abruptum
3383 4738 3435 4783 te

1850 4817 2179 4887 praecipitare
2225 4815 2487 4871 timueris.
2518 4815 2648 4870 Tam
2678 4830 2806 4872 vero
2837 4826 3019 4887 aperta
3061 4827 3144 4873 est
3180 4818 3278 4872 ista
3310 4834 3438 4873 sen-

1852 4906 2014 4962 tentia
2042 4948 2055 4973 ,
2083 4914 2143 4961 at
2170 4921 2275 4960 non
2313 4917 2500 4961 acutus
2524 4906 2613 4976 qui
2643 4907 2782 4962 hanc
2819 4908 3180 4975 intellexerit,
3225 4907 3318 4964 sed
3352 4924 3436 4964 su-

1850 4998 2085 5069 perﬂuus
2134 4997 2303 5053 videri
2356 4998 2526 5069 possit
2584 4998 2675 5069 qui
2722 4997 3092 5068 exponendam
3155 5002 3439 5070 putaverit.

1854 5093 2090 5164 Denique
2123 5100 2181 5146 ut
2204 5092 2344 5162 quod
2372 5091 2491 5147 dico
2519 5091 2684 5160 possit
2709 5089 2911 5145 attendi
2935 5132 2950 5156 ,
2979 5092 3138 5148 verba
3165 5092 3278 5163 ipsa
3309 5093 3436 5149 bea-

1854 5185 2041 5241 tissimi
2096 5184 2343 5240 catholici
2398 5182 2648 5238 antistitis
2699 5191 2753 5239 et
2808 5181 2894 5237 hic
2937 5198 3151 5254 ponam.
3192 5185 3282 5240 Ait
3317 5200 3443 5253 ergo

1855 5279 1975 5345 ille,
2015 5278 2107 5332 ille
2149 5275 2342 5344 cujus'
2373 5274 2531 5330 ﬁdem
2576 5283 2631 5330 et
2674 5274 3015 5345 purissimum
3062 5277 3112 5330 in
3155 5275 3443 5339 Scripturis

1855 5382 2108 5435 sensum,
2149 5366 2391 5437 Pelagius
2422 5372 2597 5422 vester
2632 5363 2792 5431 dicit,
2826 5381 2892 5421 ne
2927 5365 3195 5420 inimicum
3226 5362 3440 5432 quidem

1920 5523 1938 5591 ξ
1977 5519 2263 5590 viguierius,
2287 5517 2465 5591 [alarm
2484 5517 2691 5590 ορίηιζή,
2715 5529 2825 5591 erat:
2847 5516 2934 5568 illa
2963 5513 3089 5580 falsa
3125 5511 3203 5564 sit.
3228 5519 3286 5562 At
3312 5519 3442 5572 Mss,

1856 5577 2453 5648 falsum'opinatideilla,
2478 5592 2591 5648 cum
2609 5577 2716 5644 ipsa
2737 5578 2801 5631 sit
2818 5592 2950 5648 vera.

1893 5647 1942 5713 ε’
1958 5633 2107 5713 ,Αριιδ
2124 5633 2451 5713 Nisaeum;
2472 5642 2562 5691 Sed
2586 5633 2677 5713 ηὸη
2695 5647 2795 5713 me
2816 5634 3225 5713 εοηιιεεῖκιξοξξμξ
3240 5633 3446 5713 ἐψε-

1858 5695 1930 5757 sio
1952 5695 2252 5776 loqueris,:'ut
2265 5702 2353 5776 .ilti
2382 5695 2482 5754 viro
2502 5702 2874 5774 erubescendum
2891 5698 3075 5770 tribuas
3097 5695 3371 5759 falsitatem.
3383 5704 3441 5746 at.

1890 5827 1894 5828 ν
1926 5767 1947 5800 ³
1979 5764 2110 5828 Apud
2142 5772 2454 5827 Vtgntertam,
2493 5771 2561 5814 ait
2599 5777 2713 5828 ergo
2735 5761 2814 5815 ille
2851 5772 3021 5823 cujus;
3062 5759 3231 5811 ferens
3265 5756 3443 5821 semel,

1861 5827 1961 5879 ille.
2027 5835 2082 5876 M.

1928 5890 2000 5951 (a)
2032 5897 2069 5938 ο
2090 5884 2185 5948 bitt,
2208 5896 2244 5936 0
2269 5888 2367 5938 vis!
