3934 6178
475 413 496 464 1
519 413 612 465 to?)

473 543 660 578 ausum
691 525 848 578 fuisse
879 521 1269 591 reprehendere
1297 521 1314 589 (
1343 518 1575 587 Pelagius
1597 559 1610 579 ,
1652 516 1714 568 de
1741 514 1921 567 Libero
1961 510 2054 562 Ar-

476 617 641 683 5itgio,
671 615 755 667 lib.
788 613 852 681 5)
883 630 896 677 ;
934 628 1051 665 cum
1081 612 1145 665 de
1170 611 1442 664 nativitatc
1476 607 1678 662 Domini
1709 603 2012 674 loqueretur
2046 617 2059 653 :

478 709 597 760 Ideo
621 716 665 758 et
692 706 837 776 quasi
867 706 1013 757 homo
1046 720 1133 774 per
1167 703 1400 755 universa
1441 710 1656 754 tentatus
1684 709 1754 750 est
1774 738 1788 762 ,
1821 707 1868 751 et
1898 697 1949 748 in
1988 698 2059 752 si-

471 798 753 850 militudine
780 796 1038 849 hominum
1069 803 1246 846 cuncta
1275 792 1509 845 sustinuit
1538 806 1556 842 :
1574 793 1662 843 sed
1685 789 1829 859 quasi
1853 789 1914 841 de
1935 789 2060 858 Spi-

469 890 569 942 ritu
598 898 746 941 natus
780 887 1017 940 abstinui!
1045 902 1074 938 a
1113 894 1333 956 peccato.
1373 883 1549 937 Omnis
1579 884 1711 934 enim
1749 883 1897 933 homo
1924 898 2064 933 men-

470 979 603 1043 dax,
652 989 694 1032 et
724 995 867 1031 nemo
907 979 1012 1030 sine
1039 986 1240 1046 peccato
1284 975 1379 1028 nisi
1419 990 1548 1025 unus
1586 971 1744 1026 Deus.
1793 972 2060 1027 Servatum

471 1081 543 1124 est
573 1071 749 1142 igitur,
779 1069 967 1138 inquit,
1001 1077 1056 1120 ut
1091 1084 1153 1121 cx
1179 1067 1283 1120 riro
1314 1076 1359 1119 et
1391 1065 1624 1128 muliere,
1657 1065 1710 1116 id
1737 1073 1807 1117 est
1832 1105 1843 1125 ,
1875 1081 1962 1132 per
1992 1065 2059 1117 il-

472 1164 573 1216 lam
615 1180 886 1233 corporum
910 1163 1316 1214 commixtionent
1346 1201 1359 1223 ,
1405 1175 1548 1212 nemo
1599 1157 1826 1210 videatur
1879 1173 2058 1228 expers

471 1275 578 1312 esse
605 1257 772 1310 delicti
800 1273 817 1320 ;
851 1257 935 1326 qui
961 1265 1126 1308 autent
1153 1270 1328 1323 expers
1353 1251 1523 1305 delirti
1544 1293 1557 1316 ,
1592 1267 1772 1318 expers
1801 1249 1952 1302 etiam
1977 1249 2064 1301 Iut-

464 1347 693 1419 jusmodi
743 1346 1080 1414 conccptianis
1130 1343 1501 1416 (Ambrosius,
1543 1343 1594 1394 in
1641 1338 1899 1410 Isaiam).
1932 1338 2063 1393 Cum

473 1440 634 1509 igitur
659 1439 761 1493 hoc
805 1448 858 1492 et
899 1437 1239 1492 Ambrosium
1271 1435 1468 1489 dixisse
1501 1449 1604 1485 non
1642 1447 1805 1501 neges
1829 1473 1842 1497 ,
1875 1440 1928 1486 et
1956 1431 2064 1499 pla-

474 1547 600 1584 nmn
641 1541 800 1600 atque
827 1538 1069 1597 apertum
1098 1542 1218 1582 esse
1253 1525 1590 1595 perspicias;
1639 1524 1762 1594 quid
1807 1531 1888 1577 est
1925 1523 2065 1593 quod

475 1625 677 1678 clamas
706 1665 719 1687 ,
753 1622 796 1676 0
824 1623 1098 1692 falsitatem
1126 1620 1508 1675 erubescendum
1537 1619 1558 1672 !
1582 1619 1675 1674 Cui
1706 1633 1908 1688 quaeso,
1939 1633 2065 1673 eru-

475 1717 794 1772 hescendam
820 1715 843 1768 ?
874 1716 1020 1769 illine
1043 1730 1107 1768 an
1139 1713 1266 1767 mihi
1295 1714 1317 1766 ?
1345 1713 1400 1768 Si
1427 1713 1498 1766 illi
1528 1753 1542 1776 ,
1572 1712 1691 1766 vide
1717 1711 1802 1766 cui
1829 1712 1902 1765 sis
1932 1727 2064 1764 con-

479 1808 792 1862 tumeliosus
822 1825 833 1860 :
867 1807 910 1861 si
942 1806 1091 1869 mihi,
1119 1805 1238 1859 vide
1266 1820 1424 1876 quam
1451 1804 1524 1858 sis
1551 1805 1929 1859 calumniosns.
1959 1802 2065 1857 Sed

478 1897 608 1961 hoc,
643 1897 848 1966 inquis,
883 1897 1043 1950 etiam
1081 1907 1132 1948 tu
1160 1895 1314 1950 dicis.
1349 1895 1476 1947 Dico
1507 1894 1660 1963 plane
1681 1936 1696 1961 ,
1729 1895 1849 1965 quia
1881 1910 2064 1949 verum

475 1999 555 2041 est
589 2005 603 2040 :
647 1987 788 2056 quod
825 1988 866 2040 si
898 1996 951 2040 tu
994 2002 1180 2041 verum
1209 2001 1328 2039 esse
1360 2003 1461 2038 non
1511 1995 1699 2055 putas,
1732 2001 1829 2040 cur
1867 1984 1924 2039 in
1962 2001 2064 2040 una

476 2079 770 2146 eademque
800 2077 1063 2132 sententia
1084 2117 1099 2142 ,
1135 2092 1294 2145 quam
1326 2076 1452 2129 dicit
1483 2077 1572 2130 ille
1596 2118 1611 2141 ,
1643 2075 1763 2129 dico
1793 2092 1912 2146 ego,
1960 2091 2064 2130 non

478 2178 559 2222 est
589 2167 907 2221 Manichmns
936 2167 1055 2231 ille,
1085 2165 1177 2220 sed
1218 2182 1316 2234 ego
1344 2168 1367 2220 ’ἔ
1396 2166 1604 2233 Quanto
1632 2165 1824 2236 justius
1855 2166 1940 2219 hic
1968 2181 2067 2220 nos

476 2259 834 2312 exclamamus
859 2296 874 2321 ,
907 2257 950 2311 Ο
975 2255 1390 2310 erubescendum
1426 2270 1770 2324 personarum
1795 2256 2061 2325 acceptio-

479 2366 599 2404 ncm
632 2351 789 2419 lqua:
831 2358 883 2403 te
915 2349 1096 2418 procul
1131 2347 1294 2403 dubio
1331 2349 1647 2403 erubescere
1681 2358 1934 2420 cogeret,
1966 2349 2067 2404 nisi

478 2442 529 2496 in
560 2451 644 2495 tua
674 2457 896 2510 persona
926 2440 1073 2494 frons
1095 2440 1175 2495 ori
1204 2448 1295 2494 tuo
1317 2439 1506 2493 similis
1530 2447 1692 2495 esset.

547 2530 704 2586 CVII.
729 2530 848 2586 Jun.
877 2531 1147 2586 Hunccine
1162 2529 1370 2584 audere
1398 2529 1576 2585 dicere
1604 2545 1664 2586 se
1699 2529 2066 2586 damnatorem

477 2639 584 2676 non
617 2638 735 2678 esse
763 2623 992 2692 conjugii
1021 2663 1036 2689 ,
1068 2630 1120 2676 et
1165 2630 1310 2675 tanto
1350 2621 1556 2682 scelere
1598 2619 1822 2676 illudere
1850 2622 2067 2676 auribus

479 2717 758 2787 imperitis,
785 2724 888 2770 uta
913 2715 1185 2770 Manichmi
1213 2730 1271 2770 se
1295 2713 1433 2770 dicat
1460 2715 1748 2770 recessisse
1773 2714 2063 2781 consortio,

477 2809 564 2876 qui
597 2806 1029 2862 commixtionem
1061 2821 1280 2860 sexuum
1304 2847 1318 2870 ,
1349 2806 1438 2875 qui
1475 2820 1691 2874 operam
1723 2805 2025 2875 nuptiarum
2046 2846 2060 2871 ,

476 2901 565 2971 qui
597 2899 928 2954 aliectionem
961 2907 1010 2954 et
1041 2914 1254 2953 sensum
1281 2906 1557 2967 parentum
1590 2898 1644 2952 in
1674 2913 1838 2968 regno
1867 2897 2066 2952 diaboli

479 2986 753 3058 multiplici
777 2989 1106 3060 professione
1125 2988 1430 3054 constituit;
1453 2996 1610 3056 atque
1629 2987 1693 3041 ad
1716 2987 1832 3044 lucc
1852 2988 2066 3044 inventa

480 3079 752 3136 Maniehmi
782 3079 1099 3149 adjutorium
1126 3078 1208 3133 sui
1237 3078 1500 3134 acuminis
1532 3078 1760 3149 iungens
1781 3122 1796 3145 ,
1825 3094 2065 3150 pronun-

480 3174 570 3226 tiat
597 3171 809 3240 quidem
840 3169 1156 3225 diabolicam
1185 3169 1618 3224 commixtionem
1639 3210 1654 3236 ,
1686 3185 1910 3240 eamque
1945 3184 2067 3224 esse

480 3273 533 3318 et
556 3279 716 3332 opere
743 3274 796 3319 et
822 3278 982 3318 carne
1011 3262 1296 3332 conjugum
1320 3263 1361 3329 ί,
1384 3277 1447 3316 ac
1468 3272 1686 3331 propter
1711 3277 1829 3317 eam
1851 3262 2068 3333 deputat

486 3371 649 3424 regno
670 3355 885 3420 diaboli,
914 3354 1168 3410 absolutis
1190 3362 1364 3407 tamen
1391 3353 1778 3422 operatoribus,
1810 3353 2068 3408 innocen-

479 3456 580 3500 tes.
617 3446 686 3499 lta
729 3447 908 3513 utique
939 3445 1049 3500 Deo
1093 3459 1306 3513 semper
1347 3445 1568 3499 infestus
1592 3486 1607 3508 .
1645 3444 1856 3500 diabolo
1879 3487 1894 3512 ,
1932 3446 2070 3502 sicut

479 3538 634 3599 dicit,
668 3552 760 3605 per
787 3536 1054 3590 libidinem
1083 3537 1375 3590 servientes
1407 3545 1599 3591 tuetur.

555 3630 686 3682 Acs.
724 3628 906 3692 Erras,
934 3637 986 3680 et
1017 3627 1108 3682 tibi
1136 3628 1532 3682 consentientes
1558 3629 1723 3698 mittis
1747 3629 1879 3685 alios
1906 3630 1959 3685 in
1980 3647 2067 3686 er-

480 3734 654 3771 rorem
684 3736 696 3772 :
728 3732 830 3771 non
860 3719 1097 3772 Serviunt
1122 3718 1334 3772 diabolo
1365 3734 1459 3788 per
1490 3719 1784 3786 libidinem,
1814 3721 1904 3791 qui
1929 3720 2068 3775 ﬁlio-

482 3825 598 3862 rum
623 3809 1068 3878 procreandorum
1091 3824 1248 3864 causa
1273 3819 1492 3864 utuntur
1510 3810 1796 3880 eonjugum
1821 3826 2067 3882 corpore,

484 3908 538 3951 ut
562 3909 883 3968 generentur
904 3899 1271 3970 regenerandi.
1295 3899 1404 3955 Nec
1431 3901 1548 3955 ideo
1572 3911 1745 3956 tamen
1765 3900 2073 3957 defenditur

481 3990 715 4044 libidinis
753 3991 948 4044 malum
993 4009 1006 4042 :
1048 3991 1141 4046 sed
1180 3989 1540 4046 defenduntur
1568 3993 1656 4062 qui
1689 3993 1824 4048 bene
1855 4001 2072 4048 utuntur

479 4082 640 4135 malo.
670 4081 760 4135 Est
779 4083 920 4135 enim
939 4090 991 4135 et
1007 4083 1130 4135 mali
1157 4097 1284 4136 usus
1305 4082 1497 4136 bonus.
1516 4081 1647 4136 Nam
1672 4092 1725 4137 et
1741 4083 1906 4152 ipsius
1926 4092 2070 4138 sata-

482 4188 567 4227 na:
585 4174 634 4226 in
652 4173 941 4241 Scripturis
957 4172 1155 4225 sanctis
1175 4173 1512 4240 reperiuntur
1529 4174 1800 4241 utilitates,
1825 4185 2072 4230 manente

481 4267 595 4336 ejus
608 4264 1224 4333 scilicetvituperalione,
1238 4264 1393 4318 laude
1408 4280 1533 4319 vero
1546 4267 1740 4321 utentis
1753 4266 1893 4320 malo
1909 4267 2066 4323 bene.

552 4357 734 4412 CVIII.
774 4355 890 4411 JUL.
931 4355 1186 4410 Parvulos
1213 4369 1368 4417 vero,
1401 4370 1535 4424 quos
1561 4371 1589 4407 a
1620 4357 1728 4410 Deo
1758 4356 1870 4410 ﬁeri
1903 4357 2062 4423 dicit,

482 4448 719 4502 dominio
758 4447 952 4501 addicit
997 4445 1192 4500 inimici
1219 4485 1233 4510 ,
1265 4445 1446 4514 sicque
1489 4459 1591 4497 non
1633 4460 1766 4514 opus
1806 4445 2065 4500 daemonis

483 4541 694 4607 arguit,
739 4539 889 4608 cujus
936 4538 1206 4591 ministros
1243 4536 1469 4590 absolvit
1502 4551 1532 4590 a
1575 4535 1763 4605 culpa;
1797 4535 1889 4590 sed
1939 4553 2072 4607 opus

488 4630 602 4692 Dei,
631 4629 695 4681 ad
723 4629 861 4698 quod
889 4629 1135 4684 diabolici
1157 4631 1178 4661 ¹
1211 4630 1446 4683 muneris
1467 4628 1677 4683 conscia
1703 4629 1946 4697 voluptas
1969 4645 2070 4683 non

487 4720 656 4789 potuit
689 4719 984 4789 pervenire.
1015 4717 1318 4789 Conjugalis
1347 4736 1475 4790 ergo
1505 4721 1681 4790 operis
1723 4720 2030 4774 criminator
2054 4763 2069 4787 ,

486 4812 580 4867 sed
613 4811 884 4866 libidinum
925 4811 1203 4880 expiatur,
1248 4811 1582 4881 impugnator
1625 4814 1978 4878 innocentia},
2020 4825 2075 4869 et

485 4904 679 4957 divina'
701 4902 964 4972 aequitatis
987 4902 1269 4957 infamator
1289 4917 1391 4956 non
1419 4905 1592 4958 timuit
1615 4906 1850 4960 scribere
1873 4923 1883 4956 :
1903 4924 1921 4957 ι
1943 4906 2074 4960 Dico

489 4994 645 5062 plane
665 5036 677 5055 ,
711 4994 828 5049 ideo
866 4993 985 5048 illos
1012 5007 1130 5049 esse
1157 4992 1255 5047 sub
1285 4992 1495 5048 diabolo
1518 5037 1533 5059 ,
1562 4997 1684 5064 quia
1713 4995 1779 5050 de
1809 4997 1894 5049 illa
1923 5011 2073 5050 com-

487 5084 742 5138 mixtione
784 5092 908 5138 sunt
952 5085 1082 5138 nati.
1131 5103 1150 5136 ι
1185 5083 1336 5152 Quod
1380 5086 1657 5140 sententia:
1705 5086 1905 5142 facinus
1952 5103 2073 5141 cum

488 5176 740 5228 nudatum
772 5175 993 5242 videret,
1025 5187 1248 5232 conatus
1281 5177 1404 5232 illud
1436 5179 1608 5248 aliqua
1638 5182 1952 5236 auctoritate
1976 5181 2073 5236 de-

487 5264 723 5326 fendere.
754 5279 907 5333 quam
930 5263 1214 5336 Scriptnris
1243 5268 1480 5339 proferre
1508 5269 1527 5300 ³
1557 5286 1660 5324 non
1689 5280 1914 5340 poterat,
1946 5273 2074 5326 sub-

486 5357 619 5412 didit
652 5358 811 5413 etiam
841 5357 1146 5427 episc0pum
1175 5361 1514 5416 Ambrosium
1545 5363 1778 5417 sensisse
1807 5364 2069 5419 similiter.

486 5448 600 5505 Non
630 5449 842 5520 quidem
877 5450 1065 5503 mirum
1097 5459 1180 5538 est
1214 5453 1353 5522 quod
1380 5455 1692 5510 criminatur
1717 5465 1770 5511 ct
1801 5467 2068 5527 mortuos,

492 5555 608 5595 tum
636 5541 951 5596 criminatur
976 5539 1252 5596 innocuos.

550 5697 568 5728 ι
602 5696 676 5745 sic
698 5704 801 5745 Mss.
829 5701 877 5744 In
906 5695 1060 5758 \‘ign.,
1086 5695 1352 5758 confugerit.

548 5759 570 5818 ξ
601 5760 673 5806 Sic
696 5766 797 5806 Mss.
833 5765 878 5804 In
905 5755 1062 5818 Viam,
1087 5755 1280 5806 diaboli.

549 5816 571 5848 ⁸
601 5819 673 5866 sic
696 5827 797 5867 Mss.
824 5824 872 5866 tn
899 5816 1055 5881 \‘ign.,
1081 5819 1332 5882 pra'ferre.

1137 406 1379 460 ()PEillS
1420 400 1829 458 IXII’EBFECTI
1860 396 2132 450 COIi'l‘ll-X
2173 394 2528 461 JUIJANUM,
2561 395 2615 450 S.
2660 394 3047 451 AUCUSTINI

3616 398 3639 451 1
3655 399 3762 450 4οᾹ

2243 510 2374 564 Anc.
2425 510 2673 578 Quisquis
2719 509 2835 563 lucc
2878 509 3044 574 audit,
3073 508 3197 580 quid
3243 518 3293 565 te
3335 520 3480 580 putat
3522 513 3762 581 objieere

2172 589 2324 655 nobis
2349 645 2361 664 ,
2395 603 2493 656 nisi
2524 601 2664 672 quod
2695 603 2808 656 lucc
2846 602 3107 656 sententia
3153 602 3445 658 beatissimi
3487 604 3759 660 Ambrosii

2169 709 2326 764 quam
2361 694 2629 762 posuimus
2661 707 2764 746 non
2796 693 2865 746 sit
2891 693 3076 762 ip~ius,
3105 693 3197 747 sed
3226 710 3344 748 eam
3381 710 3479 749 nos
3504 705 3758 766 tanquam

2169 789 2237 837 sit
2267 783 2430 852 ipsius
2453 783 2796 838 finxerimus?
2820 783 2952 838 Nam
2979 793 3033 838 et
3060 799 3180 853 ego,
3209 799 3330 838 cum
3365 785 3478 840 lucc
3499 787 3758 874 legerem,

2170 874 2302 929 nihil
2333 883 2385 928 te
2415 889 2572 943 agere
2601 875 2617 905 ⁸
2646 874 2978 939 existimavi;
3021 875 3116 930 sed
3162 884 3506 945 posteaquam
3537 879 3654 932 veni
3691 879 3760 932 ad

2171 967 2259 1021 illa
2297 982 2412 1036 quae
2437 965 2679 1036 adjungis
2696 1008 2710 1028 ,
2732 976 2786 1020 et
2818 966 2918 1020 hoc
2938 967 3278 1034 Ambrosium
3299 967 3498 1022 dixisse
3526 984 3630 1022 non
3657 972 3760 1023 ab-

2173 1059 2320 1121 nuis,
2354 1066 2405 1112 te
2437 1058 2611 1126 potius
2655 1056 2978 1112 horrendmn
3017 1058 3416 1114 criminatorem
3450 1062 3580 1114 tanti
3619 1062 3761 1115 illius

2170 1150 2402 1204 doctoris
2435 1150 2631 1204 inveni.
2662 1150 2792 1204 Nam
2824 1149 3074 1220 quidquid
3112 1149 3246 1204 dicis
3274 1150 3326 1205 in
3358 1167 3478 1218 me,
3506 1154 3759 1220 quoniam

2173 1259 2265 1313 per
2280 1243 2710 1297 commixtionem
2729 1243 2932 1297 virilem
2950 1243 3292 1313 mulierisque
3309 1255 3621 1314 conceptum
3635 1245 3762 1300 dico

2173 1333 2436 1387 neminem
2455 1343 2726 1402 expertem
2747 1348 2866 1387 esse
2889 1333 3088 1396 delicti,
3103 1335 3340 1402 profecto
3358 1335 3515 1388 etiam
3539 1337 3588 1388 in
3608 1337 3760 1391 illum

2171 1426 2322 1491 dicis,
2347 1426 2436 1495 qui
2463 1425 2564 1479 hoc
2591 1437 2713 1481 ante
2737 1441 2821 1479 me
2840 1425 2970 1480 dixit
2993 1437 3046 1481 et
3063 1427 3295 1495 scripsit.
3315 1427 3425 1496 Ego
3442 1439 3617 1482 autem
3634 1446 3759 1482 cum

2173 1529 2223 1572 te
2254 1518 2502 1573 refellens
2531 1528 2585 1573 et
2609 1519 2699 1573 tibi
2733 1519 2983 1574 resistens
3005 1562 3020 1585 ,
3052 1535 3236 1575 assero
3264 1521 3512 1592 parvulos
3543 1535 3765 1592 propter

2171 1610 2425 1679 originale
2453 1609 2704 1666 delictum
2729 1624 2849 1666 esse
2887 1611 2986 1665 sub
3011 1610 3240 1676 diabolo,
3271 1613 3374 1667 nisi
3410 1625 3762 1670 renascantur

2172 1703 2224 1758 in
2244 1703 2475 1771 Christo,
2491 1721 2595 1760 non
2617 1707 2795 1773 utique
2812 1722 2899 1761 me
2915 1707 3107 1770 solum,
3122 1721 3307 1762 verum
3325 1716 3380 1764 et
3393 1708 3759 1776 Ambrosium,

2171 1806 2225 1851 et
2267 1797 2400 1854 alios
2439 1799 2615 1854 socios
2665 1799 2812 1868 ejus,
2868 1814 2932 1853 ac
2981 1799 3100 1853 fidei
3139 1799 3296 1867 hujus
3349 1802 3636 1870 participes
3676 1813 3764 1857 at-

2171 1902 2274 1956 que
2301 1889 2545 1944 doctores
2564 1931 2579 1956 ,
2613 1891 3018 1960 universamque
3038 1889 3232 1945 Christi
3266 1891 3560 1947 Ecclesiam
3581 1933 3598 1957 ,
3637 1910 3760 1962 quae

2172 1993 2232 2035 se
2275 1981 2375 2036 hoc
2432 1983 2738 2050 accepisse,
2789 1981 2890 2037 hoc
2942 1992 3153 2048 tenere,
3206 1981 3309 2036 hoc
3353 1983 3582 2038 ﬁdeliter
3633 1999 3758 2038 cre-

2171 2070 2334 2137 dere,
2390 2073 2727 2141 parvulorum
2777 2073 3158 2141 baptizatorum
3214 2074 3512 2128 exorcismo
3569 2085 3624 2129 et
3671 2091 3762 2131 ex.

2172 2160 2476 2218 sufflatione
2517 2170 2757 2228 testatur,
2805 2179 2836 2218 a
2883 2172 2970 2218 tua
2997 2163 3196 2218 nefaria
3244 2165 3616 2220 criminatione
3655 2167 3758 2220 de-

2172 2253 2352 2310 fendo.

2243 2346 2378 2400 CIX.
2406 2345 2525 2402 Jac.
2565 2346 2778 2414 Quanto
2811 2345 3008 2402 rectius
3045 2346 3286 2412 diceres,
3317 2346 3458 2401 Dixit
3490 2348 3590 2402 hoc
3616 2347 3760 2402 idem

2171 2445 2226 2491 et
2261 2435 2583 2491 Mauichrus
2610 2437 2662 2490 in
2689 2435 2910 2507 epistola
2949 2435 3015 2490 ad
3057 2436 3339 2491 Patricium
3383 2453 3398 2488 :
3437 2435 3571 2490 dixit
3609 2445 3664 2492 et
3703 2437 3759 2492 in

2173 2527 2395 2596 epistola
2425 2543 2582 2598 quam
2612 2527 2826 2597 scripsit
2853 2527 2920 2582 ad
2961 2527 3122 2580 tiliam
3163 2527 3384 2582 Menoch
3408 2569 3423 2592 ,
3463 2527 3600 2582 dixit
3625 2529 3759 2583 etin

2171 2619 2290 2673 aliis
2316 2619 2494 2674 multis
2521 2620 2756 2689 scriptis,
2785 2635 2904 2689 qua:
2931 2628 2982 2673 tu
3011 2619 3220 2688 penitus
3249 2619 3675 2682 imbibisti?.Sed
3705 2619 3760 2675 in

2171 2713 2498 2768 consortium
2538 2721 2682 2766 tuum
2723 2712 3031 2782 episcopum
3071 2710 3517 2766 Mediolanensem
3548 2712 3762 2766 conaris

2171 2804 2438 2859 attrahere
2461 2845 2476 2870 ,
2519 2813 2574 2860 et
2602 2805 2723 2874 quia
2754 2818 2862 2860 non
2891 2812 3041 2874 potes
3068 2804 3267 2860 habere
3303 2805 3614 2875 prtesidium
3633 2846 3654 2872 ,
3681 2807 3762 2860 vis

2171 2896 2412 2953 invenire
2441 2897 2708 2953 solatium.

2242 2991 2376 3047 Anc.
2408 2989 2571 3045 Valde
2596 2998 2780 3045 contra
2811 2989 3159 3048 Manichmum
3187 2999 3269 3046 est
3296 2989 3437 3061 quod
3464 2989 3602 3045 dixit
3630 2991 3762 3046 Am~

2172 3082 2402 3138 hrosius.
2429 3081 2561 3137 Nam
2583 3081 2907 3138 Manichacus
2933 3084 3159 3138 alienam
3188 3083 3312 3138 mali
3338 3094 3580 3138 naturam
3608 3085 3765 3138 nobis

2173 3172 2301 3228 dicit
2329 3187 2449 3229 esse
2476 3173 2853 3241 commixtam;
2886 3174 3203 3230 Ambrosius
3230 3185 3406 3230 autem
3435 3177 3764 3245 pr:evarica-

2175 3264 2318 3318 tione
2359 3265 2516 3335 primi
2557 3262 2787 3319 hominis
2829 3274 3063 3319 nostram
3091 3265 3220 3319 dicit
3245 3280 3366 3321 esse
3390 3266 3628 3319 vitiatam
3665 3268 3763 3320 :‘in

2174 3354 2274 3408 hac
2301 3371 2428 3410 vero
2461 3356 2721 3410 sententia
2749 3355 2814 3410 de
2852 3370 2953 3425 qua
2984 3370 3125 3410 nunc
3159 3356 3401 3425 agimus,
3433 3357 3762 3411 nativitatem

2173 3447 2346 3501 carnis
2384 3446 2580 3501 Christi
2619 3462 2649 3500 a
2690 3456 3006 3502 eaeterorum
3034 3448 3236 3517 peccati
3266 3464 3428 3502 carne
3451 3449 3763 3504 discernens

2174 3535 2412 3592 defendit
2439 3537 2772 3602 Ambrosius,
2804 3553 2962 3608 quam
2993 3547 3152 3609 negat
3182 3539 3390 3608 penitus
3415 3539 3760 3594 Manichams.

2174 3627 2338 3696 Quod
2355 3643 2483 3698 ergo
2505 3627 2676 3683 credit
2699 3628 3034 3692 Ambrosius,
3061 3628 3165 3684 hoc
3184 3639 3237 3683 et
3256 3644 3356 3699 ego
3383 3648 3397 3684 :
3420 3631 3564 3700 quod
3587 3643 3761 3685 autem

2175 3718 2494 3774 Manichaeos
2518 3761 2532 3786 ,
2565 3735 2663 3774 nec
2689 3719 2794 3785 ille,
2827 3734 2926 3774 nec
2953 3735 3073 3789 ego.
3101 3719 3237 3786 Quid
3263 3730 3346 3775 est
3373 3720 3515 3791 quod
3545 3731 3598 3775 tu
3628 3723 3758 3776 nite-

2175 3811 2250 3865 ris
2289 3826 2374 3866 me
2412 3826 2662 3881 separare
2689 3811 2756 3866 ab
2785 3811 3068 3865 Ambrosio
3091 3851 3107 3877 ,
3143 3820 3199 3866 et
3227 3811 3553 3882 conjungere
3593 3813 3757 3866 Mani-

2175 3901 2366 3955 chzeo?
2391 3901 2521 3955 Nam
2564 3902 2608 3955 si
2650 3901 2912 3971 originale
2953 3910 3227 3969 peccatum
3254 3942 3269 3964 ,
3313 3916 3418 3956 non
3468 3918 3536 3956 ex
3578 3903 3762 3956 alienae

2176 3993 2575 4058 commixtione,
2604 3990 2698 4045 sed
2727 4006 2794 4046 ex
2823 3999 3022 4046 nostrae
3052 3991 3430 4059 depravatione
3456 4003 3663 4046 natura:
3687 3992 3764 4046 di-

2176 4097 2299 4136 cere
2325 4097 2352 4134 a
2391 4083 2732 4136 nascentibus
2763 4081 2932 4146 trahi,
2965 4081 3157 4150 dogma
3192 4091 3275 4136 est
3299 4081 3713 4136 Manicbmorum
3744 4099 3757 4135 :

2179 4172 2278 4226 hoc
2318 4187 2526 4226 mecura
2568 4171 2698 4226 dicit
2737 4172 3078 4236 Ambrosius;
3112 4187 3206 4226 cur
3233 4186 3339 4226 non
3377 4173 3565 4226 ambos
3596 4173 3760 4226 Alaui-

2177 4261 2341 4317 clueis
2363 4261 2573 4316 conaris
2598 4261 2926 4331 adiungere?
2955 4262 3009 4318 Si
3037 4272 3213 4316 autem
3237 4262 3338 4316 hoc
3354 4262 3760 4316 Maniclta-orum

2177 4353 2369 4424 dogma
2400 4368 2506 4406 non
2532 4363 2633 4416 est,
2661 4353 2797 4407 sicut
2828 4368 2930 4406 non
2956 4362 3039 4408 est
3071 4371 3084 4406 :
3114 4352 3214 4407 hoc
3240 4352 3358 4407 dico
3383 4367 3506 4407 eum
3533 4353 3758 4406 Ambro-

2178 4445 2292 4509 sio;
2317 4458 2414 4498 cur
2439 4457 2543 4497 non
2569 4441 2757 4496 ambos
2779 4458 2810 4496 a
2836 4442 3140 4497 Manichaeis
3165 4442 3400 4512 dignaris
3438 4443 3760 4512 abjungcre‘l

2177 4535 2286 4590 Cur
2314 4550 2442 4604 ergo
2466 4576 2479 4600 ,
2521 4544 2580 4588 ut
2615 4533 2748 4589 dicis
2771 4576 2786 4599 ,
2817 4553 2834 4586 ι
2870 4534 3178 4604 episcopum
3216 4534 3667 4589 Mediolanensem
3709 4533 3758 4586 iu

2179 4630 2504 4683 consortium
2529 4644 2706 4684 meum
2729 4643 2896 4682 conor
2915 4629 3216 4693 attrahere;
3253 4648 3269 4682 ι
3297 4644 3418 4683 cum
3451 4644 3537 4683 me
3564 4629 3633 4683 ab
3651 4629 3760 4697 ejus

2179 4721 2451 4775 consortio
2498 4729 2554 4774 ιιι
2603 4719 2795 4773 frustra
2842 4719 3053 4774 coneris
3096 4718 3453 4774 abstrahere?
3499 4719 3634 4786 Quid
3685 4728 3761 4772 est

2180 4814 2321 4884 quod
2345 4813 2496 4878 dicis,
2518 4831 2536 4865 ι
2557 4813 2676 4883 quia
2698 4827 2800 4866 non
2817 4827 3030 4882 possum
3053 4811 3251 4867 habere
3273 4813 3602 4882 praesidium,
3630 4813 3762 4866 velle

2180 4924 2266 4963 me
2302 4909 2540 4962 invenire
2569 4907 2860 4961 solatium?
2896 4924 2915 4958 ι
2951 4905 3075 4959 Mihi
3105 4921 3227 4959 cum
3270 4906 3558 4960 Ambrosio
3581 4947 3596 4972 ,
3634 4905 3762 4959 velis

2182 5000 2339 5064 nolis,
2371 5000 2420 5054 in
2454 4981 2562 5053 (ide
2583 4997 2840 5053 catholica
2868 4997 3112 5053 Christus
3137 5012 3422 5052 commune
3460 4997 3760 5066 przesidium

2181 5099 2280 5146 est.
2324 5091 2448 5146 Ideo
2476 5090 2631 5160 plane
2660 5099 2741 5144 est
2767 5089 3084 5148 Ambrosius
3118 5089 3367 5143 solatium
3399 5104 3577 5143 meum
3597 5129 3616 5153 ,
3645 5090 3759 5157 quia

2181 5197 2300 5237 eum
2325 5182 2414 5235 illo
2441 5182 2642 5250 accipio
2671 5180 2970 5236 convicium
2999 5188 3145 5234 tuum
3176 5197 3190 5233 :
3217 5193 3317 5234 nec
3340 5179 3513 5234 solum
3547 5181 3656 5249 ipse
3681 5193 3764 5232 me

2182 5275 2233 5328 iu
2264 5275 2361 5329 hac
2384 5290 2541 5329 causa
2565 5274 2845 5343 plurimum
2871 5272 3200 5340 con80latur,
3223 5272 3320 5326 sed
3347 5282 3404 5327 et
3431 5272 3719 5342 Cyprianus
3743 5307 3760 5332 ,

2179 5377 2233 5422 et
2260 5367 2510 5433 Hilarius,
2543 5367 2737 5435 aliique
2763 5365 3089 5431 consimiles,
3119 5381 3347 5435 quorum
3375 5366 3428 5420 in
3458 5381 3544 5420 me
3567 5366 3764 5419 laceras

2180 5459 2493 5514 catholicam
2533 5436 2711 5511 ﬁdem.
2753 5455 2866 5510 Noli
2895 5472 3022 5524 ergo
3049 5455 3323 5522 invidere,
3357 5456 3502 5526 quod
3539 5454 3760 5510 Ambro-

2180 5551 2311 5612 sius,
2343 5549 2638 5620 Cyprianus
2668 5556 2720 5601 et
2744 5547 2974 5601 Hilarius
3003 5547 3190 5602 solatia
3215 5556 3340 5602 sunt
3361 5547 3567 5616 injuri;e
3591 5559 3714 5599 mea:
3737 5559 3758 5592 z

2182 5642 2375 5696 invitus
2402 5641 2543 5695 enim
2575 5639 2755 5694 videre
2797 5637 3139 5709 compelleris
3164 5681 3178 5703 ,
3222 5647 3477 5709 quantum
3520 5636 3753 5698 intersit,

2246 5820 2261 5851 ι
2297 5817 2452 5867 Codex
2481 5822 2739 5874 t‘ortarum,
2765 5813 2883 5864 nihil
2905 5821 2949 5866 lc
2975 5813 3106 5865 aliud
3129 5826 3288 5877 agere.
