3934 6178
186 422 299 479 “05

179 535 294 609 quod
322 529 551 599 Pelagius
575 536 630 582 et
654 525 955 592 Caelestius,
984 534 1039 580 ct
1067 525 1113 581 si
1140 524 1261 596 quis
1280 535 1362 580 est
1391 524 1546 589 alius,
1574 522 1720 578 sola-

178 634 236 684 tia
259 633 370 680 Silltl
403 620 754 677 damnationis
781 630 904 675 tuaz.
934 619 1093 687 Quid,
1117 618 1256 688 quod
1284 617 1508 672 ostendo
1537 617 1726 672 debel-

178 721 344 775 lantcm
367 712 680 768 Maniclncos
719 725 815 781 pro
848 710 1110 766 catholica
1141 710 1245 766 fide
1272 709 1641 771 Ambrosium,
1673 716 1728 762 et

179 824 221 867 te
241 814 284 865 in
304 809 397 863 hoc
417 805 707 861 certamine
729 812 914 858 contra
938 803 1276 859 Ambrosium
1300 802 1543 873 pra-bere
1564 799 1727 855 Mani-

174 902 311 959 clneis
330 900 405 953 vel
428 898 581 951 victis
597 897 865 962 solatium,
887 897 970 951 vel
992 896 1149 951 etiam
1172 895 1565 955 resistentibus,
1585 890 1724 962 quod

174 1005 240 1053 est
263 994 419 1065 pejus,
448 990 749 1045 auxilium?
774 989 1046 1045 Manicluei
1077 989 1219 1044 enim
1247 988 1432 1044 dicunt
1458 986 1726 1056 propriam

172 1086 273 1141 mali
299 1099 410 1139 esse
430 1081 782 1137 substantiam
813 1090 973 1152 atque
1000 1088 1264 1148 naturam,
1298 1080 1452 1134 bona:
1481 1078 1571 1133 Dei
1601 1076 1730 1131 sub-

173 1175 351 1232 stantia:
378 1183 684 1242 naturaeque
703 1181 1059 1237 coazternam;
1094 1170 1422 1241 lmpossibile
1452 1169 1595 1223 enim
1621 1175 1725 1233 est,

169 1270 329 1331 aiunt,
369 1273 424 1318 ut
462 1263 592 1319 oriri
637 1263 840 1333 possint
890 1262 1027 1316 mala
1069 1261 1137 1317 de
1177 1262 1376 1317 bonis:
1407 1258 1729 1314 Ambrosius

171 1357 469 1420 contradicit,
501 1366 556 1410 et
577 1355 703 1410 dicit
725 1396 741 1421 ,
779 1373 798 1406 ι
837 1355 915 1410 Ex
942 1355 1097 1410 bonis
1120 1354 1259 1409 mala
1284 1362 1401 1409 orta
1426 1361 1552 1407 sunt
1580 1369 1595 1406 :
1620 1365 1726 1406 non

166 1451 286 1505 enim
309 1454 430 1505 su’nt
456 1448 633 1515 mala,
667 1447 766 1503 nisi
790 1464 908 1515 qua:
935 1448 1209 1516 privamur
1236 1447 1425 1511 bonis;
1456 1461 1552 1517 per
1588 1445 1726 1499 mala

169 1551 317 1596 tamen
346 1540 538 1594 factum
568 1548 650 1593 est
675 1547 734 1593 nt
758 1539 893 1594 bona
919 1537 1256 1593 eminerent:
1285 1553 1413 1609 ergo
1440 1536 1727 1607 indigentia

165 1633 290 1699 lieni,
315 1631 461 1687 radix
494 1631 712 1686 malitim
736 1638 818 1686 est
846 1650 865 1682 ι
892 1629 996 1701 (De
1024 1628 1174 1684 Isaac
1199 1640 1245 1683 et
1267 1631 1469 1695 Anima,
1499 1645 1615 1697 cap.
1646 1630 1725 1699 7).

164 1725 226 1780 'fu
254 1726 383 1779 inter
404 1723 523 1779 lucc
550 1722 677 1794 quid
700 1721 875 1778 dicis?
904 1740 924 1775 ι
956 1722 1155 1777 Rerum
1184 1722 1318 1777 ratio
1341 1736 1446 1775 non
1472 1721 1617 1783 sinit,
1649 1722 1728 1774 iu-

161 1820 277 1889 quis,
308 1829 361 1872 ut
384 1818 454 1874 de
476 1819 618 1873 bono
648 1818 878 1883 malum,
907 1826 958 1872 ct
985 1816 1051 1872 de
1078 1817 1225 1886 justo
1263 1815 1498 1886 iniquum
1528 1812 1727 1884 aliquid

162 1909 455 1977 proferatur.
494 1928 515 1961 ι
551 1908 676 1963 llaec
706 1907 865 1963 verba
895 1918 983 1961 tua
1003 1921 1102 1977 pro
1134 1905 1442 1960 Manichwis
1467 1904 1727 1959 adversus

156 1998 500 2063 Ambrosium,
522 2014 587 2054 ex
611 1998 703 2053 illo
730 1997 988 2067 przeclaro
1007 2000 1193 2066 opere,
1216 1996 1270 2050 in
1296 2012 1402 2066 quo
1427 1995 1575 2049 libris
1596 2009 1726 2063 qua-

157 2102 254 2145 inor
280 2091 367 2144 nui
400 2106 529 2145 meo
559 2090 769 2144 voluisti
809 2087 1139 2158 respondere
1158 2128 1173 2151 ,
1204 2088 1483 2157 posuimus
1512 2085 1728 2153 (Contra

153 2180 240 2234 Jul.
260 2223 276 2248 ,
311 2180 408 2236 lib.
446 2182 468 2234 i
495 2221 511 2243 ,
545 2196 597 2234 ιι.
630 2178 848 2249 42-46).
881 2177 938 2233 Si
967 2177 1020 2231 in
1049 2177 1149 2231 hac
1176 2176 1539 2231 controversia
1563 2174 1728 2244 judex

154 2288 293 2337 esses,
325 2271 578 2343 profecto
603 2281 690 2326 tua
718 2271 982 2326 sententia
1011 2270 1184 2325 victus
1203 2284 1233 2322 ιι
1253 2266 1559 2323 Maniebaeis
1583 2267 1732 2323 dice-

157 2371 272 2417 relnt‘
307 2362 659 2417 Ambrosius.
690 2360 761 2415 Et
799 2375 904 2415 non
933 2359 1208 2415 erubescis
1230 2400 1246 2426 ,
1301 2373 1421 2414 cum
1460 2359 1536 2413 sis
1579 2358 1731 2413 calu-

155 2454 357 2507 mniator
378 2466 575 2506 eorum
603 2465 739 2522 quos
767 2450 1102 2520 apertissime
1128 2449 1448 2513 criminaris,
1476 2448 1724 2503 adulator

154 2559 311 2597 eorum
351 2556 493 2613 quos
531 2557 596 2597 cx
634 2540 852 2610 obliquo
891 2540 1093 2611 pariter
1127 2539 1470 2607 criminaris,
1509 2539 1724 2609 adiutor

153 2650 309 2688 corium
335 2634 407 2690 de
436 2633 635 2704 quilms
661 2633 793 2687 alios
822 2631 1158 2687 criminaris?

208 2724 464 2780 CX.JI.'L.
503 2723 769 2794 Numquid
812 2724 911 2794 legi
958 2722 1049 2778 Dei
1087 2729 1182 2777 aut
1211 2720 1364 2793 operi
1394 2721 1489 2778 Dei
1525 2722 1724 2794 scripta

152 2816 520 2888 disputaturum
551 2814 940 2887 prmjndicant‘l

209 2912 334 2963 Al‘G.
365 2906 465 2962 llic
497 2904 613 2977 jam
660 2905 850 2975 incipis
886 2904 1164 2972 confiteri,
1194 2903 1332 2961 hanc
1364 2919 1395 2958 a
1431 2904 1587 2961 nobis
1615 2920 1722 2961 non

151 3013 251 3054 esse
274 3000 563 3054 confictam
600 2997 744 3053 velut
767 2996 1056 3063 Ambrosii,
1084 2996 1180 3054 sed
1204 3011 1331 3052 vere
1354 3011 1475 3051 esse
1502 3005 1723 3052 scnteuo

153 3090 259 3144 tiam
289 3091 339 3156 ';
369 3089 808 3161 quandoquidem
833 3089 915 3145 sic
951 3098 1004 3145 te
1028 3088 1096 3144 ab
1122 3088 1213 3143 illo
1234 3086 1464 3143 liberare
1487 3087 1722 3155 conaris,

151 3193 195 3234 ιιι
218 3179 376 3246 dicas,
414 3199 435 3235 ι
463 3180 739 3251 Numquid
763 3179 863 3250 legi
894 3178 986 3233 Dei
1016 3187 1111 3234 aut
1134 3177 1285 3249 operi
1307 3178 1401 3233 Dei
1429 3178 1728 3249 disputato—

153 3284 250 3324 nnu
288 3272 482 3341 scripta
524 3268 921 3342 pr.i-jttdicattt?
954 3288 976 3323 ι
1006 3266 1112 3324 Sed
1156 3283 1356 3339 perge,
1401 3266 1490 3325 dic
1529 3277 1724 3324 caetera

152 3360 317 3428 quibus
337 3361 708 3432 impudentior
729 3359 975 3415 inimicus
1002 3358 1125 3414 fidei
1144 3358 1420 3415 catholica:
1444 3358 1722 3429 judiceris.

208 3451 330 3507 CXI.
357 3453 481 3510 ,Ιι·ι..
510 3452 644 3508 Milli
676 3452 888 3508 interim
922 3450 1134 3507 abunde
1172 3450 1405 3517 sufficit,
1435 3451 1596 3507 etiam
1629 3465 1725 3521 per

157 3538 236 3596 liui-
262 3544 428 3612 ipsum
459 3542 733 3613 probare,
758 3557 1016 3612 nusquam
1047 3550 1098 3598 te
1119 3541 1172 3597 in
1196 3541 1367 3597 sacris
1395 3542 1612 3598 Litteris
1640 3541 1723 3597 le-

149 3634 269 3699 gisse
293 3636 433 3705 quod
464 3634 688 3699 credis,
718 3633 860 3705 quod
891 3643 944 3688 tu
976 3634 1029 3688 in
1058 3633 1147 3696 tali
1178 3648 1340 3689 causa
1368 3633 1500 3688 niltil
1527 3642 1725 3704 ιιι-αξιοι*

154 3727 379 3795 episcopi,
405 3741 546 3796 quas
568 3723 730 3791 dicis,
753 3723 1105 3786 dictiunculas
1135 3722 1402 3793 protulisti
1429 3740 1442 3777 :
1466 3721 1658 3792 quibus
1676 3722 1723 3778 si

151 3818 317 3883 altqtttil
343 3818 686 3874 aucturatius
714 3817 979 3888 potuisses
1004 3814 1299 3883 effetidere,
1330 3814 1399 3869 ab
1427 3813 1513 3870 bis
1537 3812 1723 3885 procul

152 3908 289 3962 dnluu
304 3921 693 3981 lcntperasscs.

206 4002 328 4056 Λιυ.
360 4005 462 4069 Qui
502 4005 690 4073 legunt
712 4039 729 4068 ,
763 3998 980 4055 videant
1020 4009 1196 4055 utrum
1237 4011 1337 4069 ego
1365 3996 1542 4053 divina
1574 3992 1723 4053 testi.

152 4104 300 4146 nuntia
334 4110 438 4149 non
470 4084 826 4166 protulerint;
857 4108 926 4148 an
954 4107 984 4145 a
1022 4106 1111 4148 me
1149 4092 1355 4162 prolata
1392 4091 1719 4162 depravare,

153 4182 320 4236 lrnslra
349 4186 463 4253 ipse
485 4194 722 4240 eiulatus
749 4182 844 4238 sis.
1396 4195 1401 4199 ’

205 4272 346 4329 ιιλιι.
389 4275 505 4331 Ιι·ι..
536 4273 647 4331 Sed
680 4273 814 4328 bene
839 4271 981 4343 quod
1008 4286 1106 4327 nos
1134 4285 1299 4327 onere
1321 4271 1504 4326 talium
1536 4286 1723 4342 perso-

151 4377 310 4419 natum
332 4367 480 4436 prior
503 4364 720 4422 levasti.
746 4361 879 4419 Nam
908 4363 960 4417 in
993 4362 1130 4417 libro
1151 4377 1308 4433 «luem
1334 4362 1401 4417 ad
1426 4363 1719 4417 Timasium

149 4465 308 4510 «mitra
336 4457 569 4513 liberum
597 4454 876 4511 arbitrium
906 4454 1141 4518 texuisti,
1173 4468 1297 4509 cum
1326 4463 1542 4508 sanctus
1567 4453 1720 4507 Pela-

148 4547 246 4614 gius
270 4551 660 4606 venerabilium
689 4552 922 4602 virorum
956 4555 1062 4601 tam
1105 4546 1372 4601 Ambrosii
1416 4562 1574 4616 quam
1613 4546 1719 4619 Cy-

150 4638 294 4703 priani
331 4644 656 4697 recordatus
682 4638 909 4706 fuisset,
949 4639 1039 4709 qui
1080 4638 1306 4692 liberum
1346 4638 1624 4693 arbitrium
1667 4639 1720 4693 in

149 4727 274 4787 libris
295 4734 408 4790 suis
432 4732 972 4797 conuucndaveraut,
1004 4728 1327 4800 respondisti
1358 4731 1500 4785 nulla
1531 4740 1581 4786 te
1600 4746 1721 4803 gra-

149 4825 240 4878 vari
265 4829 592 4882 auctoritate
624 4825 805 4881 talium
840 4842 854 4879 :
886 4825 957 4879 ita
989 4831 1047 4878 ut
1073 4822 1284 4878 diceres
1304 4864 1319 4887 ,
1346 4838 1439 4878 eos
1470 4838 1722 4893 processu

149 4913 249 4970 vita:
272 4917 514 4974 melioris
537 4958 555 4983 ,
591 4918 637 4971 si
663 4916 789 4986 quid
829 4916 968 4971 male
1007 4922 1325 4981 senserant,
1347 4914 1591 4985 capiasse
1620 4915 1724 4985 (De

150 5000 331 5061 Natura
352 5019 401 5062 et
431 5007 639 5070 Gratia,
674 5024 725 5060 ιι.
755 5006 856 5074 7|,
887 5006 1045 5079 ειμι).
1076 5005 1188 5060 Tua
1219 5005 1312 5060 tibi
1340 5006 1405 5060 ad
1433 5005 1535 5061 hoc
1560 5007 1722 5062 relata

147 5096 266 5165 sint,
307 5109 364 5155 nt
390 5101 640 5155 excitare
665 5098 734 5153 de
771 5098 901 5153 solis
930 5096 1235 5151 nominibus
1272 5097 1556 5151 erubescas
1583 5096 1722 5151 invi-

146 5185 286 5243 diam.
310 5190 590 5245 Cmterum
620 5189 705 5245 vel
727 5189 993 5244 Ambrosii
1013 5188 1175 5255 dicta,
1205 5188 1288 5241 vel
1314 5187 1561 5253 aliorum,
1584 5201 1722 5258 quo-

144 5292 249 5335 rum
282 5280 484 5337 famam
526 5288 831 5335 vestrorum
860 5279 1087 5334 nitimini
1121 5277 1388 5333 maculare
1429 5279 1721 5342 consortio,

142 5374 269 5429 clara
293 5376 642 5446 benignaque
668 5381 890 5445 possunt
910 5373 1116 5428 ratione
1141 5368 1391 5428 defendi.

200 5467 331 5523 Anc.
352 5464 595 5522 Tantam
619 5464 911 5519 cmcitatem
930 5462 1106 5516 cordis
1130 5461 1219 5516 tibi
1245 5461 1482 5531 potuisse
1510 5461 1722 5516 coutin-

140 5570 271 5622 εει-ε,
301 5559 423 5627 quis
452 5555 655 5622 credit,
679 5555 780 5611 nisi
799 5556 887 5626 qui
915 5554 1029 5609 haec
1055 5552 1220 5624 legit?
1247 5552 1326 5607 Tu
1356 5553 1487 5608 dicis
1506 5554 1648 5624 quod
1680 5553 1723 5609 si

143 5648 321 5719 aliquid
346 5645 691 5703 auctoratius
719 5645 1016 5713 offendere,
1047 5644 1098 5698 id
1127 5653 1227 5710 est,
1256 5643 1505 5699 invenire‘
1527 5646 1723 5713 potuis-

143 5753 261 5799 sem.
284 5756 313 5793 ιι
339 5741 742 5808 ιιίεινιιιιησιιιιιω
762 5740 838 5794 dit
852 5740 918 5794 tis
938 5779 952 5804 ,
983 5739 1088 5802 νει,
1114 5737 1244 5791 sicut
1278 5746 1331 5791 tu
1362 5735 1614 5807 laquei-is,
1645 5738 1726 5793 di-

198 5853 210 5881 '
248 5852 407 5903 uidex
436 5860 704 5908 Furiarum.
734 5848 815 5902 sed
840 5862 949 5900 vere
977 5846 1205 5900 ambrosii
1230 5860 1330 5900 csse
1358 5846 1654 5899 sententiam.

1489 410 1685 466 LIBER
1724 411 2070 480 QUARTUS.

3275 428 3414 487 N06

1834 526 2148 592 ctiunculis,
2176 536 2590 599 temperassem;
2632 542 2681 589 et
2721 535 2975 591 continuo
3005 546 3060 591 tu
3100 538 3214 610 ipse
3248 538 3414 608 dicis,

1834 617 2102 689 Pelagium
2128 660 2144 686 ,
2171 637 2328 691 quem
2357 638 2516 677 vocas
2541 634 2780 679 sanctum
2798 669 2813 692 ,
2846 626 2899 680 in
2929 627 3239 684 defensione
3267 630 3416 685 liberi

1833 709 2036 764 arbitrii
2068 712 2399 768 venerabiles
2436 714 2578 769 viros
2616 715 2940 787 Cyprianum
2981 728 3035 773 et
3074 719 3413 775 Ambrosium

1835 808 1996 856 testes
2032 800 2338 859 adhibuisse
2371 822 2383 858 :
2416 821 2516 861 nec
2552 808 2783 862 attendis
2820 810 3267 879 quemadmodum
3314 812 3415 868 hoc

1831 889 2059 946 dicendo
2084 892 2371 965 redarguas
2398 897 2710 966 magistrum
2749 908 2898 953 tuum
2939 900 3213 972 ipsamque
3245 901 3412 957 luere-

1831 983 1933 1037 sim
1972 993 2222 1040 vestram.
2251 985 2555 1042 Secundum
2585 999 2726 1043 tuam
2753 992 2949 1059 quippe
2982 994 3299 1047 sententiam
3325 1036 3339 1060 ,
3374 996 3421 1051 si

1832 1076 2029 1145 aliquid
2057 1076 2301 1148 Pelagius
2322 1095 2418 1148 pro
2437 1095 2504 1133 eo
2521 1081 2661 1150 quod
2692 1081 3032 1150 defendebat,
3064 1087 3410 1147 auetoratius,

1834 1167 1886 1221 in
1910 1169 2120 1238 scriptis
2142 1170 2157 1201 ¹
2180 1170 2453 1225 canonicis
2475 1172 2780 1237 invenisset,
2805 1190 2833 1226 a
2856 1174 3243 1245 disputaturum
3269 1179 3417 1232 testi-

1833 1259 2026 1313 moniis
2052 1268 2422 1330 temperaSset.
2452 1262 2677 1330 Quando
2708 1265 2803 1319 ista
2842 1266 3081 1332 diceres,
3112 1269 3214 1322 nisi
3253 1279 3303 1322 te
3346 1270 3414 1325 ita

1833 1349 2165 1418 perturbaret
2196 1352 2511 1408 Ambrosius
2530 1395 2544 1418 ,
2579 1363 2635 1408 ut
2661 1356 3025 1412 adversarium
3053 1360 3229 1414 subito
3257 1360 3417 1415 Pela-

1832 1442 1948 1511 gius
1985 1443 2284 1512 reperiret?
2318 1464 2336 1497 ι
2372 1444 2477 1500 Sed
2525 1447 2672 1516 prior
2708 1463 2802 1504 vos
2846 1450 3054 1516 levavi,
3092 1472 3110 1505 ι
3143 1462 3201 1506 ιιι
3241 1454 3374 1509 dicis
3398 1497 3414 1520 ,

1838 1549 1857 1584 ι
1894 1547 2058 1588 onere
2102 1535 2284 1589 talium
2329 1551 2716 1605 personarum,
2767 1558 2786 1591 ι
2817 1541 3084 1597 Ambrosii
3130 1544 3414 1611 videlicet,

1831 1623 2053 1695 ejusque
2085 1626 2371 1680 sociorum.
2415 1628 2578 1684 Plane
2607 1629 2709 1684 hoc
2733 1645 2898 1686 onere
2933 1633 3003 1687 ita
3034 1636 3286 1703 premeris
3310 1678 3324 1701 ,
3360 1648 3415 1692 ut

1831 1731 1935 1770 non
1957 1717 2133 1772 solum
2150 1718 2489 1788 opprimaris,
2513 1736 2697 1777 verum
2720 1724 2879 1778 etiam
2902 1727 3219 1791 conteraris,
3243 1737 3297 1782 et
3319 1728 3415 1782 fias

1831 1807 2003 1877 pulvis
2028 1823 2186 1878 quem
2220 1810 2431 1879 projicit
2455 1821 2643 1866 ventus
2667 1828 2696 1866 a
2726 1812 2859 1870 facie
2884 1824 3042 1870 terra:
3065 1816 3235 1889 (Psaf.
3263 1833 3302 1884 ι,
3332 1818 3413 1885 4).

1829 1897 2014 1968 Neque
2038 1900 2183 1954 enim
2214 1901 2287 1955 illi
2316 1909 2394 1955 tot
2412 1917 2474 1956 ac
2502 1904 2629 1956 tanti
2652 1912 2705 1958 et
2730 1913 2834 1958 tam
2866 1907 3033 1961 sancti
3060 1907 3296 1976 clarique
3321 1918 3418 1961 an-

1832 1991 2025 2047 tistites
2054 1992 2170 2056 Dei,
2204 1993 2455 2047 Ecclesia:
2490 1994 2766 2050 catholica:
2792 1996 2886 2050 filii
2924 1997 3202 2067 discendo,
3237 2008 3416 2067 patres

1831 2082 2093 2147 docendo,
2137 2082 2205 2137 de
2251 2096 2469 2152 peccato
2509 2084 2662 2152 primi
2708 2085 2937 2142 hominis
2985 2088 3140 2158 eique
3184 2090 3415 2146 obnoxia

1830 2173 2172 2229 successione
2198 2175 2500 2229 mortalium
2530 2176 2600 2230 ita
2632 2176 2791 2232 locuti
2818 2187 2961 2241 sunt,
2996 2189 3055 2234 ut
3082 2181 3174 2235 alii
3200 2181 3269 2237 ab
3296 2183 3417 2237 aliis

1830 2264 2215 2335 discreparent,
2245 2274 2337 2320 aut
2356 2281 2540 2321 eorum
2570 2268 2795 2339 quisque
2820 2284 2848 2322 a
2876 2272 3200 2341 semetipso;
3225 2272 3318 2328 sed
3345 2274 3416 2329 ita

1830 2371 2052 2427 prorsus
2070 2398 2086 2422 ,
2111 2365 2168 2411 ut
2191 2370 2376 2412 eorum
2399 2359 2753 2414 consensione
2776 2368 2937 2430 atque
2964 2363 3284 2426 constantia,
3318 2377 3417 2419 nec

1828 2449 1983 2503 aliter
2012 2463 2135 2504 esse
2162 2449 2230 2504 de
2257 2449 2357 2505 hac
2385 2466 2444 2506 re
2472 2459 2712 2505 sanetam
2752 2452 3081 2524 Scripturam
3114 2454 3417 2526 intelligen-

1826 2535 1973 2604 dam,
1998 2553 2098 2592 nec
2124 2538 2282 2593 aliam
2306 2540 2590 2609 potandam
2616 2540 2931 2599 catholicam
2963 2543 3144 2610 fidem,
3174 2545 3416 2616 quisquis

1826 2640 1923 2683 eos
1958 2642 2065 2683 non
2111 2627 2363 2709 lueretico
2390 2633 2570 2685 animo
2606 2631 2770 2703 legit,
2814 2631 3061 2689 dubitare
3089 2649 3194 2687 non
3224 2635 3414 2705 possit.

1826 2718 2063 2788 Quorum
2093 2720 2330 2790 pondere
2368 2722 2476 2791 jam
2517 2721 2635 2793 ipse
2676 2725 2754 2780 sic
2790 2723 3051 2796 frangeris
3075 2768 3090 2794 ,
3134 2734 3192 2781 ut
3230 2743 3416 2783 eorum

1825 2810 1964 2866 dicta
1987 2810 2181 2881 quibus
2209 2813 2560 2881 contradicis,
2598 2833 2618 2867 ι
2645 2816 2787 2871 clara
2828 2816 3163 2889 benignaque
3205 2820 3415 2875 ratione

1825 2902 2161 2959 defendenda
2195 2923 2214 2956 ι
2248 2907 2570 2976 susceperis.
2603 2906 2896 2962 Audiamus
2924 2923 3051 2978 ergo
3091 2910 3288 2963 claram
3319 2909 3416 2965 bc-

1826 2996 2147 3067 nignamque
2172 2998 2431 3052 rationem
2462 3016 2474 3052 :
2507 3014 2609 3069 qua
2638 3007 2722 3053 tua
2754 3001 2961 3055 ratione
2989 3002 3034 3055 si
3060 3000 3418 3057 defenduntur

1827 3102 1891 3142 ea
1913 3089 2075 3154 dicta,
2117 3104 2215 3143 cur
2243 3089 2373 3142 mibi
2414 3103 2481 3143 ex
2518 3089 2598 3143 eis
2628 3089 2940 3159 ingeruntur
2968 3076 3055 3145 tua
3096 3091 3415 3146 maledicta?

1825 3176 1958 3232 Nam
1988 3177 2208 3233 omnino
2230 3219 2244 3242 ,
2274 3194 2394 3249 qua:
2420 3179 2471 3233 in
2510 3194 2597 3233 me
2634 3178 2917 3235 detestaris
2958 3188 3015 3235 et
3052 3182 3228 3252 arguis
3253 3222 3267 3245 ,
3301 3181 3414 3251 ipsa

1826 3278 1970 3336 sunt,
1994 3286 2114 3340 quae
2140 3270 2193 3325 in
2222 3270 2433 3325 illorum
2461 3271 2821 3340 disputatione
2850 3270 3111 3327 defendis.
3143 3271 3200 3328 Si
3237 3282 3413 3328 autem

1828 3376 1933 3415 non
1956 3359 2332 3427 defenduntur,
2355 3360 2449 3417 sed
2470 3362 2570 3417 sub
2594 3360 2807 3417 nomine
2836 3360 3161 3421 defensionis
3190 3364 3415 3420 astutius

1825 3461 2156 3522 arguuntur;
2196 3451 2336 3507 absit
2378 3462 2435 3507 ut
2474 3453 2573 3508 ista
2612 3453 2754 3508 clara
2784 3462 2837 3509 et
2876 3453 3101 3525 benigna
3130 3453 3200 3510 sit
3240 3455 3412 3521 ratio;

1825 3542 1920 3598 sed
1951 3543 2185 3598 irrisoria
2211 3543 2389 3614 potius
2416 3543 2673 3610 adulatio,
2695 3560 2816 3616 quae
2842 3544 2964 3601 ideo
2987 3544 3228 3601 defensio
3256 3561 3409 3601 voca-

1826 3643 1935 3701 tur,
1965 3649 2032 3689 ne
2061 3636 2378 3705 populorum
2409 3635 2814 3702 catholicorum,
2842 3652 2872 3691 a
2901 3637 3095 3708 quibus
3121 3638 3279 3693 iidem
3313 3638 3414 3695 viri

1825 3735 2169 3787 venerantur,
2201 3727 2412 3780 tolerari
2442 3744 2546 3781 non
2577 3729 2745 3796 possit
2773 3726 3020 3782 offensio.

1897 3814 2075 3871 CXIII.
2103 3815 2224 3871 λιιι..
2267 3816 2400 3884 Quia
2443 3816 2693 3870 videlicet
2731 3826 2786 3872 et
2821 3818 3111 3886 simplicius
3149 3818 3413 3887 qttmpiam

1826 3906 2087 3971 dixerint,
2122 3914 2176 3960 et
2202 3904 2569 3975 quodcumque
2597 3904 2738 3959 aliud
2779 3907 3111 3975 speculantes
3131 3948 3145 3971 ,
3180 3923 3282 3961 nou
3315 3906 3414 3961 ha-

1826 3996 2037 4052 buerint
2056 3996 2425 4052 necessitatem
2442 4012 2470 4049 a
2494 3995 2658 4050 latere
2677 3997 3014 4067 surgentibus
3033 3999 3414 4068 qumstiouibus

1825 4086 2094 4144 obviandi.
2133 4087 2265 4142 Cum
2304 4088 2445 4143 enim
2475 4088 2666 4143 crebro
2692 4087 3024 4143 laudaverint
3055 4088 3294 4160 conjugia
3315 4131 3330 4156 ,
3359 4100 3414 4145 et

1824 4180 2022 4237 nullam
2052 4180 2105 4235 in
2143 4180 2456 4250 corporibus
2496 4179 2830 4235 affectionem
2858 4192 2889 4234 a
2916 4180 3126 4235 diabolo
3158 4180 3409 4235 insertam

1824 4273 2078 4343 putarint,
2111 4286 2211 4327 nec
2235 4286 2398 4342 regno
2425 4270 2618 4327 diaboli
2648 4271 2822 4326 divina
2849 4286 3033 4341 opera,
3065 4271 3114 4325 id
3142 4283 3225 4326 est
3253 4280 3410 4325 natu-

1827 4376 1901 4417 rte
1929 4361 2166 4417 membra
2187 4403 2201 4426 ,
2230 4361 2583 4431 subjecerint,
2615 4358 2711 4416 sed
2747 4371 2799 4415 et
2822 4377 2852 4416 a
2884 4362 2990 4416 Deo
3018 4361 3251 4414 instituta
3278 4376 3409 4415 con-

1821 4456 1965 4526 jugia
1993 4470 2056 4509 ac
2093 4448 2460 4510 benedictione
2497 4453 2688 4507 donata
2710 4494 2723 4516 ,
2756 4453 3087 4524 liberumque
3111 4454 3406 4520 arbitrium,

1827 4555 1984 4617 prout
2008 4546 2375 4615 opportunitas
2402 4544 2608 4610 attulit,
2637 4543 2979 4614 explicarint;
3015 4545 3299 4601 humanum
3331 4555 3413 4602 est

1828 4648 1885 4690 ut
1911 4651 2015 4691 non
2053 4644 2197 4689 stare
2226 4634 2280 4688 in
2308 4632 2560 4688 societate
2588 4634 2751 4688 vestri
2781 4634 2996 4690 sceleris
3014 4636 3337 4706 judiccutur,
3367 4640 3411 4694 si

1828 4729 1880 4782 in
1910 4727 2185 4797 seripturis
2230 4726 2438 4780 illorum
2485 4734 2578 4780 aut
2615 4726 2899 4797 ambigue,
2947 4739 3038 4782 aut
3086 4731 3413 4801 negligenter

1828 4821 2088 4891 quaepiam
2138 4820 2305 4874 locata
2349 4819 2768 4887 deprehenditis.
2816 4822 3092 4890 Quomodo
3120 4826 3260 4880 enim
3304 4842 3408 4880 non

1831 4912 2133 4984 pnejndicat
2164 4911 2450 4981 Scriptnris
2497 4913 2692 4966 sanctis
2715 4954 2730 4979 ,
2762 4913 2905 4983 quod
2950 4930 3136 4969 omnes
3181 4916 3412 4972 lunreses

1828 5003 2090 5073 aliquibus
2113 5016 2173 5057 se
2203 5017 2385 5056 earum
2425 5001 2742 5058 testimoniis
2785 5003 3034 5059 oceulunt
3077 5020 3139 5060 ac
3176 5006 3412 5063 nituntur

1832 5096 1964 5150 tueri
1998 5113 2010 5148 :
2044 5096 2114 5149 ita
2136 5096 2296 5150 etiam
2323 5094 2702 5151 catholicorum
2727 5096 2962 5152 virorum
2985 5097 3174 5155 famam
3199 5112 3412 5172 propter

1829 5186 2090 5256 quzepiam
2119 5185 2378 5241 incautius
2406 5183 2519 5240 fusa
2540 5227 2556 5253 ,
2591 5192 2694 5241 ιιοιι
2722 5188 2985 5257 patiemur
3011 5190 3201 5246 addici.
3229 5190 3411 5261 Neque

1831 5279 1971 5333 enim
2013 5278 2311 5334 habuerunt
2351 5278 2698 5333 intentionem
2744 5279 2840 5348 illi,
2885 5291 2974 5336 aut
3003 5281 3281 5336 damnandi
3312 5297 3410 5334 nu-

1832 5374 1968 5441 ptias
1986 5411 2004 5439 ,
2030 5380 2123 5425 aut
2148 5370 2371 5425 liberum
2398 5369 2674 5426 arbitrium
2701 5371 3015 5443 denegandi,
3045 5374 3124 5429 vel
3155 5373 3408 5427 innocen-

1831 5462 1959 5516 tiam
1998 5460 2265 5515 sanciandi
2298 5480 2313 5516 :
2343 5476 2500 5530 quam
2551 5461 2596 5515 si
2642 5459 2988 5528 habuissent,
3034 5477 3135 5516 non
3177 5468 3408 5514 vestrum

1832 5551 2022 5623 dogma
2051 5552 2378 5617 firmassent,
2406 5551 2500 5608 sed
2530 5550 2785 5610 honorem
2812 5554 2972 5610 officii
3004 5551 3373 5622 perdidissent.

1908 5645 2038 5699 Anc.
2070 5643 2115 5699 Ο
2142 5644 2284 5699 clara
2308 5657 2361 5698 et
2386 5644 2609 5716 benigna
2637 5649 2772 5703 ratio
2799 5646 3151 5703 defensionis!
3189 5642 3410 5715 Simpli-

1836 5738 1949 5791 cius
1970 5734 2371 5795 videlichdixit
2397 5737 2738 5806 Ambrosius,
2766 5756 2829 5794 ex
2859 5737 3231 5794 commixtione
3251 5737 3412 5795 maris

1904 5848 1920 5880 ¹
1956 5849 2029 5897 sic
2052 5853 2156 5897 Mss.
2184 5854 2233 5897 In
2254 5849 2414 5913 \‘ign.,
2440 5847 2716 5912 Scripturis.
