3934 6178
512 446 646 501 “07

506 572 561 617 et
581 560 789 615 feminae
809 563 1077 622 expertem
1101 549 1364 604 neminem
1390 560 1508 600 esse
1533 541 1711 599 delicti
1727 538 1784 610 (1
1792 556 1822 592 η
1846 536 2081 605 Isaiam):

506 659 559 705 et
579 648 949 719 quodcumque
974 641 1114 696 aliud
1143 637 1481 708 speculando,
1515 649 1611 687 nee
1633 630 1876 684 habendo
1904 640 2087 719 neces-

509 717 717 793 sitatem
749 752 776 787 a
810 736 976 788 latere
1016 730 1355 801 surgentibus
1400 723 1780 795 quiestlottibus
1817 717 2084 781 nbviaudi,

512 828 839 896 negligenter
866 834 919 879 et
949 824 1156 877 incaute
1186 819 1396 887 scriptis
1424 826 1477 870 et
1505 810 1946 882 disputationibus
1977 807 2088 862 suis

506 918 852 972 llianichwum
876 957 890 980 ,
921 912 1060 984 quod
1085 912 1219 966 dicis
1241 952 1256 973 ,
1286 910 1433 963 virus
1461 904 1667 960 infudit.
1707 903 1876 956 llomo
1902 900 2085 968 loqua-

506 1011 739 1074 cissime,
771 1006 1014 1060 homines
1040 1004 1230 1058 timens
1256 998 1456 1054 homini
1479 997 1669 1065 parcis,
1703 1007 1805 1047 non
1834 990 1921 1044 illa
1949 989 2088 1043 dicta

507 1097 772 1153 defendis.
798 1096 929 1150 Nam
958 1095 1001 1149 si
1024 1108 1147 1148 vera
1176 1090 1379 1145 ratione
1404 1086 1760 1143 defenduntur
1788 1083 1901 1135 lucc
1924 1080 2086 1143 dicta,

514 1189 694 1258 procul
725 1187 887 1242 dubio
917 1184 1182 1239 veraciter
1209 1179 1590 1238 defenduntur,
1621 1183 1676 1228 et
1698 1187 1820 1227 vera
1848 1178 1969 1226 sunt
1995 1186 2007 1221 :
2037 1176 2091 1223 et

507 1280 552 1334 si
581 1281 683 1334 hoc
709 1279 778 1333 ita
804 1286 883 1331 est
907 1317 921 1340 ,
950 1283 1092 1329 recte
1128 1273 1381 1327 asseritur
1415 1266 1667 1337 originale
1705 1271 2013 1334 peccatum,
2035 1267 2091 1314 et

508 1371 697 1440 dogma
725 1366 1042 1422 interimitur
1070 1371 1322 1417 vestrum.
1351 1359 1406 1414 Si
1435 1367 1610 1411 autem
1634 1356 1759 1408 falsa
1775 1352 1978 1407 ratione
1998 1349 2093 1440 de-

510 1438 795 1515 fenduntur
821 1456 935 1512 hmo
959 1456 1098 1515 dicta
1119 1496 1133 1520 ,
1163 1453 1304 1507 clara
1346 1458 1433 1503 tua
1476 1447 1565 1501 illa
1608 1453 1663 1500 et
1706 1443 1928 1512 benigna
1958 1438 2093 1494 ratio

511 1568 616 1607 non
638 1559 720 1605 est
745 1550 902 1611 ratio,
930 1548 1023 1601 sed
1049 1544 1312 1612 deceptio.
1338 1543 1403 1595 At
1426 1539 1567 1594 enim
1595 1555 1614 1587 ι
1638 1533 1881 1603 coniugia
1903 1529 2093 1595 crebro

512 1641 744 1696 laudavit
765 1658 785 1694 ι
816 1636 1163 1695 Ambrosius:
1183 1635 1352 1687 hocet
1373 1645 1471 1685 nos
1500 1627 1741 1682 facimus.
1772 1641 1791 1673 ι
1821 1621 2047 1685 Nullam,
2069 1638 2087 1671 ι

513 1734 707 1805 inquis,
739 1750 758 1784 ι
784 1732 837 1786 in
859 1729 1172 1799 corporibus
1196 1724 1528 1780 atIectionem
1551 1736 1579 1774 a
1600 1717 1812 1775 diabolo
1832 1717 1920 1772 ille
1945 1723 2095 1814 puta-.-

510 1824 588 1879 vit
626 1824 877 1879 insertam
911 1840 926 1877 :
961 1839 982 1874 ›
1024 1820 1071 1874 si
1117 1817 1448 1872 all'rctionem
1479 1812 1707 1873 bonam,
1737 1821 1834 1862 nec
1874 1819 2005 1869 nos;
2048 1812 2095 1858 si

513 1914 706 1968 malam
727 1953 743 1978 ,
780 1912 918 1966 sicut
943 1910 1033 1965 ille
1056 1949 1071 1975 ,
1105 1909 1175 1963 ita
1204 1916 1258 1962 et
1286 1920 1404 1960 nos.
1436 1921 1455 1954 ι
1482 1901 1594 1957 Nec
1616 1913 1800 1969 regno.
1828 1915 1848 1949 ι
1898 1894 2093 1964 inquis,

517 2022 540 2056 r
564 2003 758 2058 diaboli
786 1992 963 2057 divina
992 2014 1151 2070 opera
1171 2039 1185 2060 ,
1218 1997 1319 2051 hoc
1356 2002 1440 2050 est
1480 2001 1683 2047 natum:
1723 1987 1981 2049 membra,
2010 1985 2097 2038 ille

512 2093 737 2164 subjecit
765 2109 778 2145 :
810 2111 830 2144 ›
860 2091 1010 2163 quasi
1038 2090 1397 2144 adulterorum
1429 2084 1668 2138 membra
1698 2096 1803 2135 non
1835 2078 1939 2132 sint
1963 2077 2098 2132 divi-

513 2201 582 2241 na
607 2201 766 2255 opera
793 2193 847 2240 et
874 2184 1112 2239 membra
1135 2190 1359 2246 natoue,
1386 2193 1504 2249 qua:
1534 2187 1711 2231 tamen
1742 2173 1890 2237 vitio,
1922 2181 1975 2225 et
2004 2184 2100 2239 per

515 2276 619 2331 hoc
645 2275 857 2330 diabolo
877 2282 1088 2330 constat
1115 2287 1233 2327 esse
1261 2270 1521 2338 subiecta.
1550 2287 1569 2320 ς
1596 2265 1693 2327 Illi,
1730 2284 1749 2317 ι
1783 2264 1979 2334 inquis,
2013 2279 2032 2314 ι
2066 2276 2097 2315 a

517 2365 627 2419 Deo
665 2364 903 2419 instituta
941 2362 1181 2432 coniugia
1210 2376 1272 2415 ac
1309 2356 1678 2415 benedictione
1705 2353 1896 2410 donata
1922 2392 1939 2419 ,
1969 2350 2101 2406 Lbe-

513 2469 736 2524 rumque
764 2454 1040 2508 arbitrium
1060 2495 1075 2518 ,
1106 2459 1265 2523 prout
1288 2447 1654 2518 opportunitas
1694 2444 1902 2508 attulit,
1933 2440 2101 2510 expli-

514 2553 739 2599 carunt:
776 2562 795 2596 ι
822 2545 898 2598 sic
922 2554 976 2597 et
1010 2558 1128 2598 nos.
1162 2560 1180 2592 ι
1210 2541 1507 2594 Humanum
1535 2545 1652 2602 est,
1684 2555 1703 2588 ι
1756 2533 1957 2603 inquis,
1992 2550 2010 2584 ε
2046 2538 2103 2586 ut

516 2650 621 2688 non
644 2644 785 2688 stare
810 2634 861 2688 in
883 2634 1137 2687 societate
1161 2630 1326 2687 vestri
1345 2628 1564 2685 sceleris
1581 2626 1883 2696 iudicentur
1906 2641 1920 2678 :
1941 2641 1960 2676 ι
1992 2623 2101 2681 imo

517 2724 761 2779 insanum
790 2735 870 2777 est
902 2732 958 2778 ttt
987 2740 1091 2777 non
1120 2731 1263 2776 stare
1293 2720 1346 2776 itt
1386 2719 1643 2775 societate
1674 2717 1883 2771 illorum
1922 2724 2101 2769 vestro

515 2814 717 2870 scelere
742 2814 1059 2884 iudicemur.
1085 2813 1230 2868 Dicis
1254 2829 1273 2864 ι
1302 2826 1407 2866 non
1441 2808 1787 2880 praeiudicare
1810 2806 2100 2877 Scripturis

515 2905 715 2958 sanctis
734 2946 749 2966 ,
782 2905 922 2975 quod
951 2919 1142 2959 oumes
1176 2903 1413 2958 haereses
1441 2900 1706 2970 aliquibus
1730 2912 1915 2953 earum
1949 2896 2100 2951 testi-

517 2995 709 3049 moniis
733 3010 791 3050 se
816 2996 1062 3051 occulunt
1085 3008 1146 3050 ac
1166 2995 1405 3048 nituntur
1424 2992 1557 3047 tueri
1582 3008 1595 3044 :
1624 3008 1645 3042 ι
1674 2995 1731 3045 et
1746 2990 1825 3044 sic
1839 2989 1920 3043 vis
1942 3006 1960 3040 ι
1992 2987 2102 3043 dis-

520 3087 849 3156 putatoribus
883 3103 986 3141 non
1011 3085 1360 3158 praeiudicare
1387 3083 1662 3139 catholicis
1686 3080 1959 3145 nonnulla,
1982 3095 2101 3152 qua:

513 3176 584 3231 ab
612 3175 709 3238 eis,
737 3195 756 3229 ι
787 3177 923 3231 sicut
965 3187 1139 3247 putas,
1178 3194 1197 3228 ‹
1226 3175 1488 3231 incautius
1537 3173 1649 3228 fusa
1673 3192 1693 3225 ι
1736 3171 1889 3227 vobis
1916 3170 2102 3241 obiici-

518 3283 653 3321 mus.
703 3267 839 3336 Quid
887 3276 971 3322 cst
1014 3267 1150 3335 hoc,
1180 3267 1282 3322 nisi
1320 3266 1500 3322 dicere
1528 3266 1686 3321 etiam
1725 3264 1776 3318 in
1812 3262 2101 3332 Scripturis

514 3356 748 3420 sanctis,
791 3372 852 3411 ea
893 3372 1012 3427 quae
1050 3371 1147 3427 pro
1173 3372 1231 3411 se
1258 3363 1514 3425 usurpant
1540 3353 1808 3419 haeretici,
1840 3351 2101 3406 incautius

515 3437 629 3502 fusa
672 3464 831 3512 esse.
880 3459 935 3503 et
977 3449 1096 3503 ideo
1138 3464 1266 3505 vera
1304 3463 1409 3502 non
1450 3447 1609 3501 esse?
1634 3444 1751 3512 Quo
1788 3434 2100 3498 Sceleratius

515 3537 641 3606 quid
669 3546 843 3608 potest
866 3537 1014 3592 diei?
1042 3540 1147 3592 Aut
1166 3538 1211 3591 si
1240 3537 1327 3591 illa
1355 3551 1478 3591 vera
1498 3544 1639 3601 sunt,
1667 3534 1763 3589 sed
1791 3533 1860 3589 ab
1884 3532 2092 3587 lucreti-

515 3627 596 3683 cis
632 3644 735 3682 non
780 3629 849 3682 ita
889 3629 1253 3699 intelliguntur
1296 3637 1354 3683 ut
1381 3636 1505 3683 sunt
1533 3645 1547 3681 :
1575 3626 1705 3681 nihil
1729 3626 1902 3681 simile
1941 3625 2100 3680 habet

516 3717 632 3773 haec
673 3721 1030 3790 comparatio;
1070 3722 1321 3792 quoniam
1361 3720 1501 3775 dicta
1541 3721 1626 3776 vel
1669 3719 1873 3774 Amhro
1903 3719 1972 3781 ii,
2013 3719 2100 3773 vel

516 3809 785 3882 Cypriani,
814 3814 895 3869 vel
923 3814 1145 3868 aliorum
1176 3813 1556 3869 catholicorum
1576 3853 1591 3877 ,
1622 3828 1740 3884 qua:
1778 3821 1963 3867 centra
2005 3825 2100 3865 vos

519 3904 796 3971 ponimus,
837 3905 881 3960 si
930 3921 1051 3961 vera
1101 3921 1221 3960 esse
1266 3907 1627 3971 concesseris,
1673 3915 1946 3975 peccatum
1987 3905 2099 3958 ori-

512 3993 690 4063 ginale
732 3994 987 4050 firmabis.
1036 3996 1303 4061 Proinde,
1348 3996 1795 4067 quemadmodum
1831 4011 1928 4052 nos
1975 4011 2095 4051 cum

517 4085 621 4140 illis
648 4094 702 4140 ct
742 4086 1017 4141 laudamus
1043 4089 1251 4157 nuptias
1270 4131 1285 4153 ,
1316 4099 1370 4144 ct
1405 4090 1629 4144 liberum
1664 4091 1979 4145 confitemur
2006 4104 2099 4144 ar-

516 4177 748 4240 bitrium,
778 4187 830 4232 et
866 4178 1200 4234 defendimus
1225 4182 1576 4237 innocentiam
1609 4200 1623 4236 :
1657 4183 1736 4237 sic
1760 4192 1815 4236 tu
1845 4197 1967 4241 cum
1998 4182 2101 4236 illis

517 4268 608 4323 die
633 4269 878 4339 parvulos
906 4285 1009 4324 non
1049 4284 1170 4327 esse
1194 4280 1441 4341 expertes
1477 4272 1691 4339 delicti;
1732 4273 1965 4343 alioquin
1999 4289 2099 4329 nos

515 4371 703 4412 sumus
727 4374 846 4415 cum
877 4359 975 4425 eis,
1019 4368 1074 4415 tu
1113 4360 1372 4429 adversus
1405 4377 1519 4417 eos.
1549 4364 1761 4418 Illorum
1790 4366 1933 4421 enim
1956 4365 2095 4422 dicta

522 4463 627 4502 non
666 4448 924 4515 defendis,
965 4459 1021 4506 ut
1067 4452 1407 4521 promiseras.
1456 4453 1549 4508 sed
1588 4454 1957 4523 reprehendis.
1984 4456 2099 4512 Tuo

512 4537 713 4606 quippe
738 4539 1001 4609 dogmate,
1027 4557 1146 4597 cum
1169 4544 1376 4612 cogaris
1403 4543 1491 4597 illa
1511 4545 1728 4614 culpare
1746 4555 1799 4599 et
1822 4545 1952 4601 falsa
1975 4560 2100 4603 esse

514 4628 837 4683 contendere
854 4670 869 4692 ,
898 4632 1041 4686 nullo
1064 4632 1224 4687 modo
1243 4634 1434 4689 sineris
1449 4636 1847 4691 auctoritatibus
1867 4638 1885 4668 ¹
1911 4653 2098 4694 eorum

517 4715 881 4774 defensionem
909 4738 1065 4790 quam
1092 4724 1473 4793 spoponderas,
1500 4727 1752 4784 exhibere
1780 4747 1793 4783 :
1821 4731 1942 4801 quia
1972 4745 2027 4785 et
2045 4732 2098 4786 in

520 4809 859 4865 accusatione
882 4812 901 4843 ¹
928 4811 1171 4867 adulator
1194 4829 1315 4869 esse
1342 4819 1570 4883 conaris,
1611 4828 1665 4873 et
1704 4819 1757 4874 in
1796 4822 2101 4879 adulatione

520 4898 934 4971 deprehenderis
952 4916 1249 4962 accusator.

591 4991 771 5047 CXIV.
798 4993 915 5049 Jun.
958 4995 1148 5053 Libere
1189 4997 1365 5069 itaque
1401 5000 1643 5069 coniecto
1683 5011 1739 5058 et
1781 5006 2097 5074 pronuntio,

522 5082 768 5151 quoniam
798 5085 841 5137 si
867 5101 1050 5142 eorum
1079 5090 1268 5159 aliquis
1289 5090 1373 5146 his
1396 5103 1699 5161 superesset
1723 5094 1927 5161 diebus,
1953 5097 2102 5153 vide-

521 5180 709 5243 retque
736 5176 1049 5233 exstinctum
1074 5182 1366 5251 disciplinae
1391 5184 1695 5242 christiana:
1719 5187 1902 5254 decus,
1930 5191 2104 5245 otian-

527 5274 631 5318 tem
672 5264 724 5318 in
754 5268 998 5322 omnibus
1024 5271 1241 5327 liberam
1271 5275 1592 5332 voluntatem
1612 5319 1626 5337 ,
1657 5288 1815 5349 atque
1849 5282 2102 5336 affectan-

524 5365 630 5409 tem
662 5355 918 5427 imputare
948 5362 1248 5417 necessitati
1276 5365 1529 5436 quidquid
1572 5379 1764 5439 sponte
1796 5374 2100 5441 committit,

519 5447 954 5516 vituperationem
998 5465 1209 5530 quoque
1239 5469 1460 5523 operum
1499 5458 1624 5526 Dei,
1667 5462 2103 5534 eversioucmque

519 5537 652 5609 legis
679 5539 792 5609 eius
831 5540 930 5595 sub
971 5542 1185 5599 nomine
1231 5545 1517 5604 iucfficacis
1558 5551 1742 5620 gratiae
1789 5555 2104 5624 populorum

555 5691 710 5769 Δ-
752 5698 853 5769 ttae.
880 5703 929 5769 tu
952 5698 1111 5762 vigu.,
1154 5705 1201 5751 et
1222 5697 1346 5764 μιιδα
1369 5716 1468 5755 esse
1512 5707 1761 5760 ostendere
1800 5707 1931 5763 nullo
1962 5713 2104 5769 modo

525 5759 693 5819 rogeris
716 5759 1000 5809 maioribus.
1012 5759 1028 5762 ”
1222 5759 1231 5764 ”
1686 5759 1692 5760 ⁷
1724 5787 1755 5819 ο

587 5817 607 5844 ⁸
640 5818 794 5877 Forte,
815 5824 1137 5873 estimation.

1171 432 1416 490 OPEBIS
1457 423 1869 482 IMPERFECTI
1906 418 2037 477 CON
2056 419 2096 470 l'l

2218 416 2575 484 JULIANUM,
2619 417 2676 471 s.
2720 413 3083 473 aucesrtxt
3128 398 3131 401 ’

3639 414 3779 469 Νοῦ

2193 533 2411 588 auribus
2459 533 2722 599 intimari;
2765 544 2876 587 toto
2918 541 3103 589 contra
3130 547 3227 587 vos
3273 530 3393 586 felle
3420 541 3728 586 moveretur
3763 550 3780 586 :

2194 625 2525 695 perpendens
2553 627 2711 679 etiam
2735 634 3005 694 peccatutn
3034 624 3276 679 naturale
3298 639 3328 677 a
3357 622 3639 679 Ilanicbma
3672 638 3778 677 non

2191 731 2348 786 posse
2378 716 2649 786 impietate
2675 717 2926 780 discerni,
2957 715 3112 770 fidem
3137 714 3450 770 catholicam
3476 724 3569 767 aut
3593 726 3779 768 emen-

2191 806 2328 861 datis
2362 818 2452 860 aut
2479 806 2847 862 condemnatis
2889 806 3058 874 vobis,
3100 816 3154 861 et
3204 806 3410 876 planius
3456 810 3702 860 tueretur
3732 815 3780 860 et

2192 897 2418 951 cautius.

2263 988 2396 1042 Anc.
2436 988 2544 1043 Cur
2580 1002 2708 1058 ergo
2751 988 3046 1043 emendatis
3094 989 3284 1053 nobis,
3316 998 3370 1044 et
3398 1004 3503 1042 non
3528 988 3693 1043 etiam
3727 1004 3778 1043 se

2194 1078 2357 1148 ipsis?
2380 1079 2479 1135 Ubi
2499 1079 2740 1149 estquod
2771 1090 2821 1135 te
2840 1080 3007 1136 libere
3030 1082 3329 1150 coniectare
3357 1091 3408 1135 et
3438 1080 3779 1149 pronuntiare

2194 1171 2552 1239 promiseras?
2582 1172 2719 1227 Ecce
2746 1187 2845 1226 nec
2872 1172 3036 1227 libera
3060 1181 3144 1228 est
3173 1181 3259 1226 tua
3299 1173 3504 1226 vanitas
3523 1213 3538 1235 ,
3566 1182 3620 1227 et
3648 1172 3779 1227 falsa

2194 1260 2413 1315 libertas
2445 1280 2459 1316 :
2487 1261 2706 1315 timuisti
2735 1262 2876 1316 enim
2905 1262 3104 1324 dicere,
3127 1262 3266 1332 quod
3297 1262 3342 1317 si
3369 1262 3451 1317 his
3476 1261 3665 1317 diebus
3695 1276 3779 1316 su-

2196 1361 2436 1422 peresset
2460 1353 2792 1417 Ambrosius,
2823 1354 2974 1409 vobis
2999 1354 3212 1419 auditis,
3240 1354 3468 1424 primum
3494 1370 3557 1410 se
3584 1355 3775 1424 ipsum,

2195 1443 2387 1498 deinde
2413 1458 2510 1498 nos
2533 1444 2876 1511 emendaret;
2901 1446 2993 1501 scd
3021 1448 3171 1516 quasi
3203 1446 3363 1500 homo
3382 1446 3517 1502 liber
3538 1446 3645 1501 hoc
3668 1462 3779 1500 mu-

2196 1536 2295 1591 tire
2311 1534 2620 1603 formidans,
2643 1547 2819 1592 tamen
2846 1537 3063 1608 intelligi
3084 1539 3313 1592 voluisti.
3332 1539 3407 1592 En
3423 1554 3531 1608 quo
3549 1538 3780 1595 devene-

2197 1637 2321 1683 runt
2343 1627 2395 1682 hi
2426 1628 2539 1683 dies
2557 1669 2572 1692 ,
2602 1637 2659 1683 ut
2686 1628 2736 1682 iu
2764 1628 2844 1684 eis
2868 1629 3210 1695 Ambrosius,
3244 1630 3287 1684 si
3317 1630 3402 1685 hic
3425 1630 3635 1686 viveret
3655 1672 3671 1696 ,
3699 1630 3777 1685 di-

2195 1724 2371 1775 sceret
2413 1731 2472 1772 se
2502 1715 2666 1773 fuisse
2706 1717 3088 1783 Manicheum,
3117 1730 3172 1775 et
3215 1720 3395 1774 audito
3421 1720 3637 1775 iuliano
3659 1761 3676 1786 ,
3703 1721 3777 1777 vel

2197 1807 2451 1863 leestio
2469 1850 2484 1874 ,
2517 1809 2600 1863 vel
2628 1810 2745 1879 ipso
2769 1810 2982 1881 Pelagio
3002 1848 3017 1874 ,
3044 1827 3162 1866 esse
3187 1812 3407 1867 ulterius
3432 1828 3537 1867 non
3562 1813 3775 1881 debere,

2198 1898 2291 1953 sed
2341 1913 2407 1954 ex
2454 1899 2541 1955 illa
2587 1900 2788 1956 nefaria
2832 1902 3131 1970 pestilentia
3161 1903 3312 1958 vobis
3355 1905 3779 1973 pnccipientibus

2197 1988 2609 2059 mirantibusque
2644 1992 2847 2045 sanari.
2882 1991 3048 2058 Quale
3093 1994 3454 2063 spectaculum
3485 1997 3669 2051 animo
3691 2013 3772 2052 co-

2198 2078 2412 2147 gitantis
2461 2081 2733 2136 occurrit?
2782 2083 2936 2152 quale
2986 2095 3166 2146 esset,
3212 2085 3395 2140 videre
3443 2086 3776 2144 Ambrosium

2199 2177 2426 2223 stantem
2444 2210 2459 2234 ,
2490 2170 2575 2225 vel
2603 2172 2648 2227 si
2677 2171 2766 2227 ille
2792 2175 3140 2244 permitteret,
3174 2176 3450 2232 sedentem
3477 2189 3607 2235 ante
3634 2180 3776 2236 Pela~

2199 2260 2377 2330 gium,
2431 2271 2591 2333 atque
2646 2262 2940 2321 discentem
2993 2267 3297 2337 paradisum
3350 2282 3551 2325 novum
3601 2275 3772 2328 muli

2203 2349 2361 2420 huius
2399 2352 2788 2410 calamitatibus
2819 2356 3066 2426 plenum,
3101 2372 3234 2427 quas
3263 2358 3508 2415 videmus
3537 2364 3778 2431 parvulos

2200 2443 2428 2511 perpeti,
2472 2443 2559 2498 ubi
2591 2459 2810 2501 necesse
2847 2456 3018 2510 esset,
3049 2449 3258 2503 etiamsi
3287 2465 3446 2505 nemo
3490 2464 3773 2521 mouisset.

2201 2545 2417 2585 carnem
2460 2535 2836 2603 concupiscere
2879 2535 3136 2592 adversus
3178 2539 3459 2608 spiritum;
3505 2550 3563 2595 et
3608 2558 3674 2596 ne
3716 2544 3777 2595 ad

2202 2619 2381 2675 illicita
2411 2637 2474 2676 ac
2503 2621 2758 2693 ﬂagitiosa
2804 2628 3157 2696 pertraheret.
3201 2630 3583 2698 concupiscere
3626 2634 3777 2687 etiam

2200 2710 2446 2782 spiritum
2508 2714 2765 2770 adversus
2822 2731 3041 2773 carnem
3087 2735 3100 2772 :
3165 2734 3324 2789 quam
3393 2721 3776 2777 dissensionem

2201 2801 2377 2857 dicere
2402 2804 2599 2859 soleret
2628 2806 2959 2874 Ambrosius,
2988 2823 3087 2878 per
3115 2812 3604 2879 praevaricationem
3632 2815 3783 2884 primi

2203 2890 2433 2948 hominis
2480 2894 2534 2948 iu
2580 2894 2853 2951 hominum
2901 2900 3123 2955 vertisse
3170 2888 3414 2956 naturam
3461 2900 3620 2976 (Lib.
3668 2906 3699 2957 7
3732 2906 3781 2958 in

2202 2984 2326 3040 Luc.
2354 2986 2481 3057 xu);
2513 2987 2608 3043 sed
2633 2989 2744 3058 iam
2764 2990 2863 3045 sub
2888 2991 3039 3048 vobis
3058 2994 3324 3064 magistris
3350 2995 3533 3053 dicere
3558 3013 3666 3053 non
3694 3013 3783 3053 θυ-
3806 3010 3817 3020 ‘

2201 3076 2395 3134 deret?
2425 3079 2652 3136 Necesse
2690 3098 2902 3154 quoque
2926 3094 3070 3140 esset
3095 3102 3153 3141 in
3190 3087 3281 3141 tali
3312 3090 3559 3158 paradiso
3589 3092 3785 3161 pallere

2201 3180 2573 3240 prmgnautes,
2602 3172 2831 3231 tolerare
2873 3175 3029 3246 longa
3073 3176 3282 3233 fastidia
3306 3220 3322 3245 ,
3376 3195 3591 3251 gemere
3632 3194 3783 3254 atque

2203 3259 2404 3315 ululare
2433 3263 2724 3330 parientes;
2766 3279 2888 3320 cum
2926 3264 3162 3321 diversis
3186 3269 3332 3323 vitiis
3361 3269 3695 3340 ingeniorum
3734 3282 3784 3328 et

2200 3362 2483 3419 cerporum
2504 3351 2748 3408 homines
2770 3356 2937 3421 nasci,
2964 3371 3267 3427 paucosque
3290 3360 3561 3428 cordatus,
3582 3362 3783 3419 minore

2200 3439 2436 3508 quidem.
2466 3457 2564 3497 nec
2590 3452 2767 3499 tamen
2788 3446 2905 3501 sine
2932 3446 3117 3504 labore
3144 3449 3349 3505 litteras
3372 3450 3602 3519 discere,
3632 3464 3782 3508 aue.

2202 3545 2292 3584 ros
2331 3531 2683 3589 tardiusculus
2720 3536 2834 3592 sive
2876 3538 3094 3607 tardos,
3126 3548 3181 3596 et
3225 3550 3373 3597 tanto
3399 3545 3567 3613 magis
3593 3556 3782 3616 quanto

2200 3620 2423 3690 quisque
2443 3631 2585 3678 esset
2609 3624 2826 3691 tardior,
2841 3636 2932 3682 aut
2952 3631 3160 3685 concidi
3179 3629 3362 3687 ferulis
3387 3645 3773 3704 magistrum,

2200 3721 2291 3764 aut
2332 3706 2574 3769 indoctos
2618 3716 2999 3789 imperitosque
3045 3734 3297 3787 manere;
3330 3722 3502 3779 fatuos
3531 3742 3658 3782 vero
3682 3743 3778 3783 nec

2202 3803 2473 3873 magistris
2501 3805 2639 3872 dari,
2668 3808 2760 3863 sed
2790 3808 3052 3865 dolendus
3082 3811 3398 3869 ridendosve
3440 3818 3663 3882 nutriri;
3707 3820 3783 3872 in-

2202 3891 2392 3959 fantes,
2439 3906 2721 3968 antequam
2768 3900 3052 3972 quidquam
3097 3905 3223 3959 mali
3270 3918 3489 3975 possent
3535 3910 3668 3966 velle
3702 3912 3780 3967 vel

2200 3996 2379 4052 agere,
2410 3987 2597 4054 agitari
2622 3989 2838 4055 morbis,
2865 3994 3094 4063 torqueri
3113 3993 3405 4061 doloribus,
3433 4000 3771 4058 medicamen

2202 4071 2268 4127 tis
2294 4076 2468 4129 curari
2499 4078 2920 4149 cruciantibus',
2947 4098 2977 4137 a
3006 4085 3339 4141 dremonihus
3369 4093 3587 4158 vexari,
3613 4095 3780 4156 exspi-

2199 4175 2319 4216 rare
2368 4167 2739 4233 supcrautibus
2785 4171 3043 4227 cladibus.
3089 4175 3144 4230 Si
3175 4192 3302 4231 vero
3336 4179 3450 4235 haec
3494 4184 3785 4238 exhorretis

2200 4254 2419 4308 credere
2447 4256 2607 4311 nollet
2636 4258 2970 4330 Ambrosius,
2995 4273 3050 4318 et
3074 4267 3419 4335 responderet
3448 4271 3561 4327 hrec
3587 4276 3780 4332 annuis.

2200 4343 2245 4398 si
2275 4359 2432 4399 nemo
2459 4359 2729 4415 peccasset
2753 4391 2767 4414 ,
2800 4354 2943 4407 nullo
2973 4355 3133 4411 modo
3158 4357 3331 4413 futura
3356 4359 3521 4418 fuisse
3550 4363 3600 4418 in
3629 4373 3785 4420 tanta:

2201 4435 2543 4494 beatitudinis
2575 4440 2726 4507 loco,
2772 4445 2863 4500 ubi
2910 4462 3010 4503 nec
3054 4458 3173 4518 post
3219 4464 3492 4520 peceatum
3529 4471 3648 4512 esse
3693 4473 3785 4527 πιο-

2203 4536 2437 4597 tuerunt,
2486 4532 2673 4602 eiectis
2720 4535 2846 4592 inde
2894 4538 3034 4604 illis,
3083 4557 3309 4608 quorum
3356 4548 3786 4614 praevaricatiom

2190 4619 2340 4672 mala
2368 4621 2465 4676 ista
2495 4635 2678 4679 secuta
2707 4636 2863 4694 sunt;
2892 4644 2955 4684 ac
2998 4646 3094 4700 per
3120 4632 3221 4689 hoc
3241 4634 3311 4691 de
3354 4638 3567 4693 miseria
3607 4645 3787 4697 venire

2202 4711 2531 4778 mortalium,
2560 4731 2681 4784 qua:
2711 4718 2852 4773 nulla
2880 4730 3023 4775 esset
3045 4761 3061 4787 ,
3098 4722 3199 4779 uisi
3229 4727 3547 4794 gravissimo
3572 4741 3786 4800 peccata

2202 4799 2358 4868 primi
2398 4801 2628 4859 hominis
2675 4817 2861 4863 natura
2907 4809 3136 4867 humana
3164 4815 3345 4871 vitiata
3391 4831 3550 4889 atque
3578 4799 3787 4878 mutata

2203 4888 2307 4946 hoc
2332 4895 2585 4949 saeculum
2615 4905 2691 4952 tot
2720 4901 2985 4972 tantisque
3011 4905 3399 4963 calamitatibus
3426 4888 3639 4981 plenum
3668 4912 3765 4984 pro

2204 4998 2400 5074 pagare
2431 4988 2745 5056 meruisset;
2776 4991 2864 5046 ubi
2892 5008 2991 5048 nec
3012 4995 3294 5066 redempti,
3317 4999 3429 5069 iam
3454 5005 3791 5074 sempiterna:

2204 5073 2392 5129 salutis
2422 5077 2642 5149 pignore
2670 5093 2909 5153 accepto,
2939 5087 3094 5142 malis
3118 5088 3420 5158 huiusmodi
3447 5073 3661 5159 carem;
3695 5099 3789 5152 sed

2204 5180 2325 5221 cum
2353 5167 2420 5223 de
2464 5169 2563 5225 hoc
2589 5174 2787 5229 smculo
2815 5175 3041 5232 exierint
3060 5220 3078 5246 ,
3112 5189 3237 5236 tunc
3260 5185 3518 5241 carebunt
3550 5207 3563 5242 :
3592 5188 3633 5241 si
3660 5204 3793 5258 ergo

2207 5256 2328 5311 talia
2370 5260 2720 5329 responderet
2758 5266 3109 5336 Ambrosius,
3154 5274 3430 5343 praeclaris
3469 5256 3789 5348 syllogismis

2206 5350 2397 5403 vestris
2424 5351 2796 5418 prohiberetur
2821 5356 2936 5413 lucc
2962 5358 3173 5426 dicere,
3211 5378 3284 5419 ne
3308 5366 3513 5424 scilicet
3536 5376 3791 5436 concept-

2206 5440 2406 5493 scentia
2430 5441 2608 5496 carnis
2635 5444 2950 5516 vituperata,
2976 5458 3032 5505 et
3054 5452 3299 5522 originali
3326 5467 3543 5525 peccato
3560 5458 3785 5513 credito.

2207 5530 2403 5597 nuptia:
2439 5530 2853 5603 damnarentur,
2899 5540 3122 5597 liberum
3165 5544 3464 5620 auferretur
3487 5548 3789 5613 arbitrium.

2208 5620 2633 5691 vituperarentur
2660 5642 2820 5696 opera
2848 5629 2941 5686 Dei
2965 5673 2980 5696 ,
3007 5643 3062 5688 et
3084 5634 3185 5691 sub
3213 5638 3431 5694 nomine
3457 5640 3635 5710 gratim
3661 5639 3793 5710 legis

2207 5712 2419 5767 eversio
2444 5726 2775 5785 sequeretur.
2806 5719 2918 5775 Non
2949 5722 3027 5781 sic
3052 5724 3229 5794 plane,
3253 5742 3356 5784 non
3384 5731 3484 5785 sic.
3510 5730 3789 5786 Erubesct-

2275 5841 2289 5872 ¹
2326 5843 2396 5892 sic
2430 5851 2531 5894 Mss.
2553 5845 2669 5896 Editi
2686 5861 2818 5910 vero,
2843 5852 3148 5906 cruciatibus.
