3934 6178
257 292 384 350 “09

255 419 319 468 te.
351 405 427 462 vel
460 405 630 474 potius
673 403 1006 472 expavescite
1035 403 1156 456 talia
1187 403 1438 472 cogitare.
1486 401 1594 454 luto
1625 415 1750 454 vero
1774 401 1820 452 si

252 502 326 554 vir
353 499 438 553 ille
466 506 804 567 superesset,
848 497 1012 550 multo
1039 496 1404 551 vehementius
1443 511 1601 565 quam
1645 509 1744 548 nos
1771 502 1824 546 et

248 587 740 643 auctoratius-vobis
765 602 860 655 pro
883 586 1140 641 catholica
1189 585 1291 641 fide
1318 596 1370 642 et
1403 602 1498 655 pro
1540 586 1628 640 Dei
1659 586 1821 654 gratia

248 680 325 733 vel
367 680 609 747 aquitate
635 677 928 742 resisteret,
955 691 1110 746 quam
1144 692 1250 730 non
1289 677 1394 730 sint
1422 676 1818 744 consequentia,

245 786 358 838 qua:
373 769 744 837 consequentia
765 768 976 836 putatis,
996 768 1314 832 ostendens;
1340 769 1456 838 quia
1479 777 1532 822 et
1559 778 1700 823 recte
1721 768 1822 821 vivi

243 869 452 928 potest.
483 875 586 912 non
618 859 763 928 pulsa
810 874 907 912 nec
936 859 1145 913 laudata
1194 859 1331 914 mala
1373 860 1819 928 concupiscentia,

241 951 331 1005 sed
363 949 598 1012 frenata;
643 965 741 1004 nec
779 950 1021 1019 culpatur
1059 957 1262 1004 natura:
1295 949 1582 1013 Conditor,
1611 949 1822 1018 quando

241 1041 304 1093 ab
343 1041 430 1093 illo
468 1040 700 1094 sanando
750 1048 1094 1106 monstratur,
1141 1056 1258 1110 qua:
1286 1041 1352 1096 ab
1401 1041 1615 1096 inimico
1648 1041 1818 1096 vitiari

242 1132 428 1198 potuit,
461 1146 564 1184 non
591 1131 794 1196 creari;
829 1147 926 1185 nec
951 1130 1270 1186 damnantur
1293 1132 1508 1200 nuptiae,
1539 1146 1656 1200 qua:
1685 1131 1820 1187 bene

239 1232 459 1275 tttuntur
487 1220 725 1290 pttdenda
760 1221 1008 1286 libidine;
1035 1237 1132 1276 nec
1157 1222 1378 1277 liberum
1409 1221 1646 1276 aufertur
1674 1221 1819 1274 arbi-

239 1312 420 1378 tritttn,
445 1311 535 1366 sed
553 1311 700 1380 cujus
721 1311 976 1366 beneficio
1001 1313 1068 1366 sit
1096 1312 1148 1366 in
1171 1313 1312 1366 bono
1338 1311 1561 1366 liberum
1583 1311 1820 1366 ostendi-

238 1411 355 1464 tttr;
390 1418 486 1457 nec
527 1403 612 1457 lex
654 1412 940 1463 evacuatur
976 1419 1070 1472 per
1118 1403 1360 1472 gratiam,
1408 1402 1502 1458 sed
1549 1403 1817 1472 impletur.

237 1491 365 1546 llzee
389 1492 475 1546 ille
500 1491 689 1546 doctor
712 1492 954 1561 egregius
983 1493 1194 1562 egregie
1220 1493 1530 1560 diSputaret,
1562 1502 1614 1547 et
1642 1493 1695 1546 in
1726 1507 1820 1547 ve-

233 1591 376 1635 stras
408 1581 566 1636 facies
603 1583 936 1650 impmlentes
959 1623 974 1646 ,
1018 1583 1106 1637 illa
1134 1599 1252 1652 qua:
1277 1584 1518 1651 superius
1561 1583 1628 1638 de
1668 1598 1821 1652 para-

233 1673 356 1725 diso
387 1683 564 1727 vestro
586 1674 841 1737 diximus,
877 1685 930 1728 et
958 1683 1191 1728 vestrum
1222 1688 1455 1728 errorem
1485 1689 1608 1728 vere
1637 1687 1820 1728 conse-

231 1776 491 1832 quuntur,
523 1763 670 1818 etab
695 1765 939 1818 omnilms
979 1763 1280 1819 hominibus
1332 1772 1577 1833 tanquam
1627 1778 1820 1820 vesana

229 1862 398 1921 atque
449 1852 646 1908 furiosa
703 1853 785 1908 vel
840 1853 1109 1919 ridentur,
1161 1853 1246 1909 vel
1291 1853 1664 1920 exhorrentur,
1720 1853 1821 1908 illi-

229 1939 411 1996 dereL

302 2033 466 2090 CXV.
494 2035 614 2090 ιω..
641 2034 820 2105 Neque
849 2035 988 2090 enim
1020 2035 1072 2088 in
1099 2035 1219 2104 jure
1247 2035 1558 2105 cujusquam
1583 2044 1666 2091 est
1691 2035 1823 2091 deti-

227 2125 343 2178 nita
373 2127 644 2194 suscipere
667 2167 682 2192 ,
712 2134 766 2179 et
801 2141 921 2194 qua:
948 2134 1345 2193 consequuntur
1385 2125 1689 2180 excludere.
1721 2125 1822 2191 Qui

224 2232 367 2286 ergo
395 2217 523 2272 dicit
553 2227 766 2286 propter
806 2215 908 2270 hoc
943 2216 1187 2285 parvulos
1221 2215 1286 2269 ad
1313 2215 1400 2284 jus
1428 2216 1622 2271 diaboli
1661 2216 1826 2284 perti-

225 2323 392 2370 nere,
445 2309 693 2376 quoniam
739 2307 806 2362 de
857 2321 1016 2362 sexus
1055 2307 1432 2360 commixtione
1473 2314 1822 2376 generantur;

225 2399 355 2456 sine
383 2398 548 2451 dubio
577 2398 742 2465 ipsam
773 2397 1226 2461 commixtionem,
1255 2397 1307 2450 itt
1335 2412 1436 2466 qua
1463 2405 1665 2450 natura:
1693 2409 1826 2466 opus

225 2500 340 2556 est,
372 2506 491 2544 cum
527 2497 730 2544 naturae
762 2492 925 2558 ipsius
955 2491 1282 2544 institutione
1307 2488 1646 2543 condemnat.

304 2586 444 2644 Aps.
492 2581 608 2636 Tibi
657 2581 870 2651 quidem
921 2580 1020 2640 hoc
1064 2579 1437 2644 videtttr:sed
1485 2594 1670 2634 verum
1719 2593 1823 2632 non

227 2689 362 2730 esse
401 2672 573 2743 (quod
605 2683 657 2726 tu
690 2689 794 2728 non
838 2669 1008 2743 vides)
1035 2670 1166 2725 vidit
1195 2669 1506 2724 Ambrosius
1529 2710 1546 2737 ,
1576 2669 1666 2739 qui
1694 2668 1826 2724 dixit

228 2775 486 2834 expertes
515 2780 618 2818 non
649 2779 768 2819 esse
797 2763 977 2819 delicti
1019 2778 1083 2818 ex
1125 2763 1240 2816 viro
1266 2771 1318 2817 et
1348 2762 1571 2816 muliere
1590 2803 1605 2827 ,
1635 2762 1686 2815 id
1713 2771 1821 2829 est,

232 2873 338 2926 per
365 2857 504 2911 illam
527 2855 958 2912 commixtionem
981 2869 1262 2923 corporum
1291 2839 1444 2908 natos
1461 2852 1509 2925 (1
1518 2871 1551 2906 u
1571 2852 1782 2924 Isaiam)
1808 2871 1822 2907 :

234 2964 344 3003 nec
375 2957 548 3002 tamen
594 2949 760 3016 ipsam
797 2947 1229 3002 commixtionem
1275 2961 1395 3000 ettm
1434 2947 1598 3014 ipsius
1627 2953 1827 3000 natura;

233 3039 572 3096 institutione
594 3039 930 3094 condemnat.
960 3035 1278 3092 Commixtio
1315 3036 1510 3105 quippe
1545 3035 1826 3104 conjugum

238 3128 558 3200 procreandi
607 3144 807 3192 causa,
860 3129 1058 3183 bonum
1107 3127 1535 3194 estnuptiarum
1569 3143 1582 3178 :
1616 3125 1711 3180 sed
1759 3125 1827 3178 ita

238 3221 378 3274 fiunt
418 3219 667 3273 nonnulla
708 3234 870 3287 Opera
901 3217 1038 3273 bona
1069 3233 1174 3271 non
1218 3217 1335 3271 sine
1381 3215 1521 3272 malo
1550 3215 1826 3282 vitiorum,

241 3312 383 3365 sicut
418 3325 579 3380 opera
609 3310 746 3364 mala
778 3325 881 3364 non
912 3311 1028 3365 sine
1062 3308 1203 3364 bono
1242 3308 1624 3364 membrorum.
1653 3307 1831 3377 Quan-

244 3401 444 3456 tislibet
470 3411 645 3456 autem
689 3401 826 3455 vitiis
844 3408 1086 3470 turpetur
1120 3415 1467 3470 quarcumque
1502 3409 1714 3466 natura,
1745 3401 1831 3455 in-

245 3493 451 3546 stitutio
489 3492 606 3561 ejus
653 3507 869 3560 semper
914 3500 996 3546 est
1042 3491 1199 3545 bona.
1233 3490 1364 3544 Nam
1404 3491 1542 3546 sicut
1571 3491 1831 3546 institutio

248 3583 491 3652 corporis
546 3584 679 3637 bona
737 3593 854 3648 est,
918 3584 1079 3637 etiam
1134 3582 1346 3652 quando
1397 3583 1631 3637 nascitur
1690 3597 1833 3636 mor~

249 3674 436 3739 bidus;
477 3682 531 3729 et
572 3674 831 3728 institutio
869 3674 1028 3728 animi
1075 3673 1212 3727 bona
1257 3682 1372 3735 est,
1413 3673 1572 3727 etiam
1621 3673 1833 3742 quando

249 3765 488 3819 nascitur
534 3765 752 3820 fatuus:
802 3764 880 3819 sic
920 3763 1182 3818 institutio
1224 3761 1454 3816 hominis
1493 3762 1656 3831 ipsius
1696 3763 1833 3818 bona

249 3864 353 3919 est,
381 3855 593 3924 quando
620 3854 852 3909 nascitur
880 3851 1182 3924 contagioni
1210 3852 1415 3924 peccati
1443 3852 1714 3922 originalis
1739 3853 1835 3910 ob-

251 3947 464 4000 noxius.

322 4034 508 4088 CXVI.
535 4034 653 4090 Jut.
683 4033 833 4101 Quod
859 4042 950 4087 aut
981 4041 1264 4104 utrumque
1290 4032 1443 4086 simul
1477 4042 1718 4102 negatur,
1747 4041 1839 4087 aut

253 4124 411 4179 simul
444 4134 725 4194 utrumque
767 4124 1086 4194 suscipitur;
1119 4133 1173 4178 et
1213 4139 1332 4178 cum
1374 4124 1441 4178 sit
1483 4122 1536 4177 in
1580 4132 1838 4192 potestate

257 4216 530 4286 utriusque
558 4216 776 4286 rejectio
796 4257 812 4283 ,
847 4231 949 4268 non
986 4223 1069 4269 est
1097 4225 1270 4269 tamen
1301 4215 1351 4268 in
1378 4215 1596 4269 arbitrio
1619 4215 1838 4269 alterius

258 4305 477 4370 electio;
521 4306 617 4359 nisi
648 4304 787 4374 quod
819 4305 1022 4358 facilius
1060 4315 1225 4373 potest
1259 4305 1434 4358 illicita
1463 4305 1839 4360 commixtione

260 4395 468 4463 gravari
510 4394 638 4447 vitio
666 4393 992 4456 voluntatis,
1025 4389 1287 4446 seminttin
1333 4403 1504 4448 tamen
1552 4393 1837 4447 fructiﬁca-

263 4485 404 4538 tione
436 4484 672 4549 defensa,
703 4499 858 4554 quam
888 4481 1148 4537 fructibus
1175 4483 1290 4552 ejus
1310 4485 1588 4548 accusatis,
1616 4500 1836 4540 sexuum

265 4576 534 4645 negotium
579 4575 856 4630 vindicari.
901 4573 1017 4630 Non
1061 4589 1188 4644 ergo
1229 4575 1499 4628 ﬂuctuatio
1529 4583 1638 4640 tua,
1681 4591 1840 4644 quam

266 4668 400 4721 inter
445 4665 774 4720 formidinem
821 4666 1251 4735 impietatemque
1296 4666 1622 4734 perpeteris,
1678 4680 1841 4718 novas

263 4757 566 4827 disputandi
599 4756 806 4826 regulas
826 4756 1058 4810 condere
1087 4756 1296 4820 valebit,
1322 4765 1376 4808 ut
1400 4755 1465 4809 de
1485 4755 1690 4809 duobus
1714 4771 1844 4810 con-

268 4850 420 4902 nexis
465 4863 625 4901 unum
655 4847 911 4916 suscipias
931 4887 944 4912 ,
990 4846 1205 4916 etquod
1233 4847 1280 4900 ei
1311 4846 1546 4900 adhaeret
1570 4847 1839 4902 excludas.

270 4941 408 4992 Ante
475 4938 616 4992 leves
674 4945 953 5007 pascentur
1024 4937 1075 4991 in
1144 4937 1344 4991 arthere
1409 4937 1550 4990 cervi
1601 4935 1840 5008 (Virgil.

271 5029 466 5099 Ecloga
495 5031 544 5090 i.
570 5045 696 5082 vers.
723 5027 850 5098 59),
880 5043 1038 5098 quam
1084 5036 1204 5097 post
1247 5027 1606 5097 prmjudicium
1649 5029 1844 5097 sumpti

271 5130 492 5189 negetur
516 5118 739 5174 ell‘ectio.
766 5118 991 5173 Exercet
1012 5116 1111 5172 hoc
1141 5132 1305 5187 genus
1333 5118 1603 5187 aposutlus
1631 5119 1842 5185 Paulus,

272 5226 392 5264 (:unt
422 5208 550 5262 dicit
575 5226 587 5260 :
616 5209 676 5263 Si
705 5208 890 5260 mortui
919 5224 1018 5262 non
1047 5216 1336 5277 resurgunt,
1384 5223 1474 5260 nec
1500 5206 1728 5261 Christus
1763 5226 1846 5262 re-

272 5299 510 5352 surrexit.
537 5296 597 5352 Si
620 5295 847 5350 Christus
863 5312 961 5349 non
983 5297 1271 5360 resurrexit,
1298 5313 1426 5350 varia
1450 5307 1521 5350 est
1542 5298 1666 5366 [idos
1686 5312 1847 5352 rastra

275 5390 315 5453 (Ι
335 5390 452 5443 Cor.
477 5404 564 5454 xv,
589 5389 700 5456 16).
731 5387 879 5441 Nunc
909 5395 1082 5440 autem
1110 5385 1348 5441 Christus
1376 5388 1664 5441 resurrexit
1687 5405 1700 5440 :
1721 5403 1850 5443 con-

273 5492 378 5536 stat
416 5496 544 5550 ergo
573 5479 904 5534 tunctorum‘
935 5477 1074 5532 diem
1113 5478 1553 5533 resurrectionem
1598 5479 1845 5533 futuram.

279 5576 344 5629 Et
369 5583 424 5628 ut
451 5573 553 5628 hoc
577 5572 747 5641 ipsum
777 5571 1018 5626 breviore
1059 5579 1273 5639 propter
1311 5569 1570 5641 legentem
1617 5571 1846 5626 inculce-

347 5685 362 5716 ί
399 5683 518 5732 ωἰιί
542 5694 674 5740 vero,
700 5686 1006 5738 sanctorum;
1039 5682 1420 5745 repugnantibus
1444 5687 1788 5745 manuscriptis.

1586 285 1779 340 ΗΒεῆ
1814 283 2154 350 QUARTUS.

3369 291 3504 347 lilii

1937 414 2051 450 mus
2081 397 2369 466 exemplo:
2415 398 2683 452 dnbitelur
2713 410 2884 454 utrum
2922 403 3120 470 justum
3163 402 3357 456 bonum
3399 405 3503 468 sit;

1934 497 2054 554 peto
2081 528 2094 550 ,
2123 503 2188 540 an
2221 504 2378 542 omne
2409 488 2606 556 justum
2628 531 2643 554 ,
2675 489 2950 545 honestum
2988 507 3106 546 esse
3135 491 3343 546 fatearis
3389 495 3506 561 Quo

1929 590 2210 636 Concesso.
2239 577 2376 632 addo
2405 579 2565 641 aliud,
2599 590 2772 632 utrum
2803 597 2958 635 omne
2983 583 3282 648 honestum,
3313 583 3507 638 bonum

1929 679 2140 734 quoque
2169 681 2287 720 esse
2319 669 2649 735 promtnties.
2684 670 2793 723 lloc
2819 687 3027 742 quoque
3047 673 3188 737 dato,
3223 683 3271 726 te
3299 675 3506 729 volente

1930 754 2160 820 nolente,
2190 756 2448 810 concludo
2473 775 2486 810 :
2513 759 2565 812 Si
2595 775 2752 814 omne
2776 761 2972 827 justum
2998 763 3278 820 honestum
3299 804 3314 829 ,
3354 779 3502 820 Jmne

1929 845 2206 900 honestum
2254 848 2483 912 bonum;
2513 866 2674 904 omne
2715 852 2872 921 igitur
2915 855 3112 922 justum
3169 856 3359 908 booum
3402 866 3503 910 est.

1927 937 2060 991 lluic
2101 939 2290 994 elfecto
2334 942 2650 1010 quicumque
2682 955 2798 1010 post
2829 946 2989 1011 prima
3035 956 3241 1013 sumpta
3287 948 3508 1001 voluerit

1927 1028 2091 1082 obniti
2115 1071 2128 1090 .
2174 1045 2280 1083 non
2309 1031 2589 1085 mdiiiciuut
2642 1034 2859 1086 rationis
2897 1035 3062 1102 quatit
3087 1042 3126 1099 ί,
3157 1037 3249 1088 sed
3297 1038 3407 1105 ipse
3449 1052 3507 1091 se

1925 1120 2143 1188 exponit
2165 1120 2362 1174 irrisui.
2397 1121 2461 1176 Ut
2489 1137 2616 1187 ergo
2639 1122 2704 1175 ad
2732 1138 2944 1177 causam
2972 1126 3296 1192 eotnparatio
3324 1142 3510 1180 recur-

1933 1217 2037 1272 rat,
2068 1209 2322 1276 qua-ritur
2350 1221 2524 1263 utrum
2552 1212 2618 1264 sit
2662 1212 2714 1264 in
2761 1222 2941 1264 natura
2973 1223 3245 1281 peccatum
3326 1216 3505 1283 petivi,

1927 1299 2319 1353 concederesne
2348 1301 2547 1353 nttllnnt
2577 1317 2696 1354 esse
2725 1303 2840 1356 sine
2881 1304 3146 1357 voluntate
3188 1315 3457 1372 peccatum
3491 1324 3504 1357 :

1927 1401 2178 1442 assensus
2220 1405 2278 1443 es
2298 1431 2310 1453 ,
2344 1391 2479 1444 sicut
2508 1400 2592 1444 tua
2621 1392 2758 1445 dicta
2802 1402 3077 1447 testantur.
3110 1396 3332 1460 Addidi,
3363 1412 3426 1448 an
3455 1398 3506 1450 in

1928 1478 2149 1546 parvulo
2194 1488 2404 1548 putares
2447 1495 2564 1534 esse
2610 1483 2930 1536 voluntatem
2963 1501 2974 1537 :
3010 1484 3110 1539 hoc
3152 1487 3308 1539 etiam
3339 1486 3507 1541 dene-

1926 1566 2082 1637 gasti.
2106 1567 2239 1633 Quid
2267 1570 2504 1636 sequitur
2532 1572 2764 1633 tertium,
2792 1573 2834 1625 si
2864 1589 2968 1625 non
2994 1584 3075 1626 ρει
3100 1575 3214 1628 sine
3238 1576 3508 1630 voluntate

1927 1662 2233 1730 peccatum?
2262 1662 2369 1715 lloc
2387 1672 2433 1714 ta
2444 1678 2492 1715 nt
2513 1671 2714 1717 eertum
2737 1673 2817 1718 est
2843 1663 2937 1734 (rt),
2963 1675 3017 1718 ttt
3047 1681 3144 1719 nec
3160 1666 3226 1720 ab
3240 1668 3510 1721 Academi-

1926 1750 2004 1803 cis
2021 1749 2203 1805 venirc
2230 1752 2393 1820 possit
2418 1751 2720 1815 indubitttn,
2747 1770 2971 1822 quorum
2997 1754 3192 1808 divitia:
3217 1764 3341 1808 suot
3381 1756 3509 1810 niltil

1924 1851 2130 1895 certum
2167 1853 2366 1896 tenere.
2397 1841 2475 1896 Tu
2503 1858 2626 1911 ergo
2652 1858 2770 1896 cum
2805 1855 2922 1912 post
2949 1845 3053 1899 duo
3081 1849 3245 1914 prima
3276 1857 3508 1917 sumpta,

1929 1931 2142 1985 tertium
2183 1947 2342 2002 negas
2363 1974 2378 1998 ,
2421 1934 2472 1986 in
2502 1949 2608 2002 quo
2635 1945 2716 1988 est
2741 1934 2964 1988 eilectns
2991 1937 3250 2001 duorum,
3285 1954 3388 1990 non
3421 1955 3509 1991 ra-

1930 2023 2086 2076 tionis
2107 2021 2449 2077 fundamenta
2471 2024 2740 2088 eonvellis,
2767 2025 2860 2078 sed
2884 2035 3028 2078 luunt
3049 2027 3228 2095 prodis
3251 2027 3506 2080 furorem.

2000 2113 2134 2166 Avo.
2178 2111 2322 2166 Itane
2359 2127 2420 2167 es
2450 2112 2735 2180 insipiens,
2780 2124 2838 2167 ut
2882 2125 3031 2182 putes
3075 2116 3127 2168 in
3177 2126 3363 2168 natura
3406 2132 3509 2170 non

1929 2215 2049 2256 esse
2077 2211 2374 2270 peccatum,
2405 2217 2526 2255 eum
2554 2203 2771 2258 omnino
2803 2215 3075 2271 peceatum
3112 2205 3208 2257 nisi
3242 2206 3291 2258 itt
3330 2216 3512 2260 natura

1931 2306 2050 2346 esse
2072 2306 2176 2345 non
2196 2292 2394 2359 possit?
2412 2291 2540 2345 Nam
2559 2293 2638 2346 vel
2665 2292 2717 2345 in
2739 2294 2928 2362 angelo
2954 2303 3056 2358 est,
3083 2296 3165 2348 vel
3198 2296 3248 2348 in
3281 2296 3513 2358 homine.

1930 2396 2049 2450 qua:
2077 2381 2193 2434 sine
2219 2380 2552 2434 dubitatione
2583 2391 2785 2435 naturae
2814 2392 2936 2435 sunt
2962 2401 2974 2436 :
2999 2384 3040 2436 si
3085 2399 3213 2452 ergo
3245 2394 3514 2451 peccatum

1931 2471 1984 2524 in
2013 2472 2154 2525 nulla
2178 2473 2396 2526 istarum
2426 2482 2610 2526 natura
2639 2483 2797 2535 esset,
2825 2474 3061 2542 profecto
3083 2491 3337 2544 nusquam
3355 2488 3515 2530 essot.

1931 2563 2008 2616 Ac
2035 2577 2127 2630 per
2152 2562 2252 2617 hoc
2271 2603 2286 2628 ,
2319 2565 2585 2632 [ll‘OjIOwlltl
2615 2565 2909 2632 quaestione
2948 2575 3126 2618 utrum
3153 2567 3221 2618 sit
3251 2567 3300 2619 in
3330 2578 3514 2621 natura

1931 2661 2227 2722 peccatum,
2255 2652 2452 2707 docere
2483 2653 2786 2707 intenderas
2816 2655 2868 2707 in
2898 2663 3080 2708 natura
3112 2672 3214 2708 non
3243 2672 3362 2711 esse
3391 2673 3514 2726 pec-

1931 2751 2106 2794 catum
2137 2760 2150 2794 :
2181 2758 2366 2794 vanam
2403 2757 2530 2812 ergo
2569 2743 2732 2797 fuisse
2780 2744 3127 2799 intentionem
3162 2755 3327 2808 tuam,
3375 2757 3429 2801 et
3468 2749 3518 2800 in

1932 2846 2128 2884 vanum
2174 2839 2224 2886 te
2273 2833 2427 2886 istam
2479 2833 2816 2902 proposuisse
2845 2835 3222 2903 quzestionetn,
3255 2836 3298 2890 si
3332 2853 3434 2889 non
3461 2851 3520 2892 es

1933 2922 2156 2976 nimium
2183 2937 2380 2988 vanus,
2414 2924 2685 2993 intelligis.
2715 2925 2852 2978 Ecce
2877 2925 3094 2978 rationis
3125 2934 3246 2987 tum,
3274 2929 3514 2996 quoniatn

1934 3013 2074 3066 ratio
2097 3028 2221 3067 vera
2253 3028 2357 3068 non
2385 3023 2487 3077 est,
2514 3014 2853 3068 fundamenta
2879 3017 3151 3079 eonvelio;
3185 3033 3282 3072 nec
3322 3029 3522 3078 tamen.

1935 3101 2076 3156 sicut
2104 3103 2438 3167 conviciaris,
2474 3102 2642 3171 prodo
2668 3118 2842 3156 meum
2866 3104 3117 3169 furorem,
3143 3107 3234 3159 sed
3266 3115 3410 3159 tuum
3437 3123 3526 3160 er-

1937 3204 2136 3244 rorem.
2161 3189 2443 3245 Concessis
2478 3192 2617 3245 enim
2649 3192 2856 3246 duobus
2880 3209 2996 3262 qua:
3023 3195 3191 3248 sumis
3215 3237 3229 3260 ,
3264 3197 3381 3249 ideo
3410 3207 3518 3251 ter-

1938 3280 2067 3335 tium
2101 3294 2256 3349 nego,
2286 3281 2408 3352 quia
2437 3295 2541 3335 non
2571 3290 2655 3335 est
2684 3282 2734 3335 iit
2761 3297 2846 3346 eo,
2875 3287 3012 3337 sicut
3037 3300 3156 3338 esse
3184 3295 3356 3354 putas,
3385 3287 3522 3341 duo-

1938 3387 2056 3430 rum
2083 3370 2300 3426 cﬂcctus
2323 3372 2555 3426 illorum.
2586 3372 2708 3427 Ideo
2751 3374 2945 3443 quippe
2986 3376 3221 3430 concedo
3264 3392 3366 3431 non
3403 3393 3524 3434 esse

1938 3465 2055 3519 sine
2081 3464 2350 3519 voluntate
2385 3473 2679 3534 peccatum,
2707 3466 2830 3534 quia
2857 3467 2970 3521 sine
2993 3469 3262 3523 voluntate
3289 3485 3394 3524 non
3427 3485 3523 3540 po-

1938 3563 2042 3609 test
2065 3555 2198 3610 ileri.
2227 3555 2331 3610 Sed
2361 3556 2461 3609 alia
2493 3558 2699 3611 ratione
2741 3573 2925 3612 rursus
2956 3569 3101 3614 recte
3138 3559 3365 3628 dicitur,
3404 3578 3524 3619 esse.

1937 3650 2054 3704 sine
2081 3649 2353 3704 voluntate
2380 3658 2684 3718 peccatmn,
2717 3651 2838 3719 quia
2889 3661 3088 3717 manet,
3123 3655 3373 3722 quamdiu
3415 3671 3522 3710 non

1939 3741 2249 3807 remittitur,
2279 3743 2439 3796 etiam
2465 3741 2757 3799 desistente
2784 3746 3052 3802 voluntate
3071 3763 3173 3817 qua
3205 3749 3395 3804 factum
3420 3759 3521 3806 est.

1943 3831 2076 3886 item
2106 3833 2345 3887 concedo
2373 3847 2477 3888 non
2503 3849 2622 3888 esse
2646 3835 2760 3889 sine
2788 3838 3056 3891 voluntate
3077 3850 3370 3905 peccatum,
3401 3843 3524 3909 quia

1942 3933 1995 3978 et
2019 3924 2276 3993 originale
2305 3933 2578 3993 peccatum
2620 3926 2736 3978 sine
2777 3927 3044 3981 voluntate
3088 3945 3191 3982 non
3223 3930 3415 3985 factum
3443 3943 3527 3986 est

1943 4013 2078 4083 ejus,
2110 4029 2138 4066 a
2181 4030 2286 4084 qtto
2334 4019 2444 4082 ipsa
2491 4015 2640 4082 origo
2687 4017 2912 4084 sumpsit
2955 4018 3252 4072 exordium.
3298 4021 3526 4077 Proinde

1943 4117 2064 4157 cum
2090 4103 2248 4157 etiam
2275 4102 2402 4156 illud
2424 4102 2680 4165 concedo,
2706 4104 2844 4173 quod
2875 4107 3122 4172 peccandi
3152 4109 3396 4162 voluntas
3419 4127 3524 4164 non

1944 4193 2016 4248 sit
2052 4194 2102 4246 in
2134 4194 2373 4263 parvulo,
2406 4208 2510 4246 non
2537 4209 2605 4248 ex
2637 4193 2718 4248 his
2745 4195 2950 4250 duobus
2978 4197 3260 4252 conficitur
3287 4201 3520 4266 tertium,

1945 4283 2084 4352 quod
2126 4293 2397 4354 peccatum
2428 4299 2531 4337 non
2577 4286 2644 4338 sit
2673 4286 2723 4338 in
2765 4288 3004 4355 parvulo.
3037 4286 3398 4344 Conﬁcerctur
3430 4307 3527 4344 au-

1947 4381 2076 4438 tem,
2128 4373 2174 4428 si
2223 4374 2668 4442 quemadmodum
2695 4377 2930 4430 concedo
2970 4395 3074 4431 non
3102 4395 3220 4434 esse
3249 4394 3524 4450 peccatum

1947 4464 2063 4518 sine
2111 4465 2418 4529 voluntate,
2453 4466 2522 4519 ita
2565 4467 2911 4520 concederem
2961 4485 3065 4522 non
3119 4487 3236 4526 esse
3271 4474 3528 4543 cujusque

1947 4565 2222 4623 peccatum
2249 4555 2364 4609 sine
2391 4556 2558 4622 ipsius
2585 4556 2796 4624 prOpria
2825 4557 3113 4614 voluntate.
3143 4561 3373 4616 Proinde
3403 4580 3527 4632 pee-

1947 4645 2050 4697 eati
2082 4645 2294 4714 quidem
2324 4645 2645 4700 voluntatem
2669 4647 2918 4716 parvulus
2941 4664 3045 4703 non
3078 4649 3254 4714 habet,
3283 4655 3374 4710 sed
3411 4673 3531 4725 pec-

1949 4745 2122 4787 catum
2155 4750 2258 4787 non
2292 4734 2530 4798 liabet-et,
2566 4736 2663 4789 nisi
2693 4737 2779 4791 ille
2803 4779 2816 4801 ,
2845 4736 2912 4791 de
2950 4755 3054 4809 quo
3084 4741 3134 4795 id
3159 4746 3407 4810 attraxit,
3432 4762 3530 4799 vo.

1951 4822 2148 4886 luntate
2172 4833 2457 4891 peccasset.
2486 4823 2616 4878 Nam
2639 4825 2702 4880 de
2729 4827 2840 4896 ipsa
2872 4827 3098 4884 hominis
3115 4848 3320 4902 quoque
3339 4837 3529 4888 nativi-

1954 4921 2058 4966 tate
2099 4913 2198 4966 tale
2224 4913 2418 4982 aliquid
2450 4914 2551 4968 dici
2583 4924 2754 4984 potest
2785 4933 2796 4969 :
2830 4917 2874 4971 si
2905 4919 3045 4972 enim
3077 4919 3282 4977 diceres
3303 4963 3318 4987 ,
3361 4924 3528 4980 Nemo

1954 5001 2185 5054 nascitur
2223 5003 2322 5056 nisi
2349 5019 2413 5056 ex
2442 5004 2736 5070 voluntate;
2785 5021 2888 5058 non
2927 5007 3042 5062 sine
3085 5011 3290 5066 ratione
3331 5029 3516 5071 conce«

1953 5091 2133 5145 dercm
2155 5110 2167 5145 :
2187 5092 2415 5148 siautem
2435 5094 2658 5161 diceres,
2683 5095 2847 5150 Nemo
2869 5099 3102 5154 nascitur
3118 5103 3214 5157 nisi
3231 5119 3295 5159 ex
3317 5109 3528 5176 propria

1953 5198 2048 5236 sua
2075 5183 2362 5249 voluntate,
2383 5200 2488 5238 non
2499 5185 2867 5241 concederem.
2891 5186 2993 5244 Isto
3016 5192 3190 5264 itaque
3208 5197 3383 5260 modo,
3407 5199 3528 5265 quia

1955 5272 2021 5327 de
2043 5283 2257 5342 peccato
2270 5275 2471 5344 agimus
2485 5275 2708 5344 parvuli.
2733 5277 2800 5330 ita
2823 5279 3078 5350 originale
3101 5297 3370 5354 peccatum
3389 5287 3528 5354 ejus,

1957 5365 2091 5417 sicut
2134 5365 2245 5434 ipse
2287 5377 2433 5418 ortus
2467 5366 2617 5434 ejus,
2652 5366 2770 5423 sine
2816 5369 3086 5428 voluntate
3133 5388 3248 5428 esse
3291 5389 3392 5428 non
3437 5392 3535 5444 po-

1959 5455 2054 5509 tuit
2079 5498 2091 5519 ,
2124 5456 2216 5509 sed
2241 5471 2343 5510 non
2373 5457 2510 5525 ejus.

2020 5570 2038 5634 ξ
2074 5565 2206 5634 miti,
2232 5566 2423 5634 qurerit.
2449 5568 2610 5634 Aptius
2626 5576 2749 5634 Mss,
2770 5570 2934 5634 quatit.

2020 5627 2092 5685 (α)
2125 5633 2259 5736 ιτυιοιῗ
2283 5627 2442 5689 deest,
2467 5627 2644 5681 srilicet
2680 5627 2743 5680 iur
2768 5627 2940 5681 t'tatm'a
2977 5629 3077 5690 (vel
3109 5636 3157 5680 tu
3195 5633 3414 5698 pm't'tdo)
3439 5649 3530 5685 neu

2020 5701 2062 5736 se
2086 5701 2226 5736 meat
2249 5702 2345 5736 um.

1963 5700 2062 5736 esse
2085 5700 2345 5748 peccatum.
