  <div class='ocr_page' id='page_1' title='image "/cluster/home/n/w/nwhite01/storage/ocr_20150623/45/hvd.32044096580667/219.png"; bbox 0 0 3954 6178; ppageno 0'>
   <div class='ocr_carea' id='block_1_1' title="bbox 468 265 595 321">
    <p class='ocr_par' dir='ltr' id='par_1_1' title="bbox 468 265 595 321">
     <span class='ocr_line' id='line_1_1' title="bbox 468 265 595 321; baseline 0.008 -1"><span class='ocrx_word' id='word_1_1' title='bbox 468 265 595 321; x_wconf 75' lang='lat' dir='ltr'><strong>NH</strong></span> 
     </span>
    </p>
   </div>
   <div class='ocr_carea' id='block_1_2' title="bbox 533 375 2042 459">
    <p class='ocr_par' dir='ltr' id='par_1_2' title="bbox 533 375 2042 459">
     <span class='ocr_line' id='line_1_2' title="bbox 533 375 2042 459; baseline 0.007 -28"><span class='ocrx_word' id='word_1_2' title='bbox 533 375 738 432; x_wconf 72' lang='lat' dir='ltr'><strong>CXVII.</strong></span> <span class='ocrx_word' id='word_1_3' title='bbox 766 378 885 434; x_wconf 77' lang='grc' dir='ltr'>ιω..</span> <span class='ocrx_word' id='word_1_4' title='bbox 918 380 1055 448; x_wconf 73' lang='lat' dir='ltr'><strong>Ergo</strong></span> <span class='ocrx_word' id='word_1_5' title='bbox 1082 382 1124 435; x_wconf 87' lang='lat' dir='ltr'><strong>si</strong></span> <span class='ocrx_word' id='word_1_6' title='bbox 1155 384 1393 439; x_wconf 73' lang='lat' dir='ltr'><strong>audirent</strong></span> <span class='ocrx_word' id='word_1_7' title='bbox 1425 386 1497 440; x_wconf 91' lang='lat' dir='ltr'><strong>illi</strong></span> <span class='ocrx_word' id='word_1_8' title='bbox 1528 387 1836 444; x_wconf 84' lang='lat' dir='ltr'><strong>sacerdotes</strong></span> <span class='ocrx_word' id='word_1_9' title='bbox 1861 431 1875 452; x_wconf 94' lang='lat'><strong>,</strong></span> <span class='ocrx_word' id='word_1_10' title='bbox 1906 405 2042 459; x_wconf 86' lang='lat' dir='ltr'><strong>quo-</strong></span> 
     </span>
    </p>
   </div>
   <div class='ocr_carea' id='block_1_3' title="bbox 460 471 2044 538">
    <p class='ocr_par' dir='ltr' id='par_1_3' title="bbox 460 471 2044 538">
     <span class='ocr_line' id='line_1_3' title="bbox 460 471 2044 538; baseline 0.009 -16"><span class='ocrx_word' id='word_1_11' title='bbox 460 485 577 523; x_wconf 87' lang='lat' dir='ltr'><strong>rum</strong></span> <span class='ocrx_word' id='word_1_12' title='bbox 608 486 747 525; x_wconf 90' lang='lat' dir='ltr'><strong>nunc</strong></span> <span class='ocrx_word' id='word_1_13' title='bbox 771 471 1201 527; x_wconf 66' lang='lat' dir='ltr'><strong>dictadelnitnus</strong></span> <span class='ocrx_word' id='word_1_14' title='bbox 1224 517 1239 538; x_wconf 86' lang='lat'><strong>,</strong></span> <span class='ocrx_word' id='word_1_15' title='bbox 1270 475 1499 532; x_wconf 88' lang='lat' dir='ltr'><strong>dubitari</strong></span> <span class='ocrx_word' id='word_1_16' title='bbox 1531 490 1707 533; x_wconf 91' lang='lat' dir='ltr'><strong>utrum</strong></span> <span class='ocrx_word' id='word_1_17' title='bbox 1738 483 2044 536; x_wconf 58' lang='lat' dir='ltr'><strong>commixtio</strong></span> 
     </span>
    </p>
   </div>
   <div class='ocr_carea' id='block_1_4' title="bbox 463 564 2043 644">
    <p class='ocr_par' dir='ltr' id='par_1_4' title="bbox 463 564 2043 644">
     <span class='ocr_line' id='line_1_4' title="bbox 463 564 2043 644; baseline 0.012 -33"><span class='ocrx_word' id='word_1_18' title='bbox 463 564 750 632; x_wconf 76' lang='lat' dir='ltr'><strong>runjngalis</strong></span> <span class='ocrx_word' id='word_1_19' title='bbox 773 564 906 617; x_wconf 91' lang='lat' dir='ltr'><strong>bona</strong></span> <span class='ocrx_word' id='word_1_20' title='bbox 933 575 1094 631; x_wconf 88' lang='lat' dir='ltr'><strong>esset,</strong></span> <span class='ocrx_word' id='word_1_21' title='bbox 1114 576 1273 638; x_wconf 80' lang='lat' dir='ltr'><strong>atque.</strong></span> <span class='ocrx_word' id='word_1_22' title='bbox 1297 570 1364 624; x_wconf 78' lang='lat' dir='ltr'><strong>ab</strong></span> <span class='ocrx_word' id='word_1_23' title='bbox 1385 570 1463 624; x_wconf 88' lang='lat' dir='ltr'><strong>eis</strong></span> <span class='ocrx_word' id='word_1_24' title='bbox 1489 581 1723 641; x_wconf 86' lang='lat' dir='ltr'><strong>peterem</strong></span> <span class='ocrx_word' id='word_1_25' title='bbox 1747 589 2043 644; x_wconf 88' lang='lat' dir='ltr'><strong>corporane</strong></span> 
     </span>
    </p>
   </div>
   <div class='ocr_carea' id='block_1_5' title="bbox 459 652 2041 731">
    <p class='ocr_par' dir='ltr' id='par_1_5' title="bbox 459 652 2041 731">
     <span class='ocr_line' id='line_1_5' title="bbox 459 652 2041 731; baseline 0.011 -29"><span class='ocrx_word' id='word_1_26' title='bbox 459 655 488 694; x_wconf 70' lang='lat'><strong>3</strong></span> <span class='ocrx_word' id='word_1_27' title='bbox 521 652 627 705; x_wconf 76' lang='lat' dir='ltr'><strong>ilco</strong></span> <span class='ocrx_word' id='word_1_28' title='bbox 658 653 1049 726; x_wconf 73' lang='lat' dir='ltr'><strong>informataiu),</strong></span> <span class='ocrx_word' id='word_1_29' title='bbox 1068 655 1373 713; x_wconf 72' lang='lat' dir='ltr'><strong>faterentur.</strong></span> <span class='ocrx_word' id='word_1_30' title='bbox 1407 660 1623 730; x_wconf 70' lang='lat' dir='ltr'><strong>llocpie</strong></span> <span class='ocrx_word' id='word_1_31' title='bbox 1649 678 1924 731; x_wconf 84' lang='lat' dir='ltr'><strong>concesso,</strong></span> <span class='ocrx_word' id='word_1_32' title='bbox 1944 666 2041 719; x_wconf 84' lang='lat' dir='ltr'><strong>ad-</strong></span> 
     </span>
    </p>
   </div>
   <div class='ocr_carea' id='block_1_6' title="bbox 456 740 2042 823">
    <p class='ocr_par' dir='ltr' id='par_1_6' title="bbox 456 740 2042 823">
     <span class='ocr_line' id='line_1_6' title="bbox 456 740 2042 823; baseline 0.013 -34"><span class='ocrx_word' id='word_1_33' title='bbox 456 740 636 794; x_wconf 75' lang='lat' dir='ltr'><strong>tlcretn</strong></span> <span class='ocrx_word' id='word_1_34' title='bbox 666 751 837 795; x_wconf 88' lang='lat' dir='ltr'><strong>utrum</strong></span> <span class='ocrx_word' id='word_1_35' title='bbox 863 745 1104 813; x_wconf 68' lang='lat' dir='ltr'><strong>conjugia</strong></span> <span class='ocrx_word' id='word_1_36' title='bbox 1127 762 1157 801; x_wconf 77' lang='grc' dir='ltr'><strong>ιι</strong></span> <span class='ocrx_word' id='word_1_37' title='bbox 1183 748 1290 803; x_wconf 88' lang='lat' dir='ltr'><strong>Deo</strong></span> <span class='ocrx_word' id='word_1_38' title='bbox 1312 760 1610 805; x_wconf 87' lang='lat' dir='ltr'><strong>anuttcrettl.</strong></span> <span class='ocrx_word' id='word_1_39' title='bbox 1632 753 1896 808; x_wconf 83' lang='lat' dir='ltr'><strong>ordinata.</strong></span> <span class='ocrx_word' id='word_1_40' title='bbox 1925 755 2042 823; x_wconf 84' lang='lat' dir='ltr'><strong>Quo</strong></span> 
     </span>
    </p>
   </div>
   <div class='ocr_carea' id='block_1_7' title="bbox 452 828 2042 909">
    <p class='ocr_par' dir='ltr' id='par_1_7' title="bbox 452 828 2042 909">
     <span class='ocr_line' id='line_1_7' title="bbox 452 828 2042 909; baseline 0.013 -28"><span class='ocrx_word' id='word_1_41' title='bbox 452 828 696 884; x_wconf 77' lang='lat' dir='ltr'><strong>similiter</strong></span> <span class='ocrx_word' id='word_1_42' title='bbox 737 831 1085 899; x_wconf 79' lang='lat' dir='ltr'><strong>confirmato,</strong></span> <span class='ocrx_word' id='word_1_43' title='bbox 1148 846 1380 907; x_wconf 79' lang='lat' dir='ltr'><strong>peterem</strong></span> <span class='ocrx_word' id='word_1_44' title='bbox 1431 840 1609 895; x_wconf 88' lang='lat' dir='ltr'><strong>denuo</strong></span> <span class='ocrx_word' id='word_1_45' title='bbox 1635 885 1652 909; x_wconf 93' lang='lat'><strong>,</strong></span> <span class='ocrx_word' id='word_1_46' title='bbox 1681 854 1855 899; x_wconf 90' lang='lat' dir='ltr'><strong>utrum</strong></span> <span class='ocrx_word' id='word_1_47' title='bbox 1899 855 2042 901; x_wconf 84' lang='lat' dir='ltr'><strong>esset</strong></span> 
     </span>
    </p>
   </div>
   <div class='ocr_carea' id='block_1_8' title="bbox 451 920 2038 1007">
    <p class='ocr_par' dir='ltr' id='par_1_8' title="bbox 451 920 2038 1007">
     <span class='ocr_line' id='line_1_8' title="bbox 451 920 2038 1007; baseline 0.014 -36"><span class='ocrx_word' id='word_1_48' title='bbox 451 920 567 975; x_wconf 88' lang='lat' dir='ltr'><strong>sine</strong></span> <span class='ocrx_word' id='word_1_49' title='bbox 600 924 979 980; x_wconf 75' lang='lat' dir='ltr'><strong>commixtione</strong></span> <span class='ocrx_word' id='word_1_50' title='bbox 1011 928 1196 983; x_wconf 77' lang='lat' dir='ltr'><strong>fetura.</strong></span> <span class='ocrx_word' id='word_1_51' title='bbox 1251 931 1465 1002; x_wconf 87' lang='lat' dir='ltr'><strong>Hocque</strong></span> <span class='ocrx_word' id='word_1_52' title='bbox 1489 933 1772 1004; x_wconf 77' lang='lat' dir='ltr'><strong>denegata,</strong></span> <span class='ocrx_word' id='word_1_53' title='bbox 1797 936 1922 1007; x_wconf 88' lang='lat' dir='ltr'><strong>quid</strong></span> <span class='ocrx_word' id='word_1_54' title='bbox 1950 952 2038 992; x_wconf 88' lang='lat' dir='ltr'><strong>se-</strong></span> 
     </span>
    </p>
   </div>
   <div class='ocr_carea' id='block_1_9' title="bbox 452 1012 2057 1099">
    <p class='ocr_par' dir='ltr' id='par_1_9' title="bbox 452 1012 2057 1099">
     <span class='ocr_line' id='line_1_9' title="bbox 452 1012 2057 1099; baseline 0.01 -36"><span class='ocrx_word' id='word_1_55' title='bbox 452 1012 747 1080; x_wconf 84' lang='lat' dir='ltr'><strong>quebatur?</strong></span> <span class='ocrx_word' id='word_1_56' title='bbox 770 1014 1044 1083; x_wconf 81' lang='lat' dir='ltr'><strong>Videlicet,</strong></span> <span class='ocrx_word' id='word_1_57' title='bbox 1066 1020 1108 1074; x_wconf 91' lang='lat' dir='ltr'><strong>si</strong></span> <span class='ocrx_word' id='word_1_58' title='bbox 1130 1022 1340 1076; x_wconf 87' lang='lat' dir='ltr'><strong>nonnisi</strong></span> <span class='ocrx_word' id='word_1_59' title='bbox 1366 1039 1461 1092; x_wconf 90' lang='lat' dir='ltr'><strong>per</strong></span> <span class='ocrx_word' id='word_1_60' title='bbox 1480 1026 1645 1080; x_wconf 89' lang='lat' dir='ltr'><strong>Deum</strong></span> <span class='ocrx_word' id='word_1_61' title='bbox 1673 1041 1886 1099; x_wconf 88' lang='lat' dir='ltr'><strong>corpus,</strong></span> <span class='ocrx_word' id='word_1_62' title='bbox 1912 1044 2057 1083; x_wconf 90' lang='lat' dir='ltr'><strong>non-.</strong></span> 
     </span>
    </p>
   </div>
   <div class='ocr_carea' id='block_1_10' title="bbox 450 1100 2037 1187">
    <p class='ocr_par' dir='ltr' id='par_1_10' title="bbox 450 1100 2037 1187">
     <span class='ocr_line' id='line_1_10' title="bbox 450 1100 2037 1187; baseline 0.013 -33"><span class='ocrx_word' id='word_1_63' title='bbox 450 1100 551 1155; x_wconf 84' lang='lat' dir='ltr'><strong>nisi</strong></span> <span class='ocrx_word' id='word_1_64' title='bbox 588 1118 681 1170; x_wconf 88' lang='lat' dir='ltr'><strong>per</strong></span> <span class='ocrx_word' id='word_1_65' title='bbox 718 1118 912 1175; x_wconf 87' lang='lat' dir='ltr'><strong>corpus</strong></span> <span class='ocrx_word' id='word_1_66' title='bbox 954 1111 1295 1178; x_wconf 81' lang='lat' dir='ltr'><strong>commixtio,</strong></span> <span class='ocrx_word' id='word_1_67' title='bbox 1324 1115 1538 1170; x_wconf 86' lang='lat' dir='ltr'><strong>nonnisi</strong></span> <span class='ocrx_word' id='word_1_68' title='bbox 1572 1132 1669 1187; x_wconf 87' lang='lat' dir='ltr'><strong>per</strong></span> <span class='ocrx_word' id='word_1_69' title='bbox 1695 1120 2037 1173; x_wconf 83' lang='lat' dir='ltr'><strong>commixtio-</strong></span> 
     </span>
    </p>
   </div>
   <div class='ocr_carea' id='block_1_11' title="bbox 448 1193 2034 1275">
    <p class='ocr_par' dir='ltr' id='par_1_11' title="bbox 448 1193 2034 1275">
     <span class='ocr_line' id='line_1_11' title="bbox 448 1193 2034 1275; baseline 0.015 -32"><span class='ocrx_word' id='word_1_70' title='bbox 448 1207 569 1246; x_wconf 89' lang='lat' dir='ltr'><strong>nem</strong></span> <span class='ocrx_word' id='word_1_71' title='bbox 602 1193 756 1257; x_wconf 87' lang='lat' dir='ltr'><strong>l&#39;etus,</strong></span> <span class='ocrx_word' id='word_1_72' title='bbox 802 1196 868 1248; x_wconf 86' lang='lat' dir='ltr'><strong>ad</strong></span> <span class='ocrx_word' id='word_1_73' title='bbox 911 1199 1157 1253; x_wconf 75' lang='lat' dir='ltr'><strong>eumdem</strong></span> <span class='ocrx_word' id='word_1_74' title='bbox 1192 1213 1464 1258; x_wconf 88' lang='lat' dir='ltr'><strong>auctorem</strong></span> <span class='ocrx_word' id='word_1_75' title='bbox 1498 1208 1762 1275; x_wconf 84' lang='lat' dir='ltr'><strong>pertinere</strong></span> <span class='ocrx_word' id='word_1_76' title='bbox 1789 1219 1845 1265; x_wconf 90' lang='lat' dir='ltr'><strong>et</strong></span> <span class='ocrx_word' id='word_1_77' title='bbox 1874 1210 2034 1267; x_wconf 92' lang='lat' dir='ltr'><strong>fetum</strong></span> 
     </span>
    </p>
   </div>
   <div class='ocr_carea' id='block_1_12' title="bbox 446 1282 1888 1364">
    <p class='ocr_par' dir='ltr' id='par_1_12' title="bbox 446 1282 1888 1364">
     <span class='ocr_line' id='line_1_12' title="bbox 446 1282 1888 1364; baseline 0.014 -30"><span class='ocrx_word' id='word_1_78' title='bbox 446 1290 498 1335; x_wconf 87' lang='lat' dir='ltr'><strong>et</strong></span> <span class='ocrx_word' id='word_1_79' title='bbox 524 1282 983 1351; x_wconf 77' lang='lat' dir='ltr'><strong>cunimistionem,</strong></span> <span class='ocrx_word' id='word_1_80' title='bbox 1015 1288 1081 1342; x_wconf 91' lang='lat' dir='ltr'><strong>ad</strong></span> <span class='ocrx_word' id='word_1_81' title='bbox 1107 1306 1261 1358; x_wconf 85' lang='lat' dir='ltr'><strong>quem</strong></span> <span class='ocrx_word' id='word_1_82' title='bbox 1290 1307 1513 1362; x_wconf 86' lang='lat' dir='ltr'><strong>corpora</strong></span> <span class='ocrx_word' id='word_1_83' title='bbox 1542 1298 1888 1364; x_wconf 85' lang='lat' dir='ltr'><strong>pertinerent.</strong></span> 
     </span>
    </p>
   </div>
   <div class='ocr_carea' id='block_1_13' title="bbox 518 1375 2030 1460">
    <p class='ocr_par' dir='ltr' id='par_1_13' title="bbox 518 1375 2030 1460">
     <span class='ocr_line' id='line_1_13' title="bbox 518 1375 2030 1460; baseline 0.013 -34"><span class='ocrx_word' id='word_1_84' title='bbox 518 1376 655 1430; x_wconf 81' lang='lat' dir='ltr'><strong>Auc.</strong></span> <span class='ocrx_word' id='word_1_85' title='bbox 708 1375 968 1446; x_wconf 79' lang='lat' dir='ltr'><strong>Numquid</strong></span> <span class='ocrx_word' id='word_1_86' title='bbox 1019 1380 1134 1434; x_wconf 77' lang='lat' dir='ltr'><strong>lucc</strong></span> <span class='ocrx_word' id='word_1_87' title='bbox 1179 1382 1317 1435; x_wconf 88' lang='lat' dir='ltr'><strong>inter</strong></span> <span class='ocrx_word' id='word_1_88' title='bbox 1364 1401 1460 1439; x_wconf 90' lang='lat' dir='ltr'><strong>nos</strong></span> <span class='ocrx_word' id='word_1_89' title='bbox 1509 1388 1731 1443; x_wconf 89' lang='lat' dir='ltr'><strong>vertitur</strong></span> <span class='ocrx_word' id='word_1_90' title='bbox 1770 1392 2030 1460; x_wconf 71' lang='lat' dir='ltr'><strong>qnmstio,</strong></span> 
     </span>
    </p>
   </div>
   <div class='ocr_carea' id='block_1_14' title="bbox 444 1466 2031 1546">
    <p class='ocr_par' dir='ltr' id='par_1_14' title="bbox 444 1466 2031 1546">
     <span class='ocr_line' id='line_1_14' title="bbox 444 1466 2031 1546; baseline 0.014 -30"><span class='ocrx_word' id='word_1_91' title='bbox 444 1474 618 1518; x_wconf 91' lang='lat' dir='ltr'><strong>utrum</strong></span> <span class='ocrx_word' id='word_1_92' title='bbox 652 1466 789 1520; x_wconf 90' lang='lat' dir='ltr'><strong>bona</strong></span> <span class='ocrx_word' id='word_1_93' title='bbox 822 1469 893 1522; x_wconf 89' lang='lat' dir='ltr'><strong>sit</strong></span> <span class='ocrx_word' id='word_1_94' title='bbox 933 1472 1241 1527; x_wconf 89' lang='lat' dir='ltr'><strong>commixtio</strong></span> <span class='ocrx_word' id='word_1_95' title='bbox 1278 1477 1613 1546; x_wconf 76' lang='lat' dir='ltr'><strong>conjngalis?</strong></span> <span class='ocrx_word' id='word_1_96' title='bbox 1635 1495 1755 1533; x_wconf 89' lang='lat' dir='ltr'><strong>cum</strong></span> <span class='ocrx_word' id='word_1_97' title='bbox 1783 1496 1900 1535; x_wconf 88' lang='lat' dir='ltr'><strong>eam</strong></span> <span class='ocrx_word' id='word_1_98' title='bbox 1934 1483 2031 1537; x_wconf 91' lang='lat' dir='ltr'><strong>bo-</strong></span> 
     </span>
    </p>
   </div>
   <div class='ocr_carea' id='block_1_15' title="bbox 449 1558 2032 1639">
    <p class='ocr_par' dir='ltr' id='par_1_15' title="bbox 449 1558 2032 1639">
     <span class='ocr_line' id='line_1_15' title="bbox 449 1558 2032 1639; baseline 0.014 -32"><span class='ocrx_word' id='word_1_99' title='bbox 449 1571 571 1608; x_wconf 88' lang='lat' dir='ltr'><strong>nam</strong></span> <span class='ocrx_word' id='word_1_100' title='bbox 612 1558 819 1627; x_wconf 87' lang='lat' dir='ltr'><strong>utrique</strong></span> <span class='ocrx_word' id='word_1_101' title='bbox 844 1559 1102 1615; x_wconf 78' lang='lat' dir='ltr'><strong>dicamus.</strong></span> <span class='ocrx_word' id='word_1_102' title='bbox 1134 1563 1270 1630; x_wconf 82' lang='lat' dir='ltr'><strong>Quid</strong></span> <span class='ocrx_word' id='word_1_103' title='bbox 1309 1574 1391 1620; x_wconf 88' lang='lat' dir='ltr'><strong>est</strong></span> <span class='ocrx_word' id='word_1_104' title='bbox 1428 1582 1555 1638; x_wconf 83' lang='lat' dir='ltr'><strong>ergo</strong></span> <span class='ocrx_word' id='word_1_105' title='bbox 1580 1569 1721 1639; x_wconf 88' lang='lat' dir='ltr'><strong>quod</strong></span> <span class='ocrx_word' id='word_1_106' title='bbox 1753 1581 1857 1626; x_wconf 90' lang='lat' dir='ltr'><strong>tam</strong></span> <span class='ocrx_word' id='word_1_107' title='bbox 1894 1574 2032 1630; x_wconf 88' lang='lat' dir='ltr'><strong>male</strong></span> 
     </span>
    </p>
   </div>
   <div class='ocr_carea' id='block_1_16' title="bbox 446 1646 2026 1729">
    <p class='ocr_par' dir='ltr' id='par_1_16' title="bbox 446 1646 2026 1729">
     <span class='ocr_line' id='line_1_16' title="bbox 446 1646 2026 1729; baseline 0.013 -32"><span class='ocrx_word' id='word_1_108' title='bbox 446 1646 613 1699; x_wconf 88' lang='lat' dir='ltr'><strong>sentis</strong></span> <span class='ocrx_word' id='word_1_109' title='bbox 638 1647 703 1701; x_wconf 92' lang='lat' dir='ltr'><strong>de</strong></span> <span class='ocrx_word' id='word_1_110' title='bbox 730 1648 832 1702; x_wconf 89' lang='lat' dir='ltr'><strong>illis</strong></span> <span class='ocrx_word' id='word_1_111' title='bbox 857 1652 1240 1719; x_wconf 71' lang='lat' dir='ltr'><strong>sacerdotibus,</strong></span> <span class='ocrx_word' id='word_1_112' title='bbox 1270 1670 1492 1725; x_wconf 88' lang='lat' dir='ltr'><strong>quorum</strong></span> <span class='ocrx_word' id='word_1_113' title='bbox 1522 1675 1647 1724; x_wconf 90' lang='lat' dir='ltr'><strong>non,</strong></span> <span class='ocrx_word' id='word_1_114' title='bbox 1679 1670 1736 1715; x_wconf 92' lang='lat' dir='ltr'><strong>ut</strong></span> <span class='ocrx_word' id='word_1_115' title='bbox 1767 1663 2026 1729; x_wconf 89' lang='lat' dir='ltr'><strong>mentiris,</strong></span> 
     </span>
    </p>
   </div>
   <div class='ocr_carea' id='block_1_17' title="bbox 441 1733 2029 1818">
    <p class='ocr_par' dir='ltr' id='par_1_17' title="bbox 441 1733 2029 1818">
     <span class='ocr_line' id='line_1_17' title="bbox 441 1733 2029 1818; baseline 0.014 -32"><span class='ocrx_word' id='word_1_116' title='bbox 441 1733 616 1787; x_wconf 89' lang='lat' dir='ltr'><strong>deluis</strong></span> <span class='ocrx_word' id='word_1_117' title='bbox 663 1736 825 1801; x_wconf 82' lang='lat' dir='ltr'><strong>dicta,</strong></span> <span class='ocrx_word' id='word_1_118' title='bbox 873 1739 966 1794; x_wconf 87' lang='lat' dir='ltr'><strong>sed</strong></span> <span class='ocrx_word' id='word_1_119' title='bbox 1009 1742 1230 1810; x_wconf 88' lang='lat' dir='ltr'><strong>polluis,</strong></span> <span class='ocrx_word' id='word_1_120' title='bbox 1260 1755 1318 1798; x_wconf 90' lang='lat' dir='ltr'><strong>ut</strong></span> <span class='ocrx_word' id='word_1_121' title='bbox 1354 1747 1433 1803; x_wconf 91' lang='lat' dir='ltr'><strong>eis</strong></span> <span class='ocrx_word' id='word_1_122' title='bbox 1474 1749 1623 1818; x_wconf 87' lang='lat' dir='ltr'><strong>quasi</strong></span> <span class='ocrx_word' id='word_1_123' title='bbox 1664 1749 2029 1809; x_wconf 87' lang='lat' dir='ltr'><strong>dubitantibus</strong></span> 
     </span>
    </p>
   </div>
   <div class='ocr_carea' id='block_1_18' title="bbox 448 1825 2029 1903">
    <p class='ocr_par' dir='ltr' id='par_1_18' title="bbox 448 1825 2029 1903">
     <span class='ocr_line' id='line_1_18' title="bbox 448 1825 2029 1903; baseline 0.016 -30"><span class='ocrx_word' id='word_1_124' title='bbox 448 1825 580 1877; x_wconf 65' lang='lat' dir='ltr'><strong>velis</strong></span> <span class='ocrx_word' id='word_1_125' title='bbox 607 1828 946 1894; x_wconf 79' lang='lat' dir='ltr'><strong>persuadere,</strong></span> <span class='ocrx_word' id='word_1_126' title='bbox 993 1833 1132 1887; x_wconf 88' lang='lat' dir='ltr'><strong>unde</strong></span> <span class='ocrx_word' id='word_1_127' title='bbox 1178 1849 1279 1889; x_wconf 89' lang='lat' dir='ltr'><strong>nec</strong></span> <span class='ocrx_word' id='word_1_128' title='bbox 1317 1836 1467 1903; x_wconf 92' lang='lat' dir='ltr'><strong>illos,</strong></span> <span class='ocrx_word' id='word_1_129' title='bbox 1515 1853 1614 1893; x_wconf 88' lang='lat' dir='ltr'><strong>nec</strong></span> <span class='ocrx_word' id='word_1_130' title='bbox 1654 1856 1751 1895; x_wconf 88' lang='lat' dir='ltr'><strong>nos</strong></span> <span class='ocrx_word' id='word_1_131' title='bbox 1788 1841 2029 1899; x_wconf 88' lang='lat' dir='ltr'><strong>dubitare</strong></span> 
     </span>
    </p>
   </div>
   <div class='ocr_carea' id='block_1_19' title="bbox 440 1917 2029 2002">
    <p class='ocr_par' dir='ltr' id='par_1_19' title="bbox 440 1917 2029 2002">
     <span class='ocr_line' id='line_1_19' title="bbox 440 1917 2029 2002; baseline 0.013 -35"><span class='ocrx_word' id='word_1_132' title='bbox 440 1917 749 1972; x_wconf 75' lang='lat' dir='ltr'><strong>convincis?</strong></span> <span class='ocrx_word' id='word_1_133' title='bbox 781 1919 923 1975; x_wconf 89' lang='lat' dir='ltr'><strong>Bona</strong></span> <span class='ocrx_word' id='word_1_134' title='bbox 969 1932 1051 1976; x_wconf 91' lang='lat' dir='ltr'><strong>est</strong></span> <span class='ocrx_word' id='word_1_135' title='bbox 1094 1926 1403 1981; x_wconf 78' lang='lat' dir='ltr'><strong>commixtio</strong></span> <span class='ocrx_word' id='word_1_136' title='bbox 1448 1928 1770 2000; x_wconf 77' lang='lat' dir='ltr'><strong>conjugalis,</strong></span> <span class='ocrx_word' id='word_1_137' title='bbox 1815 1947 1934 2002; x_wconf 74' lang='lat' dir='ltr'><strong>qum</strong></span> <span class='ocrx_word' id='word_1_138' title='bbox 1970 1934 2029 1989; x_wconf 83' lang='lat' dir='ltr'><strong>lit</strong></span> 
     </span>
    </p>
   </div>
   <div class='ocr_carea' id='block_1_20' title="bbox 437 2011 2027 2090">
    <p class='ocr_par' dir='ltr' id='par_1_20' title="bbox 437 2011 2027 2090">
     <span class='ocr_line' id='line_1_20' title="bbox 437 2011 2027 2090; baseline 0.013 -30"><span class='ocrx_word' id='word_1_139' title='bbox 437 2021 597 2062; x_wconf 87' lang='lat' dir='ltr'><strong>causa</strong></span> <span class='ocrx_word' id='word_1_140' title='bbox 637 2011 970 2077; x_wconf 82' lang='lat' dir='ltr'><strong>procreandi.</strong></span> <span class='ocrx_word' id='word_1_141' title='bbox 999 2013 1101 2069; x_wconf 89' lang='lat' dir='ltr'><strong>Sed</strong></span> <span class='ocrx_word' id='word_1_142' title='bbox 1130 2017 1444 2073; x_wconf 85' lang='lat' dir='ltr'><strong>Ambrosius</strong></span> <span class='ocrx_word' id='word_1_143' title='bbox 1462 2060 1477 2083; x_wconf 91' lang='lat'><strong>,</strong></span> <span class='ocrx_word' id='word_1_144' title='bbox 1505 2022 1594 2090; x_wconf 92' lang='lat' dir='ltr'><strong>qui</strong></span> <span class='ocrx_word' id='word_1_145' title='bbox 1623 2022 1755 2076; x_wconf 89' lang='lat' dir='ltr'><strong>dixit</strong></span> <span class='ocrx_word' id='word_1_146' title='bbox 1781 2037 1846 2078; x_wconf 88' lang='lat' dir='ltr'><strong>ex</strong></span> <span class='ocrx_word' id='word_1_147' title='bbox 1878 2039 2027 2080; x_wconf 83' lang='lat' dir='ltr'><strong>com-</strong></span> 
     </span>
    </p>
   </div>
   <div class='ocr_carea' id='block_1_21' title="bbox 441 2099 2026 2183">
    <p class='ocr_par' dir='ltr' id='par_1_21' title="bbox 441 2099 2026 2183">
     <span class='ocr_line' id='line_1_21' title="bbox 441 2099 2026 2183; baseline 0.015 -34"><span class='ocrx_word' id='word_1_148' title='bbox 441 2099 698 2154; x_wconf 74' lang='lat' dir='ltr'><strong>mixtione</strong></span> <span class='ocrx_word' id='word_1_149' title='bbox 720 2101 992 2172; x_wconf 85' lang='lat' dir='ltr'><strong>utriusque</strong></span> <span class='ocrx_word' id='word_1_150' title='bbox 1013 2119 1177 2183; x_wconf 77' lang='lat' dir='ltr'><strong>sexus</strong></span> <span class='ocrx_word' id='word_1_151' title='bbox 1202 2109 1467 2163; x_wconf 86' lang='lat' dir='ltr'><strong>nemiuem</strong></span> <span class='ocrx_word' id='word_1_152' title='bbox 1494 2126 1614 2166; x_wconf 87' lang='lat' dir='ltr'><strong>esse</strong></span> <span class='ocrx_word' id='word_1_153' title='bbox 1636 2123 1906 2182; x_wconf 80' lang='lat' dir='ltr'><strong>expertem</strong></span> <span class='ocrx_word' id='word_1_154' title='bbox 1931 2115 2026 2172; x_wconf 90' lang='lat' dir='ltr'><strong>de-</strong></span> 
     </span>
    </p>
   </div>
   <div class='ocr_carea' id='block_1_22' title="bbox 436 2187 2022 2273">
    <p class='ocr_par' dir='ltr' id='par_1_22' title="bbox 436 2187 2022 2273">
     <span class='ocr_line' id='line_1_22' title="bbox 436 2187 2022 2273; baseline 0.015 -33"><span class='ocrx_word' id='word_1_155' title='bbox 436 2187 543 2242; x_wconf 89' lang='lat' dir='ltr'><strong>licti</strong></span> <span class='ocrx_word' id='word_1_156' title='bbox 564 2229 579 2253; x_wconf 94' lang='lat'><strong>,</strong></span> <span class='ocrx_word' id='word_1_157' title='bbox 608 2204 713 2244; x_wconf 91' lang='lat' dir='ltr'><strong>non</strong></span> <span class='ocrx_word' id='word_1_158' title='bbox 745 2194 1176 2250; x_wconf 85' lang='lat' dir='ltr'><strong>commixtionem</strong></span> <span class='ocrx_word' id='word_1_159' title='bbox 1223 2198 1491 2269; x_wconf 76' lang='lat' dir='ltr'><strong>redarguit</strong></span> <span class='ocrx_word' id='word_1_160' title='bbox 1517 2202 1882 2273; x_wconf 86' lang='lat' dir='ltr'><strong>conjugalem;</strong></span> <span class='ocrx_word' id='word_1_161' title='bbox 1927 2206 2022 2262; x_wconf 87' lang='lat' dir='ltr'><strong>scd</strong></span> 
     </span>
    </p>
   </div>
   <div class='ocr_carea' id='block_1_23' title="bbox 434 2278 2021 2363">
    <p class='ocr_par' dir='ltr' id='par_1_23' title="bbox 434 2278 2021 2363">
     <span class='ocr_line' id='line_1_23' title="bbox 434 2278 2021 2363; baseline 0.014 -32"><span class='ocrx_word' id='word_1_162' title='bbox 434 2278 565 2333; x_wconf 81' lang='lat' dir='ltr'><strong>vidit</strong></span> <span class='ocrx_word' id='word_1_163' title='bbox 591 2282 809 2349; x_wconf 85' lang='lat' dir='ltr'><strong>malum,</strong></span> <span class='ocrx_word' id='word_1_164' title='bbox 837 2284 989 2354; x_wconf 86' lang='lat' dir='ltr'><strong>cujus</strong></span> <span class='ocrx_word' id='word_1_165' title='bbox 1020 2286 1160 2341; x_wconf 91' lang='lat' dir='ltr'><strong>bono</strong></span> <span class='ocrx_word' id='word_1_166' title='bbox 1186 2304 1284 2343; x_wconf 90' lang='lat' dir='ltr'><strong>usu</strong></span> <span class='ocrx_word' id='word_1_167' title='bbox 1315 2291 1372 2345; x_wconf 86' lang='lat' dir='ltr'><strong>lit</strong></span> <span class='ocrx_word' id='word_1_168' title='bbox 1398 2291 1545 2357; x_wconf 89' lang='lat' dir='ltr'><strong>illud,</strong></span> <span class='ocrx_word' id='word_1_169' title='bbox 1575 2296 1714 2363; x_wconf 87' lang='lat' dir='ltr'><strong>quod</strong></span> <span class='ocrx_word' id='word_1_170' title='bbox 1742 2312 1900 2352; x_wconf 90' lang='lat' dir='ltr'><strong>nemo</strong></span> <span class='ocrx_word' id='word_1_171' title='bbox 1928 2313 2021 2353; x_wconf 88' lang='lat' dir='ltr'><strong>ca-</strong></span> 
     </span>
    </p>
   </div>
   <div class='ocr_carea' id='block_1_24' title="bbox 434 2370 2018 2458">
    <p class='ocr_par' dir='ltr' id='par_1_24' title="bbox 434 2370 2018 2458">
     <span class='ocr_line' id='line_1_24' title="bbox 434 2370 2018 2458; baseline 0.014 -34"><span class='ocrx_word' id='word_1_172' title='bbox 434 2370 662 2426; x_wconf 85' lang='lat' dir='ltr'><strong>tholicus</strong></span> <span class='ocrx_word' id='word_1_173' title='bbox 706 2373 913 2430; x_wconf 89' lang='lat' dir='ltr'><strong>dubitat</strong></span> <span class='ocrx_word' id='word_1_174' title='bbox 952 2392 1071 2433; x_wconf 89' lang='lat' dir='ltr'><strong>esse</strong></span> <span class='ocrx_word' id='word_1_175' title='bbox 1113 2395 1247 2449; x_wconf 85' lang='lat' dir='ltr'><strong>opus</strong></span> <span class='ocrx_word' id='word_1_176' title='bbox 1278 2381 1515 2436; x_wconf 87' lang='lat' dir='ltr'><strong>bonum.-</strong></span> <span class='ocrx_word' id='word_1_177' title='bbox 1545 2384 1720 2441; x_wconf 89' lang='lat' dir='ltr'><strong>lnania</strong></span> <span class='ocrx_word' id='word_1_178' title='bbox 1753 2388 2018 2458; x_wconf 85' lang='lat' dir='ltr'><strong>loqueris,</strong></span> 
     </span>
    </p>
   </div>
   <div class='ocr_carea' id='block_1_25' title="bbox 433 2464 2021 2547">
    <p class='ocr_par' dir='ltr' id='par_1_25' title="bbox 433 2464 2021 2547">
     <span class='ocr_line' id='line_1_25' title="bbox 433 2464 2021 2547; baseline 0.014 -31"><span class='ocrx_word' id='word_1_179' title='bbox 433 2464 715 2532; x_wconf 81' lang='lat' dir='ltr'><strong>superﬂuis</strong></span> <span class='ocrx_word' id='word_1_180' title='bbox 753 2475 962 2537; x_wconf 84' lang='lat' dir='ltr'><strong>tempus</strong></span> <span class='ocrx_word' id='word_1_181' title='bbox 993 2471 1255 2540; x_wconf 88' lang='lat' dir='ltr'><strong>impendis</strong></span> <span class='ocrx_word' id='word_1_182' title='bbox 1287 2493 1301 2529; x_wconf 88' lang='lat'><strong>:</strong></span> <span class='ocrx_word' id='word_1_183' title='bbox 1333 2477 1472 2545; x_wconf 88' lang='lat' dir='ltr'><strong>quod</strong></span> <span class='ocrx_word' id='word_1_184' title='bbox 1512 2479 1685 2547; x_wconf 81' lang='lat' dir='ltr'><strong>agitur</strong></span> <span class='ocrx_word' id='word_1_185' title='bbox 1712 2480 1933 2545; x_wconf 88' lang='lat' dir='ltr'><strong>deseris,</strong></span> <span class='ocrx_word' id='word_1_186' title='bbox 1966 2490 2021 2538; x_wconf 90' lang='lat' dir='ltr'><strong>et</strong></span> 
     </span>
    </p>
   </div>
   <div class='ocr_carea' id='block_1_26' title="bbox 433 2554 2017 2637">
    <p class='ocr_par' dir='ltr' id='par_1_26' title="bbox 433 2554 2017 2637">
     <span class='ocr_line' id='line_1_26' title="bbox 433 2554 2017 2637; baseline 0.016 -33"><span class='ocrx_word' id='word_1_187' title='bbox 433 2554 574 2609; x_wconf 85' lang='lat' dir='ltr'><strong>unde</strong></span> <span class='ocrx_word' id='word_1_188' title='bbox 600 2569 703 2609; x_wconf 92' lang='lat' dir='ltr'><strong>non</strong></span> <span class='ocrx_word' id='word_1_189' title='bbox 729 2555 1036 2637; x_wconf 82' lang='lat' dir='ltr'><strong>dubitatur,</strong></span> <span class='ocrx_word' id='word_1_190' title='bbox 1089 2571 1334 2632; x_wconf 88' lang='lat' dir='ltr'><strong>tanquam</strong></span> <span class='ocrx_word' id='word_1_191' title='bbox 1383 2566 1673 2637; x_wconf 90' lang='lat' dir='ltr'><strong>dubitetur,</strong></span> <span class='ocrx_word' id='word_1_192' title='bbox 1722 2572 1808 2626; x_wconf 74' lang='lat' dir='ltr'><strong>vel</strong></span> <span class='ocrx_word' id='word_1_193' title='bbox 1860 2573 2017 2628; x_wconf 86' lang='lat' dir='ltr'><strong>etiam</strong></span> 
     </span>
    </p>
   </div>
   <div class='ocr_carea' id='block_1_27' title="bbox 430 2634 2017 2734">
    <p class='ocr_par' dir='ltr' id='par_1_27' title="bbox 430 2634 2017 2734">
     <span class='ocr_line' id='line_1_27' title="bbox 430 2634 2017 2734; baseline 0.013 -36"><span class='ocrx_word' id='word_1_194' title='bbox 430 2654 670 2716; x_wconf 80' lang='lat' dir='ltr'><strong>negetur,</strong></span> <span class='ocrx_word' id='word_1_195' title='bbox 699 2634 894 2705; x_wconf 81' lang='lat' dir='ltr'><strong>docere</strong></span> <span class='ocrx_word' id='word_1_196' title='bbox 937 2652 1163 2708; x_wconf 90' lang='lat' dir='ltr'><strong>moliris.</strong></span> <span class='ocrx_word' id='word_1_197' title='bbox 1201 2654 1338 2722; x_wconf 86' lang='lat' dir='ltr'><strong>Quid</strong></span> <span class='ocrx_word' id='word_1_198' title='bbox 1365 2672 1494 2727; x_wconf 79' lang='lat' dir='ltr'><strong>ergo</strong></span> <span class='ocrx_word' id='word_1_199' title='bbox 1522 2634 1716 2715; x_wconf 86' lang='lat' dir='ltr'><strong>mirum</strong></span> <span class='ocrx_word' id='word_1_200' title='bbox 1741 2670 1843 2730; x_wconf 88' lang='lat' dir='ltr'><strong>est,</strong></span> <span class='ocrx_word' id='word_1_201' title='bbox 1874 2663 2017 2734; x_wconf 86' lang='lat' dir='ltr'><strong>quod</strong></span> 
     </span>
    </p>
   </div>
   <div class='ocr_carea' id='block_1_28' title="bbox 430 2739 1567 2815">
    <p class='ocr_par' dir='ltr' id='par_1_28' title="bbox 430 2739 1567 2815">
     <span class='ocr_line' id='line_1_28' title="bbox 430 2739 1567 2815; baseline 0.016 -27"><span class='ocrx_word' id='word_1_202' title='bbox 430 2745 536 2790; x_wconf 90' lang='lat' dir='ltr'><strong>tam</strong></span> <span class='ocrx_word' id='word_1_203' title='bbox 566 2739 759 2793; x_wconf 90' lang='lat' dir='ltr'><strong>multos</strong></span> <span class='ocrx_word' id='word_1_204' title='bbox 784 2740 947 2796; x_wconf 89' lang='lat' dir='ltr'><strong>libros</strong></span> <span class='ocrx_word' id='word_1_205' title='bbox 968 2751 1181 2815; x_wconf 85' lang='lat' dir='ltr'><strong>tamque</strong></span> <span class='ocrx_word' id='word_1_206' title='bbox 1208 2762 1373 2803; x_wconf 83' lang='lat' dir='ltr'><strong>vanos</strong></span> <span class='ocrx_word' id='word_1_207' title='bbox 1398 2748 1567 2806; x_wconf 81' lang='lat' dir='ltr'><strong>facis?</strong></span> 
     </span>
    </p>
   </div>
   <div class='ocr_carea' id='block_1_29' title="bbox 497 2829 2014 2916">
    <p class='ocr_par' dir='ltr' id='par_1_29' title="bbox 497 2829 2014 2916">
     <span class='ocr_line' id='line_1_29' title="bbox 497 2829 2014 2916; baseline 0.015 -33"><span class='ocrx_word' id='word_1_208' title='bbox 497 2829 730 2886; x_wconf 80' lang='lat' dir='ltr'><strong>CXVIII.</strong></span> <span class='ocrx_word' id='word_1_209' title='bbox 775 2832 895 2888; x_wconf 70' lang='lat' dir='ltr'><strong>Jac.</strong></span> <span class='ocrx_word' id='word_1_210' title='bbox 943 2834 1079 2892; x_wconf 89' lang='lat' dir='ltr'><strong>lluie</strong></span> <span class='ocrx_word' id='word_1_211' title='bbox 1130 2838 1320 2895; x_wconf 80' lang='lat' dir='ltr'><strong>etl‘ecto</strong></span> <span class='ocrx_word' id='word_1_212' title='bbox 1363 2841 1480 2897; x_wconf 84' lang='lat' dir='ltr'><strong>sine</strong></span> <span class='ocrx_word' id='word_1_213' title='bbox 1523 2842 1684 2899; x_wconf 87' lang='lat' dir='ltr'><strong>dubio</strong></span> <span class='ocrx_word' id='word_1_214' title='bbox 1725 2846 2014 2916; x_wconf 81' lang='lat' dir='ltr'><strong>prudentes</strong></span> 
     </span>
    </p>
   </div>
   <div class='ocr_carea' id='block_1_30' title="bbox 426 2920 2012 3005">
    <p class='ocr_par' dir='ltr' id='par_1_30' title="bbox 426 2920 2012 3005">
     <span class='ocr_line' id='line_1_30' title="bbox 426 2920 2012 3005; baseline 0.013 -32"><span class='ocrx_word' id='word_1_215' title='bbox 426 2920 527 2974; x_wconf 78' lang='lat' dir='ltr'><strong>viri</strong></span> <span class='ocrx_word' id='word_1_216' title='bbox 558 2921 803 2977; x_wconf 89' lang='lat' dir='ltr'><strong>catholici</strong></span> <span class='ocrx_word' id='word_1_217' title='bbox 831 2935 1130 2982; x_wconf 87' lang='lat' dir='ltr'><strong>annuerent</strong></span> <span class='ocrx_word' id='word_1_218' title='bbox 1153 2929 1476 2994; x_wconf 87' lang='lat' dir='ltr'><strong>sacerdotes,</strong></span> <span class='ocrx_word' id='word_1_219' title='bbox 1508 2933 1855 3005; x_wconf 86' lang='lat' dir='ltr'><strong>videntesque</strong></span> <span class='ocrx_word' id='word_1_220' title='bbox 1880 2936 2012 2994; x_wconf 87' lang='lat' dir='ltr'><strong>niltil</strong></span> 
     </span>
    </p>
   </div>
   <div class='ocr_carea' id='block_1_31' title="bbox 427 3012 2010 3091">
    <p class='ocr_par' dir='ltr' id='par_1_31' title="bbox 427 3012 2010 3091">
     <span class='ocr_line' id='line_1_31' title="bbox 427 3012 2010 3091; baseline 0.013 -26"><span class='ocrx_word' id='word_1_221' title='bbox 427 3012 482 3065; x_wconf 92' lang='lat' dir='ltr'><strong>in</strong></span> <span class='ocrx_word' id='word_1_222' title='bbox 508 3015 754 3070; x_wconf 87' lang='lat' dir='ltr'><strong>sensibus</strong></span> <span class='ocrx_word' id='word_1_223' title='bbox 794 3017 970 3073; x_wconf 87' lang='lat' dir='ltr'><strong>carnis</strong></span> <span class='ocrx_word' id='word_1_224' title='bbox 989 3060 1004 3083; x_wconf 94' lang='lat'><strong>,</strong></span> <span class='ocrx_word' id='word_1_225' title='bbox 1048 3019 1177 3075; x_wconf 92' lang='lat' dir='ltr'><strong>nihil</strong></span> <span class='ocrx_word' id='word_1_226' title='bbox 1204 3021 1257 3075; x_wconf 92' lang='lat' dir='ltr'><strong>in</strong></span> <span class='ocrx_word' id='word_1_227' title='bbox 1285 3021 1477 3078; x_wconf 81' lang='lat' dir='ltr'><strong>fetibus</strong></span> <span class='ocrx_word' id='word_1_228' title='bbox 1505 3038 1755 3091; x_wconf 79' lang='lat' dir='ltr'><strong>sexuum,</strong></span> <span class='ocrx_word' id='word_1_229' title='bbox 1785 3027 2010 3084; x_wconf 82' lang='lat' dir='ltr'><strong>alterum</strong></span> 
     </span>
    </p>
   </div>
   <div class='ocr_carea' id='block_1_32' title="bbox 425 3106 2009 3183">
    <p class='ocr_par' dir='ltr' id='par_1_32' title="bbox 425 3106 2009 3183">
     <span class='ocr_line' id='line_1_32' title="bbox 425 3106 2009 3183; baseline 0.012 -26"><span class='ocrx_word' id='word_1_230' title='bbox 425 3106 724 3176; x_wconf 84' lang='lat' dir='ltr'><strong>quempiam</strong></span> <span class='ocrx_word' id='word_1_231' title='bbox 754 3119 948 3178; x_wconf 73' lang='lat' dir='ltr'><strong>pneter</strong></span> <span class='ocrx_word' id='word_1_232' title='bbox 975 3109 1141 3166; x_wconf 85' lang='lat' dir='ltr'><strong>Deum</strong></span> <span class='ocrx_word' id='word_1_233' title='bbox 1180 3127 1361 3169; x_wconf 90' lang='lat' dir='ltr'><strong>verum</strong></span> <span class='ocrx_word' id='word_1_234' title='bbox 1401 3115 1625 3183; x_wconf 83' lang='lat' dir='ltr'><strong>fecisse;</strong></span> <span class='ocrx_word' id='word_1_235' title='bbox 1661 3119 1792 3174; x_wconf 86' lang='lat' dir='ltr'><strong>nihil</strong></span> <span class='ocrx_word' id='word_1_236' title='bbox 1834 3129 2009 3177; x_wconf 87' lang='lat' dir='ltr'><strong>autem</strong></span> 
     </span>
    </p>
   </div>
   <div class='ocr_carea' id='block_1_33' title="bbox 424 3194 2011 3279">
    <p class='ocr_par' dir='ltr' id='par_1_33' title="bbox 424 3194 2011 3279">
     <span class='ocr_line' id='line_1_33' title="bbox 424 3194 2011 3279; baseline 0.013 -30"><span class='ocrx_word' id='word_1_237' title='bbox 424 3194 588 3250; x_wconf 89' lang='lat' dir='ltr'><strong>Deum</strong></span> <span class='ocrx_word' id='word_1_238' title='bbox 622 3197 810 3253; x_wconf 90' lang='lat' dir='ltr'><strong>fecisse</strong></span> <span class='ocrx_word' id='word_1_239' title='bbox 836 3200 975 3270; x_wconf 89' lang='lat' dir='ltr'><strong>quod</strong></span> <span class='ocrx_word' id='word_1_240' title='bbox 998 3202 1194 3257; x_wconf 89' lang='lat' dir='ltr'><strong>malum</strong></span> <span class='ocrx_word' id='word_1_241' title='bbox 1221 3213 1394 3272; x_wconf 88' lang='lat' dir='ltr'><strong>esset;</strong></span> <span class='ocrx_word' id='word_1_242' title='bbox 1420 3209 1720 3279; x_wconf 89' lang='lat' dir='ltr'><strong>malumque</strong></span> <span class='ocrx_word' id='word_1_243' title='bbox 1742 3210 1870 3265; x_wconf 89' lang='lat' dir='ltr'><strong>nihil</strong></span> <span class='ocrx_word' id='word_1_244' title='bbox 1891 3227 2011 3269; x_wconf 88' lang='lat' dir='ltr'><strong>esse</strong></span> 
     </span>
    </p>
   </div>
   <div class='ocr_carea' id='block_1_34' title="bbox 422 3286 2008 3372">
    <p class='ocr_par' dir='ltr' id='par_1_34' title="bbox 422 3286 2008 3372">
     <span class='ocr_line' id='line_1_34' title="bbox 422 3286 2008 3372; baseline 0.013 -33"><span class='ocrx_word' id='word_1_245' title='bbox 422 3286 565 3341; x_wconf 81' lang='lat' dir='ltr'><strong>aliud</strong></span> <span class='ocrx_word' id='word_1_246' title='bbox 608 3304 766 3359; x_wconf 85' lang='lat' dir='ltr'><strong>quant</strong></span> <span class='ocrx_word' id='word_1_247' title='bbox 808 3291 1136 3349; x_wconf 80' lang='lat' dir='ltr'><strong>voluntatem</strong></span> <span class='ocrx_word' id='word_1_248' title='bbox 1177 3296 1392 3363; x_wconf 87' lang='lat' dir='ltr'><strong>malam,</strong></span> <span class='ocrx_word' id='word_1_249' title='bbox 1439 3298 1556 3354; x_wconf 83' lang='lat' dir='ltr'><strong>sine</strong></span> <span class='ocrx_word' id='word_1_250' title='bbox 1606 3302 1782 3372; x_wconf 88' lang='lat' dir='ltr'><strong>aliquo</strong></span> <span class='ocrx_word' id='word_1_251' title='bbox 1820 3314 2008 3360; x_wconf 90' lang='lat' dir='ltr'><strong>coactu</strong></span> 
     </span>
    </p>
   </div>
   <div class='ocr_carea' id='block_1_35' title="bbox 425 3380 2009 3463">
    <p class='ocr_par' dir='ltr' id='par_1_35' title="bbox 425 3380 2009 3463">
     <span class='ocr_line' id='line_1_35' title="bbox 425 3380 2009 3463; baseline 0.015 -34"><span class='ocrx_word' id='word_1_252' title='bbox 425 3380 742 3433; x_wconf 84' lang='lat' dir='ltr'><strong>naturalium</strong></span> <span class='ocrx_word' id='word_1_253' title='bbox 806 3380 1251 3452; x_wconf 88' lang='lat' dir='ltr'><strong>delinquentem;</strong></span> <span class='ocrx_word' id='word_1_254' title='bbox 1304 3390 1712 3457; x_wconf 88' lang='lat' dir='ltr'><strong>pronuntiarent</strong></span> <span class='ocrx_word' id='word_1_255' title='bbox 1767 3392 2009 3463; x_wconf 89' lang='lat' dir='ltr'><strong>profecto</strong></span> 
     </span>
    </p>
   </div>
   <div class='ocr_carea' id='block_1_36' title="bbox 421 3466 2007 3546">
    <p class='ocr_par' dir='ltr' id='par_1_36' title="bbox 421 3466 2007 3546">
     <span class='ocr_line' id='line_1_36' title="bbox 421 3466 2007 3546; baseline 0.012 -26"><span class='ocrx_word' id='word_1_256' title='bbox 421 3466 740 3523; x_wconf 71' lang='lat' dir='ltr'><strong>Mauichreos</strong></span> <span class='ocrx_word' id='word_1_257' title='bbox 784 3480 839 3525; x_wconf 90' lang='lat' dir='ltr'><strong>et</strong></span> <span class='ocrx_word' id='word_1_258' title='bbox 882 3472 1246 3532; x_wconf 86' lang='lat' dir='ltr'><strong>Traducianos</strong></span> <span class='ocrx_word' id='word_1_259' title='bbox 1285 3478 1682 3546; x_wconf 85' lang='lat' dir='ltr'><strong>splendentibus</strong></span> <span class='ocrx_word' id='word_1_260' title='bbox 1730 3482 2007 3540; x_wconf 76' lang='lat' dir='ltr'><strong>catholica:</strong></span> 
     </span>
    </p>
   </div>
   <div class='ocr_carea' id='block_1_37' title="bbox 374 3559 1318 3621">
    <p class='ocr_par' dir='ltr' id='par_1_37' title="bbox 374 3559 1318 3621">
     <span class='ocr_line' id='line_1_37' title="bbox 374 3559 1318 3621; baseline 0.012 -11"><span class='ocrx_word' id='word_1_261' title='bbox 374 3573 389 3583; x_wconf 71' lang='grc'>⁸</span> <span class='ocrx_word' id='word_1_262' title='bbox 421 3559 641 3615; x_wconf 85' lang='lat' dir='ltr'><strong>rationis</strong></span> <span class='ocrx_word' id='word_1_263' title='bbox 670 3560 965 3617; x_wconf 79' lang='lat' dir='ltr'><strong>dissiluisse</strong></span> <span class='ocrx_word' id='word_1_264' title='bbox 992 3563 1318 3621; x_wconf 88' lang='lat' dir='ltr'><strong>fulminibus.</strong></span> 
     </span>
    </p>
   </div>
   <div class='ocr_carea' id='block_1_38' title="bbox 490 3648 2004 3728">
    <p class='ocr_par' dir='ltr' id='par_1_38' title="bbox 490 3648 2004 3728">
     <span class='ocr_line' id='line_1_38' title="bbox 490 3648 2004 3728; baseline 0.016 -28"><span class='ocrx_word' id='word_1_265' title='bbox 490 3648 624 3704; x_wconf 82' lang='lat' dir='ltr'><strong>Acc.</strong></span> <span class='ocrx_word' id='word_1_266' title='bbox 662 3648 773 3704; x_wconf 86' lang='lat' dir='ltr'><strong>Cur</strong></span> <span class='ocrx_word' id='word_1_267' title='bbox 796 3666 924 3721; x_wconf 78' lang='lat' dir='ltr'><strong>ergo</strong></span> <span class='ocrx_word' id='word_1_268' title='bbox 949 3667 1165 3718; x_wconf 89' lang='lat' dir='ltr'><strong>eorum,</strong></span> <span class='ocrx_word' id='word_1_269' title='bbox 1199 3673 1331 3727; x_wconf 91' lang='lat' dir='ltr'><strong>quos</strong></span> <span class='ocrx_word' id='word_1_270' title='bbox 1369 3659 1657 3728; x_wconf 88' lang='lat' dir='ltr'><strong>prudentes</strong></span> <span class='ocrx_word' id='word_1_271' title='bbox 1685 3662 1827 3720; x_wconf 84' lang='lat' dir='ltr'><strong>viros</strong></span> <span class='ocrx_word' id='word_1_272' title='bbox 1871 3667 2004 3723; x_wconf 91' lang='lat' dir='ltr'><strong>dicis</strong></span> 
     </span>
    </p>
   </div>
   <div class='ocr_carea' id='block_1_39' title="bbox 417 3738 2001 3827">
    <p class='ocr_par' dir='ltr' id='par_1_39' title="bbox 417 3738 2001 3827">
     <span class='ocr_line' id='line_1_39' title="bbox 417 3738 2001 3827; baseline 0.014 -36"><span class='ocrx_word' id='word_1_273' title='bbox 417 3746 466 3791; x_wconf 93' lang='lat' dir='ltr'><strong>et</strong></span> <span class='ocrx_word' id='word_1_274' title='bbox 498 3738 790 3794; x_wconf 82' lang='lat' dir='ltr'><strong>catholicos</strong></span> <span class='ocrx_word' id='word_1_275' title='bbox 815 3742 1140 3811; x_wconf 87' lang='lat' dir='ltr'><strong>sacerdotes,</strong></span> <span class='ocrx_word' id='word_1_276' title='bbox 1174 3756 1223 3800; x_wconf 91' lang='lat' dir='ltr'><strong>te</strong></span> <span class='ocrx_word' id='word_1_277' title='bbox 1247 3747 1386 3804; x_wconf 90' lang='lat' dir='ltr'><strong>dicta</strong></span> <span class='ocrx_word' id='word_1_278' title='bbox 1411 3750 1696 3809; x_wconf 65' lang='lat' dir='ltr'><strong>defendere</strong></span> <span class='ocrx_word' id='word_1_279' title='bbox 1725 3765 1881 3827; x_wconf 88' lang='lat' dir='ltr'><strong>atque</strong></span> <span class='ocrx_word' id='word_1_280' title='bbox 1904 3758 2001 3814; x_wconf 79' lang='lat' dir='ltr'><strong>de-</strong></span> 
     </span>
    </p>
   </div>
   <div class='ocr_carea' id='block_1_40' title="bbox 416 3830 2003 3914">
    <p class='ocr_par' dir='ltr' id='par_1_40' title="bbox 416 3830 2003 3914">
     <span class='ocr_line' id='line_1_40' title="bbox 416 3830 2003 3914; baseline 0.015 -34"><span class='ocrx_word' id='word_1_281' title='bbox 416 3832 565 3883; x_wconf 80' lang='lat' dir='ltr'><strong>luere</strong></span> <span class='ocrx_word' id='word_1_282' title='bbox 590 3830 704 3885; x_wconf 73' lang='lat' dir='ltr'><strong>sine</strong></span> <span class='ocrx_word' id='word_1_283' title='bbox 734 3832 842 3886; x_wconf 87' lang='lat' dir='ltr'><strong>ullo</strong></span> <span class='ocrx_word' id='word_1_284' title='bbox 870 3833 1069 3901; x_wconf 87' lang='lat' dir='ltr'><strong>pudore</strong></span> <span class='ocrx_word' id='word_1_285' title='bbox 1100 3839 1372 3908; x_wconf 86' lang='lat' dir='ltr'><strong>mentiris,</strong></span> <span class='ocrx_word' id='word_1_286' title='bbox 1402 3842 1445 3896; x_wconf 89' lang='lat' dir='ltr'><strong>si</strong></span> <span class='ocrx_word' id='word_1_287' title='bbox 1489 3853 1542 3898; x_wconf 91' lang='lat' dir='ltr'><strong>et</strong></span> <span class='ocrx_word' id='word_1_288' title='bbox 1581 3845 1693 3914; x_wconf 89' lang='lat' dir='ltr'><strong>ipsa</strong></span> <span class='ocrx_word' id='word_1_289' title='bbox 1735 3846 2003 3904; x_wconf 88' lang='lat' dir='ltr'><strong>dissiliunt</strong></span> 
     </span>
    </p>
   </div>
   <div class='ocr_carea' id='block_1_41' title="bbox 416 3919 2000 4007">
    <p class='ocr_par' dir='ltr' id='par_1_41' title="bbox 416 3919 2000 4007">
     <span class='ocr_line' id='line_1_41' title="bbox 416 3919 2000 4007; baseline 0.014 -34"><span class='ocrx_word' id='word_1_290' title='bbox 416 3919 722 3977; x_wconf 75' lang='lat' dir='ltr'><strong>fulminibus</strong></span> <span class='ocrx_word' id='word_1_291' title='bbox 752 3925 892 3979; x_wconf 88' lang='lat' dir='ltr'><strong>tuis?</strong></span> <span class='ocrx_word' id='word_1_292' title='bbox 923 3926 979 3981; x_wconf 90' lang='lat' dir='ltr'><strong>Si</strong></span> <span class='ocrx_word' id='word_1_293' title='bbox 1011 3938 1186 3983; x_wconf 89' lang='lat' dir='ltr'><strong>autem</strong></span> <span class='ocrx_word' id='word_1_294' title='bbox 1208 3930 1564 3989; x_wconf 81' lang='lat' dir='ltr'><strong>defenduntur</strong></span> <span class='ocrx_word' id='word_1_295' title='bbox 1590 3948 1746 4007; x_wconf 90' lang='lat' dir='ltr'><strong>atque</strong></span> <span class='ocrx_word' id='word_1_296' title='bbox 1773 3939 2000 3996; x_wconf 87' lang='lat' dir='ltr'><strong>deluun-</strong></span> 
     </span>
    </p>
   </div>
   <div class='ocr_carea' id='block_1_42' title="bbox 414 4015 1998 4099">
    <p class='ocr_par' dir='ltr' id='par_1_42' title="bbox 414 4015 1998 4099">
     <span class='ocr_line' id='line_1_42' title="bbox 414 4015 1998 4099; baseline 0.016 -37"><span class='ocrx_word' id='word_1_297' title='bbox 414 4022 499 4066; x_wconf 90' lang='lat' dir='ltr'><strong>tur</strong></span> <span class='ocrx_word' id='word_1_298' title='bbox 517 4054 531 4075; x_wconf 89' lang='lat'><strong>,</strong></span> <span class='ocrx_word' id='word_1_299' title='bbox 560 4022 611 4068; x_wconf 89' lang='lat' dir='ltr'><strong>et</strong></span> <span class='ocrx_word' id='word_1_300' title='bbox 639 4016 708 4069; x_wconf 88' lang='lat' dir='ltr'><strong>ob</strong></span> <span class='ocrx_word' id='word_1_301' title='bbox 739 4015 840 4070; x_wconf 88' lang='lat' dir='ltr'><strong>hoc</strong></span> <span class='ocrx_word' id='word_1_302' title='bbox 863 4029 1079 4074; x_wconf 90' lang='lat' dir='ltr'><strong>manent</strong></span> <span class='ocrx_word' id='word_1_303' title='bbox 1115 4022 1313 4094; x_wconf 79' lang='lat' dir='ltr'><strong>integra</strong></span> <span class='ocrx_word' id='word_1_304' title='bbox 1331 4064 1346 4091; x_wconf 92' lang='lat'><strong>,</strong></span> <span class='ocrx_word' id='word_1_305' title='bbox 1380 4026 1505 4096; x_wconf 88' lang='lat' dir='ltr'><strong>ipsis</strong></span> <span class='ocrx_word' id='word_1_306' title='bbox 1533 4037 1587 4082; x_wconf 91' lang='lat' dir='ltr'><strong>tu</strong></span> <span class='ocrx_word' id='word_1_307' title='bbox 1614 4031 1790 4099; x_wconf 89' lang='lat' dir='ltr'><strong>potius</strong></span> <span class='ocrx_word' id='word_1_308' title='bbox 1818 4031 1998 4088; x_wconf 81' lang='lat' dir='ltr'><strong>fulmi—</strong></span> 
     </span>
    </p>
   </div>
   <div class='ocr_carea' id='block_1_43' title="bbox 413 4104 1999 4183">
    <p class='ocr_par' dir='ltr' id='par_1_43' title="bbox 413 4104 1999 4183">
     <span class='ocr_line' id='line_1_43' title="bbox 413 4104 1999 4183; baseline 0.015 -26"><span class='ocrx_word' id='word_1_309' title='bbox 413 4104 576 4159; x_wconf 86' lang='lat' dir='ltr'><strong>naris.</strong></span> <span class='ocrx_word' id='word_1_310' title='bbox 619 4105 748 4160; x_wconf 85' lang='lat' dir='ltr'><strong>Nam</strong></span> <span class='ocrx_word' id='word_1_311' title='bbox 799 4109 940 4178; x_wconf 90' lang='lat' dir='ltr'><strong>quod</strong></span> <span class='ocrx_word' id='word_1_312' title='bbox 990 4113 1064 4166; x_wconf 88' lang='lat' dir='ltr'><strong>ait</strong></span> <span class='ocrx_word' id='word_1_313' title='bbox 1117 4115 1465 4183; x_wconf 86' lang='lat' dir='ltr'><strong>Ambrosius,</strong></span> <span class='ocrx_word' id='word_1_314' title='bbox 1515 4135 1580 4174; x_wconf 88' lang='lat' dir='ltr'><strong>ex</strong></span> <span class='ocrx_word' id='word_1_315' title='bbox 1618 4123 1999 4181; x_wconf 86' lang='lat' dir='ltr'><strong>commixtione</strong></span> 
     </span>
    </p>
   </div>
   <div class='ocr_carea' id='block_1_44' title="bbox 412 4200 1995 4277">
    <p class='ocr_par' dir='ltr' id='par_1_44' title="bbox 412 4200 1995 4277">
     <span class='ocr_line' id='line_1_44' title="bbox 412 4200 1995 4277; baseline 0.014 -29"><span class='ocrx_word' id='word_1_316' title='bbox 412 4210 571 4250; x_wconf 87' lang='lat' dir='ltr'><strong>sexus</strong></span> <span class='ocrx_word' id='word_1_317' title='bbox 614 4200 888 4269; x_wconf 88' lang='lat' dir='ltr'><strong>utriusque</strong></span> <span class='ocrx_word' id='word_1_318' title='bbox 922 4214 1235 4272; x_wconf 87' lang='lat' dir='ltr'><strong>conceptum</strong></span> <span class='ocrx_word' id='word_1_319' title='bbox 1284 4219 1554 4277; x_wconf 83' lang='lat' dir='ltr'><strong>expertem</strong></span> <span class='ocrx_word' id='word_1_320' title='bbox 1583 4213 1847 4268; x_wconf 86' lang='lat' dir='ltr'><strong>neminem</strong></span> <span class='ocrx_word' id='word_1_321' title='bbox 1875 4229 1995 4270; x_wconf 85' lang='lat' dir='ltr'><strong>esse</strong></span> 
     </span>
    </p>
   </div>
   <div class='ocr_carea' id='block_1_45' title="bbox 414 4286 1995 4363">
    <p class='ocr_par' dir='ltr' id='par_1_45' title="bbox 414 4286 1995 4363">
     <span class='ocr_line' id='line_1_45' title="bbox 414 4286 1995 4363; baseline 0.015 -24"><span class='ocrx_word' id='word_1_322' title='bbox 414 4286 620 4354; x_wconf 88' lang='lat' dir='ltr'><strong>delicti,</strong></span> <span class='ocrx_word' id='word_1_323' title='bbox 665 4298 756 4343; x_wconf 87' lang='lat' dir='ltr'><strong>aut</strong></span> <span class='ocrx_word' id='word_1_324' title='bbox 796 4289 985 4347; x_wconf 80' lang='lat' dir='ltr'><strong>falsum</strong></span> <span class='ocrx_word' id='word_1_325' title='bbox 1033 4301 1151 4358; x_wconf 88' lang='lat' dir='ltr'><strong>est,</strong></span> <span class='ocrx_word' id='word_1_326' title='bbox 1192 4307 1278 4351; x_wconf 86' lang='lat' dir='ltr'><strong>aut</strong></span> <span class='ocrx_word' id='word_1_327' title='bbox 1309 4314 1516 4356; x_wconf 87' lang='lat' dir='ltr'><strong>verum.</strong></span> <span class='ocrx_word' id='word_1_328' title='bbox 1552 4301 1606 4357; x_wconf 90' lang='lat' dir='ltr'><strong>Si</strong></span> <span class='ocrx_word' id='word_1_329' title='bbox 1642 4303 1830 4359; x_wconf 83' lang='lat' dir='ltr'><strong>falsum</strong></span> <span class='ocrx_word' id='word_1_330' title='bbox 1874 4322 1995 4363; x_wconf 87' lang='lat' dir='ltr'><strong>esse</strong></span> 
     </span>
    </p>
   </div>
   <div class='ocr_carea' id='block_1_46' title="bbox 412 4378 1992 4469">
    <p class='ocr_par' dir='ltr' id='par_1_46' title="bbox 412 4378 1992 4469">
     <span class='ocr_line' id='line_1_46' title="bbox 412 4378 1992 4469; baseline 0.014 -39"><span class='ocrx_word' id='word_1_331' title='bbox 412 4378 574 4446; x_wconf 89' lang='lat' dir='ltr'><strong>dicis;</strong></span> <span class='ocrx_word' id='word_1_332' title='bbox 604 4395 878 4452; x_wconf 79' lang='lat' dir='ltr'><strong>oppugnas</strong></span> <span class='ocrx_word' id='word_1_333' title='bbox 916 4399 1045 4454; x_wconf 80' lang='lat' dir='ltr'><strong>ergo</strong></span> <span class='ocrx_word' id='word_1_334' title='bbox 1074 4387 1413 4456; x_wconf 84' lang='lat' dir='ltr'><strong>prudentium</strong></span> <span class='ocrx_word' id='word_1_335' title='bbox 1458 4392 1691 4449; x_wconf 84' lang='lat' dir='ltr'><strong>virorum</strong></span> <span class='ocrx_word' id='word_1_336' title='bbox 1723 4397 1992 4469; x_wconf 81' lang='lat' dir='ltr'><strong>ct_catho-</strong></span> 
     </span>
    </p>
   </div>
   <div class='ocr_carea' id='block_1_47' title="bbox 410 4468 1994 4550">
    <p class='ocr_par' dir='ltr' id='par_1_47' title="bbox 410 4468 1994 4550">
     <span class='ocr_line' id='line_1_47' title="bbox 410 4468 1994 4550; baseline 0.014 -29"><span class='ocrx_word' id='word_1_337' title='bbox 410 4468 652 4539; x_wconf 89' lang='lat' dir='ltr'><strong>licorum,</strong></span> <span class='ocrx_word' id='word_1_338' title='bbox 682 4472 821 4527; x_wconf 81' lang='lat' dir='ltr'><strong>sicut</strong></span> <span class='ocrx_word' id='word_1_339' title='bbox 850 4482 902 4527; x_wconf 91' lang='lat' dir='ltr'><strong>tu</strong></span> <span class='ocrx_word' id='word_1_340' title='bbox 934 4474 1136 4543; x_wconf 83' lang='lat' dir='ltr'><strong>fateris,</strong></span> <span class='ocrx_word' id='word_1_341' title='bbox 1164 4479 1497 4535; x_wconf 88' lang='lat' dir='ltr'><strong>sacerdotum</strong></span> <span class='ocrx_word' id='word_1_342' title='bbox 1545 4483 1706 4550; x_wconf 88' lang='lat' dir='ltr'><strong>dicta,</strong></span> <span class='ocrx_word' id='word_1_343' title='bbox 1753 4468 1859 4541; x_wconf 88' lang='lat' dir='ltr'><strong>non</strong></span> <span class='ocrx_word' id='word_1_344' title='bbox 1900 4487 1994 4544; x_wconf 82' lang='lat' dir='ltr'><strong>de-</strong></span> 
     </span>
    </p>
   </div>
   <div class='ocr_carea' id='block_1_48' title="bbox 410 4560 2042 4650">
    <p class='ocr_par' dir='ltr' id='par_1_48' title="bbox 410 4560 2042 4650">
     <span class='ocr_line' id='line_1_48' title="bbox 410 4560 2042 4650; baseline 0.015 -40"><span class='ocrx_word' id='word_1_345' title='bbox 410 4560 580 4614; x_wconf 82' lang='lat' dir='ltr'><strong>fendis</strong></span> <span class='ocrx_word' id='word_1_346' title='bbox 598 4576 659 4618; x_wconf 91' lang='lat' dir='ltr'><strong>ac</strong></span> <span class='ocrx_word' id='word_1_347' title='bbox 684 4562 870 4617; x_wconf 83' lang='lat' dir='ltr'><strong>deluis.</strong></span> <span class='ocrx_word' id='word_1_348' title='bbox 899 4566 952 4619; x_wconf 90' lang='lat' dir='ltr'><strong>Si</strong></span> <span class='ocrx_word' id='word_1_349' title='bbox 980 4575 1155 4623; x_wconf 90' lang='lat' dir='ltr'><strong>autem</strong></span> <span class='ocrx_word' id='word_1_350' title='bbox 1177 4579 1233 4624; x_wconf 88' lang='lat' dir='ltr'><strong>ut</strong></span> <span class='ocrx_word' id='word_1_351' title='bbox 1253 4572 1443 4627; x_wconf 85' lang='lat' dir='ltr'><strong>merito</strong></span> <span class='ocrx_word' id='word_1_352' title='bbox 1465 4573 1814 4632; x_wconf 86' lang='lat' dir='ltr'><strong>defendamur</strong></span> <span class='ocrx_word' id='word_1_353' title='bbox 1831 4588 1992 4650; x_wconf 89' lang='lat' dir='ltr'><strong>atque</strong></span> <span class='ocrx_word' id='word_1_354' title='bbox 2038 4597 2042 4601; x_wconf 68' lang='grc'><em>’</em></span> 
     </span>
    </p>
   </div>
   <div class='ocr_carea' id='block_1_49' title="bbox 408 4649 1991 4737">
    <p class='ocr_par' dir='ltr' id='par_1_49' title="bbox 408 4649 1991 4737">
     <span class='ocr_line' id='line_1_49' title="bbox 408 4649 1991 4737; baseline 0.015 -34"><span class='ocrx_word' id='word_1_355' title='bbox 408 4649 709 4713; x_wconf 76' lang='lat' dir='ltr'><strong>deluuntur,</strong></span> <span class='ocrx_word' id='word_1_356' title='bbox 743 4652 845 4708; x_wconf 90' lang='lat' dir='ltr'><strong>hoc</strong></span> <span class='ocrx_word' id='word_1_357' title='bbox 875 4671 1056 4711; x_wconf 86' lang='lat' dir='ltr'><strong>verum</strong></span> <span class='ocrx_word' id='word_1_358' title='bbox 1089 4673 1205 4714; x_wconf 92' lang='lat' dir='ltr'><strong>esse</strong></span> <span class='ocrx_word' id='word_1_359' title='bbox 1231 4664 1514 4730; x_wconf 89' lang='lat' dir='ltr'><strong>concedis;</strong></span> <span class='ocrx_word' id='word_1_360' title='bbox 1547 4675 1600 4720; x_wconf 93' lang='lat' dir='ltr'><strong>tu</strong></span> <span class='ocrx_word' id='word_1_361' title='bbox 1630 4669 1807 4737; x_wconf 88' lang='lat' dir='ltr'><strong>potius</strong></span> <span class='ocrx_word' id='word_1_362' title='bbox 1835 4669 1991 4727; x_wconf 89' lang='lat' dir='ltr'><strong>dictis</strong></span> 
     </span>
    </p>
   </div>
   <div class='ocr_carea' id='block_1_50' title="bbox 404 4741 1990 4833">
    <p class='ocr_par' dir='ltr' id='par_1_50' title="bbox 404 4741 1990 4833">
     <span class='ocr_line' id='line_1_50' title="bbox 404 4741 1990 4833; baseline 0.013 -39"><span class='ocrx_word' id='word_1_363' title='bbox 404 4741 782 4797; x_wconf 86' lang='lat' dir='ltr'><strong>catholicorum</strong></span> <span class='ocrx_word' id='word_1_364' title='bbox 836 4746 1130 4802; x_wconf 89' lang='lat' dir='ltr'><strong>antistitum</strong></span> <span class='ocrx_word' id='word_1_365' title='bbox 1179 4750 1489 4809; x_wconf 86' lang='lat' dir='ltr'><strong>fulmiuaris.</strong></span> <span class='ocrx_word' id='word_1_366' title='bbox 1541 4759 1676 4824; x_wconf 84' lang='lat' dir='ltr'><strong>Quid</strong></span> <span class='ocrx_word' id='word_1_367' title='bbox 1727 4768 1811 4814; x_wconf 87' lang='lat' dir='ltr'><strong>est</strong></span> <span class='ocrx_word' id='word_1_368' title='bbox 1862 4778 1990 4833; x_wconf 78' lang='lat' dir='ltr'><strong>ergo</strong></span> 
     </span>
    </p>
   </div>
   <div class='ocr_carea' id='block_1_51' title="bbox 403 4832 1989 4907">
    <p class='ocr_par' dir='ltr' id='par_1_51' title="bbox 403 4832 1989 4907">
     <span class='ocr_line' id='line_1_51' title="bbox 403 4832 1989 4907; baseline 0.016 -25"><span class='ocrx_word' id='word_1_369' title='bbox 403 4832 542 4900; x_wconf 84' lang='lat' dir='ltr'><strong>quod</strong></span> <span class='ocrx_word' id='word_1_370' title='bbox 573 4841 623 4888; x_wconf 85' lang='lat' dir='ltr'><strong>le</strong></span> <span class='ocrx_word' id='word_1_371' title='bbox 648 4833 817 4903; x_wconf 88' lang='lat' dir='ltr'><strong>jactas</strong></span> <span class='ocrx_word' id='word_1_372' title='bbox 861 4845 915 4890; x_wconf 90' lang='lat' dir='ltr'><strong>et</strong></span> <span class='ocrx_word' id='word_1_373' title='bbox 956 4836 1087 4892; x_wconf 86' lang='lat' dir='ltr'><strong>dicis</strong></span> <span class='ocrx_word' id='word_1_374' title='bbox 1128 4839 1246 4896; x_wconf 88' lang='lat' dir='ltr'><strong>illos</strong></span> <span class='ocrx_word' id='word_1_375' title='bbox 1290 4844 1623 4904; x_wconf 78' lang='lat' dir='ltr'><strong>beatissimos</strong></span> <span class='ocrx_word' id='word_1_376' title='bbox 1651 4859 1706 4905; x_wconf 88' lang='lat' dir='ltr'><strong>et</strong></span> <span class='ocrx_word' id='word_1_377' title='bbox 1746 4832 1989 4907; x_wconf 66' lang='lat' dir='ltr'><strong>doctissi-</strong></span> 
     </span>
    </p>
   </div>
   <div class='ocr_carea' id='block_1_52' title="bbox 407 4928 1986 5012">
    <p class='ocr_par' dir='ltr' id='par_1_52' title="bbox 407 4928 1986 5012">
     <span class='ocr_line' id='line_1_52' title="bbox 407 4928 1986 5012; baseline 0.015 -36"><span class='ocrx_word' id='word_1_378' title='bbox 407 4940 518 4979; x_wconf 89' lang='lat' dir='ltr'><strong>mos</strong></span> <span class='ocrx_word' id='word_1_379' title='bbox 544 4928 686 4981; x_wconf 79' lang='lat' dir='ltr'><strong>viros</strong></span> <span class='ocrx_word' id='word_1_380' title='bbox 708 4969 723 4993; x_wconf 93' lang='lat'><strong>,</strong></span> <span class='ocrx_word' id='word_1_381' title='bbox 757 4928 800 4983; x_wconf 92' lang='lat' dir='ltr'><strong>si</strong></span> <span class='ocrx_word' id='word_1_382' title='bbox 829 4928 1102 4986; x_wconf 89' lang='lat' dir='ltr'><strong>audissent</strong></span> <span class='ocrx_word' id='word_1_383' title='bbox 1128 4934 1465 5006; x_wconf 78' lang='lat' dir='ltr'><strong>syllogismos</strong></span> <span class='ocrx_word' id='word_1_384' title='bbox 1494 4947 1612 4995; x_wconf 89' lang='lat' dir='ltr'><strong>tuos</strong></span> <span class='ocrx_word' id='word_1_385' title='bbox 1631 4985 1646 5007; x_wconf 89' lang='lat'><strong>,</strong></span> <span class='ocrx_word' id='word_1_386' title='bbox 1679 4948 1986 5012; x_wconf 87' lang='lat' dir='ltr'><strong>pronuntia-</strong></span> 
     </span>
    </p>
   </div>
   <div class='ocr_carea' id='block_1_53' title="bbox 403 5016 1985 5097">
    <p class='ocr_par' dir='ltr' id='par_1_53' title="bbox 403 5016 1985 5097">
     <span class='ocr_line' id='line_1_53' title="bbox 403 5016 1985 5097; baseline 0.011 -28"><span class='ocrx_word' id='word_1_387' title='bbox 403 5024 551 5070; x_wconf 90' lang='lat' dir='ltr'><strong>turos</strong></span> <span class='ocrx_word' id='word_1_388' title='bbox 581 5016 774 5087; x_wconf 90' lang='lat' dir='ltr'><strong>fuisse,</strong></span> <span class='ocrx_word' id='word_1_389' title='bbox 805 5037 923 5089; x_wconf 87' lang='lat' dir='ltr'><strong>nos,</strong></span> <span class='ocrx_word' id='word_1_390' title='bbox 952 5038 1086 5094; x_wconf 89' lang='lat' dir='ltr'><strong>quos</strong></span> <span class='ocrx_word' id='word_1_391' title='bbox 1113 5024 1216 5097; x_wconf 87' lang='lat' dir='ltr'><strong>app</strong></span> <span class='ocrx_word' id='word_1_392' title='bbox 1238 5028 1347 5081; x_wconf 74' lang='lat' dir='ltr'><strong>dias</strong></span> <span class='ocrx_word' id='word_1_393' title='bbox 1382 5046 1400 5080; x_wconf 81' lang='grc' dir='ltr'><strong>ι</strong></span> <span class='ocrx_word' id='word_1_394' title='bbox 1429 5029 1747 5089; x_wconf 68' lang='grc' dir='ltr'>Μιιιιίοιιωοε</span> <span class='ocrx_word' id='word_1_395' title='bbox 1770 5044 1824 5091; x_wconf 91' lang='lat' dir='ltr'><strong>et</strong></span> <span class='ocrx_word' id='word_1_396' title='bbox 1850 5036 1985 5091; x_wconf 85' lang='lat' dir='ltr'><strong>Tra-</strong></span> 
     </span>
    </p>
   </div>
   <div class='ocr_carea' id='block_1_54' title="bbox 401 5107 1986 5182">
    <p class='ocr_par' dir='ltr' id='par_1_54' title="bbox 401 5107 1986 5182">
     <span class='ocr_line' id='line_1_54' title="bbox 401 5107 1986 5182; baseline 0.013 -20"><span class='ocrx_word' id='word_1_397' title='bbox 401 5107 683 5172; x_wconf 88' lang='lat' dir='ltr'><strong>ducianos,</strong></span> <span class='ocrx_word' id='word_1_398' title='bbox 714 5111 1113 5180; x_wconf 85' lang='lat' dir='ltr'><strong>splendentibus</strong></span> <span class='ocrx_word' id='word_1_399' title='bbox 1147 5117 1420 5174; x_wconf 75' lang='lat' dir='ltr'><strong>catholica:</strong></span> <span class='ocrx_word' id='word_1_400' title='bbox 1446 5121 1666 5177; x_wconf 87' lang='lat' dir='ltr'><strong>rationis</strong></span> <span class='ocrx_word' id='word_1_401' title='bbox 1691 5124 1986 5182; x_wconf 82' lang='lat' dir='ltr'><strong>dissiluisse</strong></span> 
     </span>
    </p>
   </div>
   <div class='ocr_carea' id='block_1_55' title="bbox 400 5198 1986 5286">
    <p class='ocr_par' dir='ltr' id='par_1_55' title="bbox 400 5198 1986 5286">
     <span class='ocr_line' id='line_1_55' title="bbox 400 5198 1986 5286; baseline 0.014 -34"><span class='ocrx_word' id='word_1_402' title='bbox 400 5198 751 5255; x_wconf 77' lang='lat' dir='ltr'><strong>fulminibus?</strong></span> <span class='ocrx_word' id='word_1_403' title='bbox 781 5219 800 5253; x_wconf 74' lang='grc' dir='ltr'><strong>ι</strong></span> <span class='ocrx_word' id='word_1_404' title='bbox 832 5201 1239 5262; x_wconf 83' lang='lat' dir='ltr'><strong>l‘ronuntiarent</strong></span> <span class='ocrx_word' id='word_1_405' title='bbox 1268 5210 1424 5279; x_wconf 84' lang='lat' dir='ltr'><strong>igitur</strong></span> <span class='ocrx_word' id='word_1_406' title='bbox 1448 5221 1630 5267; x_wconf 87' lang='lat' dir='ltr'><strong>contra</strong></span> <span class='ocrx_word' id='word_1_407' title='bbox 1658 5229 1717 5270; x_wconf 89' lang='lat' dir='ltr'><strong>se</strong></span> <span class='ocrx_word' id='word_1_408' title='bbox 1747 5215 1908 5286; x_wconf 86' lang='lat' dir='ltr'><strong>ipsos,</strong></span> <span class='ocrx_word' id='word_1_409' title='bbox 1931 5228 1986 5274; x_wconf 89' lang='lat' dir='ltr'><strong>et</strong></span> 
     </span>
    </p>
   </div>
   <div class='ocr_carea' id='block_1_56' title="bbox 395 5291 1982 5364">
    <p class='ocr_par' dir='ltr' id='par_1_56' title="bbox 395 5291 1982 5364">
     <span class='ocr_line' id='line_1_56' title="bbox 395 5291 1982 5364; baseline 0.011 -20"><span class='ocrx_word' id='word_1_410' title='bbox 395 5306 453 5345; x_wconf 89' lang='lat' dir='ltr'><strong>se</strong></span> <span class='ocrx_word' id='word_1_411' title='bbox 484 5292 625 5362; x_wconf 87' lang='lat' dir='ltr'><strong>ipsos</strong></span> <span class='ocrx_word' id='word_1_412' title='bbox 652 5291 928 5348; x_wconf 80' lang='lat' dir='ltr'><strong>nobiscum</strong></span> <span class='ocrx_word' id='word_1_413' title='bbox 957 5295 1249 5355; x_wconf 89' lang='lat' dir='ltr'><strong>dissiluisse</strong></span> <span class='ocrx_word' id='word_1_414' title='bbox 1290 5312 1341 5358; x_wconf 90' lang='lat' dir='ltr'><strong>te</strong></span> <span class='ocrx_word' id='word_1_415' title='bbox 1381 5301 1695 5361; x_wconf 72' lang='lat' dir='ltr'><strong>l‘uhninante‘</strong></span> <span class='ocrx_word' id='word_1_416' title='bbox 1719 5318 1982 5364; x_wconf 88' lang='lat' dir='ltr'><strong>monstra-</strong></span> 
     </span>
    </p>
   </div>
   <div class='ocr_carea' id='block_1_57' title="bbox 394 5383 1982 5471">
    <p class='ocr_par' dir='ltr' id='par_1_57' title="bbox 394 5383 1982 5471">
     <span class='ocr_line' id='line_1_57' title="bbox 394 5383 1982 5471; baseline 0.014 -36"><span class='ocrx_word' id='word_1_417' title='bbox 394 5394 532 5438; x_wconf 82' lang='lat' dir='ltr'><strong>rent.</strong></span> <span class='ocrx_word' id='word_1_418' title='bbox 586 5383 695 5439; x_wconf 78' lang='lat' dir='ltr'><strong>Cur</strong></span> <span class='ocrx_word' id='word_1_419' title='bbox 736 5383 938 5441; x_wconf 84' lang='lat' dir='ltr'><strong>directe</strong></span> <span class='ocrx_word' id='word_1_420' title='bbox 990 5402 1093 5443; x_wconf 90' lang='lat' dir='ltr'><strong>non</strong></span> <span class='ocrx_word' id='word_1_421' title='bbox 1140 5391 1304 5447; x_wconf 89' lang='lat' dir='ltr'><strong>audes</strong></span> <span class='ocrx_word' id='word_1_422' title='bbox 1346 5393 1545 5462; x_wconf 90' lang='lat' dir='ltr'><strong>dicere,</strong></span> <span class='ocrx_word' id='word_1_423' title='bbox 1588 5399 1727 5466; x_wconf 92' lang='lat' dir='ltr'><strong>quod</strong></span> <span class='ocrx_word' id='word_1_424' title='bbox 1770 5400 1982 5471; x_wconf 89' lang='lat' dir='ltr'><strong>oblique</strong></span> 
     </span>
    </p>
   </div>
   <div class='ocr_carea' id='block_1_58' title="bbox 392 5474 1978 5553">
    <p class='ocr_par' dir='ltr' id='par_1_58' title="bbox 392 5474 1978 5553">
     <span class='ocr_line' id='line_1_58' title="bbox 392 5474 1978 5553; baseline 0.012 -26"><span class='ocrx_word' id='word_1_425' title='bbox 392 5474 726 5531; x_wconf 75' lang='lat' dir='ltr'><strong>conviiireris</strong></span> <span class='ocrx_word' id='word_1_426' title='bbox 756 5476 974 5532; x_wconf 86' lang='lat' dir='ltr'><strong>dicere?</strong></span> <span class='ocrx_word' id='word_1_427' title='bbox 1003 5479 1273 5550; x_wconf 77' lang='lat' dir='ltr'><strong>Originale</strong></span> <span class='ocrx_word' id='word_1_428' title='bbox 1304 5495 1576 5553; x_wconf 81' lang='lat' dir='ltr'><strong>peccatum</strong></span> <span class='ocrx_word' id='word_1_429' title='bbox 1604 5502 1722 5542; x_wconf 89' lang='lat' dir='ltr'><strong>cum</strong></span> <span class='ocrx_word' id='word_1_430' title='bbox 1750 5491 1978 5547; x_wconf 80' lang='lat' dir='ltr'><strong>Ambro—</strong></span> 
     </span>
    </p>
   </div>
   <div class='ocr_carea' id='block_1_59' title="bbox 394 5562 1976 5650">
    <p class='ocr_par' dir='ltr' id='par_1_59' title="bbox 394 5562 1976 5650">
     <span class='ocr_line' id='line_1_59' title="bbox 394 5562 1976 5650; baseline 0.015 -35"><span class='ocrx_word' id='word_1_431' title='bbox 394 5562 474 5615; x_wconf 63' lang='grc' dir='ltr'><strong>εἰς»</strong></span> <span class='ocrx_word' id='word_1_432' title='bbox 495 5567 815 5620; x_wconf 84' lang='lat' dir='ltr'><strong>coulitemnr</strong></span> <span class='ocrx_word' id='word_1_433' title='bbox 835 5608 850 5633; x_wconf 95' lang='lat'><strong>,</strong></span> <span class='ocrx_word' id='word_1_434' title='bbox 879 5578 932 5621; x_wconf 91' lang='lat' dir='ltr'><strong>et</strong></span> <span class='ocrx_word' id='word_1_435' title='bbox 957 5578 1012 5624; x_wconf 88' lang='lat' dir='ltr'><strong>tu</strong></span> <span class='ocrx_word' id='word_1_436' title='bbox 1044 5580 1181 5623; x_wconf 80' lang='lat' dir='ltr'><strong>tanta</strong></span> <span class='ocrx_word' id='word_1_437' title='bbox 1211 5575 1439 5641; x_wconf 81' lang='lat' dir='ltr'><strong>potentia</strong></span> <span class='ocrx_word' id='word_1_438' title='bbox 1467 5575 1682 5633; x_wconf 85' lang='lat' dir='ltr'><strong>fulmina</strong></span> <span class='ocrx_word' id='word_1_439' title='bbox 1704 5580 1976 5650; x_wconf 81' lang='lat' dir='ltr'><strong>jacnlaris,</strong></span> 
     </span>
    </p>
   </div>
   <div class='ocr_carea' id='block_1_60' title="bbox 455 5671 970 5736">
    <p class='ocr_par' dir='ltr' id='par_1_60' title="bbox 455 5671 970 5736">
     <span class='ocr_line' id='line_1_60' title="bbox 455 5671 970 5736; baseline 0.021 -18"><span class='ocrx_word' id='word_1_440' title='bbox 455 5671 526 5731; x_wconf 79' lang='grc' dir='ltr'><strong>(α)</strong></span> <span class='ocrx_word' id='word_1_441' title='bbox 564 5673 718 5734; x_wconf 67' lang='grc' dir='ltr'>ιὐι-ιιε,</span> <span class='ocrx_word' id='word_1_442' title='bbox 746 5675 970 5736; x_wconf 80' lang='lat' dir='ltr'><strong>formata.</strong></span> 
     </span>
    </p>
   </div>
   <div class='ocr_carea' id='block_1_61' title="bbox 1134 270 3039 354">
    <p class='ocr_par' dir='ltr' id='par_1_61' title="bbox 1134 270 3039 354">
     <span class='ocr_line' id='line_1_61' title="bbox 1134 270 3039 354; baseline 0.015 -28"><span class='ocrx_word' id='word_1_443' title='bbox 1134 270 1376 327; x_wconf 68' lang='lat' dir='ltr'><strong>OPERIS</strong></span> <span class='ocrx_word' id='word_1_444' title='bbox 1417 272 1827 331; x_wconf 72' lang='lat' dir='ltr'><strong>IMPERFECTI</strong></span> <span class='ocrx_word' id='word_1_445' title='bbox 1866 275 2136 334; x_wconf 67' lang='lat' dir='ltr'><strong>CONTRA</strong></span> <span class='ocrx_word' id='word_1_446' title='bbox 2178 280 2534 353; x_wconf 74' lang='lat' dir='ltr'><strong>JULIANUM,</strong></span> <span class='ocrx_word' id='word_1_447' title='bbox 2580 291 2636 347; x_wconf 88' lang='lat' dir='ltr'><strong>S.</strong></span> <span class='ocrx_word' id='word_1_448' title='bbox 2678 293 3039 354; x_wconf 74' lang='lat' dir='ltr'><strong>AUCUSTINI</strong></span> 
     </span>
    </p>
   </div>
   <div class='ocr_carea' id='block_1_62' title="bbox 2156 403 3752 485">
    <p class='ocr_par' dir='ltr' id='par_1_62' title="bbox 2156 403 3752 485">
     <span class='ocr_line' id='line_1_62' title="bbox 2156 403 3752 485; baseline 0.021 -40"><span class='ocrx_word' id='word_1_449' title='bbox 2156 404 2210 446; x_wconf 92' lang='lat' dir='ltr'><strong>ut</strong></span> <span class='ocrx_word' id='word_1_450' title='bbox 2241 409 2455 468; x_wconf 86' lang='lat' dir='ltr'><strong>propter</strong></span> <span class='ocrx_word' id='word_1_451' title='bbox 2483 403 2593 458; x_wconf 67' lang='lat' dir='ltr'><strong>hrrc</strong></span> <span class='ocrx_word' id='word_1_452' title='bbox 2617 405 2753 462; x_wconf 87' lang='lat' dir='ltr'><strong>dicta</strong></span> <span class='ocrx_word' id='word_1_453' title='bbox 2787 409 2939 465; x_wconf 90' lang='lat' dir='ltr'><strong>nobis</strong></span> <span class='ocrx_word' id='word_1_454' title='bbox 2968 411 3147 484; x_wconf 86' lang='lat' dir='ltr'><strong>illique</strong></span> <span class='ocrx_word' id='word_1_455' title='bbox 3172 419 3473 474; x_wconf 79' lang='lat' dir='ltr'><strong>communia</strong></span> <span class='ocrx_word' id='word_1_456' title='bbox 3494 463 3509 485; x_wconf 94' lang='lat'><strong>,</strong></span> <span class='ocrx_word' id='word_1_457' title='bbox 3540 438 3639 477; x_wconf 86' lang='lat' dir='ltr'><strong>nos</strong></span> <span class='ocrx_word' id='word_1_458' title='bbox 3668 426 3752 478; x_wconf 83' lang='lat' dir='ltr'><strong>eis</strong></span> 
     </span>
    </p>
   </div>
   <div class='ocr_carea' id='block_1_63' title="bbox 2153 486 3737 571">
    <p class='ocr_par' dir='ltr' id='par_1_63' title="bbox 2153 486 3737 571">
     <span class='ocr_line' id='line_1_63' title="bbox 2153 486 3737 571; baseline 0.02 -32"><span class='ocrx_word' id='word_1_459' title='bbox 2153 486 2474 549; x_wconf 80' lang='lat' dir='ltr'><strong>dissiliamus</strong></span> <span class='ocrx_word' id='word_1_460' title='bbox 2496 538 2510 559; x_wconf 91' lang='lat'><strong>,</strong></span> <span class='ocrx_word' id='word_1_461' title='bbox 2546 497 2632 552; x_wconf 85' lang='lat' dir='ltr'><strong>ille</strong></span> <span class='ocrx_word' id='word_1_462' title='bbox 2661 500 2943 558; x_wconf 85' lang='lat' dir='ltr'><strong>deluatur?</strong></span> <span class='ocrx_word' id='word_1_463' title='bbox 2977 504 3153 561; x_wconf 85' lang='lat' dir='ltr'><strong>Vanus</strong></span> <span class='ocrx_word' id='word_1_464' title='bbox 3179 522 3237 562; x_wconf 86' lang='lat' dir='ltr'><strong>es</strong></span> <span class='ocrx_word' id='word_1_465' title='bbox 3263 527 3278 564; x_wconf 88' lang='lat'><strong>:</strong></span> <span class='ocrx_word' id='word_1_466' title='bbox 3309 525 3415 567; x_wconf 93' lang='lat' dir='ltr'><strong>non</strong></span> <span class='ocrx_word' id='word_1_467' title='bbox 3460 529 3582 568; x_wconf 90' lang='lat' dir='ltr'><strong>cum</strong></span> <span class='ocrx_word' id='word_1_468' title='bbox 3622 516 3737 571; x_wconf 78' lang='lat' dir='ltr'><strong>dis-</strong></span> 
     </span>
    </p>
   </div>
   <div class='ocr_carea' id='block_1_64' title="bbox 2154 579 3748 675">
    <p class='ocr_par' dir='ltr' id='par_1_64' title="bbox 2154 579 3748 675">
     <span class='ocr_line' id='line_1_64' title="bbox 2154 579 3748 675; baseline 0.019 -44"><span class='ocrx_word' id='word_1_469' title='bbox 2154 579 2346 651; x_wconf 81' lang='lat' dir='ltr'><strong>tinguis</strong></span> <span class='ocrx_word' id='word_1_470' title='bbox 2381 599 2411 638; x_wconf 90' lang='lat' dir='ltr'><strong>a</strong></span> <span class='ocrx_word' id='word_1_471' title='bbox 2444 588 2628 654; x_wconf 88' lang='lat' dir='ltr'><strong>nobis;</strong></span> <span class='ocrx_word' id='word_1_472' title='bbox 2673 600 2729 646; x_wconf 91' lang='lat' dir='ltr'><strong>et</strong></span> <span class='ocrx_word' id='word_1_473' title='bbox 2770 608 2871 673; x_wconf 71' lang='lat' dir='ltr'><strong>nos</strong></span> <span class='ocrx_word' id='word_1_474' title='bbox 2897 610 3113 663; x_wconf 86' lang='lat' dir='ltr'><strong>prorsus</strong></span> <span class='ocrx_word' id='word_1_475' title='bbox 3155 613 3376 657; x_wconf 83' lang='lat' dir='ltr'><strong>accusas</strong></span> <span class='ocrx_word' id='word_1_476' title='bbox 3421 614 3476 658; x_wconf 90' lang='lat' dir='ltr'><strong>et</strong></span> <span class='ocrx_word' id='word_1_477' title='bbox 3518 605 3748 675; x_wconf 86' lang='lat' dir='ltr'><strong>ipsum:</strong></span> 
     </span>
    </p>
   </div>
   <div class='ocr_carea' id='block_1_65' title="bbox 2150 678 3745 760">
    <p class='ocr_par' dir='ltr' id='par_1_65' title="bbox 2150 678 3745 760">
     <span class='ocr_line' id='line_1_65' title="bbox 2150 678 3745 760; baseline 0.018 -36"><span class='ocrx_word' id='word_1_478' title='bbox 2150 686 2251 727; x_wconf 88' lang='lat' dir='ltr'><strong>nec</strong></span> <span class='ocrx_word' id='word_1_479' title='bbox 2279 684 2452 731; x_wconf 91' lang='lat' dir='ltr'><strong>tamen</strong></span> <span class='ocrx_word' id='word_1_480' title='bbox 2476 678 2723 737; x_wconf 88' lang='lat' dir='ltr'><strong>fnhuinas</strong></span> <span class='ocrx_word' id='word_1_481' title='bbox 2741 694 2830 738; x_wconf 89' lang='lat' dir='ltr'><strong>aut</strong></span> <span class='ocrx_word' id='word_1_482' title='bbox 2853 702 2971 751; x_wconf 90' lang='lat' dir='ltr'><strong>nos,</strong></span> <span class='ocrx_word' id='word_1_483' title='bbox 3000 697 3090 743; x_wconf 88' lang='lat' dir='ltr'><strong>aut</strong></span> <span class='ocrx_word' id='word_1_484' title='bbox 3116 689 3313 760; x_wconf 88' lang='lat' dir='ltr'><strong>ipsum,</strong></span> <span class='ocrx_word' id='word_1_485' title='bbox 3334 694 3378 748; x_wconf 91' lang='lat' dir='ltr'><strong>si</strong></span> <span class='ocrx_word' id='word_1_486' title='bbox 3403 696 3601 752; x_wconf 84' lang='lat' dir='ltr'><strong>violare</strong></span> <span class='ocrx_word' id='word_1_487' title='bbox 3628 714 3745 754; x_wconf 88' lang='lat' dir='ltr'><strong>non</strong></span> 
     </span>
    </p>
   </div>
   <div class='ocr_carea' id='block_1_66' title="bbox 2147 763 3744 853">
    <p class='ocr_par' dir='ltr' id='par_1_66' title="bbox 2147 763 3744 853">
     <span class='ocr_line' id='line_1_66' title="bbox 2147 763 3744 853; baseline 0.016 -37"><span class='ocrx_word' id='word_1_488' title='bbox 2147 763 2230 818; x_wconf 84' lang='lat' dir='ltr'><strong>vis</strong></span> <span class='ocrx_word' id='word_1_489' title='bbox 2258 767 2617 825; x_wconf 90' lang='lat' dir='ltr'><strong>testimonium</strong></span> <span class='ocrx_word' id='word_1_490' title='bbox 2644 772 2840 843; x_wconf 71' lang='lat' dir='ltr'><strong>Pelagii</strong></span> <span class='ocrx_word' id='word_1_491' title='bbox 2865 776 3100 833; x_wconf 90' lang='lat' dir='ltr'><strong>doctoris</strong></span> <span class='ocrx_word' id='word_1_492' title='bbox 3121 784 3215 845; x_wconf 89' lang='lat' dir='ltr'><strong>tui,</strong></span> <span class='ocrx_word' id='word_1_493' title='bbox 3234 783 3323 853; x_wconf 90' lang='lat' dir='ltr'><strong>qui</strong></span> <span class='ocrx_word' id='word_1_494' title='bbox 3350 783 3482 838; x_wconf 88' lang='lat' dir='ltr'><strong>dixit</strong></span> <span class='ocrx_word' id='word_1_495' title='bbox 3508 788 3744 841; x_wconf 80' lang='lat' dir='ltr'><strong>Ambro-</strong></span> 
     </span>
    </p>
   </div>
   <div class='ocr_carea' id='block_1_67' title="bbox 2146 856 3746 944">
    <p class='ocr_par' dir='ltr' id='par_1_67' title="bbox 2146 856 3746 944">
     <span class='ocr_line' id='line_1_67' title="bbox 2146 856 3746 944; baseline 0.018 -35"><span class='ocrx_word' id='word_1_496' title='bbox 2146 856 2209 910; x_wconf 85' lang='lat' dir='ltr'><strong>sii</strong></span> <span class='ocrx_word' id='word_1_497' title='bbox 2238 858 2392 914; x_wconf 84' lang='lat' dir='ltr'><strong>tidem</strong></span> <span class='ocrx_word' id='word_1_498' title='bbox 2423 872 2475 916; x_wconf 91' lang='lat' dir='ltr'><strong>et</strong></span> <span class='ocrx_word' id='word_1_499' title='bbox 2507 865 2844 932; x_wconf 91' lang='lat' dir='ltr'><strong>purissimum</strong></span> <span class='ocrx_word' id='word_1_500' title='bbox 2888 871 2938 924; x_wconf 94' lang='lat' dir='ltr'><strong>in</strong></span> <span class='ocrx_word' id='word_1_501' title='bbox 2977 865 3264 944; x_wconf 79' lang='lat' dir='ltr'><strong>Scripturis</strong></span> <span class='ocrx_word' id='word_1_502' title='bbox 3293 892 3509 933; x_wconf 86' lang='lat' dir='ltr'><strong>sensum</strong></span> <span class='ocrx_word' id='word_1_503' title='bbox 3539 895 3608 936; x_wconf 90' lang='lat' dir='ltr'><strong>ne</strong></span> <span class='ocrx_word' id='word_1_504' title='bbox 3636 883 3746 936; x_wconf 89' lang='lat' dir='ltr'><strong>im-</strong></span> 
     </span>
    </p>
   </div>
   <div class='ocr_carea' id='block_1_68' title="bbox 2145 947 3745 1038">
    <p class='ocr_par' dir='ltr' id='par_1_68' title="bbox 2145 947 3745 1038">
     <span class='ocr_line' id='line_1_68' title="bbox 2145 947 3745 1038; baseline 0.019 -39"><span class='ocrx_word' id='word_1_505' title='bbox 2145 947 2339 1003; x_wconf 91' lang='lat' dir='ltr'><strong>micum</strong></span> <span class='ocrx_word' id='word_1_506' title='bbox 2367 952 2577 1020; x_wconf 87' lang='lat' dir='ltr'><strong>quidem</strong></span> <span class='ocrx_word' id='word_1_507' title='bbox 2602 971 2787 1018; x_wconf 83' lang='lat' dir='ltr'><strong>ausum</strong></span> <span class='ocrx_word' id='word_1_508' title='bbox 2827 959 2990 1018; x_wconf 85' lang='lat' dir='ltr'><strong>fuisse</strong></span> <span class='ocrx_word' id='word_1_509' title='bbox 3014 965 3404 1034; x_wconf 88' lang='lat' dir='ltr'><strong>reprehendere</strong></span> <span class='ocrx_word' id='word_1_510' title='bbox 3432 970 3537 1038; x_wconf 86' lang='lat' dir='ltr'><strong>(De</strong></span> <span class='ocrx_word' id='word_1_511' title='bbox 3556 972 3745 1029; x_wconf 73' lang='lat' dir='ltr'><strong>Gratia</strong></span> 
     </span>
    </p>
   </div>
   <div class='ocr_carea' id='block_1_69' title="bbox 2144 1036 3745 1134">
    <p class='ocr_par' dir='ltr' id='par_1_69' title="bbox 2144 1036 3745 1134">
     <span class='ocr_line' id='line_1_69' title="bbox 2144 1036 3745 1134; baseline 0.019 -44"><span class='ocrx_word' id='word_1_512' title='bbox 2144 1036 2351 1107; x_wconf 75' lang='lat' dir='ltr'><strong>Christi,</strong></span> <span class='ocrx_word' id='word_1_513' title='bbox 2383 1059 2472 1099; x_wconf 83' lang='lat' dir='ltr'><strong>nn.</strong></span> <span class='ocrx_word' id='word_1_514' title='bbox 2503 1046 2595 1113; x_wconf 77' lang='grc'><strong>46,</strong></span> <span class='ocrx_word' id='word_1_515' title='bbox 2630 1046 2743 1120; x_wconf 76' lang='grc'><strong>47).</strong></span> <span class='ocrx_word' id='word_1_516' title='bbox 2776 1048 2928 1106; x_wconf 90' lang='lat' dir='ltr'><strong>Unde</strong></span> <span class='ocrx_word' id='word_1_517' title='bbox 2953 1061 3008 1108; x_wconf 90' lang='lat' dir='ltr'><strong>et</strong></span> <span class='ocrx_word' id='word_1_518' title='bbox 3031 1063 3088 1109; x_wconf 92' lang='lat' dir='ltr'><strong>tu</strong></span> <span class='ocrx_word' id='word_1_519' title='bbox 3116 1071 3237 1111; x_wconf 90' lang='lat' dir='ltr'><strong>cum</strong></span> <span class='ocrx_word' id='word_1_520' title='bbox 3265 1058 3386 1115; x_wconf 82' lang='lat' dir='ltr'><strong>fidei</strong></span> <span class='ocrx_word' id='word_1_521' title='bbox 3417 1036 3532 1130; x_wconf 62' lang='lat' dir='ltr'><strong>eius</strong></span> <span class='ocrx_word' id='word_1_522' title='bbox 3559 1073 3611 1118; x_wconf 85' lang='lat' dir='ltr'><strong>et</strong></span> <span class='ocrx_word' id='word_1_523' title='bbox 3638 1080 3745 1134; x_wconf 79' lang='lat' dir='ltr'><strong>pu-</strong></span> 
     </span>
    </p>
   </div>
   <div class='ocr_carea' id='block_1_70' title="bbox 2141 1128 3740 1222">
    <p class='ocr_par' dir='ltr' id='par_1_70' title="bbox 2141 1128 3740 1222">
     <span class='ocr_line' id='line_1_70' title="bbox 2141 1128 3740 1222; baseline 0.019 -42"><span class='ocrx_word' id='word_1_524' title='bbox 2141 1128 2354 1184; x_wconf 88' lang='lat' dir='ltr'><strong>rissimo</strong></span> <span class='ocrx_word' id='word_1_525' title='bbox 2379 1132 2430 1187; x_wconf 92' lang='lat' dir='ltr'><strong>in</strong></span> <span class='ocrx_word' id='word_1_526' title='bbox 2460 1133 2748 1207; x_wconf 88' lang='lat' dir='ltr'><strong>Seripturis</strong></span> <span class='ocrx_word' id='word_1_527' title='bbox 2770 1144 2948 1197; x_wconf 89' lang='lat' dir='ltr'><strong>sensui</strong></span> <span class='ocrx_word' id='word_1_528' title='bbox 2968 1146 3104 1200; x_wconf 67' lang='lat' dir='ltr'><strong>&#39;satis</strong></span> <span class='ocrx_word' id='word_1_529' title='bbox 3128 1128 3740 1222; x_wconf 36' lang='lat' dir='ltr'><strong>intelligaris‘inimicns‘,</strong></span> 
     </span>
    </p>
   </div>
   <div class='ocr_carea' id='block_1_71' title="bbox 2143 1230 3737 1313">
    <p class='ocr_par' dir='ltr' id='par_1_71' title="bbox 2143 1230 3737 1313">
     <span class='ocr_line' id='line_1_71' title="bbox 2143 1230 3737 1313; baseline 0.019 -42"><span class='ocrx_word' id='word_1_530' title='bbox 2143 1233 2245 1272; x_wconf 91' lang='lat' dir='ltr'><strong>non</strong></span> <span class='ocrx_word' id='word_1_531' title='bbox 2284 1236 2404 1276; x_wconf 88' lang='lat' dir='ltr'><strong>eum</strong></span> <span class='ocrx_word' id='word_1_532' title='bbox 2439 1234 2612 1281; x_wconf 86' lang='lat' dir='ltr'><strong>tamen</strong></span> <span class='ocrx_word' id='word_1_533' title='bbox 2654 1230 2818 1284; x_wconf 89' lang='lat' dir='ltr'><strong>audes</strong></span> <span class='ocrx_word' id='word_1_534' title='bbox 2858 1235 3285 1306; x_wconf 89' lang='lat' dir='ltr'><strong>reprehendere;</strong></span> <span class='ocrx_word' id='word_1_535' title='bbox 3327 1241 3421 1295; x_wconf 87' lang='lat' dir='ltr'><strong>sed</strong></span> <span class='ocrx_word' id='word_1_536' title='bbox 3447 1243 3571 1313; x_wconf 91' lang='lat' dir='ltr'><strong>quid</strong></span> <span class='ocrx_word' id='word_1_537' title='bbox 3603 1248 3737 1300; x_wconf 87' lang='lat' dir='ltr'><strong>mali</strong></span> 
     </span>
    </p>
   </div>
   <div class='ocr_carea' id='block_1_72' title="bbox 2139 1307 3735 1392">
    <p class='ocr_par' dir='ltr' id='par_1_72' title="bbox 2139 1307 3735 1392">
     <span class='ocr_line' id='line_1_72' title="bbox 2139 1307 3735 1392; baseline 0.02 -32"><span class='ocrx_word' id='word_1_538' title='bbox 2139 1307 2276 1363; x_wconf 89' lang='lat' dir='ltr'><strong>dicat</strong></span> <span class='ocrx_word' id='word_1_539' title='bbox 2306 1352 2319 1375; x_wconf 91' lang='lat'><strong>,</strong></span> <span class='ocrx_word' id='word_1_540' title='bbox 2369 1328 2455 1367; x_wconf 90' lang='lat' dir='ltr'><strong>me</strong></span> <span class='ocrx_word' id='word_1_541' title='bbox 2500 1318 2942 1386; x_wconf 89' lang='lat' dir='ltr'><strong>reprehendendo</strong></span> <span class='ocrx_word' id='word_1_542' title='bbox 2966 1364 2979 1387; x_wconf 92' lang='lat'><strong>,</strong></span> <span class='ocrx_word' id='word_1_543' title='bbox 3013 1334 3066 1380; x_wconf 92' lang='lat' dir='ltr'><strong>te</strong></span> <span class='ocrx_word' id='word_1_544' title='bbox 3110 1326 3385 1386; x_wconf 87' lang='lat' dir='ltr'><strong>arbitraris</strong></span> <span class='ocrx_word' id='word_1_545' title='bbox 3421 1307 3735 1392; x_wconf 76' lang='lat' dir='ltr'><strong>ostendere.</strong></span> 
     </span>
    </p>
   </div>
   <div class='ocr_carea' id='block_1_73' title="bbox 2142 1398 3737 1491">
    <p class='ocr_par' dir='ltr' id='par_1_73' title="bbox 2142 1398 3737 1491">
     <span class='ocr_line' id='line_1_73' title="bbox 2142 1398 3737 1491; baseline 0.018 -40"><span class='ocrx_word' id='word_1_546' title='bbox 2142 1398 2311 1454; x_wconf 83' lang='lat' dir='ltr'><strong>llumo</strong></span> <span class='ocrx_word' id='word_1_547' title='bbox 2325 1402 2590 1473; x_wconf 81' lang='lat' dir='ltr'><strong>confosso,</strong></span> <span class='ocrx_word' id='word_1_548' title='bbox 2609 1417 2782 1464; x_wconf 91' lang='lat' dir='ltr'><strong>etnon</strong></span> <span class='ocrx_word' id='word_1_549' title='bbox 2804 1413 3066 1481; x_wconf 75' lang='lat' dir='ltr'><strong>confesso,</strong></span> <span class='ocrx_word' id='word_1_550' title='bbox 3086 1432 3273 1487; x_wconf 78' lang='lat' dir='ltr'><strong>magna</strong></span> <span class='ocrx_word' id='word_1_551' title='bbox 3297 1420 3344 1473; x_wconf 91' lang='lat' dir='ltr'><strong>vi</strong></span> <span class='ocrx_word' id='word_1_552' title='bbox 3366 1425 3570 1491; x_wconf 84' lang='lat' dir='ltr'><strong>cogeris</strong></span> <span class='ocrx_word' id='word_1_553' title='bbox 3596 1426 3737 1480; x_wconf 77' lang='lat' dir='ltr'><strong>cali-</strong></span> 
     </span>
    </p>
   </div>
   <div class='ocr_carea' id='block_1_74' title="bbox 2136 1492 3736 1583">
    <p class='ocr_par' dir='ltr' id='par_1_74' title="bbox 2136 1492 3736 1583">
     <span class='ocr_line' id='line_1_74' title="bbox 2136 1492 3736 1583; baseline 0.018 -39"><span class='ocrx_word' id='word_1_554' title='bbox 2136 1492 2349 1561; x_wconf 78' lang='lat' dir='ltr'><strong>ginosas</strong></span> <span class='ocrx_word' id='word_1_555' title='bbox 2380 1495 2631 1555; x_wconf 85' lang='lat' dir='ltr'><strong>anhelare</strong></span> <span class='ocrx_word' id='word_1_556' title='bbox 2650 1500 2885 1558; x_wconf 85' lang='lat' dir='ltr'><strong>fallacias</strong></span> <span class='ocrx_word' id='word_1_557' title='bbox 2917 1522 2931 1559; x_wconf 91' lang='lat'><strong>:</strong></span> <span class='ocrx_word' id='word_1_558' title='bbox 2964 1505 3156 1563; x_wconf 86' lang='lat' dir='ltr'><strong>frustra</strong></span> <span class='ocrx_word' id='word_1_559' title='bbox 3188 1510 3340 1582; x_wconf 76' lang='lat' dir='ltr'><strong>fingis</strong></span> <span class='ocrx_word' id='word_1_560' title='bbox 3369 1513 3596 1583; x_wconf 87' lang='lat' dir='ltr'><strong>impetus</strong></span> <span class='ocrx_word' id='word_1_561' title='bbox 3622 1518 3736 1571; x_wconf 81' lang='lat' dir='ltr'><strong>lul-</strong></span> 
     </span>
    </p>
   </div>
   <div class='ocr_carea' id='block_1_75' title="bbox 2137 1584 3729 1670">
    <p class='ocr_par' dir='ltr' id='par_1_75' title="bbox 2137 1584 3729 1670">
     <span class='ocr_line' id='line_1_75' title="bbox 2137 1584 3729 1670; baseline 0.018 -34"><span class='ocrx_word' id='word_1_562' title='bbox 2137 1584 2413 1652; x_wconf 88' lang='lat' dir='ltr'><strong>minantis,</strong></span> <span class='ocrx_word' id='word_1_563' title='bbox 2447 1603 2565 1644; x_wconf 91' lang='lat' dir='ltr'><strong>cum</strong></span> <span class='ocrx_word' id='word_1_564' title='bbox 2618 1594 2789 1663; x_wconf 83' lang='lat' dir='ltr'><strong>spires</strong></span> <span class='ocrx_word' id='word_1_565' title='bbox 2833 1596 3034 1653; x_wconf 83' lang='lat' dir='ltr'><strong>fumum</strong></span> <span class='ocrx_word' id='word_1_566' title='bbox 3080 1602 3256 1670; x_wconf 89' lang='lat' dir='ltr'><strong>potius</strong></span> <span class='ocrx_word' id='word_1_567' title='bbox 3297 1604 3576 1663; x_wconf 88' lang='lat' dir='ltr'><strong>fulminati.</strong></span> <span class='ocrx_word' id='word_1_568' title='bbox 3618 1610 3729 1664; x_wconf 82' lang='lat' dir='ltr'><strong>ista</strong></span> 
     </span>
    </p>
   </div>
   <div class='ocr_carea' id='block_1_76' title="bbox 2134 1687 3724 1767">
    <p class='ocr_par' dir='ltr' id='par_1_76' title="bbox 2134 1687 3724 1767">
     <span class='ocr_line' id='line_1_76' title="bbox 2134 1687 3724 1767; baseline 0.018 -40"><span class='ocrx_word' id='word_1_569' title='bbox 2134 1687 2260 1729; x_wconf 89' lang='lat' dir='ltr'><strong>sunt</strong></span> <span class='ocrx_word' id='word_1_570' title='bbox 2309 1690 2493 1749; x_wconf 89' lang='lat' dir='ltr'><strong>certe,</strong></span> <span class='ocrx_word' id='word_1_571' title='bbox 2545 1698 2640 1753; x_wconf 89' lang='lat' dir='ltr'><strong>per</strong></span> <span class='ocrx_word' id='word_1_572' title='bbox 2690 1702 2809 1756; x_wconf 75' lang='lat' dir='ltr'><strong>qua:</strong></span> <span class='ocrx_word' id='word_1_573' title='bbox 2860 1688 3055 1747; x_wconf 86' lang='lat' dir='ltr'><strong>docere</strong></span> <span class='ocrx_word' id='word_1_574' title='bbox 3101 1696 3313 1750; x_wconf 86' lang='lat' dir='ltr'><strong>conaris</strong></span> <span class='ocrx_word' id='word_1_575' title='bbox 3357 1699 3724 1767; x_wconf 88' lang='lat' dir='ltr'><strong>Ambrosium,</strong></span> 
     </span>
    </p>
   </div>
   <div class='ocr_carea' id='block_1_77' title="bbox 2132 1767 3726 1861">
    <p class='ocr_par' dir='ltr' id='par_1_77' title="bbox 2132 1767 3726 1861">
     <span class='ocr_line' id='line_1_77' title="bbox 2132 1767 3726 1861; baseline 0.019 -43"><span class='ocrx_word' id='word_1_576' title='bbox 2132 1767 2371 1839; x_wconf 91' lang='lat' dir='ltr'><strong>aliosque</strong></span> <span class='ocrx_word' id='word_1_577' title='bbox 2390 1771 2636 1829; x_wconf 89' lang='lat' dir='ltr'><strong>doctores</strong></span> <span class='ocrx_word' id='word_1_578' title='bbox 2661 1778 2837 1833; x_wconf 87' lang='lat' dir='ltr'><strong>socios</strong></span> <span class='ocrx_word' id='word_1_579' title='bbox 2863 1780 2999 1850; x_wconf 85' lang='lat' dir='ltr'><strong>ejus,</strong></span> <span class='ocrx_word' id='word_1_580' title='bbox 3031 1799 3136 1838; x_wconf 91' lang='lat' dir='ltr'><strong>non</strong></span> <span class='ocrx_word' id='word_1_581' title='bbox 3162 1800 3285 1841; x_wconf 88' lang='lat' dir='ltr'><strong>esse</strong></span> <span class='ocrx_word' id='word_1_582' title='bbox 3312 1789 3568 1858; x_wconf 81' lang='lat' dir='ltr'><strong>originale</strong></span> <span class='ocrx_word' id='word_1_583' title='bbox 3594 1808 3726 1861; x_wconf 89' lang='lat' dir='ltr'><strong>pec-</strong></span> 
     </span>
    </p>
   </div>
   <div class='ocr_carea' id='block_1_78' title="bbox 2133 1865 3727 1946">
    <p class='ocr_par' dir='ltr' id='par_1_78' title="bbox 2133 1865 3727 1946">
     <span class='ocr_line' id='line_1_78' title="bbox 2133 1865 3727 1946; baseline 0.018 -35"><span class='ocrx_word' id='word_1_584' title='bbox 2133 1867 2336 1927; x_wconf 89' lang='lat' dir='ltr'><strong>catum,</strong></span> <span class='ocrx_word' id='word_1_585' title='bbox 2378 1880 2397 1913; x_wconf 78' lang='grc' dir='ltr'><strong>ι</strong></span> <span class='ocrx_word' id='word_1_586' title='bbox 2425 1865 2567 1934; x_wconf 88' lang='lat' dir='ltr'><strong>quod</strong></span> <span class='ocrx_word' id='word_1_587' title='bbox 2600 1867 2738 1923; x_wconf 86' lang='lat' dir='ltr'><strong>Deus</strong></span> <span class='ocrx_word' id='word_1_588' title='bbox 2764 1869 3069 1928; x_wconf 77' lang='lat' dir='ltr'><strong>formaverit</strong></span> <span class='ocrx_word' id='word_1_589' title='bbox 3094 1890 3338 1946; x_wconf 87' lang='lat' dir='ltr'><strong>corpora,</strong></span> <span class='ocrx_word' id='word_1_590' title='bbox 3370 1880 3727 1939; x_wconf 75' lang='lat' dir='ltr'><strong>ordinaverit-</strong></span> 
     </span>
    </p>
   </div>
   <div class='ocr_carea' id='block_1_79' title="bbox 2132 1954 3725 2028">
    <p class='ocr_par' dir='ltr' id='par_1_79' title="bbox 2132 1954 3725 2028">
     <span class='ocr_line' id='line_1_79' title="bbox 2132 1954 3725 2028; baseline 0.018 -29"><span class='ocrx_word' id='word_1_591' title='bbox 2132 1963 2236 2018; x_wconf 89' lang='lat' dir='ltr'><strong>que</strong></span> <span class='ocrx_word' id='word_1_592' title='bbox 2272 1954 2539 2025; x_wconf 82' lang='lat' dir='ltr'><strong>conjugia,</strong></span> <span class='ocrx_word' id='word_1_593' title='bbox 2577 1957 2720 2027; x_wconf 91' lang='lat' dir='ltr'><strong>quod</strong></span> <span class='ocrx_word' id='word_1_594' title='bbox 2763 1975 2869 2015; x_wconf 88' lang='lat' dir='ltr'><strong>non</strong></span> <span class='ocrx_word' id='word_1_595' title='bbox 2913 1972 3054 2018; x_wconf 88' lang='lat' dir='ltr'><strong>esset</strong></span> <span class='ocrx_word' id='word_1_596' title='bbox 3095 1964 3211 2021; x_wconf 88' lang='lat' dir='ltr'><strong>sine</strong></span> <span class='ocrx_word' id='word_1_597' title='bbox 3239 1969 3613 2027; x_wconf 78' lang='lat' dir='ltr'><strong>commixtione</strong></span> <span class='ocrx_word' id='word_1_598' title='bbox 3636 1974 3725 2028; x_wconf 84' lang='lat' dir='ltr'><strong>fe-</strong></span> 
     </span>
    </p>
   </div>
   <div class='ocr_carea' id='block_1_80' title="bbox 2132 2042 3719 2133">
    <p class='ocr_par' dir='ltr' id='par_1_80' title="bbox 2132 2042 3719 2133">
     <span class='ocr_line' id='line_1_80' title="bbox 2132 2042 3719 2133; baseline 0.02 -44"><span class='ocrx_word' id='word_1_599' title='bbox 2132 2046 2269 2093; x_wconf 89' lang='lat' dir='ltr'><strong>tura.</strong></span> <span class='ocrx_word' id='word_1_600' title='bbox 2300 2059 2319 2092; x_wconf 75' lang='grc' dir='ltr'><strong>ι</strong></span> <span class='ocrx_word' id='word_1_601' title='bbox 2345 2042 2722 2102; x_wconf 87' lang='lat' dir='ltr'><strong>Conceduntur</strong></span> <span class='ocrx_word' id='word_1_602' title='bbox 2746 2048 2888 2114; x_wconf 62' lang='lat' dir='ltr'><strong>haec;</strong></span> <span class='ocrx_word' id='word_1_603' title='bbox 2913 2054 3277 2111; x_wconf 85' lang='lat' dir='ltr'><strong>conceduntur</strong></span> <span class='ocrx_word' id='word_1_604' title='bbox 3294 2059 3456 2114; x_wconf 81' lang='lat' dir='ltr'><strong>etiam</strong></span> <span class='ocrx_word' id='word_1_605' title='bbox 3485 2063 3569 2116; x_wconf 84' lang='lat' dir='ltr'><strong>illa</strong></span> <span class='ocrx_word' id='word_1_606' title='bbox 3597 2080 3719 2133; x_wconf 69' lang='lat' dir='ltr'><strong>qua:</strong></span> 
     </span>
    </p>
   </div>
   <div class='ocr_carea' id='block_1_81' title="bbox 2129 2129 3718 2210">
    <p class='ocr_par' dir='ltr' id='par_1_81' title="bbox 2129 2129 3718 2210">
     <span class='ocr_line' id='line_1_81' title="bbox 2129 2129 3718 2210; baseline 0.019 -30"><span class='ocrx_word' id='word_1_607' title='bbox 2129 2129 2392 2203; x_wconf 80' lang='lat' dir='ltr'><strong>adjungis,</strong></span> <span class='ocrx_word' id='word_1_608' title='bbox 2422 2153 2441 2186; x_wconf 81' lang='grc' dir='ltr'><strong>ι</strong></span> <span class='ocrx_word' id='word_1_609' title='bbox 2466 2134 2632 2191; x_wconf 87' lang='lat' dir='ltr'><strong>fetum</strong></span> <span class='ocrx_word' id='word_1_610' title='bbox 2658 2156 2678 2191; x_wconf 72' lang='grc' dir='ltr'><strong>ι</strong></span> <span class='ocrx_word' id='word_1_611' title='bbox 2700 2140 2905 2197; x_wconf 89' lang='lat' dir='ltr'><strong>scilicet</strong></span> <span class='ocrx_word' id='word_1_612' title='bbox 2923 2160 2944 2195; x_wconf 81' lang='grc' dir='ltr'><strong>ι</strong></span> <span class='ocrx_word' id='word_1_613' title='bbox 2971 2153 3026 2197; x_wconf 87' lang='lat' dir='ltr'><strong>et</strong></span> <span class='ocrx_word' id='word_1_614' title='bbox 3046 2148 3478 2206; x_wconf 85' lang='lat' dir='ltr'><strong>commixtionem</strong></span> <span class='ocrx_word' id='word_1_615' title='bbox 3503 2154 3567 2208; x_wconf 88' lang='lat' dir='ltr'><strong>ad</strong></span> <span class='ocrx_word' id='word_1_616' title='bbox 3595 2129 3718 2210; x_wconf 81' lang='lat' dir='ltr'><strong>eum</strong></span> 
     </span>
    </p>
   </div>
   <div class='ocr_carea' id='block_1_82' title="bbox 2130 2224 3718 2312">
    <p class='ocr_par' dir='ltr' id='par_1_82' title="bbox 2130 2224 3718 2312">
     <span class='ocr_line' id='line_1_82' title="bbox 2130 2224 3718 2312; baseline 0.016 -38"><span class='ocrx_word' id='word_1_617' title='bbox 2130 2224 2397 2291; x_wconf 87' lang='lat' dir='ltr'><strong>pertinere</strong></span> <span class='ocrx_word' id='word_1_618' title='bbox 2420 2236 2716 2297; x_wconf 85' lang='lat' dir='ltr'><strong>auctorem,</strong></span> <span class='ocrx_word' id='word_1_619' title='bbox 2748 2231 2814 2286; x_wconf 90' lang='lat' dir='ltr'><strong>ad</strong></span> <span class='ocrx_word' id='word_1_620' title='bbox 2839 2249 2996 2303; x_wconf 90' lang='lat' dir='ltr'><strong>quem</strong></span> <span class='ocrx_word' id='word_1_621' title='bbox 3022 2238 3292 2306; x_wconf 88' lang='lat' dir='ltr'><strong>pertinent</strong></span> <span class='ocrx_word' id='word_1_622' title='bbox 3318 2255 3579 2312; x_wconf 82' lang='lat' dir='ltr'><strong>corpora;</strong></span> <span class='ocrx_word' id='word_1_623' title='bbox 3616 2263 3635 2297; x_wconf 77' lang='grc' dir='ltr'><strong>ι</strong></span> <span class='ocrx_word' id='word_1_624' title='bbox 3671 2248 3718 2300; x_wconf 88' lang='lat' dir='ltr'><strong>si</strong></span> 
     </span>
    </p>
   </div>
   <div class='ocr_carea' id='block_1_83' title="bbox 2128 2319 3715 2407">
    <p class='ocr_par' dir='ltr' id='par_1_83' title="bbox 2128 2319 3715 2407">
     <span class='ocr_line' id='line_1_83' title="bbox 2128 2319 3715 2407; baseline 0.016 -42"><span class='ocrx_word' id='word_1_625' title='bbox 2128 2321 2302 2368; x_wconf 89' lang='lat' dir='ltr'><strong>tamen</strong></span> <span class='ocrx_word' id='word_1_626' title='bbox 2349 2319 2779 2377; x_wconf 75' lang='lat' dir='ltr'><strong>commixtioncm</strong></span> <span class='ocrx_word' id='word_1_627' title='bbox 2819 2324 3153 2397; x_wconf 72' lang='lat' dir='ltr'><strong>coniugalem</strong></span> <span class='ocrx_word' id='word_1_628' title='bbox 3190 2331 3401 2387; x_wconf 83' lang='lat' dir='ltr'><strong>voluisti</strong></span> <span class='ocrx_word' id='word_1_629' title='bbox 3456 2336 3715 2407; x_wconf 83' lang='lat' dir='ltr'><strong>intelligi,</strong></span> 
     </span>
    </p>
   </div>
   <div class='ocr_carea' id='block_1_84' title="bbox 2125 2405 3714 2493">
    <p class='ocr_par' dir='ltr' id='par_1_84' title="bbox 2125 2405 3714 2493">
     <span class='ocr_line' id='line_1_84' title="bbox 2125 2405 3714 2493; baseline 0.018 -37"><span class='ocrx_word' id='word_1_630' title='bbox 2125 2418 2245 2458; x_wconf 89' lang='lat' dir='ltr'><strong>cum</strong></span> <span class='ocrx_word' id='word_1_631' title='bbox 2271 2405 2372 2461; x_wconf 89' lang='lat' dir='ltr'><strong>hoc</strong></span> <span class='ocrx_word' id='word_1_632' title='bbox 2396 2408 2621 2464; x_wconf 87' lang='lat' dir='ltr'><strong>diceres.</strong></span> <span class='ocrx_word' id='word_1_633' title='bbox 2644 2411 2897 2480; x_wconf 84' lang='lat' dir='ltr'><strong>Quamvis</strong></span> <span class='ocrx_word' id='word_1_634' title='bbox 2918 2417 2969 2471; x_wconf 90' lang='lat' dir='ltr'><strong>id</strong></span> <span class='ocrx_word' id='word_1_635' title='bbox 2991 2433 3087 2488; x_wconf 90' lang='lat' dir='ltr'><strong>per</strong></span> <span class='ocrx_word' id='word_1_636' title='bbox 3105 2435 3163 2475; x_wconf 91' lang='lat' dir='ltr'><strong>se</strong></span> <span class='ocrx_word' id='word_1_637' title='bbox 3190 2421 3361 2493; x_wconf 89' lang='lat' dir='ltr'><strong>ipsum</strong></span> <span class='ocrx_word' id='word_1_638' title='bbox 3386 2441 3570 2481; x_wconf 81' lang='lat' dir='ltr'><strong>verum</strong></span> <span class='ocrx_word' id='word_1_639' title='bbox 3591 2444 3714 2485; x_wconf 86' lang='lat' dir='ltr'><strong>esse</strong></span> 
     </span>
    </p>
   </div>
   <div class='ocr_carea' id='block_1_85' title="bbox 2128 2505 3711 2587">
    <p class='ocr_par' dir='ltr' id='par_1_85' title="bbox 2128 2505 3711 2587">
     <span class='ocr_line' id='line_1_85' title="bbox 2128 2505 3711 2587; baseline 0.018 -40"><span class='ocrx_word' id='word_1_640' title='bbox 2128 2505 2416 2564; x_wconf 89' lang='lat' dir='ltr'><strong>noscatur,</strong></span> <span class='ocrx_word' id='word_1_641' title='bbox 2470 2515 2575 2554; x_wconf 90' lang='lat' dir='ltr'><strong>non</strong></span> <span class='ocrx_word' id='word_1_642' title='bbox 2628 2512 2714 2557; x_wconf 86' lang='lat' dir='ltr'><strong>tua</strong></span> <span class='ocrx_word' id='word_1_643' title='bbox 2771 2506 3175 2567; x_wconf 85' lang='lat' dir='ltr'><strong>ratiocinatione</strong></span> <span class='ocrx_word' id='word_1_644' title='bbox 3223 2512 3294 2569; x_wconf 85' lang='lat' dir='ltr'><strong>sit</strong></span> <span class='ocrx_word' id='word_1_645' title='bbox 3334 2528 3711 2587; x_wconf 77' lang='lat' dir='ltr'><strong>consequens:</strong></span> 
     </span>
    </p>
   </div>
   <div class='ocr_carea' id='block_1_86' title="bbox 2122 2584 3711 2678">
    <p class='ocr_par' dir='ltr' id='par_1_86' title="bbox 2122 2584 3711 2678">
     <span class='ocr_line' id='line_1_86' title="bbox 2122 2584 3711 2678; baseline 0.017 -41"><span class='ocrx_word' id='word_1_646' title='bbox 2122 2584 2358 2656; x_wconf 89' lang='lat' dir='ltr'><strong>alioquin</strong></span> <span class='ocrx_word' id='word_1_647' title='bbox 2389 2598 2440 2643; x_wconf 90' lang='lat' dir='ltr'><strong>te</strong></span> <span class='ocrx_word' id='word_1_648' title='bbox 2468 2589 2700 2660; x_wconf 86' lang='lat' dir='ltr'><strong>dicente,</strong></span> <span class='ocrx_word' id='word_1_649' title='bbox 2754 2613 2773 2646; x_wconf 82' lang='grc' dir='ltr'><strong>ι</strong></span> <span class='ocrx_word' id='word_1_650' title='bbox 2799 2595 2858 2651; x_wconf 86' lang='lat' dir='ltr'><strong>Si</strong></span> <span class='ocrx_word' id='word_1_651' title='bbox 2904 2601 3115 2655; x_wconf 90' lang='lat' dir='ltr'><strong>nonnisi</strong></span> <span class='ocrx_word' id='word_1_652' title='bbox 3161 2617 3256 2671; x_wconf 90' lang='lat' dir='ltr'><strong>per</strong></span> <span class='ocrx_word' id='word_1_653' title='bbox 3298 2604 3464 2660; x_wconf 90' lang='lat' dir='ltr'><strong>Deum</strong></span> <span class='ocrx_word' id='word_1_654' title='bbox 3495 2584 3711 2678; x_wconf 77' lang='lat' dir='ltr'><strong>corpus,</strong></span> 
     </span>
    </p>
   </div>
   <div class='ocr_carea' id='block_1_87' title="bbox 2121 2678 3712 2760">
    <p class='ocr_par' dir='ltr' id='par_1_87' title="bbox 2121 2678 3712 2760">
     <span class='ocr_line' id='line_1_87' title="bbox 2121 2678 3712 2760; baseline 0.018 -30"><span class='ocrx_word' id='word_1_655' title='bbox 2121 2678 2333 2733; x_wconf 86' lang='lat' dir='ltr'><strong>nonnisi</strong></span> <span class='ocrx_word' id='word_1_656' title='bbox 2380 2696 2477 2750; x_wconf 90' lang='lat' dir='ltr'><strong>per</strong></span> <span class='ocrx_word' id='word_1_657' title='bbox 2519 2698 2716 2755; x_wconf 85' lang='lat' dir='ltr'><strong>corpus</strong></span> <span class='ocrx_word' id='word_1_658' title='bbox 2761 2691 3105 2760; x_wconf 88' lang='lat' dir='ltr'><strong>commixtio;</strong></span> <span class='ocrx_word' id='word_1_659' title='bbox 3143 2713 3163 2746; x_wconf 76' lang='grc' dir='ltr'><strong>ι</strong></span> <span class='ocrx_word' id='word_1_660' title='bbox 3193 2704 3246 2751; x_wconf 90' lang='lat' dir='ltr'><strong>et</strong></span> <span class='ocrx_word' id='word_1_661' title='bbox 3274 2712 3340 2752; x_wconf 83' lang='lat' dir='ltr'><strong>ex</strong></span> <span class='ocrx_word' id='word_1_662' title='bbox 3370 2698 3475 2755; x_wconf 86' lang='lat' dir='ltr'><strong>hoc</strong></span> <span class='ocrx_word' id='word_1_663' title='bbox 3498 2701 3712 2759; x_wconf 81' lang='lat' dir='ltr'><strong>volente</strong></span> 
     </span>
    </p>
   </div>
   <div class='ocr_carea' id='block_1_88' title="bbox 2119 2768 3714 2857">
    <p class='ocr_par' dir='ltr' id='par_1_88' title="bbox 2119 2768 3714 2857">
     <span class='ocr_line' id='line_1_88' title="bbox 2119 2768 3714 2857; baseline 0.019 -36"><span class='ocrx_word' id='word_1_664' title='bbox 2119 2768 2416 2838; x_wconf 81' lang='lat' dir='ltr'><strong>coniicere,</strong></span> <span class='ocrx_word' id='word_1_665' title='bbox 2453 2792 2472 2825; x_wconf 78' lang='grc' dir='ltr'><strong>ι</strong></span> <span class='ocrx_word' id='word_1_666' title='bbox 2500 2774 2566 2829; x_wconf 89' lang='lat' dir='ltr'><strong>ad</strong></span> <span class='ocrx_word' id='word_1_667' title='bbox 2607 2791 2728 2833; x_wconf 88' lang='lat' dir='ltr'><strong>eum</strong></span> <span class='ocrx_word' id='word_1_668' title='bbox 2754 2790 3026 2838; x_wconf 81' lang='lat' dir='ltr'><strong>auctorem</strong></span> <span class='ocrx_word' id='word_1_669' title='bbox 3056 2788 3336 2857; x_wconf 72' lang='lat' dir='ltr'><strong>pertinere</strong></span> <span class='ocrx_word' id='word_1_670' title='bbox 3376 2795 3714 2851; x_wconf 88' lang='lat' dir='ltr'><strong>commixtio-</strong></span> 
     </span>
    </p>
   </div>
   <div class='ocr_carea' id='block_1_89' title="bbox 2118 2860 3709 2948">
    <p class='ocr_par' dir='ltr' id='par_1_89' title="bbox 2118 2860 3709 2948">
     <span class='ocr_line' id='line_1_89' title="bbox 2118 2860 3709 2948; baseline 0.019 -37"><span class='ocrx_word' id='word_1_671' title='bbox 2118 2871 2242 2913; x_wconf 83' lang='lat' dir='ltr'><strong>nem</strong></span> <span class='ocrx_word' id='word_1_672' title='bbox 2269 2860 2309 2925; x_wconf 76' lang='grc'><strong>⁸,</strong></span> <span class='ocrx_word' id='word_1_673' title='bbox 2337 2861 2405 2916; x_wconf 85' lang='lat' dir='ltr'><strong>ad</strong></span> <span class='ocrx_word' id='word_1_674' title='bbox 2434 2877 2593 2934; x_wconf 89' lang='lat' dir='ltr'><strong>quem</strong></span> <span class='ocrx_word' id='word_1_675' title='bbox 2623 2881 2847 2939; x_wconf 81' lang='lat' dir='ltr'><strong>corpora</strong></span> <span class='ocrx_word' id='word_1_676' title='bbox 2877 2874 3176 2943; x_wconf 84' lang='lat' dir='ltr'><strong>pertinent;</strong></span> <span class='ocrx_word' id='word_1_677' title='bbox 3225 2889 3403 2948; x_wconf 85' lang='lat' dir='ltr'><strong>potest</strong></span> <span class='ocrx_word' id='word_1_678' title='bbox 3441 2884 3581 2940; x_wconf 82' lang='lat' dir='ltr'><strong>alius</strong></span> <span class='ocrx_word' id='word_1_679' title='bbox 3623 2886 3709 2941; x_wconf 89' lang='lat' dir='ltr'><strong>di-</strong></span> 
     </span>
    </p>
   </div>
   <div class='ocr_carea' id='block_1_90' title="bbox 2116 2952 3709 3045">
    <p class='ocr_par' dir='ltr' id='par_1_90' title="bbox 2116 2952 3709 3045">
     <span class='ocr_line' id='line_1_90' title="bbox 2116 2952 3709 3045; baseline 0.019 -41"><span class='ocrx_word' id='word_1_680' title='bbox 2116 2962 2277 3019; x_wconf 76' lang='lat' dir='ltr'><strong>cere,</strong></span> <span class='ocrx_word' id='word_1_681' title='bbox 2305 2952 2598 3045; x_wconf 5' lang='lat' dir='ltr'><strong>Siynounisi</strong></span> <span class='ocrx_word' id='word_1_682' title='bbox 2630 2974 2724 3029; x_wconf 89' lang='lat' dir='ltr'><strong>per</strong></span> <span class='ocrx_word' id='word_1_683' title='bbox 2747 2961 2914 3019; x_wconf 87' lang='lat' dir='ltr'><strong>Deum</strong></span> <span class='ocrx_word' id='word_1_684' title='bbox 2943 2980 3159 3037; x_wconf 81' lang='lat' dir='ltr'><strong>corpus,</strong></span> <span class='ocrx_word' id='word_1_685' title='bbox 3209 2973 3417 3028; x_wconf 84' lang='lat' dir='ltr'><strong>nonnisi</strong></span> <span class='ocrx_word' id='word_1_686' title='bbox 3456 2989 3557 3045; x_wconf 86' lang='lat' dir='ltr'><strong>per</strong></span> <span class='ocrx_word' id='word_1_687' title='bbox 3587 2991 3709 3033; x_wconf 85' lang='lat' dir='ltr'><strong>cor-</strong></span> 
     </span>
    </p>
   </div>
   <div class='ocr_carea' id='block_1_91' title="bbox 2113 3042 3705 3131">
    <p class='ocr_par' dir='ltr' id='par_1_91' title="bbox 2113 3042 3705 3131">
     <span class='ocr_line' id='line_1_91' title="bbox 2113 3042 3705 3131; baseline 0.018 -38"><span class='ocrx_word' id='word_1_688' title='bbox 2113 3052 2216 3112; x_wconf 81' lang='lat' dir='ltr'><strong>pus</strong></span> <span class='ocrx_word' id='word_1_689' title='bbox 2266 3042 2583 3102; x_wconf 78' lang='lat' dir='ltr'><strong>adulterium</strong></span> <span class='ocrx_word' id='word_1_690' title='bbox 2608 3090 2622 3115; x_wconf 96' lang='lat'><strong>,</strong></span> <span class='ocrx_word' id='word_1_691' title='bbox 2678 3050 2746 3105; x_wconf 75' lang='lat' dir='ltr'><strong>ad</strong></span> <span class='ocrx_word' id='word_1_692' title='bbox 2788 3067 2908 3108; x_wconf 88' lang='lat' dir='ltr'><strong>eum</strong></span> <span class='ocrx_word' id='word_1_693' title='bbox 2957 3067 3230 3114; x_wconf 90' lang='lat' dir='ltr'><strong>auctorem</strong></span> <span class='ocrx_word' id='word_1_694' title='bbox 3277 3042 3505 3131; x_wconf 76' lang='lat' dir='ltr'><strong>pertinet</strong></span> <span class='ocrx_word' id='word_1_695' title='bbox 3548 3066 3705 3121; x_wconf 82' lang='lat' dir='ltr'><strong>adul-</strong></span> 
     </span>
    </p>
   </div>
   <div class='ocr_carea' id='block_1_92' title="bbox 2120 3133 3704 3227">
    <p class='ocr_par' dir='ltr' id='par_1_92' title="bbox 2120 3133 3704 3227">
     <span class='ocr_line' id='line_1_92' title="bbox 2120 3133 3704 3227; baseline 0.017 -41"><span class='ocrx_word' id='word_1_696' title='bbox 2120 3133 2336 3202; x_wconf 89' lang='lat' dir='ltr'><strong>terium,</strong></span> <span class='ocrx_word' id='word_1_697' title='bbox 2358 3136 2424 3191; x_wconf 89' lang='lat' dir='ltr'><strong>ad</strong></span> <span class='ocrx_word' id='word_1_698' title='bbox 2456 3152 2612 3209; x_wconf 90' lang='lat' dir='ltr'><strong>quem</strong></span> <span class='ocrx_word' id='word_1_699' title='bbox 2638 3145 2871 3213; x_wconf 87' lang='lat' dir='ltr'><strong>pertinet</strong></span> <span class='ocrx_word' id='word_1_700' title='bbox 2898 3161 3094 3219; x_wconf 87' lang='lat' dir='ltr'><strong>corpus</strong></span> <span class='ocrx_word' id='word_1_701' title='bbox 3126 3168 3138 3203; x_wconf 91' lang='lat'><strong>:</strong></span> <span class='ocrx_word' id='word_1_702' title='bbox 3167 3153 3311 3222; x_wconf 88' lang='lat' dir='ltr'><strong>quod</strong></span> <span class='ocrx_word' id='word_1_703' title='bbox 3339 3154 3486 3210; x_wconf 86' lang='lat' dir='ltr'><strong>vides</strong></span> <span class='ocrx_word' id='word_1_704' title='bbox 3510 3169 3704 3227; x_wconf 83' lang='lat' dir='ltr'><strong>quanta</strong></span> 
     </span>
    </p>
   </div>
   <div class='ocr_carea' id='block_1_93' title="bbox 2113 3221 3705 3321">
    <p class='ocr_par' dir='ltr' id='par_1_93' title="bbox 2113 3221 3705 3321">
     <span class='ocr_line' id='line_1_93' title="bbox 2113 3221 3705 3321; baseline 0.019 -46"><span class='ocrx_word' id='word_1_705' title='bbox 2113 3221 2322 3279; x_wconf 89' lang='lat' dir='ltr'><strong>dicatur</strong></span> <span class='ocrx_word' id='word_1_706' title='bbox 2347 3225 2535 3298; x_wconf 81' lang='lat' dir='ltr'><strong>injuria</strong></span> <span class='ocrx_word' id='word_1_707' title='bbox 2569 3230 2702 3300; x_wconf 85' lang='lat' dir='ltr'><strong>Dei,</strong></span> <span class='ocrx_word' id='word_1_708' title='bbox 2743 3243 2798 3289; x_wconf 84' lang='lat' dir='ltr'><strong>et</strong></span> <span class='ocrx_word' id='word_1_709' title='bbox 2834 3248 3087 3308; x_wconf 87' lang='lat' dir='ltr'><strong>quantum</strong></span> <span class='ocrx_word' id='word_1_710' title='bbox 3114 3221 3239 3297; x_wconf 74' lang='lat' dir='ltr'><strong>mali</strong></span> <span class='ocrx_word' id='word_1_711' title='bbox 3278 3243 3507 3301; x_wconf 84' lang='lat' dir='ltr'><strong>doceant</strong></span> <span class='ocrx_word' id='word_1_712' title='bbox 3529 3221 3705 3321; x_wconf 75' lang='lat' dir='ltr'><strong>syllo-</strong></span> 
     </span>
    </p>
   </div>
   <div class='ocr_carea' id='block_1_94' title="bbox 2112 3314 3704 3401">
    <p class='ocr_par' dir='ltr' id='par_1_94' title="bbox 2112 3314 3704 3401">
     <span class='ocr_line' id='line_1_94' title="bbox 2112 3314 3704 3401; baseline 0.021 -36"><span class='ocrx_word' id='word_1_713' title='bbox 2112 3314 2267 3384; x_wconf 74' lang='lat' dir='ltr'><strong>gismi</strong></span> <span class='ocrx_word' id='word_1_714' title='bbox 2298 3317 2392 3373; x_wconf 88' lang='lat' dir='ltr'><strong>tul.</strong></span> <span class='ocrx_word' id='word_1_715' title='bbox 2425 3318 2574 3376; x_wconf 86' lang='lat' dir='ltr'><strong>Sicut</strong></span> <span class='ocrx_word' id='word_1_716' title='bbox 2610 3339 2739 3393; x_wconf 77' lang='lat' dir='ltr'><strong>ergo</strong></span> <span class='ocrx_word' id='word_1_717' title='bbox 2764 3342 2869 3383; x_wconf 89' lang='lat' dir='ltr'><strong>non</strong></span> <span class='ocrx_word' id='word_1_718' title='bbox 2899 3334 3141 3401; x_wconf 82' lang='lat' dir='ltr'><strong>sequitur</strong></span> <span class='ocrx_word' id='word_1_719' title='bbox 3160 3376 3175 3401; x_wconf 93' lang='lat'><strong>,</strong></span> <span class='ocrx_word' id='word_1_720' title='bbox 3206 3344 3262 3390; x_wconf 90' lang='lat' dir='ltr'><strong>ut</strong></span> <span class='ocrx_word' id='word_1_721' title='bbox 3293 3337 3412 3392; x_wconf 89' lang='lat' dir='ltr'><strong>ideo</strong></span> <span class='ocrx_word' id='word_1_722' title='bbox 3445 3314 3704 3398; x_wconf 70' lang='lat' dir='ltr'><strong>trilnta&#39;ttt&#39;</strong></span> 
     </span>
    </p>
   </div>
   <div class='ocr_carea' id='block_1_95' title="bbox 2111 3408 3699 3502">
    <p class='ocr_par' dir='ltr' id='par_1_95' title="bbox 2111 3408 3699 3502">
     <span class='ocr_line' id='line_1_95' title="bbox 2111 3408 3699 3502; baseline 0.018 -40"><span class='ocrx_word' id='word_1_723' title='bbox 2111 3408 2428 3467; x_wconf 88' lang='lat' dir='ltr'><strong>adulterium</strong></span> <span class='ocrx_word' id='word_1_724' title='bbox 2458 3414 2588 3481; x_wconf 89' lang='lat' dir='ltr'><strong>Deo,</strong></span> <span class='ocrx_word' id='word_1_725' title='bbox 2620 3419 2745 3487; x_wconf 88' lang='lat' dir='ltr'><strong>quia</strong></span> <span class='ocrx_word' id='word_1_726' title='bbox 2775 3437 2879 3475; x_wconf 91' lang='lat' dir='ltr'><strong>non</strong></span> <span class='ocrx_word' id='word_1_727' title='bbox 2922 3423 2980 3477; x_wconf 85' lang='lat' dir='ltr'><strong>[it</strong></span> <span class='ocrx_word' id='word_1_728' title='bbox 3017 3425 3116 3479; x_wconf 84' lang='lat' dir='ltr'><strong>nisi</strong></span> <span class='ocrx_word' id='word_1_729' title='bbox 3160 3443 3254 3495; x_wconf 91' lang='lat' dir='ltr'><strong>per</strong></span> <span class='ocrx_word' id='word_1_730' title='bbox 3294 3444 3510 3500; x_wconf 86' lang='lat' dir='ltr'><strong>corpus,</strong></span> <span class='ocrx_word' id='word_1_731' title='bbox 3552 3434 3699 3502; x_wconf 84' lang='lat' dir='ltr'><strong>cujus</strong></span> 
     </span>
    </p>
   </div>
   <div class='ocr_carea' id='block_1_96' title="bbox 2110 3504 3698 3583">
    <p class='ocr_par' dir='ltr' id='par_1_96' title="bbox 2110 3504 3698 3583">
     <span class='ocr_line' id='line_1_96' title="bbox 2110 3504 3698 3583; baseline 0.014 -30"><span class='ocrx_word' id='word_1_732' title='bbox 2110 3510 2296 3556; x_wconf 88' lang='lat' dir='ltr'><strong>auctor</strong></span> <span class='ocrx_word' id='word_1_733' title='bbox 2321 3512 2405 3558; x_wconf 87' lang='lat' dir='ltr'><strong>est</strong></span> <span class='ocrx_word' id='word_1_734' title='bbox 2435 3504 2577 3561; x_wconf 89' lang='lat' dir='ltr'><strong>Dens</strong></span> <span class='ocrx_word' id='word_1_735' title='bbox 2604 3525 2618 3560; x_wconf 88' lang='lat'><strong>:</strong></span> <span class='ocrx_word' id='word_1_736' title='bbox 2645 3508 2717 3563; x_wconf 88' lang='lat' dir='ltr'><strong>ita</strong></span> <span class='ocrx_word' id='word_1_737' title='bbox 2748 3527 2852 3565; x_wconf 92' lang='lat' dir='ltr'><strong>non</strong></span> <span class='ocrx_word' id='word_1_738' title='bbox 2874 3516 3133 3583; x_wconf 86' lang='lat' dir='ltr'><strong>sequitur,</strong></span> <span class='ocrx_word' id='word_1_739' title='bbox 3167 3526 3224 3571; x_wconf 89' lang='lat' dir='ltr'><strong>ut</strong></span> <span class='ocrx_word' id='word_1_740' title='bbox 3248 3519 3367 3574; x_wconf 89' lang='lat' dir='ltr'><strong>ideo</strong></span> <span class='ocrx_word' id='word_1_741' title='bbox 3391 3523 3698 3577; x_wconf 80' lang='lat' dir='ltr'><strong>commixtio</strong></span> 
     </span>
    </p>
   </div>
   <div class='ocr_carea' id='block_1_97' title="bbox 2111 3591 3699 3684">
    <p class='ocr_par' dir='ltr' id='par_1_97' title="bbox 2111 3591 3699 3684">
     <span class='ocr_line' id='line_1_97' title="bbox 2111 3591 3699 3684; baseline 0.017 -40"><span class='ocrx_word' id='word_1_742' title='bbox 2111 3591 2374 3648; x_wconf 88' lang='lat' dir='ltr'><strong>tribuatur</strong></span> <span class='ocrx_word' id='word_1_743' title='bbox 2401 3595 2530 3661; x_wconf 88' lang='lat' dir='ltr'><strong>Deo,</strong></span> <span class='ocrx_word' id='word_1_744' title='bbox 2556 3601 2676 3669; x_wconf 89' lang='lat' dir='ltr'><strong>quia</strong></span> <span class='ocrx_word' id='word_1_745' title='bbox 2701 3617 2805 3657; x_wconf 90' lang='lat' dir='ltr'><strong>non</strong></span> <span class='ocrx_word' id='word_1_746' title='bbox 2834 3603 2890 3658; x_wconf 77' lang='lat' dir='ltr'><strong>ﬁt</strong></span> <span class='ocrx_word' id='word_1_747' title='bbox 2920 3607 3019 3661; x_wconf 92' lang='lat' dir='ltr'><strong>nisi</strong></span> <span class='ocrx_word' id='word_1_748' title='bbox 3048 3622 3145 3677; x_wconf 92' lang='lat' dir='ltr'><strong>per</strong></span> <span class='ocrx_word' id='word_1_749' title='bbox 3180 3624 3397 3681; x_wconf 87' lang='lat' dir='ltr'><strong>corpus,</strong></span> <span class='ocrx_word' id='word_1_750' title='bbox 3427 3614 3580 3684; x_wconf 88' lang='lat' dir='ltr'><strong>cujus</strong></span> <span class='ocrx_word' id='word_1_751' title='bbox 3607 3632 3699 3670; x_wconf 82' lang='lat' dir='ltr'><strong>an-</strong></span> 
     </span>
    </p>
   </div>
   <div class='ocr_carea' id='block_1_98' title="bbox 2107 3684 3694 3761">
    <p class='ocr_par' dir='ltr' id='par_1_98' title="bbox 2107 3684 3694 3761">
     <span class='ocr_line' id='line_1_98' title="bbox 2107 3684 3694 3761; baseline 0.016 -27"><span class='ocrx_word' id='word_1_752' title='bbox 2107 3690 2227 3736; x_wconf 89' lang='lat' dir='ltr'><strong>ctor</strong></span> <span class='ocrx_word' id='word_1_753' title='bbox 2244 3691 2328 3738; x_wconf 90' lang='lat' dir='ltr'><strong>est</strong></span> <span class='ocrx_word' id='word_1_754' title='bbox 2355 3684 2497 3741; x_wconf 89' lang='lat' dir='ltr'><strong>Deus</strong></span> <span class='ocrx_word' id='word_1_755' title='bbox 2511 3688 2553 3742; x_wconf 82' lang='lat'><strong>&#39;.</strong></span> <span class='ocrx_word' id='word_1_756' title='bbox 2571 3688 2675 3744; x_wconf 87' lang='lat' dir='ltr'><strong>Sed</strong></span> <span class='ocrx_word' id='word_1_757' title='bbox 2706 3699 2879 3747; x_wconf 82' lang='lat' dir='ltr'><strong>tamen</strong></span> <span class='ocrx_word' id='word_1_758' title='bbox 2898 3698 3242 3754; x_wconf 88' lang='lat' dir='ltr'><strong>concedimus</strong></span> <span class='ocrx_word' id='word_1_759' title='bbox 3263 3704 3694 3761; x_wconf 75' lang='lat' dir='ltr'><strong>commixtioneui</strong></span> 
     </span>
    </p>
   </div>
   <div class='ocr_carea' id='block_1_99' title="bbox 2107 3771 3696 3861">
    <p class='ocr_par' dir='ltr' id='par_1_99' title="bbox 2107 3771 3696 3861">
     <span class='ocr_line' id='line_1_99' title="bbox 2107 3771 3696 3861; baseline 0.017 -35"><span class='ocrx_word' id='word_1_760' title='bbox 2107 3771 2361 3829; x_wconf 75' lang='lat' dir='ltr'><strong>duntaxat</strong></span> <span class='ocrx_word' id='word_1_761' title='bbox 2388 3778 2720 3850; x_wconf 75' lang='lat' dir='ltr'><strong>conjngalem</strong></span> <span class='ocrx_word' id='word_1_762' title='bbox 2746 3825 2761 3850; x_wconf 94' lang='lat'><strong>,</strong></span> <span class='ocrx_word' id='word_1_763' title='bbox 2794 3796 2914 3854; x_wconf 60' lang='lat' dir='ltr'><strong>qua:</strong></span> <span class='ocrx_word' id='word_1_764' title='bbox 2947 3787 3003 3841; x_wconf 82' lang='lat' dir='ltr'><strong>tit</strong></span> <span class='ocrx_word' id='word_1_765' title='bbox 3030 3804 3188 3844; x_wconf 87' lang='lat' dir='ltr'><strong>causa</strong></span> <span class='ocrx_word' id='word_1_766' title='bbox 3222 3796 3557 3861; x_wconf 87' lang='lat' dir='ltr'><strong>procreandi,</strong></span> <span class='ocrx_word' id='word_1_767' title='bbox 3591 3798 3696 3853; x_wconf 85' lang='lat' dir='ltr'><strong>Deo</strong></span> 
     </span>
    </p>
   </div>
   <div class='ocr_carea' id='block_1_100' title="bbox 2105 3866 3694 3958">
    <p class='ocr_par' dir='ltr' id='par_1_100' title="bbox 2105 3866 3694 3958">
     <span class='ocr_line' id='line_1_100' title="bbox 2105 3866 3694 3958; baseline 0.018 -43"><span class='ocrx_word' id='word_1_768' title='bbox 2105 3866 2309 3919; x_wconf 81' lang='lat' dir='ltr'><strong>auctori</strong></span> <span class='ocrx_word' id='word_1_769' title='bbox 2353 3880 2473 3922; x_wconf 86' lang='lat' dir='ltr'><strong>esse</strong></span> <span class='ocrx_word' id='word_1_770' title='bbox 2505 3870 2869 3942; x_wconf 87' lang='lat' dir='ltr'><strong>tribuendam;</strong></span> <span class='ocrx_word' id='word_1_771' title='bbox 2904 3892 3007 3932; x_wconf 93' lang='lat' dir='ltr'><strong>non</strong></span> <span class='ocrx_word' id='word_1_772' title='bbox 3052 3882 3175 3949; x_wconf 89' lang='lat' dir='ltr'><strong>quia</strong></span> <span class='ocrx_word' id='word_1_773' title='bbox 3221 3882 3322 3938; x_wconf 91' lang='lat' dir='ltr'><strong>hoc</strong></span> <span class='ocrx_word' id='word_1_774' title='bbox 3366 3893 3453 3939; x_wconf 89' lang='lat' dir='ltr'><strong>tua</strong></span> <span class='ocrx_word' id='word_1_775' title='bbox 3484 3901 3694 3958; x_wconf 87' lang='lat' dir='ltr'><strong>sumpta</strong></span> 
     </span>
    </p>
   </div>
   <div class='ocr_carea' id='block_1_101' title="bbox 2105 3956 3693 4045">
    <p class='ocr_par' dir='ltr' id='par_1_101' title="bbox 2105 3956 3693 4045">
     <span class='ocr_line' id='line_1_101' title="bbox 2105 3956 3693 4045; baseline 0.017 -37"><span class='ocrx_word' id='word_1_776' title='bbox 2105 3956 2378 4025; x_wconf 85' lang='lat' dir='ltr'><strong>sequitur,</strong></span> <span class='ocrx_word' id='word_1_777' title='bbox 2408 3958 2502 4015; x_wconf 90' lang='lat' dir='ltr'><strong>sed</strong></span> <span class='ocrx_word' id='word_1_778' title='bbox 2534 3962 2656 4032; x_wconf 87' lang='lat' dir='ltr'><strong>quia</strong></span> <span class='ocrx_word' id='word_1_779' title='bbox 2686 3966 2890 4021; x_wconf 88' lang='lat' dir='ltr'><strong>ratione</strong></span> <span class='ocrx_word' id='word_1_780' title='bbox 2916 3970 3017 4023; x_wconf 90' lang='lat' dir='ltr'><strong>alia</strong></span> <span class='ocrx_word' id='word_1_781' title='bbox 3047 3974 3441 4030; x_wconf 86' lang='lat' dir='ltr'><strong>consideratum</strong></span> <span class='ocrx_word' id='word_1_782' title='bbox 3464 4020 3479 4045; x_wconf 91' lang='lat'><strong>,</strong></span> <span class='ocrx_word' id='word_1_783' title='bbox 3507 3995 3693 4034; x_wconf 81' lang='lat' dir='ltr'><strong>verum</strong></span> 
     </span>
    </p>
   </div>
   <div class='ocr_carea' id='block_1_102' title="bbox 2104 4050 3690 4135">
    <p class='ocr_par' dir='ltr' id='par_1_102' title="bbox 2104 4050 3690 4135">
     <span class='ocr_line' id='line_1_102' title="bbox 2104 4050 3690 4135; baseline 0.017 -36"><span class='ocrx_word' id='word_1_784' title='bbox 2104 4060 2223 4101; x_wconf 86' lang='lat' dir='ltr'><strong>esse</strong></span> <span class='ocrx_word' id='word_1_785' title='bbox 2242 4050 2577 4119; x_wconf 83' lang='lat' dir='ltr'><strong>perspicitur.</strong></span> <span class='ocrx_word' id='word_1_786' title='bbox 2597 4053 2747 4121; x_wconf 85' lang='lat' dir='ltr'><strong>Quod</strong></span> <span class='ocrx_word' id='word_1_787' title='bbox 2769 4070 2896 4113; x_wconf 84' lang='lat' dir='ltr'><strong>vero</strong></span> <span class='ocrx_word' id='word_1_788' title='bbox 2916 4075 2980 4115; x_wconf 89' lang='lat' dir='ltr'><strong>ex</strong></span> <span class='ocrx_word' id='word_1_789' title='bbox 3008 4062 3108 4117; x_wconf 92' lang='lat' dir='ltr'><strong>hoc</strong></span> <span class='ocrx_word' id='word_1_790' title='bbox 3124 4066 3318 4135; x_wconf 69' lang='lat' dir='ltr'><strong>qumris</strong></span> <span class='ocrx_word' id='word_1_791' title='bbox 3335 4068 3573 4135; x_wconf 87' lang='lat' dir='ltr'><strong>efliccre,</strong></span> <span class='ocrx_word' id='word_1_792' title='bbox 3595 4088 3690 4128; x_wconf 90' lang='lat' dir='ltr'><strong>nec</strong></span> 
     </span>
    </p>
   </div>
   <div class='ocr_carea' id='block_1_103' title="bbox 2103 4139 3687 4229">
    <p class='ocr_par' dir='ltr' id='par_1_103' title="bbox 2103 4139 3687 4229">
     <span class='ocr_line' id='line_1_103' title="bbox 2103 4139 3687 4229; baseline 0.016 -38"><span class='ocrx_word' id='word_1_793' title='bbox 2103 4139 2341 4208; x_wconf 82' lang='lat' dir='ltr'><strong>sequitur</strong></span> <span class='ocrx_word' id='word_1_794' title='bbox 2387 4142 2473 4196; x_wconf 84' lang='lat' dir='ltr'><strong>illa</strong></span> <span class='ocrx_word' id='word_1_795' title='bbox 2521 4146 2821 4215; x_wconf 83' lang='lat' dir='ltr'><strong>superiora,</strong></span> <span class='ocrx_word' id='word_1_796' title='bbox 2855 4166 2954 4207; x_wconf 90' lang='lat' dir='ltr'><strong>nec</strong></span> <span class='ocrx_word' id='word_1_797' title='bbox 2979 4168 3163 4209; x_wconf 84' lang='lat' dir='ltr'><strong>verum</strong></span> <span class='ocrx_word' id='word_1_798' title='bbox 3190 4169 3289 4211; x_wconf 88' lang='lat' dir='ltr'><strong>est.</strong></span> <span class='ocrx_word' id='word_1_799' title='bbox 3316 4159 3497 4229; x_wconf 79' lang='lat' dir='ltr'><strong>Neque</strong></span> <span class='ocrx_word' id='word_1_800' title='bbox 3522 4168 3687 4224; x_wconf 87' lang='lat' dir='ltr'><strong>enim,</strong></span> 
     </span>
    </p>
   </div>
   <div class='ocr_carea' id='block_1_104' title="bbox 2102 4227 3693 4322">
    <p class='ocr_par' dir='ltr' id='par_1_104' title="bbox 2102 4227 3693 4322">
     <span class='ocr_line' id='line_1_104' title="bbox 2102 4227 3693 4322; baseline 0.017 -42"><span class='ocrx_word' id='word_1_801' title='bbox 2102 4227 2222 4297; x_wconf 88' lang='lat' dir='ltr'><strong>quia</strong></span> <span class='ocrx_word' id='word_1_802' title='bbox 2252 4231 2390 4287; x_wconf 81' lang='lat' dir='ltr'><strong>Deus</strong></span> <span class='ocrx_word' id='word_1_803' title='bbox 2424 4232 2549 4289; x_wconf 91' lang='lat' dir='ltr'><strong>fecit</strong></span> <span class='ocrx_word' id='word_1_804' title='bbox 2576 4250 2789 4306; x_wconf 87' lang='lat' dir='ltr'><strong>corpus,</strong></span> <span class='ocrx_word' id='word_1_805' title='bbox 2824 4241 2965 4295; x_wconf 84' lang='lat' dir='ltr'><strong>Dens</strong></span> <span class='ocrx_word' id='word_1_806' title='bbox 2996 4244 3223 4300; x_wconf 85' lang='lat' dir='ltr'><strong>instituit</strong></span> <span class='ocrx_word' id='word_1_807' title='bbox 3250 4227 3495 4320; x_wconf 70' lang='lat' dir='ltr'><strong>conjuigia</strong></span> <span class='ocrx_word' id='word_1_808' title='bbox 3518 4293 3531 4315; x_wconf 91' lang='lat'><strong>,</strong></span> <span class='ocrx_word' id='word_1_809' title='bbox 3561 4268 3693 4322; x_wconf 82' lang='lat' dir='ltr'><strong>quo-</strong></span> 
     </span>
    </p>
   </div>
   <div class='ocr_carea' id='block_1_105' title="bbox 2101 4324 3692 4410">
    <p class='ocr_par' dir='ltr' id='par_1_105' title="bbox 2101 4324 3692 4410">
     <span class='ocr_line' id='line_1_105' title="bbox 2101 4324 3692 4410; baseline 0.018 -40"><span class='ocrx_word' id='word_1_810' title='bbox 2101 4332 2216 4372; x_wconf 89' lang='lat' dir='ltr'><strong>rum</strong></span> <span class='ocrx_word' id='word_1_811' title='bbox 2237 4324 2620 4381; x_wconf 81' lang='lat' dir='ltr'><strong>commixtione</strong></span> <span class='ocrx_word' id='word_1_812' title='bbox 2644 4326 2779 4410; x_wconf 64' lang='lat' dir='ltr'><strong>fetus</strong></span> <span class='ocrx_word' id='word_1_813' title='bbox 2800 4335 3018 4397; x_wconf 87' lang='lat' dir='ltr'><strong>oriatur,</strong></span> <span class='ocrx_word' id='word_1_814' title='bbox 3049 4336 3187 4391; x_wconf 85' lang='lat' dir='ltr'><strong>Deus</strong></span> <span class='ocrx_word' id='word_1_815' title='bbox 3210 4349 3358 4393; x_wconf 86' lang='lat' dir='ltr'><strong>creat</strong></span> <span class='ocrx_word' id='word_1_816' title='bbox 3385 4340 3529 4410; x_wconf 89' lang='lat' dir='ltr'><strong>ipsos</strong></span> <span class='ocrx_word' id='word_1_817' title='bbox 3555 4344 3692 4398; x_wconf 85' lang='lat' dir='ltr'><strong>fetus</strong></span> 
     </span>
    </p>
   </div>
   <div class='ocr_carea' id='block_1_106' title="bbox 2098 4396 3688 4501">
    <p class='ocr_par' dir='ltr' id='par_1_106' title="bbox 2098 4396 3688 4501">
     <span class='ocr_line' id='line_1_106' title="bbox 2098 4396 3688 4501; baseline 0.017 -39"><span class='ocrx_word' id='word_1_818' title='bbox 2098 4411 2465 4482; x_wconf 87' lang='lat' dir='ltr'><strong>animantium,</strong></span> <span class='ocrx_word' id='word_1_819' title='bbox 2499 4417 2617 4473; x_wconf 92' lang='lat' dir='ltr'><strong>ideo</strong></span> <span class='ocrx_word' id='word_1_820' title='bbox 2647 4396 2830 4477; x_wconf 49' lang='lat' dir='ltr'><strong>v&#39;erum</strong></span> <span class='ocrx_word' id='word_1_821' title='bbox 2857 4435 2938 4478; x_wconf 90' lang='lat' dir='ltr'><strong>est</strong></span> <span class='ocrx_word' id='word_1_822' title='bbox 2968 4427 3106 4495; x_wconf 87' lang='lat' dir='ltr'><strong>quod</strong></span> <span class='ocrx_word' id='word_1_823' title='bbox 3134 4429 3400 4501; x_wconf 84' lang='lat' dir='ltr'><strong>adjuugis,</strong></span> <span class='ocrx_word' id='word_1_824' title='bbox 3435 4451 3454 4483; x_wconf 78' lang='grc' dir='ltr'><strong>ι</strong></span> <span class='ocrx_word' id='word_1_825' title='bbox 3485 4434 3614 4487; x_wconf 92' lang='lat' dir='ltr'><strong>nihil</strong></span> <span class='ocrx_word' id='word_1_826' title='bbox 3641 4437 3688 4489; x_wconf 91' lang='lat' dir='ltr'><strong>in</strong></span> 
     </span>
    </p>
   </div>
   <div class='ocr_carea' id='block_1_107' title="bbox 2098 4504 3686 4585">
    <p class='ocr_par' dir='ltr' id='par_1_107' title="bbox 2098 4504 3686 4585">
     <span class='ocr_line' id='line_1_107' title="bbox 2098 4504 3686 4585; baseline 0.015 -32"><span class='ocrx_word' id='word_1_827' title='bbox 2098 4504 2341 4561; x_wconf 84' lang='lat' dir='ltr'><strong>sensibus</strong></span> <span class='ocrx_word' id='word_1_828' title='bbox 2386 4509 2579 4575; x_wconf 82' lang='lat' dir='ltr'><strong>carnis,</strong></span> <span class='ocrx_word' id='word_1_829' title='bbox 2626 4510 2755 4566; x_wconf 89' lang='lat' dir='ltr'><strong>nihil</strong></span> <span class='ocrx_word' id='word_1_830' title='bbox 2805 4513 2857 4566; x_wconf 86' lang='lat' dir='ltr'><strong>in</strong></span> <span class='ocrx_word' id='word_1_831' title='bbox 2906 4513 3100 4572; x_wconf 89' lang='lat' dir='ltr'><strong>fetibus</strong></span> <span class='ocrx_word' id='word_1_832' title='bbox 3148 4532 3407 4585; x_wconf 81' lang='lat' dir='ltr'><strong>sexuum,</strong></span> <span class='ocrx_word' id='word_1_833' title='bbox 3460 4523 3686 4577; x_wconf 86' lang='lat' dir='ltr'><strong>alterum</strong></span> 
     </span>
    </p>
   </div>
   <div class='ocr_carea' id='block_1_108' title="bbox 2097 4598 3681 4669">
    <p class='ocr_par' dir='ltr' id='par_1_108' title="bbox 2097 4598 3681 4669">
     <span class='ocr_line' id='line_1_108' title="bbox 2097 4598 3681 4669; baseline 0.014 -22"><span class='ocrx_word' id='word_1_834' title='bbox 2097 4598 2400 4665; x_wconf 84' lang='lat' dir='ltr'><strong>quempiam</strong></span> <span class='ocrx_word' id='word_1_835' title='bbox 2444 4610 2639 4668; x_wconf 74' lang='lat' dir='ltr'><strong>prmter</strong></span> <span class='ocrx_word' id='word_1_836' title='bbox 2668 4603 2830 4658; x_wconf 86' lang='lat' dir='ltr'><strong>Deum</strong></span> <span class='ocrx_word' id='word_1_837' title='bbox 2866 4623 3045 4662; x_wconf 80' lang='lat' dir='ltr'><strong>verum</strong></span> <span class='ocrx_word' id='word_1_838' title='bbox 3078 4608 3289 4666; x_wconf 85' lang='lat' dir='ltr'><strong>fecisse.</strong></span> <span class='ocrx_word' id='word_1_839' title='bbox 3323 4631 3340 4664; x_wconf 76' lang='grc' dir='ltr'><strong>ι</strong></span> <span class='ocrx_word' id='word_1_840' title='bbox 3393 4611 3495 4668; x_wconf 82' lang='lat' dir='ltr'><strong>Ubi</strong></span> <span class='ocrx_word' id='word_1_841' title='bbox 3541 4616 3681 4669; x_wconf 90' lang='lat' dir='ltr'><strong>enim</strong></span> 
     </span>
    </p>
   </div>
   <div class='ocr_carea' id='block_1_109' title="bbox 2095 4683 3682 4775">
    <p class='ocr_par' dir='ltr' id='par_1_109' title="bbox 2095 4683 3682 4775">
     <span class='ocr_line' id='line_1_109' title="bbox 2095 4683 3682 4775; baseline 0.014 -35"><span class='ocrx_word' id='word_1_842' title='bbox 2095 4683 2220 4741; x_wconf 85' lang='lat' dir='ltr'><strong>fecit</strong></span> <span class='ocrx_word' id='word_1_843' title='bbox 2245 4687 2504 4753; x_wconf 87' lang='lat' dir='ltr'><strong>diabolus,</strong></span> <span class='ocrx_word' id='word_1_844' title='bbox 2534 4693 2672 4761; x_wconf 89' lang='lat' dir='ltr'><strong>quod</strong></span> <span class='ocrx_word' id='word_1_845' title='bbox 2703 4696 2825 4749; x_wconf 87' lang='lat' dir='ltr'><strong>mali</strong></span> <span class='ocrx_word' id='word_1_846' title='bbox 2854 4694 2978 4752; x_wconf 83' lang='lat' dir='ltr'><strong>fecit</strong></span> <span class='ocrx_word' id='word_1_847' title='bbox 3000 4714 3119 4754; x_wconf 91' lang='lat' dir='ltr'><strong>cum</strong></span> <span class='ocrx_word' id='word_1_848' title='bbox 3146 4701 3451 4760; x_wconf 89' lang='lat' dir='ltr'><strong>hominibus</strong></span> <span class='ocrx_word' id='word_1_849' title='bbox 3479 4705 3682 4775; x_wconf 85' lang='lat' dir='ltr'><strong>primis,</strong></span> 
     </span>
    </p>
   </div>
   <div class='ocr_carea' id='block_1_110' title="bbox 2095 4777 3684 4866">
    <p class='ocr_par' dir='ltr' id='par_1_110' title="bbox 2095 4777 3684 4866">
     <span class='ocr_line' id='line_1_110' title="bbox 2095 4777 3684 4866; baseline 0.013 -36"><span class='ocrx_word' id='word_1_850' title='bbox 2095 4777 2196 4832; x_wconf 72' lang='lat' dir='ltr'><strong>nisi</strong></span> <span class='ocrx_word' id='word_1_851' title='bbox 2237 4785 2292 4833; x_wconf 84' lang='lat' dir='ltr'><strong>et</strong></span> <span class='ocrx_word' id='word_1_852' title='bbox 2323 4780 2373 4833; x_wconf 84' lang='lat' dir='ltr'><strong>in</strong></span> <span class='ocrx_word' id='word_1_853' title='bbox 2417 4783 2662 4838; x_wconf 88' lang='lat' dir='ltr'><strong>sensibus</strong></span> <span class='ocrx_word' id='word_1_854' title='bbox 2690 4787 2865 4841; x_wconf 84' lang='lat' dir='ltr'><strong>carnis</strong></span> <span class='ocrx_word' id='word_1_855' title='bbox 2894 4788 3144 4845; x_wconf 85' lang='lat' dir='ltr'><strong>illorum?</strong></span> <span class='ocrx_word' id='word_1_856' title='bbox 3169 4792 3299 4848; x_wconf 82' lang='lat' dir='ltr'><strong>Mala</strong></span> <span class='ocrx_word' id='word_1_857' title='bbox 3328 4795 3524 4866; x_wconf 90' lang='lat' dir='ltr'><strong>quippe</strong></span> <span class='ocrx_word' id='word_1_858' title='bbox 3563 4812 3684 4851; x_wconf 85' lang='lat' dir='ltr'><strong>sua-</strong></span> 
     </span>
    </p>
   </div>
   <div class='ocr_carea' id='block_1_111' title="bbox 2094 4869 3684 4957">
    <p class='ocr_par' dir='ltr' id='par_1_111' title="bbox 2094 4869 3684 4957">
     <span class='ocr_line' id='line_1_111' title="bbox 2094 4869 3684 4957; baseline 0.013 -34"><span class='ocrx_word' id='word_1_859' title='bbox 2094 4869 2245 4924; x_wconf 88' lang='lat' dir='ltr'><strong>sione</strong></span> <span class='ocrx_word' id='word_1_860' title='bbox 2289 4883 2570 4941; x_wconf 80' lang='lat' dir='ltr'><strong>corrnptus</strong></span> <span class='ocrx_word' id='word_1_861' title='bbox 2610 4884 2693 4930; x_wconf 75' lang='lat' dir='ltr'><strong>est</strong></span> <span class='ocrx_word' id='word_1_862' title='bbox 2736 4893 2943 4942; x_wconf 79' lang='lat' dir='ltr'><strong>sensus,</strong></span> <span class='ocrx_word' id='word_1_863' title='bbox 2979 4882 3191 4951; x_wconf 86' lang='lat' dir='ltr'><strong>quando</strong></span> <span class='ocrx_word' id='word_1_864' title='bbox 3218 4893 3302 4939; x_wconf 80' lang='lat' dir='ltr'><strong>est</strong></span> <span class='ocrx_word' id='word_1_865' title='bbox 3345 4886 3411 4939; x_wconf 86' lang='lat' dir='ltr'><strong>ad</strong></span> <span class='ocrx_word' id='word_1_866' title='bbox 3463 4903 3684 4957; x_wconf 76' lang='lat' dir='ltr'><strong>peccan-</strong></span> 
     </span>
    </p>
   </div>
   <div class='ocr_carea' id='block_1_112' title="bbox 2093 4959 3677 5048">
    <p class='ocr_par' dir='ltr' id='par_1_112' title="bbox 2093 4959 3677 5048">
     <span class='ocr_line' id='line_1_112' title="bbox 2093 4959 3677 5048; baseline 0.014 -35"><span class='ocrx_word' id='word_1_867' title='bbox 2093 4959 2217 5013; x_wconf 85' lang='lat' dir='ltr'><strong>tium</strong></span> <span class='ocrx_word' id='word_1_868' title='bbox 2246 4960 2414 5015; x_wconf 89' lang='lat' dir='ltr'><strong>factus</strong></span> <span class='ocrx_word' id='word_1_869' title='bbox 2438 4978 2709 5020; x_wconf 86' lang='lat' dir='ltr'><strong>assensus.</strong></span> <span class='ocrx_word' id='word_1_870' title='bbox 2738 4967 2802 5022; x_wconf 88' lang='lat' dir='ltr'><strong>Et</strong></span> <span class='ocrx_word' id='word_1_871' title='bbox 2830 4969 2915 5024; x_wconf 88' lang='lat' dir='ltr'><strong>ubi</strong></span> <span class='ocrx_word' id='word_1_872' title='bbox 2946 4971 3086 5035; x_wconf 81' lang='lat' dir='ltr'><strong>fecit,</strong></span> <span class='ocrx_word' id='word_1_873' title='bbox 3114 4975 3368 5045; x_wconf 90' lang='lat' dir='ltr'><strong>quidquid</strong></span> <span class='ocrx_word' id='word_1_874' title='bbox 3389 4979 3510 5032; x_wconf 89' lang='lat' dir='ltr'><strong>mali</strong></span> <span class='ocrx_word' id='word_1_875' title='bbox 3533 4990 3677 5048; x_wconf 79' lang='lat' dir='ltr'><strong>past-</strong></span> 
     </span>
    </p>
   </div>
   <div class='ocr_carea' id='block_1_113' title="bbox 2092 5051 3674 5135">
    <p class='ocr_par' dir='ltr' id='par_1_113' title="bbox 2092 5051 3674 5135">
     <span class='ocr_line' id='line_1_113' title="bbox 2092 5051 3674 5135; baseline 0.014 -31"><span class='ocrx_word' id='word_1_876' title='bbox 2092 5051 2305 5105; x_wconf 89' lang='lat' dir='ltr'><strong>modum</strong></span> <span class='ocrx_word' id='word_1_877' title='bbox 2333 5056 2515 5123; x_wconf 80' lang='lat' dir='ltr'><strong>generi</strong></span> <span class='ocrx_word' id='word_1_878' title='bbox 2546 5056 2778 5113; x_wconf 85' lang='lat' dir='ltr'><strong>humano</strong></span> <span class='ocrx_word' id='word_1_879' title='bbox 2811 5060 2933 5117; x_wconf 88' lang='lat' dir='ltr'><strong>fecit</strong></span> <span class='ocrx_word' id='word_1_880' title='bbox 2956 5105 2970 5126; x_wconf 89' lang='lat'><strong>,</strong></span> <span class='ocrx_word' id='word_1_881' title='bbox 3002 5065 3100 5119; x_wconf 91' lang='lat' dir='ltr'><strong>nisi</strong></span> <span class='ocrx_word' id='word_1_882' title='bbox 3142 5065 3192 5120; x_wconf 92' lang='lat' dir='ltr'><strong>in</strong></span> <span class='ocrx_word' id='word_1_883' title='bbox 3222 5066 3414 5124; x_wconf 89' lang='lat' dir='ltr'><strong>fetibus</strong></span> <span class='ocrx_word' id='word_1_884' title='bbox 3438 5085 3674 5135; x_wconf 74' lang='lat' dir='ltr'><strong>Sexuunt,</strong></span> 
     </span>
    </p>
   </div>
   <div class='ocr_carea' id='block_1_114' title="bbox 2093 5140 3675 5227">
    <p class='ocr_par' dir='ltr' id='par_1_114' title="bbox 2093 5140 3675 5227">
     <span class='ocr_line' id='line_1_114' title="bbox 2093 5140 3675 5227; baseline 0.014 -34"><span class='ocrx_word' id='word_1_885' title='bbox 2093 5140 2141 5193; x_wconf 85' lang='lat' dir='ltr'><strong>id</strong></span> <span class='ocrx_word' id='word_1_886' title='bbox 2163 5149 2261 5207; x_wconf 90' lang='lat' dir='ltr'><strong>est,</strong></span> <span class='ocrx_word' id='word_1_887' title='bbox 2289 5144 2407 5198; x_wconf 76' lang='lat' dir='ltr'><strong>filiis</strong></span> <span class='ocrx_word' id='word_1_888' title='bbox 2435 5146 2750 5203; x_wconf 79' lang='lat' dir='ltr'><strong>hominum?</strong></span> <span class='ocrx_word' id='word_1_889' title='bbox 2772 5151 3051 5217; x_wconf 86' lang='lat' dir='ltr'><strong>Quomodo</strong></span> <span class='ocrx_word' id='word_1_890' title='bbox 3076 5170 3251 5211; x_wconf 78' lang='lat' dir='ltr'><strong>autent</strong></span> <span class='ocrx_word' id='word_1_891' title='bbox 3279 5158 3432 5227; x_wconf 88' lang='lat' dir='ltr'><strong>dicis,</strong></span> <span class='ocrx_word' id='word_1_892' title='bbox 3469 5181 3487 5213; x_wconf 80' lang='grc' dir='ltr'><strong>ι</strong></span> <span class='ocrx_word' id='word_1_893' title='bbox 3516 5161 3675 5217; x_wconf 82' lang='lat' dir='ltr'><strong>Deum</strong></span> 
     </span>
    </p>
   </div>
   <div class='ocr_carea' id='block_1_115' title="bbox 2092 5232 3673 5308">
    <p class='ocr_par' dir='ltr' id='par_1_115' title="bbox 2092 5232 3673 5308">
     <span class='ocr_line' id='line_1_115' title="bbox 2092 5232 3673 5308; baseline 0.013 -24"><span class='ocrx_word' id='word_1_894' title='bbox 2092 5232 2220 5286; x_wconf 86' lang='lat' dir='ltr'><strong>nihil</strong></span> <span class='ocrx_word' id='word_1_895' title='bbox 2263 5235 2449 5290; x_wconf 85' lang='lat' dir='ltr'><strong>fecisse</strong></span> <span class='ocrx_word' id='word_1_896' title='bbox 2487 5240 2629 5307; x_wconf 86' lang='lat' dir='ltr'><strong>quod</strong></span> <span class='ocrx_word' id='word_1_897' title='bbox 2681 5243 2878 5298; x_wconf 87' lang='lat' dir='ltr'><strong>malum</strong></span> <span class='ocrx_word' id='word_1_898' title='bbox 2925 5246 3052 5300; x_wconf 86' lang='lat' dir='ltr'><strong>est?</strong></span> <span class='ocrx_word' id='word_1_899' title='bbox 3086 5266 3108 5301; x_wconf 73' lang='grc' dir='ltr'><strong>ι</strong></span> <span class='ocrx_word' id='word_1_900' title='bbox 3153 5250 3341 5305; x_wconf 79' lang='lat' dir='ltr'><strong>Annon</strong></span> <span class='ocrx_word' id='word_1_901' title='bbox 3373 5262 3453 5307; x_wconf 89' lang='lat' dir='ltr'><strong>est</strong></span> <span class='ocrx_word' id='word_1_902' title='bbox 3483 5256 3673 5308; x_wconf 88' lang='lat' dir='ltr'><strong>malmn</strong></span> 
     </span>
    </p>
   </div>
   <div class='ocr_carea' id='block_1_116' title="bbox 2090 5323 3667 5407">
    <p class='ocr_par' dir='ltr' id='par_1_116' title="bbox 2090 5323 3667 5407">
     <span class='ocr_line' id='line_1_116' title="bbox 2090 5323 3667 5407; baseline 0.013 -31"><span class='ocrx_word' id='word_1_903' title='bbox 2090 5323 2327 5393; x_wconf 77' lang='lat' dir='ltr'><strong>gehenna</strong></span> <span class='ocrx_word' id='word_1_904' title='bbox 2358 5326 2663 5385; x_wconf 71' lang='lat' dir='ltr'><strong>damnatis?</strong></span> <span class='ocrx_word' id='word_1_905' title='bbox 2686 5331 2804 5387; x_wconf 81' lang='lat' dir='ltr'><strong>Jatn</strong></span> <span class='ocrx_word' id='word_1_906' title='bbox 2835 5351 2961 5390; x_wconf 74' lang='lat' dir='ltr'><strong>vero</strong></span> <span class='ocrx_word' id='word_1_907' title='bbox 2996 5338 3085 5407; x_wconf 91' lang='lat' dir='ltr'><strong>qui</strong></span> <span class='ocrx_word' id='word_1_908' title='bbox 3129 5338 3219 5393; x_wconf 93' lang='lat' dir='ltr'><strong>tibi</strong></span> <span class='ocrx_word' id='word_1_909' title='bbox 3246 5340 3443 5397; x_wconf 89' lang='lat' dir='ltr'><strong>dicenti</strong></span> <span class='ocrx_word' id='word_1_910' title='bbox 3478 5346 3667 5407; x_wconf 72' lang='lat' dir='ltr'><strong>crest,</strong></span> 
     </span>
    </p>
   </div>
   <div class='ocr_carea' id='block_1_117' title="bbox 2117 5457 3669 5566">
    <p class='ocr_par' dir='ltr' id='par_1_117' title="bbox 2117 5457 3669 5566">
     <span class='ocr_line' id='line_1_117' title="bbox 2117 5457 3669 5566; baseline 0.001 -47"><span class='ocrx_word' id='word_1_911' title='bbox 2117 5457 2168 5566; x_wconf 55' lang='grc' dir='ltr'><strong>αξ</strong></span> <span class='ocrx_word' id='word_1_912' title='bbox 2204 5458 2304 5530; x_wconf 70' lang='grc' dir='ltr'><strong>ηις.</strong></span> <span class='ocrx_word' id='word_1_913' title='bbox 2329 5460 2711 5515; x_wconf 66' lang='grc' dir='ltr'><strong>σοιηιηίιῖιὶοηειη</strong></span> <span class='ocrx_word' id='word_1_914' title='bbox 2731 5499 2746 5526; x_wconf 88' lang='grc'><em>,</em></span> <span class='ocrx_word' id='word_1_915' title='bbox 2780 5470 3065 5520; x_wconf 84' lang='lat' dir='ltr'><strong>auctoritate</strong></span> <span class='ocrx_word' id='word_1_916' title='bbox 3108 5477 3213 5521; x_wconf 71' lang='lat' dir='ltr'><strong>uss.</strong></span> <span class='ocrx_word' id='word_1_917' title='bbox 3248 5480 3358 5523; x_wconf 64' lang='lat' dir='ltr'><strong>star.</strong></span> <span class='ocrx_word' id='word_1_918' title='bbox 3398 5473 3519 5523; x_wconf 78' lang='lat' dir='ltr'><strong>Chr.</strong></span> <span class='ocrx_word' id='word_1_919' title='bbox 3552 5481 3669 5524; x_wconf 74' lang='lat' dir='ltr'><strong>Pori.</strong></span> 
     </span>
     <span class='ocr_line' id='line_1_118' title="bbox 2152 5531 2367 5566; baseline 0 0"><span class='ocrx_word' id='word_1_920' title='bbox 2152 5531 2367 5566; x_wconf 70' lang='lat' dir='ltr'><strong>IOCIIDUS.</strong></span> 
     </span>
    </p>
   </div>
   <div class='ocr_carea' id='block_1_118' title="bbox 2086 5529 3657 5657">
    <p class='ocr_par' dir='ltr' id='par_1_118' title="bbox 2086 5529 3657 5657">
     <span class='ocr_line' id='line_1_119' title="bbox 2194 5529 2367 5569; baseline 0.058 -10"><span class='ocrx_word' id='word_1_921' title='bbox 2194 5555 2198 5559; x_wconf 81' lang='grc'><strong>.</strong></span> <span class='ocrx_word' id='word_1_922' title='bbox 2232 5529 2235 5530; x_wconf 68' lang='grc'><strong><em>⁷</em></strong></span> <span class='ocrx_word' id='word_1_923' title='bbox 2313 5534 2322 5565; x_wconf 88' lang='grc' dir='ltr'><strong>ι</strong></span> <span class='ocrx_word' id='word_1_924' title='bbox 2338 5535 2367 5569; x_wconf 86' lang='lat'><strong>‘.</strong></span> 
     </span>
     <span class='ocr_line' id='line_1_120' title="bbox 2086 5529 3657 5657; baseline 0.035 -10"><span class='ocrx_word' id='word_1_925' title='bbox 2086 5529 2435 5657; x_wconf 58' lang='grc' dir='ltr'><strong>ῗῗιοῖιξῑξτιιη,</strong></span> <span class='ocrx_word' id='word_1_926' title='bbox 2459 5583 2550 5634; x_wconf 70' lang='grc' dir='ltr'>ιιοε</span> <span class='ocrx_word' id='word_1_927' title='bbox 2592 5587 2862 5657; x_wconf 60' lang='lat' dir='ltr'><strong>mam</strong></span> <span class='ocrx_word' id='word_1_928' title='bbox 3409 5606 3438 5644; x_wconf 72' lang='grc' dir='ltr'><strong>ι</strong></span> 
     </span>
    </p>
   </div>
   <div class='ocr_carea' id='block_1_119' title="bbox 2086 5639 3657 5714">
    <p class='ocr_par' dir='ltr' id='par_1_119' title="bbox 2086 5639 3657 5714">
     <span class='ocr_line' id='line_1_121' title="bbox 2086 5639 3657 5714; baseline 0.011 -25"><span class='ocrx_word' id='word_1_929' title='bbox 2086 5639 2155 5690; x_wconf 77' lang='lat' dir='ltr'><strong>ita</strong></span> <span class='ocrx_word' id='word_1_930' title='bbox 2177 5653 2269 5691; x_wconf 80' lang='lat' dir='ltr'><strong>non</strong></span> <span class='ocrx_word' id='word_1_931' title='bbox 2301 5643 2534 5714; x_wconf 72' lang='lat' dir='ltr'><strong>sequitur,</strong></span> <span class='ocrx_word' id='word_1_932' title='bbox 2555 5661 2712 5710; x_wconf 76' lang='lat' dir='ltr'><strong>usque</strong></span> <span class='ocrx_word' id='word_1_933' title='bbox 2744 5651 2809 5714; x_wconf 78' lang='lat' dir='ltr'><strong>ad</strong></span> <span class='ocrx_word' id='word_1_934' title='bbox 2825 5639 3174 5714; x_wconf 59' lang='lat' dir='ltr'><strong>verba,alecto;Z</strong></span> <span class='ocrx_word' id='word_1_935' title='bbox 3195 5639 3438 5711; x_wconf 55' lang='lat' dir='ltr'><strong>ési</strong></span> <span class='ocrx_word' id='word_1_936' title='bbox 3459 5639 3657 5709; x_wconf 57' lang='lat' dir='ltr'><strong>restitui:</strong></span> 
     </span>
    </p>
   </div>
   <div class='ocr_carea' id='block_1_120' title="bbox 2091 5710 2865 5770">
    <p class='ocr_par' dir='ltr' id='par_1_120' title="bbox 2091 5710 2865 5770">
     <span class='ocr_line' id='line_1_122' title="bbox 2091 5710 2865 5770; baseline 0.013 -19"><span class='ocrx_word' id='word_1_937' title='bbox 2091 5715 2198 5752; x_wconf 88' lang='lat' dir='ltr'><strong>mus</strong></span> <span class='ocrx_word' id='word_1_938' title='bbox 2216 5716 2277 5753; x_wconf 78' lang='lat' dir='ltr'><strong>ex</strong></span> <span class='ocrx_word' id='word_1_939' title='bbox 2301 5710 2729 5770; x_wconf 80' lang='lat' dir='ltr'><strong>tuanuscriptorum</strong></span> <span class='ocrx_word' id='word_1_940' title='bbox 2751 5712 2865 5762; x_wconf 75' lang='lat' dir='ltr'><strong>ﬁde.</strong></span> 
     </span>
    </p>
   </div>
   <div class='ocr_carea' id='block_1_121' title="bbox 3605 310 3847 366">
    <p class='ocr_par' dir='ltr' id='par_1_121' title="bbox 3605 310 3847 366">
     <span class='ocr_line' id='line_1_123' title="bbox 3605 310 3847 366; baseline 0 0"><span class='ocrx_word' id='word_1_941' title='bbox 3605 310 3755 366; x_wconf 61' lang='lat' dir='ltr'><strong>illi</strong></span> <span class='ocrx_word' id='word_1_942' title='bbox 3838 325 3847 335; x_wconf 89' lang='lat'>&#39;</span> 
     </span>
    </p>
   </div>
  </div>
