3934 6178
216 282 320 342 ιιιδ

215 391 425 450 tmolum
483 382 612 439 nihil
673 398 790 438 esse
845 379 984 435 aliud
1040 393 1198 449 quam
1257 376 1580 429 voluntatem
1636 389 1752 427 ma-

210 490 312 549 lam,
346 478 451 534 sine
477 474 654 546 aliquo
685 483 869 530 coactu
898 473 1214 527 naturalium
1253 469 1645 537 dclinqucntem
1677 484 1689 518 :
1731 484 1750 517 ι

209 587 253 630 ιιι
295 566 682 627 innumerabilia
731 566 868 620 mala
916 574 1116 618 taceam
1141 603 1156 628 ,
1187 576 1305 631 qua:
1346 559 1470 614 mali
1501 559 1676 627 angeli
1706 566 1758 611 et

207 663 417 722 homines
446 661 717 730 patiuntur
744 657 922 722 inviti;
946 657 1116 724 ipsum
1148 665 1406 708 :etcrnum
1437 651 1756 721 supplicium

212 772 298 813 non
321 751 596 814 timchitur,
627 748 767 819 quod
794 757 849 802 et
875 747 1160 800 maximum
1202 744 1401 798 malum
1432 750 1534 806 est,
1567 750 1621 795 et
1651 755 1756 794 non

208 857 274 904 est
306 843 539 899 voluntas
577 838 714 893 mala
738 879 754 904 ,
799 836 894 892 sed
937 851 1092 907 pmna
1137 834 1422 889 voluntatis
1463 832 1634 884 malai.
1667 829 1759 884 Ha:

205 946 308 993 sunt
330 931 756 987 ratiocinationes
802 938 905 983 ture
951 927 1142 998 quibus
1185 935 1340 996 putas
1387 923 1588 978 fulmen
1640 937 1762 977 esse

205 1024 392 1082 verbum
421 1031 592 1087 tuum,
623 1036 742 1074 cum
766 1019 834 1074 sit
859 1019 994 1074 cinis
1021 1033 1114 1072 cor
1135 1026 1305 1072 tuum.

258 1111 426 1171 CXlX.
457 1112 577 1167 JUL.
603 1111 793 1166 Desine
821 1109 996 1179 itaque
1036 1108 1178 1162 viros
1203 1105 1318 1162 sani
1365 1105 1554 1174 capitis
1578 1112 1630 1157 et
1657 1103 1762 1158 Ec-

201 1205 452 1262 clesiarum
503 1202 764 1256 antistites
811 1198 1080 1254 criminari
1113 1215 1125 1252 :
1155 1212 1261 1252 non
1303 1196 1650 1268 subjiciantur
1672 1193 1761 1264 ju-

200 1282 715 1365 dtcihnegligeutiora
745 1299 1044 1349 commenta
1069 1306 1083 1343 :
1116 1304 1289 1360 neque
1309 1289 1450 1343 enim
1473 1288 1604 1341 iram
1629 1301 1764 1340 cuu-

201 1387 338 1443 ctatio
360 1385 560 1450 brevis,
589 1385 682 1439 sed
712 1383 954 1453 pertinax
977 1390 1213 1436 meretur
1231 1379 1472 1434 intentio.
1493 1378 1767 1433 Imitemur

200 1493 308 1533 Sane
359 1491 545 1532 eorum
575 1473 704 1529 illud
751 1473 1021 1537 studium,
1067 1487 1174 1544 quo
1203 1471 1426 1544 pepulos
1463 1470 1765 1526 mdilieave-

201 1580 308 1624 runt
338 1566 670 1623 exhortando
688 1607 704 1632 ,
732 1564 1064 1620 obsecrando
1084 1607 1098 1632 ,
1127 1563 1464 1634 coarguendo
1498 1581 1510 1617 :
1540 1579 1768 1634 quorum

203 1675 308 1713 num
341 1658 628 1729 quidquam
658 1656 938 1724 fecissent,
966 1655 1013 1710 si
1041 1664 1218 1710 vestro
1241 1670 1389 1710 more
1419 1663 1632 1728 peccata
1661 1670 1768 1709 non

201 1750 480 1803 voluntaria
501 1791 517 1816 ,
546 1747 641 1804 sed
670 1748 928 1804 naturalia
954 1746 1343 1803 credidissent?

231 1844 386 1918 ’AL'G.
419 1841 608 1895 lituos
634 1855 730 1912 pro
767 1839 983 1895 modulo
1030 1849 1213 1896 nostro
1260 1839 1482 1912 populos
1534 1838 1769 1894 aedifica-

199 1948 330 1996 mus,
371 1931 666 1997 hortando,
692 1931 1054 1999 obsecrando,
1098 1931 1406 2003 arguendo,
1459 1931 1599 2001 quod
1647 1929 1772 1986 fecit

197 2023 538 2090 Ambrosius;
565 2033 620 2079 et
645 2032 818 2078 tamen
845 2022 914 2078 de
941 2022 1182 2092 originali
1231 2029 1449 2092 peccato
1477 2024 1579 2077 hoc
1603 2022 1774 2076 senti-

199 2129 304 2169 mus
328 2124 383 2169 et
413 2115 640 2169 dicimus
659 2155 674 2182 ,
703 2111 845 2183 quod
876 2115 1046 2168 sensit
1069 2123 1123 2169 et
1145 2113 1279 2168 dixit
1303 2112 1617 2166 Ambrosius
1635 2151 1648 2174 ,
1674 2125 1775 2166 nec

193 2207 361 2272 solus,
406 2206 500 2260 sed
526 2221 648 2260 cum
692 2205 812 2259 aliis
836 2205 1042 2275 magnis
1082 2193 1420 2260 consortibus
1455 2203 1586 2258 suis.
1629 2203 1774 2270 Quos

198 2316 212 2348 ι
242 2297 514 2351 antistites
541 2295 896 2351 Ecclesiarum
933 2314 952 2347 ι
985 2310 1105 2350 cum
1141 2313 1160 2348 ι
1191 2297 1334 2350 viros
1384 2294 1499 2349 sani
1525 2295 1712 2363 capitis
1748 2313 1769 2348 ›

192 2388 360 2450 dicas;
400 2395 456 2440 ιιι
481 2387 623 2457 quali
651 2386 826 2456 capite
856 2387 954 2440 ista
975 2427 989 2451 ,
1018 2400 1135 2455 qua:
1162 2385 1236 2439 illi
1256 2384 1529 2439 notissima
1549 2399 1775 2438 consen-

193 2479 331 2533 sione
355 2476 658 2532 didicerunt
702 2485 861 2546 atque
903 2476 1232 2542 docuerunt,
1262 2474 1607 2544 reprehendis
1632 2481 1777 2528 atro-

195 2569 344 2636 citer,
373 2567 721 2637 defcndisqnc
747 2566 1032 2632 fallaciter;
1064 2573 1120 2621 et
1150 2581 1237 2621 me
1261 2567 1439 2636 arguis
1466 2566 1650 2621 dicens
1677 2581 1773 2621 eo-

197 2674 298 2711 rum
315 2672 435 2713 csse
464 2657 888 2722 criminatorem,
918 2671 1038 2711 cum
1056 2654 1238 2711 videas
1262 2670 1448 2710 eorum
1472 2663 1656 2709 contra
1687 2665 1773 2710 tua

198 2747 438 2812 crimina,
467 2763 586 2817 qu:e
634 2761 698 2801 ex
729 2746 944 2816 obliquo
985 2745 1089 2800 illis
1115 2746 1304 2815 objicis
1327 2786 1340 2810 ,
1394 2744 1774 2801 defensorem?

203 2839 328 2894 llicis
353 2853 542 2894 eorum
579 2857 598 2890 ι
634 2839 1013 2909 negligentiora
1041 2847 1342 2894 commenta
1370 2853 1473 2892 non
1501 2853 1621 2893 esse
1651 2838 1776 2894 sub-

194 2931 409 2998 jicienda
435 2931 642 3001 judicio
678 2949 690 2984 :
735 2949 755 2984 ι
785 2931 982 2986 siccine
1026 2930 1234 2985 illorum
1265 2929 1404 2985 dicta
1446 2929 1690 2985 defendis
1713 2945 1776 2985 ac

200 3023 395 3079 deluis?
422 3024 506 3078 An
540 3021 715 3093 potius
741 3022 958 3078 nomine
983 3020 1314 3092 negligentiae
1343 3020 1599 3091 reprobas
1617 3030 1671 3075 et
1688 3035 1778 3076 ac-

200 3129 376 3178 cusas,
409 3123 463 3170 ct
494 3113 642 3168 tmllo
669 3113 944 3168 dubitante
971 3112 1326 3178 condemnas,
1357 3126 1476 3182 qua:
1501 3110 1776 3181 negligen-

202 3219 272 3262 ter
298 3207 460 3263 cll‘usa
483 3248 500 3273 ,
531 3217 588 3262 et
615 3207 734 3262 ideo
764 3205 894 3261 falsa
938 3220 1059 3262 esse
1103 3204 1456 3276 pronuntias?
1509 3205 1780 3274 Rogamus

203 3309 273 3361 te.
324 3302 367 3354 si
424 3299 560 3354 falsa
609 3313 728 3354 esse
757 3298 954 3353 asseris
983 3297 1122 3353 dicta
1153 3312 1272 3367 quae
1320 3294 1596 3362 defendis,
1651 3311 1778 3352 vera

200 3403 305 3444 esse
347 3403 532 3445 assere
577 3404 694 3459 quze
735 3386 1097 3457 reprehendis.
1137 3404 1156 3438 ‹
1193 3385 1328 3440 Iram
1361 3400 1464 3439 non
1512 3385 1779 3440 cunctatio

205 3482 390 3546 brevis,
428 3499 447 3534 ι
482 3480 697 3551 inquis,
730 3499 749 3532 ι
786 3481 879 3535 sed
911 3479 1154 3549 pertinax
1183 3485 1418 3533 meretur
1445 3477 1668 3532 intentio
1698 3496 1711 3532 :
1754 3497 1773 3531 ι

201 3573 331 3640 quasi
358 3571 564 3643 aliquid
595 3572 830 3642 proferas
851 3612 865 3636 ,
894 3570 1032 3625 unde
1080 3569 1254 3636 possis
1277 3568 1561 3623 ostendere
1613 3569 1731 3624 illos
1760 3611 1776 3637 ,

204 3679 294 3718 non
316 3664 433 3720 dico
465 3673 594 3736 post
622 3665 836 3718 brevem
869 3663 922 3726 ‘,
954 3661 1048 3716 sed
1097 3661 1282 3716 saltem
1313 3668 1430 3729 post
1455 3660 1664 3729 longam
1695 3660 1778 3713 in-

205 3759 479 3813 lcntioncm
501 3801 518 3826 ,
555 3756 635 3812 vel
669 3757 722 3810 in
773 3756 875 3810 line
904 3754 1024 3807 vitae
1053 3768 1164 3808 suae
1193 3751 1259 3807 de
1287 3760 1502 3820 peccato
1537 3751 1779 3821 originali

204 3858 418 3903 mutasse
449 3847 800 3904 sententiam.
842 3845 983 3898 Vana
1017 3842 1278 3912 loqueris,
1310 3841 1492 3894 insana
1525 3841 1777 3909 loqueris,

203 3954 432 4007 perversa
461 3951 518 3997 ct
581 3950 681 3993 tua:
733 3937 888 3992 saluti
938 3935 1160 3990 adversa
1213 3933 1485 4004 loqueris:
1518 3933 1733 4003 quiesce
1762 3973 1778 4000 ,

202 4033 442 4097 obsecro;
467 4031 603 4105 quid
638 4041 839 4086 tantum
870 4027 1142 4099 loqueris?

265 4124 416 4179 CXX.
435 4126 564 4181 JcL.
598 4124 788 4178 \‘crnm
816 4135 1094 4192 pergamus
1121 4119 1186 4174 ad
1218 4119 1440 4190 reliqua.
1470 4117 1609 4173 Nihil
1638 4133 1785 4188 pror-

205 4230 286 4272 sus
313 4221 486 4286 valet,
516 4216 663 4288 quod
695 4226 744 4270 te
771 4215 850 4268 ais
876 4213 1086 4268 diabolo
1117 4219 1384 4281 reputare,
1410 4226 1515 4264 non
1533 4225 1780 4280 corpora,

206 4309 287 4362 sed
311 4309 502 4365 delicta
534 4327 550 4362 :
589 4305 840 4362 inliciaris
861 4303 1112 4366 omnino,
1165 4302 1302 4356 sicut
1339 4299 1643 4370 frequenter
1691 4315 1783 4354 os-

209 4399 492 4466 tendimus,
528 4398 678 4453 nullo
704 4396 808 4450 alio
853 4393 1060 4454 studio,
1117 4391 1217 4446 nisi
1249 4399 1304 4444 ut
1351 4390 1622 4444 Manichaei
1649 4390 1785 4445 vites

209 4489 476 4559 invidiam,
530 4489 686 4560 cujus
738 4487 964 4556 inspiras
1002 4498 1288 4539 venenum.
1318 4482 1550 4550 Corpora
1594 4482 1734 4534 enim
1765 4523 1780 4546 ,

210 4599 414 4651 prorsus
443 4598 674 4654 corpora
700 4591 912 4650 reputas
932 4577 1152 4648 principi
1178 4575 1535 4635 tenebrarum,
1559 4589 1783 4644 quorum

207 4678 633 4732 t-ommistioucm
661 4671 972 4728 diabolicam
1007 4666 1267 4738 proﬁteris
1290 4706 1306 4732 ,
1334 4681 1556 4735 quorum
1578 4665 1785 4735 genita-

210 4767 298 4832 lia,
326 4783 556 4839 quorum
606 4773 780 4819 motus
802 4805 816 4826 ,
841 4776 1064 4832 quorum
1104 4759 1303 4813 fructus
1330 4771 1565 4810 accusas.
1595 4757 1786 4826 Argnis

210 4860 370 4926 palam
401 4876 466 4913 ex
496 4858 672 4928 primo
702 4851 1004 4924 magisterio
1034 4849 1268 4904 membra
1291 4888 1304 4912 ,
1336 4861 1438 4901 non
1467 4846 1589 4901 vitia
1616 4863 1627 4899 :
1659 4845 1785 4899 illud

209 4952 341 5005 enim
372 4951 508 5006 dicis
536 4948 882 5008 diabolicum,
911 4942 1051 5014 quod
1088 4943 1246 4997 etiam
1279 4939 1622 5006 Manichmus,
1652 4940 1790 4994 sicut

210 5041 256 5094 in
287 5042 568 5112 scripturis
596 5039 712 5108 ejus
737 5036 927 5102 docui,
959 5033 1240 5087 insexibus
1261 5029 1564 5101 indignatur
1589 5032 1785 5100 vigere.

211 5133 268 5187 Et
313 5143 369 5188 nt
417 5132 736 5202 repetitione
787 5126 932 5182 brevi
977 5125 1141 5179 lector
1171 5131 1383 5185 noster,
1413 5120 1554 5190 quod
1605 5131 1788 5177 tenere

209 5227 368 5291 possit
392 5266 409 5290 ,
436 5223 665 5292 accipiat
693 5239 705 5274 :
735 5227 827 5274 aut
876 5214 1098 5272 ostende
1123 5229 1240 5268 esse
1269 5213 1318 5267 in
1347 5215 1576 5282 parvulis
1602 5213 1790 5267 volun-

210 5325 403 5380 tatem,
436 5323 531 5367 aut
572 5312 638 5366 ab
661 5311 740 5366 eis
777 5309 977 5364 crimen
1028 5314 1288 5359 amoveto.
1321 5302 1471 5371 Quod
1511 5318 1630 5358 eum
1684 5319 1788 5358 non

211 5403 333 5458 facis
353 5445 368 5467 ,
401 5403 497 5458 sed
521 5402 720 5456 asseris
746 5413 840 5455 eos
867 5406 1079 5467 propter
1101 5394 1199 5448 hoc
1216 5409 1245 5447 a
1270 5393 1484 5448 diabolo
1506 5394 1788 5464 pOSsidcri,

213 5492 327 5564 quia
349 5494 418 5550 de
449 5506 734 5561 corporum
764 5498 890 5544 sunt
916 5484 1292 5542 commixtione
1318 5485 1583 5553 generati;
1608 5496 1789 5540 osten-

273 5715 288 5748 θ
317 5713 480 5762 Codex
510 5717 635 5759 t‘ort.
662 5706 736 5756 hic
762 5722 787 5754 a
807 5706 908 5766 ‘dtl,
934 5695 1292 5749 reuelationem.

1512 257 1713 315 LIBER
1751 256 2099 324 QUH’JUS.

3309 257 3448 318 MU:

1865 371 1947 424 dis
1977 381 2028 426 te
2052 386 2155 426 non
2182 381 2392 441 peccata
2416 415 2430 436 ,
2462 389 2579 442 qua:
2605 373 2719 429 sine
2747 373 3015 427 voluntate
3043 387 3144 427 non
3173 385 3317 439 sunt,
3358 376 3450 431 scd

1870 465 1980 533 ipsa
2009 479 2231 534 corpora
2261 465 2580 519 adversaria:
2609 467 2852 535 potestati
2900 467 3176 536 deputare.
3209 465 3279 521 Ut
3326 483 3452 536 ergo

1867 572 1927 610 ca
1961 556 2149 624 libido,
2178 573 2296 627 qua:
2323 568 2375 612 et
2407 558 2456 611 iu
2485 559 2787 613 hominibus
2814 570 2866 613 et
2898 561 2947 612 in
2997 561 3275 628 pecoribus
3303 560 3452 614 inve-

1867 651 2038 712 nitur,
2071 650 2324 703 naturalis
2353 659 2407 704 et
2430 665 2459 703 a
2489 651 2597 704 Deo
2622 651 2862 704 instituta
2879 660 2960 705 est
2992 669 3005 705 :
3039 652 3108 704 ita
3136 652 3235 705 ista
3267 652 3452 718 libido,

1867 755 2022 809 quam
2053 740 2104 793 in
2131 741 2506 811 disputationis
2535 751 2636 796 tua:
2676 743 2931 796 varietate
2986 745 3310 813 perpeteris,
3361 761 3456 814 per

1867 847 2024 902 quam
2055 834 2194 887 inter
2223 835 2365 887 varia
2395 833 2642 902 dogmata
2673 837 3045 905 contrariaque
3071 836 3322 899 versaris,
3347 851 3453 888 non

1869 924 2045 977 minus
2071 938 2098 976 a
2150 923 2369 978 stultitia
2401 939 2559 993 quam
2590 941 2620 978 a
2650 924 2968 994 profanitate
3017 937 3273 995 concepta
3306 937 3387 979 est
3414 929 3454 978 ‘.

1867 1013 2019 1069 Haud
2062 1015 2251 1083 injuria
2283 1031 2410 1083 ergo
2440 1014 2780 1070 Ambrosium
2808 1031 2837 1069 a
2886 1027 3061 1071 vestra
3091 1017 3312 1070 cohorte
3343 1017 3458 1071 dis-

1869 1106 2192 1177 tinguimus;
2223 1122 2323 1162 nec
2350 1106 2496 1161 illum
2523 1149 2536 1172 ,
2569 1107 2706 1162 sicut
2749 1107 2919 1178 petis,
2973 1107 3322 1162 Manichzeum
3367 1124 3460 1163 vo-

1869 1213 2072 1252 camus.

1943 1288 2078 1343 Anc.
2115 1287 2346 1342 lnaniter
2370 1288 2589 1342 omnino
2641 1289 2890 1344 laborasti
2917 1331 2932 1356 ,
2960 1301 3018 1344 ut
3047 1290 3112 1344 ad
3144 1291 3297 1345 istam
3329 1307 3460 1348 cou-

1872 1377 2164 1432 clusionem
2198 1378 2382 1432 falsam
2411 1389 2571 1448 atque
2592 1379 2889 1446 ridiculam,
2925 1381 3096 1451 longis
3116 1391 3169 1436 et
3188 1385 3461 1446 tortuosis,

1873 1469 2150 1527 fallacibus
2196 1479 2250 1525 et
2301 1470 2577 1541 fugacibus
2606 1471 2933 1527 anfractibus
2991 1477 3330 1543 pervenires,
3374 1475 3462 1529 ubi

1874 1561 2082 1618 diceres
2105 1603 2122 1630 ,
2152 1581 2170 1614 ι
2209 1578 2316 1618 non
2347 1564 2537 1633 injuria
2577 1579 2673 1618 vos
2696 1563 3036 1618 Ambrosium
3084 1581 3114 1618 a
3157 1576 3335 1619 nostra
3367 1581 3463 1619 co-

1875 1654 2029 1710 horte
2075 1655 2434 1726 distinguere,
2482 1672 2582 1712 nec
2635 1673 2755 1711 eum
2787 1658 2965 1712 dicere
3019 1658 3388 1712 Maniclneum.
3440 1675 3459 1709 ι

1874 1747 2102 1802 Prorsus
2127 1748 2170 1802 si
2200 1749 2345 1802 illum
2377 1764 2484 1804 non
2513 1748 2646 1804 dicis
2666 1790 2680 1813 ,
2728 1765 2828 1804 nec
2858 1766 2943 1804 me
2969 1750 3132 1805 debes
3159 1751 3338 1804 dicere
3373 1769 3385 1802 :
3417 1751 3464 1804 si

1875 1847 2054 1894 autem
2081 1853 2167 1893 me
2210 1838 2493 1894 dicendum
2523 1848 2676 1909 putas
2695 1881 2710 1904 ,
2739 1849 2793 1894 et
2822 1842 2966 1894 illum
3017 1840 3222 1910 cogeris
3249 1840 3427 1895 dicere
3446 1882 3462 1906 ,

1876 1937 1930 1983 et
1958 1929 2076 1984 illos
2105 1944 2293 1983 omnes
2342 1945 2564 1999 magnos
2593 1930 2848 1985 Ecclesia:
2874 1932 3152 2000 clarosque
3176 1931 3426 1985 doctores
3450 1971 3465 1995 ,

1877 2021 1965 2089 qui
1989 2019 2058 2074 de
2087 2029 2302 2088 peccato
2327 2021 2588 2090 originali,
2625 2029 2837 2090 propter
2852 2022 2990 2090 quod
3018 2037 3103 2076 me
3121 2022 3467 2076 Maniclncum

1878 2107 2009 2163 dicis
2029 2151 2043 2174 ,
2070 2124 2132 2163 ea
2154 2109 2334 2163 dicunt
2363 2112 2478 2165 sine
2509 2111 2613 2164 ulla
2641 2111 2963 2166 obscuritate
2990 2113 3071 2166 vel
3100 2113 3467 2182 ambiguitate,

1879 2216 1998 2270 quae
2027 2200 2178 2266 dico,
2201 2203 2332 2255 utin
2356 2203 2527 2271 primo
2547 2213 2600 2256 et
2630 2203 2866 2257 secundo
2893 2219 2990 2258 sex
3029 2204 3288 2258 librorum
3321 2222 3470 2258 meo—

1880 2307 1998 2346 rum
2024 2333 2038 2355 ,
2059 2307 2194 2362 quos
2223 2302 2406 2347 contra
2434 2303 2661 2364 quatuor
2691 2304 2808 2348 tuos
2831 2294 3004 2359 edidi,
3042 2297 3172 2349 satis
3199 2296 3473 2350 evidenter

1880 2384 2109 2438 ostendi.
2136 2384 2240 2440 Sed
2263 2400 2358 2454 per
2379 2393 2519 2438 tuam
2540 2385 3086 2440 scilicctdialecticam
3108 2395 3400 2441 terreretur
3423 2389 3468 2452 ',

1880 2474 1926 2529 si
1953 2475 2036 2528 his
2061 2475 2249 2529 diebus
2275 2484 2577 2544 superesset
2599 2476 2911 2530 Ambrosius
2932 2518 2946 2540 ,
2978 2486 3034 2530 ut
3055 2492 3122 2530 ex
3143 2492 3474 2546 consequen-

1881 2567 2022 2622 tibus
2047 2567 2195 2622 falsis
2224 2568 2500 2622 inveniens
2529 2567 2720 2621 falsum
2753 2583 2872 2622 esse
2898 2567 3038 2636 quod
3077 2577 3352 2629 senserat,
3386 2569 3470 2623 di-

1879 2673 2003 2714 cere
2030 2674 2134 2712 non
2169 2658 2389 2714 auderet
2420 2659 2641 2714 ulterius
2665 2700 2677 2723 ,
2720 2659 2787 2713 de
2843 2675 3063 2714 sexuum
3093 2661 3475 2717 counnixtione

1882 2750 2131 2820 parvulos
2151 2759 2305 2804 natos
2325 2759 2574 2818 expertes
2599 2765 2706 2804 non
2737 2765 2859 2805 esse
2889 2750 3103 2817 delicti,
3135 2767 3200 2806 ne
3247 2767 3341 2821 per
3369 2751 3471 2806 hoc

1881 2855 1974 2895 eos
2000 2840 2099 2894 sub
2129 2848 2390 2909 potestate
2439 2839 2637 2894 diaboli
2665 2841 3013 2895 constitueret
3042 2859 3056 2895 :
3098 2850 3224 2896 tunc
3267 2858 3394 2912 ergo
3424 2856 3473 2897 te

1881 2931 2099 2986 doctore
2124 2931 2445 2986 Manicbazus
2474 2947 2594 2986 esse
2623 2930 2924 2985 desisteret.
2957 2931 3002 2986 0
3027 2933 3152 3001 quid
3199 2934 3426 3001 perdidit
3454 2975 3470 2997 ,

1882 3027 1970 3092 qui
1996 3031 2047 3076 te
2074 3022 2257 3077 audire
2295 3039 2400 3076 non
2427 3023 2628 3091 potuit!
2659 3021 2889 3077 Proinde
2913 3023 3034 3092 quia
3063 3031 3282 3092 propter
3334 3023 3475 3076 hunc

1883 3128 2101 3169 sensum
2146 3113 2490 3168 Manicbaeum
2531 3129 2619 3169 me
2671 3129 2790 3168 esse
2816 3114 2982 3181 dicis,
3016 3115 3256 3183 profecto
3287 3117 3337 3170 in
3374 3116 3473 3171 hoc

1885 3219 2045 3259 sensu
2073 3219 2421 3274 perseverans
2444 3246 2458 3268 ,
2483 3204 2831 3269 Maniclneus,
2857 3213 2909 3258 te
2955 3215 3175 3260 auctore
3193 3247 3208 3271 ,
3242 3206 3464 3261 Ambro-

1883 3295 1996 3349 sius
2046 3295 2144 3348 hac
2178 3295 2410 3350 excessit
2449 3310 2481 3349 e
2508 3297 2634 3349 vita.
2666 3295 2779 3349 Non
2811 3310 2938 3364 ergo
2967 3296 3111 3349 illum
3140 3296 3424 3350 defelldere
3454 3339 3467 3361 ,

1884 3386 2025 3457 quod
2079 3388 2226 3443 nullo
2265 3387 2424 3442 modo
2451 3397 2602 3457 potes
2621 3429 2636 3454 ,
2659 3387 2751 3442 sed
2779 3388 2962 3443 dolere
2989 3389 3152 3444 debes
3175 3430 3190 3456 ,
3235 3393 3354 3459 quia
3380 3393 3474 3445 de-

1883 3490 2008 3532 cere
2026 3475 2136 3546 jam
2168 3492 2271 3530 non
2316 3486 2467 3546 potes
2496 3495 2508 3532 :
2543 3477 2684 3547 quod
2731 3478 2775 3532 si
2804 3476 2980 3533 facere
3010 3481 3270 3548 potuisses
3295 3522 3309 3545 ,
3359 3497 3472 3533 ma-

1883 3567 2102 3638 gistcrio
2133 3576 2221 3621 tuo
2247 3568 2336 3622 ille
2363 3576 2639 3638 correptus
2668 3579 2827 3638 atque
2861 3555 3135 3624 correctus
3169 3572 3476 3640 prohiberet

1888 3658 2065 3727 utique
2093 3658 2144 3711 in
2173 3658 2408 3712 Ecclesia
2440 3673 2597 3727 quam
2627 3659 2872 3729 regebat,
2905 3662 3191 3714 exorcizari
3224 3661 3473 3717 ctexsuf—

1892 3748 2007 3801 flari
2036 3748 2381 3816 baptizandus
2427 3750 2708 3818 parvulos;
2761 3765 2826 3804 ne
2857 3751 2908 3803 iu
2941 3761 3015 3804 tot
3065 3752 3434 3808 innocentibus
3459 3794 3474 3816 ,

1888 3854 2065 3908 neque
2093 3839 2196 3892 ulla
2227 3839 2435 3893 ratione
2455 3879 2470 3903 ,
2503 3848 2560 3891 ut
2589 3841 2784 3892 asseris
2808 3879 2823 3903 ,
2859 3840 2959 3892 sub
2985 3849 3249 3909 potestate
3280 3842 3475 3896 diaboli

1887 3928 2189 3983 ceustitutis
2216 3927 2532 3996 imaginibus
2556 3928 2650 3981 Dei
2675 3969 2689 3991 ,
2721 3928 2818 3997 ipsi
2856 3929 2966 3982 Deo
2995 3931 3144 3983 lieret
3167 3939 3270 3982 tam
3300 3931 3478 3998 gravis

1887 4005 2048 4088 atqtie
2075 4019 2294 4088 insignis
2325 4017 2513 4087 injuria
2544 4017 2722 4088 :quod
2745 4029 2918 4084 tamen
2949 4020 2992 4073 si
3025 4020 3135 4074 ﬁeri
3166 4021 3475 4089 prohiberet

1889 4110 2202 4163 Ambrosius
2225 4150 2238 4171 ,
2270 4107 2544 4162 vobiscum
2575 4107 2642 4163 de
2689 4109 2923 4164 Ecclesia
2956 4110 3216 4165 catholica
3252 4111 3478 4180 pellere-

1892 4211 1994 4254 tur.
2028 4199 2180 4254 Absit
2211 4199 2352 4254 enim
2380 4210 2437 4253 ut
2468 4199 2582 4254 lucc
2606 4203 2868 4254 correctio
2913 4202 3086 4270 potius
3110 4242 3124 4265 ,
3175 4218 3333 4271 quam
3382 4201 3478 4255 de-

1891 4294 2066 4363 ceptio
2113 4295 2436 4348 nominetur.
2483 4294 2634 4348 Absit
2673 4309 2802 4363 ergo
2851 4303 2907 4347 ut
2951 4293 3043 4348 ille
3095 4295 3175 4348 vir
3206 4295 3479 4348 vobiscum

1890 4397 2073 4441 contra
2125 4395 2345 4439 matrem
2379 4385 2704 4442 Catholicam
2758 4385 3158 4440 consisteret’:
3191 4385 3284 4439 scd
3330 4385 3482 4438 vobis

1893 4478 2116 4530 invictus
2146 4493 2240 4546 pro
2280 4477 2366 4531 illa
2405 4477 2698 4530 resisteret.
2727 4474 2862 4542 Quid
2893 4487 2974 4528 est
3021 4475 3204 4543 igitur,
3259 4491 3366 4546 quo
3399 4492 3483 4530 me

1892 4569 1960 4622 ab
1987 4570 2078 4622 illo
2108 4570 2158 4622 in
2189 4569 2285 4622 hac
2312 4583 2469 4622 causa
2500 4566 2852 4635 separandum
2879 4567 3066 4636 putas?
3093 4568 3194 4622 Per
3218 4569 3480 4622 commix-

1895 4659 2089 4713 lionem
2116 4673 2398 4727 Corporum
2441 4659 2603 4710 maris
2629 4667 2682 4711 et
2713 4657 2921 4711 feminzu
2945 4699 2959 4722 ,
2987 4658 3165 4712 delicti
3209 4669 3480 4728 expertem

1894 4749 2038 4803 nasci
2066 4748 2188 4802 dico
2234 4749 2500 4802 neminem
2528 4789 2544 4814 ,
2573 4748 2709 4801 sicut
2753 4749 2839 4802 ille
2864 4764 2878 4814 ;
2926 4764 3021 4803 nec
3052 4759 3227 4803 tamen
3257 4766 3479 4818 corpora

1894 4839 2105 4894 diabolo
2157 4839 2417 4893 conditori
2461 4839 2674 4902 tribuo,
2715 4840 2838 4908 quia
2888 4855 2986 4895 uec
3039 4841 3125 4895 ille
3160 4859 3173 4895 :
3218 4841 3474 4911 (ptemad-

1893 4931 2111 4986 modum
2157 4941 2359 4986 natura:
2399 4931 2580 4986 vitium
2628 4932 2785 4985 ambo
2820 4932 3134 4999 culpamus,
3168 4933 3236 4985 ita
3282 4944 3482 4986 natura:

1894 5034 2165 5080 auctorem
2195 5025 2353 5079 ambo
2385 5040 2718 5079 veneramur.
2748 5024 2800 5078 Si
2828 5025 3077 5092 quoniam
3103 5028 3484 5099 concupiscen-

1897 5117 2022 5171 tiam
2053 5115 2228 5170 carnis
2249 5155 2266 5181 ,
2299 5131 2397 5184 qua
2420 5130 2545 5169 caro
2573 5115 2902 5182 concupiscit
2932 5114 3186 5171 adversus
3213 5118 3481 5187 spiritum,

1897 5223 1993 5279 per
2012 5208 2497 5278 praevaricationem
2529 5207 2680 5276 primi
2713 5206 2943 5262 hominis
2972 5208 3023 5262 in
3081 5219 3320 5264 naturam
3366 5225 3482 5261 vcr-

1898 5303 2026 5357 tisse
2053 5301 2206 5365 dico,
2252 5299 2372 5366 ideo
2413 5316 2431 5350 ι
2465 5314 2630 5368 arguo
2673 5299 2944 5364 membra,
2976 5317 3079 5355 non
3122 5301 3278 5363 vitia;
3319 5317 3336 5350 ι
3384 5297 3482 5350 Inc

1899 5396 2023 5452 fecit
2060 5402 2115 5450 et
2162 5393 2295 5448 ille:
2336 5393 2378 5446 si
2434 5408 2560 5446 vero
2609 5391 2822 5448 aliunde
2869 5405 2949 5448 cst
3004 5396 3152 5463 origo
3196 5393 3480 5451 vitiorum,

1963 5511 1978 5540 ι
2017 5508 2303 5568 \‘ignierius.
2340 5518 2370 5553 η
2404 5503 2686 5568 prof/minue
2716 5512 2812 5566 est;
2841 5507 3034 5560 (lllliSSO,
3061 5508 3312 5564 ronrepta,
3353 5497 3484 5564 quod

1901 5583 1964 5618 ex
1987 5572 2238 5629 manust-ru
2257 5571 2320 5616 tis
2342 5571 2628 5616 restitutur.

1963 5632 1982 5662 ¹
2015 5633 2086 5678 Sic
2110 5639 2196 5678 Mss
2239 5631 2349 5677 l-‘aliti
2372 5644 2504 5688 vero,
2529 5636 2779 5680 tereretur.

1968 5691 1988 5724 ³
2025 5703 2124 5743 ι’.ἳιιὶι
2169 5694 2206 5740 δέ
2234 5700 2367 5741 ιυιΪίυ
