3934 6178
453 257 595 314 “15

452 364 666 421 aliunde
691 361 1082 425 membrorum;
1109 374 1207 416 nec
1230 375 1331 428 ego
1344 359 1445 431 (a),
1464 375 1561 415 nec
1583 359 1687 414 ille.
1703 359 2038 414 Voluntatem

456 456 723 528 propriam
769 457 942 509 inesse
968 450 1341 513 nascentibus,
1385 466 1482 506 nec
1526 450 1838 504 Ambrosius
1868 450 1994 505 dicit
2024 491 2040 517 ,

458 520 679 616 nec'eg'o
704 562 717 598 :
746 560 840 616 per
881 542 1039 614 primi
1086 542 1315 595 hominis
1345 550 1520 596 tamen
1563 540 2041 611 prmvaricatricem

458 639 781 691 voluntatem
811 632 1007 687 factum
1036 647 1157 687 esse
1175 631 1622 702 concupiscentia:
1643 631 1827 685 vilium
1855 672 1870 695 ,
1900 629 2042 685 unde

458 744 554 798 per
578 725 1006 781 eommixtionem
1058 739 1279 778 sexuum
1331 731 1610 777 nascentes
1634 721 1849 777 trahunt
1876 721 2041 792 origi-

418 815 421 818 ’
457 819 578 872 nale
628 824 935 886 peccatum,
976 825 1029 869 et
1077 814 1392 868 Ambrosius
1436 812 1601 879 dicit,
1631 821 1685 866 et
1721 828 1841 883 ego.
1872 811 2044 865 Ambo

456 910 615 979 igitur
649 916 801 961 natos
846 906 1127 971 homines,
1175 914 1458 975 anteqUam
1500 914 1884 968 renascantur,
1922 910 2045 956 ‘non

457 1010 674 1070 propter
713 1013 897 1053 eorum
927 996 1272 1050 substantiam
1303 1037 1319 1061 ,
1349 994 1500 1065 cujus
1524 1003 1733 1048 creator
1754 1003 1834 1047 est
1883 993 2042 1060 Deus,

457 1091 553 1146 sed
576 1099 790 1159 propter
823 1097 1096 1157 peccatum
1145 1086 1285 1156 quod
1339 1101 1436 1155 per
1474 1101 1635 1139 unum
1670 1084 1943 1159 intravit,
1992 1093 2046 1140 et

459 1197 553 1251 per
578 1194 763 1235 ontnes
793 1178 1035 1232 homines
1061 1177 1364 1245 pertransiit
1389 1217 1403 1238 ,
1426 1176 1579 1244 cujus
1604 1176 1806 1244 peccati
1859 1184 2046 1229 auctor

457 1282 540 1327 est
565 1271 812 1326 diabolus
834 1311 850 1335 ,
896 1268 1141 1338 potestati
1169 1266 1487 1321 adversariae
1515 1265 1853 1335 deputamus.
1904 1262 2044 1332 Quid

457 1374 540 1419 est
560 1362 701 1432 quod
725 1372 775 1416 te
797 1358 1251 1430 impudentissima
1283 1357 1455 1411 fronte
1475 1358 1736 1422 mentiris,
1775 1357 2045 1412 Ambrosii

459 1464 514 1510 et
539 1455 767 1508 aliorum
818 1451 1067 1505 similium
1095 1449 1234 1504 dicta
1273 1447 1559 1502 defendere
1603 1456 1761 1517 atque
1784 1445 2045 1507 deluere?

459 1544 590 1615 Quis
619 1544 689 1597 ita
711 1556 882 1598 caecus
910 1548 992 1595 est
1016 1581 1030 1604 ,
1065 1548 1121 1594 ut
1164 1554 1268 1592 non
1289 1538 1465 1592 videat
1504 1536 1646 1607 quod
1675 1552 1737 1592 ea
1781 1545 1835 1590 tu
1860 1551 2045 1606 repre-

460 1635 703 1700 hcndas,
733 1647 832 1703 ego
877 1629 1198 1694 defendam;
1246 1637 1300 1683 tu
1351 1629 1586 1698 polluas,
1646 1642 1744 1696 ego
1784 1625 2044 1681 deluam?

459 1725 728 1781 Ambrosii
755 1724 895 1777 dicta
941 1730 1065 1775 sunt
1093 1719 1159 1773 de
1179 1718 1393 1772 Christo
1425 1716 1692 1787 loquentis
1720 1735 1734 1771 :
1770 1735 1789 1768 ι
1822 1715 1945 1771 Ideo
1968 1757 1983 1782 ,
2018 1734 2038 1768 ι

459 1814 663 1885 inquit,
701 1832 721 1864 ι
749 1822 799 1868 et
826 1812 975 1882 quasi
1001 1811 1159 1864 homo
1181 1825 1277 1880 per
1302 1809 1545 1863 universa
1587 1815 1820 1863 tentatus
1842 1817 1923 1862 est
1945 1849 1961 1874 ,
1992 1817 2047 1862 et

458 1904 511 1958 in
535 1902 883 1958 similitudine
909 1900 1182 1954 hominum
1210 1908 1397 1953 cuncta
1421 1897 1709 1963 sustinuit;
1761 1897 1853 1951 sed
1892 1897 2042 1967 quasi

457 1996 525 2050 de
551 1994 750 2065 Spiritu
795 2002 949 2047 natus
972 2032 987 2057 ,
1018 1990 1275 2045 abstinuit
1320 2004 1350 2043 a
1394 1995 1610 2058 peccato
1642 1987 1859 2041 :omnis
1900 1986 2042 2041 enim

457 2087 619 2141 homo
640 2083 864 2139 mendax
893 2124 906 2149 ,
940 2092 992 2137 et
1018 2095 1175 2137 nemo
1194 2080 1309 2135 sine
1337 2089 1556 2149 peccato
1579 2078 1679 2132 nisi
1716 2092 1854 2132 unus
1880 2077 2040 2132 Deus.

456 2178 737 2233 Servatum
780 2182 862 2228 est
905 2171 1064 2242 igitur
1087 2213 1101 2236 ,
1140 2190 1160 2224 ι
1196 2171 1403 2241 inquit,
1441 2187 1459 2220 ι
1490 2177 1547 2223 ιιι
1575 2183 1641 2223 ex
1672 2168 1789 2222 viro
1834 2175 1888 2221 et
1924 2182 2044 2220 mu-

455 2270 615 2334 liere,
667 2265 719 2322 id
763 2276 875 2329 est,
907 2280 1003 2335 per
1044 2263 1187 2317 illam
1234 2276 1518 2331 corporum
1563 2259 1995 2314 commixtionem
2023 2299 2039 2325 ,

454 2377 614 2421 nemo
642 2359 884 2413 videatur
905 2370 1098 2425 expers
1125 2370 1243 2409 esse
1267 2348 1442 2407 delicti
1479 2371 1492 2405 :
1516 2352 1604 2421 qni
1650 2358 1828 2405 autem
1852 2363 2043 2418 expers

454 2451 671 2516 delicti,
722 2463 913 2517 expers
953 2449 1113 2502 etiam
1162 2442 1469 2515 hujusmodi
1507 2441 1870 2512 conoeptionis
1899 2459 1918 2493 ι
1953 2440 2043 2513 (In

455 2542 703 2611 Isaiam).
727 2542 829 2596 Ista
851 2541 989 2596 dicta
1018 2538 1153 2593 dicis
1181 2552 1302 2593 esse
1328 2535 1630 2600 falsissima,
1663 2535 1847 2603 eisque
1872 2531 2041 2588 Mani-

454 2636 664 2690 chzeum
693 2634 710 2665 ¹
741 2631 929 2701 dogma
962 2628 1221 2684 ncfatittm
1252 2626 1513 2682 contineri
1547 2643 1560 2678 :
1594 2638 1656 2678 ac
1686 2639 1782 2694 per
1802 2624 1904 2678 hoe
1925 2623 2047 2677 Am-

455 2726 617 2782 brosii
645 2724 784 2779 dicta
817 2732 868 2777 tu
891 2719 1239 2790 reprehendis
1258 2725 1313 2772 et
1343 2716 1555 2787 polluis.
1587 2716 1696 2785 Ego
1725 2730 1851 2770 vero
1876 2714 1964 2769 illa
1989 2722 2045 2770 et

454 2816 732 2873 verissima
776 2812 1045 2884 praedico,
1096 2817 1150 2864 et
1207 2806 1502 2862 Manichmo
1552 2821 1657 2859 non
1711 2805 1882 2859 solum
1934 2819 2042 2859 non

453 2909 659 2973 amica,
689 2919 872 2961 verum
921 2913 976 2959 et
1023 2900 1266 2964 inimica,
1295 2900 1434 2954 sicut
1457 2897 1564 2967 jam
1610 2896 1711 2952 feci
1741 2939 1756 2965 ,
1809 2911 1931 2952 esse
1958 2896 2045 2952 de-

453 3010 693 3059 monstro
725 3018 738 3053 :
760 3013 859 3070 ego
880 2996 1036 3066 igitur
1056 3010 1115 3050 ea
1141 2993 1312 3061 potius
1337 2989 1565 3046 defendo
1589 3032 1604 3054 ,
1646 2998 1698 3044 et
1724 3004 1752 3042 a
1809 2988 1913 3043 tuis
1940 3003 2041 3044 ne—

455 3092 628 3148 fandis
651 3086 1113 3147 criminationibus
1137 3083 1316 3139 deluo.
1347 3081 1538 3137 Utrum
1576 3094 1705 3151 ergo
1732 3079 1821 3134 ille
1860 3087 2043 3135 noster

455 3200 524 3240 an
567 3192 745 3237 vester
799 3179 903 3242 sit,
956 3185 1010 3231 et
1036 3191 1131 3229 vos
1157 3172 1385 3227 videtis:
1415 3169 1510 3227 sed
1549 3173 1670 3239 quia
1716 3169 1966 3225 homines
2010 3183 2043 3225 ι

454 3274 649 3348 quibus
689 3271 959 3341 diligitur,
1011 3262 1341 3329 formidatis;
1392 3263 1630 3334 profecto
1667 3276 1827 3328 eum,
1880 3274 2041 3332 quem

454 3365 711 3421 atrociter
757 3373 1012 3417 accusare
1063 3353 1477 3421 convincimini,
1532 3351 1739 3408 fallacia
1785 3365 2042 3408 excusare

455 3456 743 3514 conamini.

523 3544 710 3601 CXXI.
734 3542 852 3598 Ιιιι..
874 3539 1024 3608 Quod
1054 3538 1189 3594 dicis
1213 3537 1260 3592 ei
1290 3534 1589 3592 convicium
1609 3549 1639 3588 a
1658 3531 1939 3589 Jovinlano
1965 3532 2043 3588 fa-

456 3649 599 3694 ctum
628 3636 729 3701 (De
759 3633 966 3703 Nuptiis
986 3640 1030 3683 et
1055 3628 1504 3700 Concupiscentia,
1532 3625 1620 3681 lib.
1645 3625 1682 3680 Ξ
1700 3668 1716 3692 ,
1746 3642 1800 3680 n.
1831 3625 1954 3696 15);
1987 3626 2041 3681 in

456 3743 564 3800 quo
590 3724 801 3781 mentiri
831 3732 881 3779 te
906 3731 1084 3776 tamen
1112 3720 1345 3773 arbitror
1368 3735 1381 3772 :
1405 3716 1500 3773 sed
1524 3730 1820 3771 annuamus
1843 3717 1926 3772 vel
1951 3715 2043 3771 Jo-

456 3819 657 3876 viniani
700 3826 751 3871 te
791 3813 1188 3871 criminatorem
1212 3824 1398 3865 verum
1424 3823 1545 3865 esse
1589 3822 1779 3879 posse,
1809 3808 2041 3863 Ambro-

458 3913 703 3980 siumque
739 3907 808 3963 ab
849 3905 938 3961 illo
967 3901 1315 3958 Mauichmum
1342 3908 1583 3954 vocatum
1619 3917 1633 3954 :
1664 3908 1719 3953 at
1758 3898 1809 3953 id
1834 3906 2044 3953 constat

457 4005 703 4059 insanum
729 3999 910 4053 fuisse.
929 3994 1044 4050 Non
1070 3993 1213 4050 enim
1237 4006 1366 4048 sane
1389 3999 1593 4062 peterat
1609 3989 1931 4044 Manichmus
1951 4003 2045 4043 vo-

457 4095 589 4160 cari,
618 4091 927 4163 qui’bonam
955 4095 1220 4151 naturam,
1249 4083 1337 4152 qui
1368 4090 1582 4151 peccata
1610 4081 1926 4146 voluntaria,
1951 4080 2039 4150 qui

457 4201 487 4239 a
515 4186 625 4239 Deo
648 4181 911 4236 institutas
935 4175 1168 4246 nuptias,
1186 4173 1274 4243 qui
1304 4188 1333 4226 a
1365 4171 1477 4225 Dco
1503 4170 1614 4224 fleri
1644 4170 1890 4241 parvulos
1908 4185 2042 4240 pra:-

457 4275 687 4332 dieabat.
727 4269 783 4327 Si
813 4283 942 4339 ergo
969 4268 1057 4321 ille
1099 4263 1457 4335 praelationem
1488 4261 1801 4329 virginitatis
1832 4264 2042 4332 nuptia-

457 4382 576 4422 rum
603 4360 995 4419 accusationcm
1024 4354 1258 4426 putavit,
1286 4351 1476 4405 nesciit
1501 4351 1718 4404 omnino
1742 4350 1867 4420 quid
1894 4350 2041 4407 dice—

458 4468 561 4517 ret.
581 4456 734 4513 Aliud
758 4463 840 4511 est
865 4451 1008 4508 enim
1032 4445 1383 4506 contrarium.
1400 4441 1541 4497 aliud
1567 4442 1887 4497 ordinatum.
1911 4443 2041 4498 Boni

459 4549 654 4620 quippe
678 4541 916 4600 laudatio
942 4539 1008 4594 ad
1035 4536 1257 4594 meliora
1284 4532 1480 4605 gradus
1505 4541 1586 4587 est
1609 4549 1623 4586 :
1647 4530 1918 4587 infamatio
1945 4549 2041 4587 au-

460 4651 566 4694 tem
585 4645 791 4691 natura:
807 4634 870 4687 ad
896 4630 1240 4687 Manichmum
1257 4626 1340 4680 via
1363 4635 1463 4681 est.
1487 4623 1619 4680 Cum
1653 4639 1780 4695 ergo
1814 4640 1919 4679 non
1947 4624 2037 4679 da-

464 4736 675 4784 mnaret
696 4722 1007 4778 Ambrosius
1026 4719 1263 4788 nuptias;
1289 4732 1384 4770 nec
1404 4715 1833 4770 commixtionem
1851 4716 2040 4785 conju-

458 4836 582 4894 gum
603 4860 617 4884 ,
647 4816 731 4872 vel
760 4828 894 4884 Opus
922 4810 1150 4875 diaboli,
1177 4809 1261 4863 vel
1302 4807 1673 4862 necessitatem
1698 4805 1900 4861 diceret
1923 4820 2043 4862 esse

461 4911 664 4985 peccati
696 4928 711 4963 :
744 4905 985 4977 improbe
1023 4902 1146 4958 fecit
1171 4900 1482 4955 Jovinianus
1502 4940 1518 4963 ,
1548 4910 1604 4953 ut
1628 4914 1749 4955 eum
1779 4898 2045 4954 conferret

461 5004 772 5067 Manicha-o,
804 5007 1116 5074 putaretque
1141 4992 1272 5048 nihil
1300 4992 1557 5047 interesse
1580 4990 1718 5046 inter
1742 4993 2040 5062 nuptiarum

459 5106 822 5155 accusatorem
853 5100 908 5146 et
931 5088 1257 5144 laudatorem
1279 5084 1322 5138 '.
1352 5081 1485 5137 Nam
1509 5082 1551 5137 si
1579 5083 1646 5138 de
1672 5083 1903 5153 legitima
1929 5092 1985 5138 et
2010 5100 2042 5137 a

463 5193 574 5247 Deo
601 5187 837 5243 instituta
858 5197 1139 5252 corporum
1166 5178 1540 5249 conjunctione
1565 5187 1865 5249 generatos,
1898 5186 2041 5247 post-

461 5296 685 5355 eaquam
716 5291 868 5333 usum
908 5282 1183 5343 coeperunt
1211 5271 1407 5326 habere
1434 5270 1685 5337 rationis,
1709 5277 1898 5339 sponte
1922 5284 2043 5339 pro-

462 5378 576 5449 pria
599 5372 883 5447 proborum
905 5366 925 5399 ³
956 5364 1247 5421 imitatione
1270 5366 1519 5419 mentitos
1539 5363 1667 5419 dixit
1688 5361 2038 5428 Ambrosius;

524 5514 543 5545 ί
577 5510 736 5562 Codex
760 5498 1200 5570 Pori-0'0"“???
1230 5558 1259 5570 .-
1297 5557 1326 5570 -.

524 5575 547 5605 ³
580 5580 721 5623 Forte
741 5564 1032 5621 addendum,
1067 5564 1368 5668 ι’ἱνρὶοιὶιιιιῐς.

524 5635 547 5667 ι
578 5640 731 5668 smn-tn,
759 5638 1041 5668 nrmntm:
1075 5638 1134 5668 Vt:
1159 5657 1172 5668 .
1198 5633 1368 5668 υιόσιό

524 5635 547 5667 ³
578 5640 735 5691 Forte,
758 5638 1041 5694 pratorum;
1075 5633 1498 5694 vetnproaro'mn.‘

524 5697 598 5751 ta)
628 5683 852 5749 summa.
875 5683 1277 5751 arguotncmbra,
1308 5695 1393 5732 'tOtt
1421 5683 1532 5733 vitia

1140 249 1383 306 OPERIS
1421 247 1830 305 [MPERFECTI
1882 248 2155 307 CONTRA
2194 250 2553 320 JULIANUM,
2594 255 2651 312 S.
2694 250 3061 315 AUGUSTINI

3601 263 3737 325 “16

2151 379 2256 418 non
2293 373 2468 422 tamen
2498 365 2632 423 hanc
2657 368 3082 439 conjunctionem
3104 411 3119 437 ,
3153 372 3417 433 mendacii
3448 375 3616 433 voluit
3643 398 3728 434 ne-

2148 457 2453 513 cessitatem
2484 458 2683 523 videri,
2728 460 2821 516 sed
2855 462 3212 520 universitatis
3256 465 3510 521 indicium
3535 472 3576 523 ⁸.
3607 471 3736 527 Tale

2148 555 2231 601 est
2257 547 2399 601 enim
2429 548 2573 620 quod
2606 550 2773 615 dixit,
2804 550 2932 606 Nati
2960 569 3022 608 ea:
3060 554 3351 624 parentibus
3388 559 3727 627 mentiuntur,-
3796 602 3802 611 .

2148 637 2305 708 quale
2342 641 2387 694 si
2426 641 2679 710 dixisset,
2710 643 2896 700 Omnis
2937 645 3134 714 homo,
3161 647 3421 707 duntaxat
3447 652 3532 707 sui
3562 665 3740 711 rector

2150 728 2390 796 arbitrii,
2420 730 2703 801 aliquando
2731 735 2983 789 mentitus
3022 745 3104 791 est
3136 753 3151 791 :
3185 737 3390 795 sciebat
3415 741 3613 813 quippe
3640 759 3734 799 uc-

2151 820 2348 876 minem
2371 824 2485 877 sine
2509 825 2886 882 commixtione
2912 836 3210 898 parentum,
3232 840 3427 901 praeter
3443 835 3729 903 Christum,

2149 913 2437 970 exstitisse.
2469 914 2630 986 Igitur
2655 932 2816 988 opere
2840 918 3105 993 conjugali
3127 937 3233 977 non
3261 923 3612 993 iniquitatem,
3636 928 3728 984 sed

2148 1006 2552 1073 generalitatem
2596 1007 2679 1062 vir
2722 1008 2952 1079 prudens
2980 1011 3148 1066 voluit
3191 1011 3429 1069 indicari.
3460 1015 3729 1073 Christum

2150 1109 2277 1149 vero
2297 1098 2829 1165 prouuntiavitomue
2851 1100 3055 1155 cavisse
3082 1102 3437 1171 mendacium,
3456 1122 3614 1174 quem
3638 1108 3733 1161 mi-

2149 1186 2327 1241 raculo
2377 1188 2628 1257 parientis
2657 1189 2890 1245 ostendit
2920 1207 2934 1245 :
2964 1191 3106 1262 quod
3150 1193 3362 1263 quidem
3392 1195 3735 1255 vehementer

2149 1286 2331 1330 contra
2362 1277 2738 1350 Hieronymum
2759 1321 2774 1346 ,
2807 1281 2957 1352 cujus
2980 1292 3033 1338 tu
3057 1284 3259 1339 assec1a
3281 1299 3340 1342 es
3359 1328 3375 1353 ,
3405 1286 3619 1352 fremit;
3644 1291 3731 1361 qui

2149 1368 2483 1431 mendacium
2524 1370 2881 1441 signatissimc
2914 1371 3128 1429 Christo
3170 1382 3253 1430 est
3285 1386 3505 1431 conatus
3546 1377 3730 1448 affige—

2149 1473 2207 1512 re
2229 1457 2324 1531 (a).
2345 1459 2460 1514 Non
2483 1476 2613 1532 ergo
2627 1461 2749 1531 jure
2770 1469 2991 1519 vocatus
3015 1473 3098 1519 est
3121 1463 3445 1521 Maniebaeus
3467 1466 3532 1539 (si
3556 1477 3731 1527 ιςιιιιειι

2150 1552 2409 1621 vocatus),
2427 1553 2514 1623 qui
2531 1560 2715 1609 contra
2733 1567 2971 1609 errorem
2990 1562 3226 1611 vestrum
3245 1553 3603 1631 frequentavit
3623 1560 3733 1616 lau-

2149 1643 2415 1700 dationem
2446 1656 2832 1705 creaturarum.

2221 1738 2355 1791 Anc.
2406 1735 2786 1795 Laudationem
2827 1746 3192 1799 creaturarum
3243 1735 3641 1810 frequentamus
3680 1750 3730 1797 et

2151 1841 2249 1881 nos
2279 1843 2293 1881 :
2326 1826 2450 1897 quid
2474 1834 2557 1881 est
2581 1842 2707 1898 ergo
2733 1828 2874 1898 quod
2903 1827 3036 1891 dicis
3061 1829 3162 1884 hoc
3192 1828 3367 1885 facere
3391 1830 3729 1887 Ambrosium

2147 1927 2333 1985 contra
2375 1934 2614 1981 errorem
2642 1929 2918 1991 nostrum;
2948 1936 3071 1979 cum
3111 1921 3214 1977 hoc
3254 1922 3410 1979 faciat
3434 1925 3729 1981 secundum

2102 2068 2123 2091 ’
2148 2011 2306 2069 ﬁdem
2338 2011 2614 2068 nostram?
2640 2012 2919 2082 Quomodo
2944 2027 3122 2073 autem
3151 2014 3240 2072 illa
3267 2016 3427 2072 verba
3454 2020 3726 2087 posuerit,

2148 2117 2267 2173 quae.
2296 2118 2328 2156 a
2358 2117 2442 2157 me
2471 2101 2568 2158 tibi
2593 2103 2803 2173 objecta
2833 2113 2888 2159 tu
2912 2118 3338 2162 commemorare
3370 2107 3637 2183 timuisti,
3667 2122 3732 2168 ne

2150 2191 2385 2246 tenebras
2409 2200 2510 2247 tua:
2535 2192 2830 2247 clarissima
2861 2193 2980 2250 luce
3004 2193 3218 2249 illorum
3245 2194 3693 2268 redarguerentur
3711 2240 3727 2265 ,

2147 2283 2266 2338 aliis
2292 2283 2450 2338 etiam
2488 2284 2807 2354 scriptorum
2832 2300 3048 2341 suorum
3076 2285 3208 2342 locis
3244 2287 3322 2342 sic
3345 2289 3581 2345 ostendit
3603 2292 3729 2347 Am-

2146 2371 2392 2442 brosius,
2421 2383 2481 2428 ut
2508 2390 2613 2429 non
2653 2374 2703 2430 ei
2732 2375 2871 2437 sicut
2908 2375 3271 2446 negligentiori
3292 2418 3308 2445 ,
3340 2380 3613 2448 quomodo
3653 2381 3728 2436 lo.

2147 2462 2348 2535 queris,
2379 2472 2434 2519 et
2462 2463 2741 2521 incautiori
2771 2465 3037 2521 sententia
3062 2467 3163 2521 ista
3213 2468 3377 2522 semel
3403 2467 3732 2541 subrepsisse

2146 2555 2422 2624 videatur;
2453 2557 2547 2612 sed
2575 2556 2643 2613 de
2670 2560 2887 2628 peccato
2928 2557 3176 2630 originali
3199 2558 3389 2631 dogma
3415 2561 3567 2641 ejus,
3596 2578 3728 2634 quo-

2149 2645 2291 2701 niam
2320 2646 2510 2717 dogma
2538 2648 2859 2704 catholicum
2888 2657 3004 2716 est,
3038 2649 3167 2704 satis
3194 2649 3391 2721 liquida
3423 2640 3728 2709 manifesta-

2147 2739 2293 2794 tione
2317 2737 2706 2795 declaret‘llJur
2744 2756 2873 2812 ergo
2902 2750 2957 2797 et
2981 2756 3082 2813 qua
3109 2726 3315 2799 ratione
3341 2743 3576 2812 dixerit,
3608 2746 3731 2802 Ser-

2146 2840 2316 2885 vatum
2343 2841 2415 2885 est
2441 2831 2630 2903 igitur,
2662 2841 2716 2884 ut
2757 2849 2821 2887 ea;
2845 2833 2950 2888 riro
2978 2842 3024 2889 et
3049 2835 3289 2903 muliere,
3320 2836 3376 2889 id
3403 2850 3514 2904 est,
3547 2856 3641 2910 per
3666 2840 3706 2894 il
3718 2871 3729 2882 -

2142 2921 2249 2991 lam
2268 2939 2537 2993 corporum
2561 2925 2984 2992 commixtionem,
3006 2943 3151 2981 nemo
3179 2928 3405 2983 videatur
3430 2946 3613 3001 expers
3632 2947 3729 2987 esu

2146 3013 2314 3069 delicti
2331 3030 2351 3080 ;
2379 3012 2468 3086 qui
2509 3023 2676 3068 autem
2702 3031 2878 3086 expers
2917 3014 3122 3083 delicti,
3153 3033 3331 3088 expers
3359 3019 3511 3072 etiam
3555 3020 3728 3093 largius-

2145 3105 2284 3160 modi
2301 3104 2667 3178 conceptionis;
2681 3107 2801 3177 quia
2819 3122 2924 3162 non
2947 3106 3033 3165 hic
3055 3118 3266 3179 peccata
3293 3108 3572 3166 hominum
3588 3122 3727 3181 post-

2145 3211 2369 3269 eaquam
2412 3212 2567 3254 usum
2593 3206 2871 3267 coeperunt.
2898 3197 3095 3259 habere
3122 3199 3343 3254 rationis
3363 3241 3379 3266 ,
3407 3210 3466 3255 ut
3509 3211 3567 3255 ιιι
3602 3200 3727 3259 alie-

2146 3285 2292 3349 naris
2312 3288 2366 3353 ',
2399 3285 2493 3343 sed
2522 3286 2777 3357 originale
2816 3296 3088 3357 peccatum
3133 3287 3350 3360 intelligi
3380 3290 3579 3356 voluit;
3608 3292 3726 3362 quid

2143 3378 2269 3433 alibi
2311 3379 2455 3434 dicat
2495 3377 2713 3439 attende
2745 3396 2758 3433 :
2788 3378 3068 3445 Iordanis,
3102 3379 3306 3450 inquit.
3338 3397 3609 3436 conversus
3646 3399 3726 3436 re-

2146 3476 2364 3522 trorsum
2382 3510 2398 3536 ,
2440 3469 2741 3540 signiﬁcavit
2775 3468 3013 3525 salutaris
3039 3470 3227 3525 lavacri
3254 3474 3427 3543 futura
3454 3474 3689 3543 mysteria
3709 3514 3723 3538 ,
3787 3476 3803 3488 '

2145 3577 2236 3632 per
2268 3576 2382 3630 qua:
2404 3560 2458 3615 in
2487 3561 2767 3631 primordia
2787 3561 2809 3593 ⁸
2836 3570 3034 3616 natura:
3056 3577 3194 3628 stuc,
3226 3564 3315 3632 qui
3352 3562 3593 3633 baptismi
3616 3568 3724 3637 fne-

2143 3651 2280 3719 rint,
2312 3651 2510 3722 parvuli
2536 3667 2568 3705 a
2595 3652 2792 3708 malitia
2830 3656 3175 3725 reformantur
3202 3651 3339 3726 (Lib.
3372 3654 3398 3709 1
3430 3654 3487 3709 in
3512 3654 3641 3710 Luc.
3670 3670 3720 3720 ι.

2144 3740 2260 3813 36).
2291 3740 2389 3795 Dic
2407 3783 2422 3808 ,
2451 3739 2694 3809 Iuliane,
2724 3759 2756 3796 a
2783 3759 2884 3815 qua
2926 3742 3123 3798 malitia
3141 3785 3158 3811 ,
3188 3745 3233 3800 si
3260 3761 3360 3800 non
3388 3746 3599 3801 trahunt
3620 3747 3725 3800 ori-

2144 3833 2314 3904 ginale
2340 3842 2614 3904 peccatum.
2646 3834 2781 3890 Audi
2807 3835 2983 3895 adhuc
3005 3837 3111 3893 alio
3138 3836 3258 3892 loco
3290 3854 3305 3890 :
3339 3835 3460 3892 Non
3492 3840 3624 3894 enim
3652 3840 3725 3893 vi-

2145 3921 2255 3976 rilis
2292 3922 2482 3988 coitus,
2515 3922 2716 3993 inquit,
2746 3923 2907 3978 vulva:
2934 3912 3195 3996 virginalis
3220 3934 3409 3980 secreta
3453 3929 3722 3994 resanuit,

2145 4013 2235 4067 sed
2276 4012 2651 4068 immaculatum
2678 4030 2844 4069 semen
2883 4015 3158 4070 inviolabili
3183 4026 3326 4071 utero
3353 4017 3579 4087 Spiritus
3604 4036 3723 4073 san-

2144 4111 2252 4157 ctus
2279 4102 2483 4175 infudit.
2518 4102 2675 4158 Solus
2715 4103 2844 4158 enim
2874 4123 2964 4175 per
2992 4106 3160 4160 omnia
3203 4123 3266 4161 ea:
3292 4108 3424 4161 natis
3451 4108 3516 4162 de
3542 4110 3726 4181 femina

2145 4201 2346 4247 sanctus
2372 4192 2619 4247 Dominus
2642 4192 2676 4247 J
2682 4210 2794 4248 esus
2811 4236 2828 4263 ,
2857 4196 2944 4266 qui
2971 4205 3177 4251 terrente
3203 4198 3436 4267 contagia
3463 4211 3724 4269 corrupte-

2145 4284 2211 4338 lae
2248 4283 2557 4336 immaculati
2584 4284 2799 4338 novitate
2824 4295 3001 4356 partus
3042 4303 3141 4341 non
3180 4289 3421 4353 senserit,
3453 4299 3499 4343 et
3542 4292 3725 4344 calesti

2145 4374 2405 4444 majestate
2444 4370 2692 4443 depulerit
2724 4372 2813 4445 (In
2840 4373 2969 4428 Luc.
3016 4391 3089 4443 ιι,
3116 4374 3233 4445 23).
3280 4377 3602 4447 Responde,
3631 4379 3725 4433 Ju-

2145 4462 2304 4527 liane,
2336 4478 2453 4533 quas
2481 4463 2587 4519 sint
2609 4471 2836 4519 terreme
2861 4465 3099 4537 contagia
3130 4469 3467 4537 corruptelae,
3493 4484 3617 4538 qua:
3638 4485 3726 4525 so.

2144 4554 2229 4609 lus
2254 4570 2317 4608 ex
2348 4555 2484 4609 natis
2508 4553 2575 4610 de
2604 4553 2797 4611 femina
2820 4555 3075 4611 Dominus
3100 4556 3254 4611 Jesus
3284 4558 3607 4613 immaculati
3637 4575 3730 4615 no-

2144 4645 2306 4699 vitate
2328 4654 2514 4716 partus
2541 4658 2645 4698 non
2682 4645 2867 4699 sensit.
2897 4645 3083 4700 Adhuc
3111 4645 3233 4701 audi
3268 4663 3281 4698 :
3314 4646 3595 4718 Antequam
3633 4663 3728 4703 na-

2145 4737 2349 4800 scimur,
2380 4735 2566 4806 inquit,
2590 4736 2903 4788 maculamur
2921 4737 3176 4806 contagio.
3205 4737 3271 4791 Et
3302 4738 3458 4806 paulo
3489 4746 3641 4808 post:
3669 4736 3728 4792 Et

2145 4827 2188 4881 si
2210 4842 2299 4880 nec
2324 4827 2492 4892 unius,
2521 4825 2708 4896 inquit,
2741 4827 2840 4879 diei
2868 4826 3038 4895 infans
3063 4828 3171 4881 sine
3192 4837 3413 4896 peccato,
3444 4830 3603 4883 multo
3624 4847 3730 4883 ma.

2145 4919 2222 4989 gis
2251 4934 2339 4971 nec
2367 4918 2444 4983 illi
2472 4918 2682 4971 materni
2706 4927 2973 4987 conceptus
3000 4919 3105 4973 dies
3132 4919 3238 4973 sine
3262 4930 3465 4990 peccato
3490 4930 3608 4975 sunt
3640 4919 3728 4993 (In

2144 5008 2395 5080 Apologia
2418 5007 2601 5074 David,
2631 5024 2744 5079 cap.
2776 5008 2884 5077 ll).
2916 5008 3075 5062 Multa
3103 5008 3259 5077 hujus
3283 5010 3404 5075 viri,
3431 5025 3589 5080 quem
3615 5012 3727 5067 sani

2146 5100 2333 5166 capitis
2363 5098 2526 5154 fuisse
2554 5098 2831 5154 confessus
2873 5114 2965 5165 es,
2998 5099 3120 5154 talia
3149 5115 3573 5157 commemorare
3604 5119 3728 5173 pos-

2146 5204 2262 5244 sum
2288 5207 2300 5242 :
2326 5189 2418 5244 sed
2447 5190 2529 5244 cui
2559 5204 2663 5242 non
2690 5188 2958 5244 sufficiunt
2989 5189 3109 5255 ista,
3141 5189 3265 5259 quid
3291 5190 3519 5245 sufficit?
3540 5192 3617 5246 Ex
3649 5191 3729 5246 his

2145 5297 2272 5352 ergo
2301 5279 2568 5350 intelligo,
2602 5293 2756 5348 quam
2788 5294 2894 5333 non
2927 5280 3119 5334 siuaris
3146 5280 3303 5335 etiam
3336 5281 3423 5335 illa
3443 5322 3457 5347 ,
3504 5281 3643 5336 sicut
3672 5296 3729 5336 es

2209 5434 2227 5467 ι
2263 5433 2335 5482 sic
2356 5439 2459 5482 atas.
2492 5436 2544 5479 tn
2559 5430 2732 5542 me?
2750 5428 3012 5492 judicium.
3155 5488 3168 5501 .
3266 5489 3280 5501 ο

2209 5496 2227 5525 ³
2261 5494 2324 5542 Ad
2377 5505 2510 5541 oram
2651 5504 2736 5542 ICIS
2786 5490 2926 5542 clar..
2986 5488 3280 5542 Italluctnart

2207 5496 2227 5525 ³
2261 5494 2324 5563 Ad
2377 5505 2528 5563 oram.
2559 5487 2926 5553 oodiciS'clar.,
2986 5488 3318 5546 Itallucittaris.
3374 5498 3513 5543 Forte
3550 5487 3729 5557 lges:-

2145 5555 2275 5607 dnm.
2296 5553 2568 5604 hariolaris.

2209 5618 2229 5677 ξ
2262 5617 2394 5677 Editi,
2423 5621 2470 5663 et
2495 5621 2599 5664 uss.
2620 5620 2727 5661 Har.
2752 5612 2892 5677 dan,
2915 5612 2963 5664 in
2983 5613 3262 5677 primordio.

2208 5675 2283 5738 (a)
2316 5676 2429 5726 Vide
2446 5687 2605 5737 stra,
2627 5687 2730 5738 cap.
2755 5676 2830 5722 88.
