3934 6178
291 293 424 347 Hl'l

284 414 540 472 conatus,
585 406 638 462 in
664 406 822 464 alium
851 409 1063 467 sensum
1103 403 1418 484 detorquere
1461 424 1619 486 atque
1645 431 1861 486 perver-

283 503 432 560 tere,
463 510 580 565 qua:
605 496 740 552 dixit
763 499 1082 563 Ambrosius
1105 501 1173 557 de
1215 502 1298 558 his
1321 503 1410 573 qui
1451 516 1740 560 nascuntur
1770 521 1864 576 per

281 587 714 642 commixtionem
757 603 1074 659 corporum,
1108 608 1212 647 non
1255 609 1482 663 arguens
1509 595 1604 650 Dei
1645 606 1860 650 creatu-

277 691 417 742 ram,
436 676 531 732 sed
560 677 817 748 originale
844 690 1138 750 peccatum.
1157 682 1294 749 Quid
1319 684 1448 738 mihi
1478 686 1722 740 obtendis
1739 687 1861 741 llic-

281 781 562 837 ronymum
606 768 758 838 cujus
798 786 886 826 me
920 773 1231 828 conviciaris
1269 778 1560 841 asseclam,
1596 778 1663 832 de
1710 779 1860 848 cujus

277 859 456 913 verbis
483 859 626 914 nulla
671 876 816 915 nunc
845 864 1066 931 qtmstio
1091 866 1214 920 est?
1238 880 1358 936 qua:
1388 875 1562 921 tamen
1611 868 1768 923 verba
1813 870 1859 923 si

276 951 550 1018 posuisses
576 960 665 1006 aut
687 967 748 1008 ea
774 968 879 1007 non
917 954 1113 1011 habere
1144 958 1285 1027 quod
1315 957 1600 1028 displicere
1635 960 1859 1016 deberet

273 1043 616 1098 ostenderem
641 1085 655 1109 ,
687 1053 778 1099 aut
818 1046 1314 1117 intelligentioribus
1342 1051 1652 1120 exponenda
1697 1052 1860 1107 relin-

271 1147 494 1201 querem
518 1148 532 1194 ;
563 1142 656 1187 aut
673 1134 718 1188 si
748 1145 927 1190 essent
956 1137 1138 1205 procul
1159 1138 1321 1194 dubio
1339 1142 1603 1196 contraria
1626 1144 1855 1210 veritati,

272 1221 520 1277 libertate
535 1238 637 1293 qua
659 1224 874 1294 dignum
905 1235 988 1280 est
1013 1227 1388 1297 improbarem.
1411 1231 1747 1288 Ambrosium
1775 1251 1858 1289 re-

275 1313 449 1382 spice,
475 1329 641 1384 quem
671 1315 1018 1371 Manicharum
1049 1335 1154 1373 non
1179 1320 1346 1376 audes
1368 1321 1545 1378 dicere
1577 1340 1592 1377 :
1623 1340 1741 1378 cum
1770 1341 1856 1380 me

270 1413 554 1474 propterea
582 1406 766 1474 dicas,
811 1409 932 1478 quia
959 1409 1028 1465 de
1069 1411 1313 1482 originali
1356 1422 1572 1482 peccato
1601 1429 1664 1470 ea
1693 1415 1814 1470 dico
1836 1457 1852 1481 ,

267 1511 390 1564 quae
425 1497 573 1552 dicit.
600 1497 730 1552 Nam
758 1501 803 1554 si
833 1510 1107 1571 propterea
1145 1519 1256 1557 non
1275 1503 1486 1560 diceres
1515 1506 1852 1562 Ambrosium

268 1586 617 1643 Manicltaeum
635 1626 654 1656 -,
686 1592 806 1660 quia
833 1593 1026 1647 bonam
1052 1603 1296 1650 naturam
1319 1637 1333 1663 ,
1365 1596 1487 1665 quia
1516 1608 1728 1666 peccata
1754 1613 1852 1654 vo-

267 1676 493 1732 luntaria
513 1721 527 1744 ,
560 1680 680 1749 quia
726 1682 936 1750 nuptias
965 1697 994 1736 a
1026 1683 1136 1738 Deo
1165 1683 1432 1739 institutas
1476 1695 1530 1740 et
1556 1701 1587 1740 a
1617 1686 1726 1743 Deo
1771 1688 1850 1742 fa-

265 1775 384 1820 ctos
412 1768 658 1836 parvulos
687 1770 1036 1839 praedicabat;
1062 1787 1161 1828 nec
1186 1787 1271 1828 me
1296 1772 1521 1838 diceres,
1552 1776 1639 1844 qui
1663 1776 1848 1831 eadem

266 1856 496 1912 ﬁdeliter
519 1859 769 1928 praedico.
792 1861 852 1916 Si
879 1871 1056 1916 autem
1085 1877 1170 1917 me
1197 1873 1478 1933 propterea
1503 1864 1846 1921 Manicbzeum

264 1944 548 2001 dicendum
577 1959 728 2018 putas
749 1991 764 2016 ,
793 1951 912 2020 quia
953 1965 1070 2006 esse
1096 1951 1355 2007 conﬁteor
1377 1954 1631 2024 originale
1659 1970 1847 2023 pecca-

264 2043 412 2101 tum;
459 2036 560 2092 hoc
585 2039 744 2092 etiam
788 2041 874 2094 ille
903 2040 1186 2095 conﬁtetur
1219 2058 1232 2094 :
1265 2057 1361 2096 cur
1387 2057 1492 2097 non
1519 2045 1704 2100 ambos
1747 2060 1849 2115 pu-

262 2128 384 2181 tas?
410 2128 513 2184 Sed
543 2145 629 2184 mc
657 2132 959 2200 petulanter
983 2133 1135 2197 dicis,
1165 2133 1312 2187 illum
1340 2135 1565 2189 latenter
1587 2137 1844 2204 Opinaris,

259 2231 369 2270 non
401 2221 622 2274 veritate
651 2222 896 2275 distincta
917 2263 931 2285 ,
961 2223 1054 2276 scd
1081 2224 1340 2278 exstincta
1371 2225 1544 2294 potius
1582 2226 1846 2282 libertate.

257 2305 376 2360 Hoc
402 2310 542 2362 enim
568 2309 636 2363 de
674 2311 765 2364 illo
795 2326 897 2365 non
936 2313 1102 2368 audes
1127 2314 1336 2381 dicere,
1368 2316 1508 2385 quod
1539 2317 1703 2372 audes
1725 2333 1847 2374 cre-

255 2395 392 2450 dere
427 2414 440 2449 :
470 2407 561 2452 aut
584 2399 628 2454 si
657 2400 723 2454 de
750 2401 841 2455 illo
880 2402 978 2457 ista
1015 2419 1118 2457 non
1148 2404 1322 2459 credis
1341 2447 1356 2470 ,
1389 2405 1628 2474 profecto
1653 2423 1754 2464 nec
1780 2410 1848 2466 de

259 2502 350 2539 me
371 2487 582 2554 credis;
613 2491 737 2559 quia
765 2503 818 2546 et
844 2493 888 2546 si
916 2509 1096 2549 errare
1123 2508 1222 2548 nos
1251 2495 1522 2551 existimas
1540 2538 1556 2563 ,
1587 2495 1741 2555 facile
1765 2508 1849 2554 est

260 2584 318 2628 ut
347 2576 526 2631 videas
569 2594 674 2632 non
705 2595 824 2635 esse
861 2581 1178 2638 Manichreos
1199 2625 1213 2647 ,
1245 2587 1331 2653 qui
1378 2587 1644 2654 peccantis
1666 2587 1686 2620 ⁸
1718 2603 1845 2660 pro-

260 2667 429 2734 priam
455 2668 825 2734 substantiam,
850 2687 1006 2740 quam
1041 2673 1181 2728 Deus
1213 2688 1316 2728 non
1343 2677 1604 2732 creaverit
1630 2694 1736 2734 non
1759 2696 1846 2734 as-

257 2757 521 2822 scrimus;
567 2763 660 2813 sed
687 2761 950 2830 originale
980 2771 1254 2831 peccatum
1293 2763 1360 2819 de
1386 2765 1514 2820 vitio
1542 2767 1843 2823 voluntario

257 2857 481 2914 naturae,
504 2865 659 2919 quam
691 2851 828 2906 Deus
854 2852 1044 2907 bonam
1070 2854 1326 2920 condidit,
1351 2868 1698 2927 propagatum
1721 2874 1842 2915 esse

259 2941 554 2994 ﬁrmamus.
583 2941 763 2998 Facile
791 2952 1020 3015 estergo
1050 2954 1106 2998 ut
1134 2945 1237 3000 hoc
1261 2946 1473 3014 videas,
1506 2958 1559 3004 et
1578 2949 1735 3004 simul
1764 2949 1845 3006 vi-

251 3031 386 3086 deas
411 3049 509 3088 nos
535 3049 654 3088 esse
683 3037 978 3090 contrarios
1007 3037 1313 3092 Manichaeis
1345 3056 1358 3092 :
1390 3040 1484 3094 sed
1523 3056 1706 3096 eorum
1738 3057 1838 3097 no-

251 3137 377 3176 men
407 3125 475 3179 ab
505 3125 784 3182 Ambrosio
812 3127 982 3197 abigis
1002 3127 1288 3194 adulando,
1307 3137 1362 3183 et
1387 3130 1514 3184 mihi
1545 3131 1733 3200 objicis
1751 3146 1840 3186 ca-

253 3213 584 3269 lumniando.
749 3256 756 3264 .
1753 3235 1762 3242 '

320 3302 532 3359 CXX".
563 3299 681 3362 loc.
715 3307 910 3363 Verum
950 3317 1007 3364 ut
1034 3310 1106 3366 illi
1145 3310 1382 3366 infensus
1407 3311 1717 3368 Jovinianus
1746 3327 1836 3368 ar-

247 3395 446 3463 guitur,
469 3397 536 3450 ita
565 3399 712 3452 vobis
739 3412 1073 3468 comparatus
1101 3402 1414 3457 absolvitur.
1444 3403 1668 3471 Quando
1693 3403 1834 3459 enim

249 3487 345 3540 tibi
379 3497 579 3541 tantum
622 3490 956 3557 prudentium
988 3507 1212 3547 censura
1254 3492 1504 3560 donabit,
1536 3502 1592 3548 ut
1633 3503 1684 3548 te
1711 3509 1832 3549 cum

246 3576 511 3632 .loviniani
535 3583 723 3635 merito
749 3584 1055 3652 componat?
1070 3584 1164 3640 llle
1184 3585 1380 3655 quippe
1403 3585 1536 3640 dixit
1563 3586 1687 3641 boni
1714 3601 1834 3642 esse

220 3652 660 3738 "necessitatem;
695 3682 780 3739 tu,
811 3675 936 3728 mali
971 3692 984 3727 :
1018 3676 1106 3730 ille
1133 3677 1208 3730 ait
1232 3673 1338 3746 per
1368 3678 1616 3748 mysteria
1658 3677 1833 3732 homi-

247 3776 348 3816 nes
371 3761 442 3816 ab
471 3778 653 3819 errore
681 3764 950 3832 cohiberi;
986 3775 1039 3820 tu
1066 3781 1195 3821 vero
1213 3807 1226 3831 ,
1260 3783 1358 3822 nec
1385 3783 1482 3836 per
1515 3769 1738 3838 gratiam
1769 3769 1835 3823 li-

249 3853 423 3908 berari
451 3873 464 3908 :
491 3856 576 3910 ille
601 3858 955 3928 virginitatem
987 3859 1165 3914 Maria:
1197 3869 1377 3928 partus
1405 3859 1708 3914 conditione
1722 3860 1833 3914 dis-

247 3944 441 4009 solvit;
474 3954 528 3998 tu
560 3947 724 4015 ipsam
755 3948 971 4001 Mariam
999 3949 1210 4002 diabolo
1248 3949 1497 4004 nascendi
1522 3949 1830 4004 conditione

247 4035 560 4089 transcribis
591 4053 605 4088 :
639 4036 726 4091 ille
770 4038 989 4092 meliora
1021 4038 1172 4092 bonis
1206 4046 1414 4106 :eqnat,
1446 4038 1497 4092 id
1539 4046 1656 4103 est,
1690 4038 1828 4092 inte-

244 4127 494 4194 gritatem
521 4128 818 4192 connubio;
853 4138 909 4182 tu
951 4143 1091 4183 vero
1121 4129 1552 4184 commixtionem
1592 4129 1826 4200 conjugii

248 4217 543 4271 morbidam
571 4223 760 4285 vocas,
795 4228 849 4274 et
883 4221 1181 4275 castitatem
1223 4220 1530 4276 foedissima:
1556 4221 1632 4276 rei
1660 4222 1826 4277 colla-

247 4307 391 4362 tione
415 4308 680 4377 depnetias
703 4327 716 4362 :
741 4325 839 4365 nec
866 4311 1086 4380 gradum
1116 4311 1253 4366 inter
1278 4311 1392 4365 haec
1419 4310 1598 4375 addis;
1623 4312 1715 4366 sed
1734 4327 1827 4382 ge-

248 4416 346 4455 nus
371 4417 531 4455 omne
555 4411 850 4457 commutas
871 4443 886 4468 ,
902 4416 1021 4457 'non
1047 4404 1228 4474 utique
1258 4404 1397 4458 bono
1425 4403 1780 4473 virginitatem
1803 4446 1819 4471 ,

245 4491 339 4546 scd
369 4493 510 4547 malo
535 4493 839 4563 praeferens.
862 4494 954 4548 Est
982 4504 1158 4550 autem
1187 4496 1400 4550 vilitatis
1425 4506 1697 4563 extremae,
1720 4499 1822 4552 nisi

244 4583 522 4636 teterrimo
548 4592 909 4653 comparatum
929 4625 945 4650 ,
976 4585 1183 4652 placere
1210 4599 1312 4638 non
1349 4601 1524 4654 posse.
1549 4586 1665 4641 Jam
1693 4601 1823 4642 vero

243 4673 368 4742 quid
396 4674 484 4728 ille
511 4676 612 4728 tale
636 4675 701 4730 de
729 4677 820 4730 Dei
853 4675 1059 4744 injuriis
1077 4716 1093 4741 ,
1121 4677 1274 4746 quale
1302 4678 1392 4731 tu?
1421 4677 1510 4732 Ille
1537 4678 1651 4747 ejus
1680 4677 1824 4748 judi-

241 4763 308 4816 cii
353 4763 588 4832 vigorem
618 4779 646 4818 a
678 4765 1011 4834 benignitatis
1049 4767 1216 4820 Voluit
1260 4776 1408 4835 parte
1451 4766 1818 4834 confundere;

240 4861 316 4914 tu,
350 4868 378 4904 a
413 4853 752 4923 malignitatis
782 4874 794 4908 :
829 4856 916 4910 ille
941 4855 1225 4926 dicitapud
1255 4873 1374 4909 cum
1408 4857 1576 4913 bonos
1600 4870 1654 4915 et
1681 4862 1824 4932 optin-

239 4959 359 4996 mos
401 4960 554 5013 arquo
583 4945 782 5001 honore
824 4947 1108 5009 l’rnituros;
1143 4957 1196 5001 tu
1225 4963 1385 5012 vero,
1429 4950 1596 5005 honos
1620 4960 1674 5007 ct
1713 4954 1818 5007 im-

242 5037 394 5104 pios,
443 5037 492 5090 id
531 5047 614 5092 est
645 5038 951 5092 innocentes
979 5049 1035 5093 et
1075 5039 1340 5093 diabolum
1363 5081 1377 5105 ,
1410 5056 1515 5094 uno
1557 5044 1817 5112 supplicio

238 5126 556 5180 crnciandos
587 5145 600 5180 :
635 5129 721 5182 ille
745 5143 871 5198 ergo
902 5129 1066 5184 Deum
1096 5129 1565 5184 clementissimum
1595 5134 1707 5187 vult
1739 5136 1817 5187 vi-

236 5217 388 5282 deri;
423 5228 499 5282 tu,
530 5219 912 5288 iniquissimum
940 5237 952 5272 :
977 5221 1065 5274 ille
1093 5219 1221 5273 dicit
1241 5223 1261 5252 ⁸
1289 5222 1554 5291 mysteriis
1580 5225 1695 5290 ejus
1716 5223 1817 5277 ima

238 5309 396 5361 butos
414 5308 654 5364 homines
671 5326 772 5364 non
793 5326 946 5378 posse
964 5327 1200 5378 peccare;
1221 5321 1273 5366 tu
1293 5327 1418 5367 vero
1439 5313 1606 5382 ipsum
1625 5315 1809 5378 Deum,

236 5409 290 5452 et
319 5399 370 5452 in
417 5402 684 5472 mysteriis
713 5402 1103 5465 imbecillitate,
1133 5412 1187 5457 et
1230 5405 1280 5457 in
1315 5406 1588 5472 praeceptis
1618 5406 1812 5460 immo-

302 5509 319 5573 ξ
353 5508 515 5573 code;
539 5515 684 5573 Por_t.,
707 5509 929 5573 peccatis.

299 5571 321 5601 ³
355 5571 471 5618 Editi
626 5571 728 5636 loco
765 5573 962 5636 addunt,
1006 5572 1136 5635 apud
1179 5574 1457 5636 cumquod
1500 5589 1528 5625 a
1568 5583 1648 5626 Ms.
1695 5583 1806 5626 Itar.

237 5633 378 5700 abest
416 5639 466 5679 et
511 5630 991 5700 librariorumtlapsu
1016 5630 1214 5700 ascitum
1256 5630 1444 5685 videtur
1469 5651 1529 5686 ex
1555 5641 1808 5700 superiore

236 5691 312 5739 ita
339 5691 598 5749 sententia,
623 5691 705 5741 ille
726 5690 844 5742 dicit
861 5690 991 5755 apud
1013 5707 1121 5743 eam
1142 5696 1298 5754 bonos,
1327 5707 1419 5746 etc.

510 5772 783 5831 PATROL.
827 5775 1012 5832 XLV.

1625 300 1824 362 LIBER
1862 302 2203 373 QUARTUS.

3317 338 3337 356 '
3413 329 3547 386 ωε

1971 417 2264 489 deratione,
2283 431 2338 478 et
2358 423 2408 479 in
2427 425 2638 495 judiciis
2660 429 2924 487 immunita
2934 442 2983 490 te
3004 450 3221 506 peccare
3242 442 3541 522 qontendis.

1969 508 2100 564 Cum
2123 511 2299 583 itaque
2324 523 2463 570 tanta
2481 519 2766 588 diSparatio
2791 523 2858 577 sit
2884 525 3020 580 inter
3037 536 3088 582 te
3112 539 3164 582 ct
3182 508 3541 595 Iovinianum,

1967 609 2161 667 quanta
2182 603 2487 672 conjunctio
2513 607 2652 664 inter
2678 621 2729 666 te
2752 622 2800 667 et
2829 614 3192 683 Mauichmum;
3214 628 3360 676 tanto
3387 633 3439 678 te
3463 635 3541 677 to-

1968 687 2241 744 lerabilior
2258 691 2568 751 Iovinianus
2594 700 2868 769 probatur,
2891 716 3090 773 quanto
3113 707 3390 764 Joviniano
3420 713 3540 765 lmr-

1961 779 2132 850 ridior
2161 782 2499 839 Manicbmus.
2843 805 2848 812 '

2036 871 2169 927 Ave.
2201 874 2367 941 Quam
2395 877 2564 932 bellus
2593 880 2683 934 tibi
2727 883 2955 951 videris,
2988 903 3106 942 cum
3135 905 3220 943 me
3263 891 3541 948 Joviuiano

1963 975 2279 1030 comparans
2300 1007 2314 1025 ,
2348 970 2583 1036 pejorem
2609 973 2817 1027 conaris
2845 977 3147 1033 ostendere.
3182 979 3375 1036 Verum
3408 984 3543 1040 hanc

1962 1067 2172 1122 quoque
2197 1058 2569 1112 contumeliam
2611 1063 3068 1121 mendacissimam
3096 1085 3216 1124 cum
3259 1072 3543 1128 Ambrosio

1963 1158 2048 1197 me
2075 1159 2103 1196 a
2138 1155 2188 1198 te
2229 1147 2470 1214 accipere
2493 1151 2697 1219 gaudeo
2729 1171 2742 1206 :
2773 1155 2865 1209 sed
2893 1164 2946 1210 te
2971 1157 3050 1213 sic
3077 1160 3308 1216 insanire
3345 1166 3542 1219 contri-

1960 1240 2092 1286 stor.
2126 1234 2200 1308 Ea
2244 1239 2439 1306 quippe
2464 1255 2621 1296 causa
2665 1258 2750 1297 me
2777 1245 3056 1301 .loviniano
3080 1250 3212 1305 dicis
3238 1267 3356 1306 esse
3394 1255 3540 1322 pejo-

1960 1339 2096 1389 rem,
2116 1342 2216 1394 qua
2248 1343 2334 1382 me
2358 1329 2489 1384 dicis
2508 1333 2666 1387 etiam
2688 1334 3054 1392 Manichazum.
3077 1340 3144 1394 Et
3167 1343 3289 1411 quid
3315 1353 3397 1398 est
3415 1344 3542 1400 hoc?

1962 1412 2090 1468 Illud
2112 1415 2314 1470 scilicet
2338 1419 2592 1488 originale
2609 1433 2905 1492 peccatum,
2925 1429 3062 1496 quod
3091 1443 3184 1484 vos
3201 1435 3401 1501 negatis
3417 1450 3538 1488 eum

1959 1502 2192 1574 Pelagio,
2215 1521 2311 1560 nos
2339 1523 2465 1563 vero
2490 1525 2610 1565 cum
2635 1514 2919 1570 Ambrosio
2947 1518 3279 1575 conﬁtemur.
3298 1522 3430 1576 Cum
3451 1525 3540 1578 illo

1957 1594 2150 1661 igitur,
2179 1597 2469 1652 secundum
2499 1615 2624 1666 vos,
2667 1617 2852 1658 sumus
2879 1615 2934 1660 et
2961 1607 3232 1664 Manichazi
3253 1652 3268 1674 ,
3299 1622 3352 1665 et
3391 1615 3536 1682 pejo-

1956 1699 2040 1738 res
2082 1685 2364 1742 Joviniano
2384 1731 2397 1752 ,
2427 1699 2481 1744 et
2516 1693 2772 1762 quidquid
2802 1711 2898 1751 nos
2927 1700 3070 1754 aliud
3103 1716 3198 1756 ore
3243 1714 3491 1770 protervo
3515 1748 3532 1772 ,

1955 1788 2054 1828 nec
2076 1790 2208 1831 sane
2233 1778 2486 1844 veridico,
2515 1783 2610 1836 sed
2644 1785 2902 1841 maledico
2928 1788 3188 1854 dixeritis,
3217 1794 3403 1848 docuit
3439 1812 3538 1850 nos

1954 1865 2206 1922 Dominus
2233 1870 2466 1938 gaudere
2487 1882 2539 1927 et
2567 1875 2836 1931 exsultare
2855 1917 2870 1938 ,
2893 1879 3105 1948 quando
3129 1883 3538 1955 qualiacumque

1953 1955 2234 2012 maledicta
2264 1975 2370 2014 non
2396 1977 2462 2015 ex
2489 1963 2709 2019 veritate
2733 1966 2977 2021 audimus
2994 2009 3011 2035 ,
3044 1970 3137 2025 sed
3164 1973 3287 2041 quia
3321 1990 3417 2041 pro
3445 1992 3536 2031 ve-

1953 2043 2109 2098 ritate
2124 2056 2391 2102 certamus
2416 2047 2625 2118 (Mault.
2652 2068 2702 2119 v,
2730 2053 2834 2125 l2).
2859 2055 2994 2112 Ecce
3017 2073 3115 2128 ego
3142 2075 3245 2114 nou
3271 2061 3392 2115 dico
3410 2065 3537 2119 mali

1953 2145 2074 2187 esse
2092 2136 2481 2202 necessitatem,
2498 2141 2620 2209 quia
2643 2158 2740 2197 nec
2756 2143 3087 2212 Ambrosius;
3107 2160 3161 2204 et
3179 2159 3358 2207 tamen
3374 2153 3495 2209 dico
3518 2158 3532 2186 ‘

1954 2225 2206 2291 parvulos
2235 2241 2262 2279 a
2294 2229 2491 2284 malitia
2523 2231 2794 2289 reformari
2814 2276 2829 2300 ,
2862 2239 3002 2305 quod
3029 2248 3084 2295 et
3110 2241 3422 2301 Ambrosius
3446 2265 3458 2299 :
3481 2258 3538 2302 et

1954 2311 2073 2368 ideo
2098 2315 2220 2368 mali
2253 2317 2393 2370 nulla
2435 2329 2518 2373 est
2548 2324 2868 2392 necessitas;
2901 2328 3019 2395 quia
3051 2336 3106 2383 et
3148 2330 3281 2386 illud
3310 2333 3417 2390 Deo
3445 2350 3535 2390 sa-

1953 2405 2128 2460 nabile
2152 2417 2233 2461 est
2253 2449 2268 2473 ,
2300 2410 2440 2478 quod
2473 2411 2632 2466 trahit
2663 2415 2940 2479 nativitas;
2972 2429 3170 2488 quanto
3197 2424 3367 2492 magis
3393 2427 3533 2494 quod

1951 2495 2099 2550 addit
2125 2498 2405 2553 voluntas?
2431 2500 2544 2555 Non
2573 2503 2692 2557 dico
2711 2546 2726 2570 ,
2760 2521 2858 2562 nec
2888 2522 2980 2576 per
3018 2513 3240 2578 gratiam
3287 2513 3534 2572 homines

1955 2585 2206 2649 liberari;
2253 2589 2393 2655 quod
2437 2591 2576 2646 absit
2602 2602 2661 2647 ut
2696 2593 2836 2650 dicat
2863 2598 3177 2656 Ambrosius
3209 2618 3221 2655 :
3253 2604 3346 2658 sed
3391 2607 3531 2676 quod

1949 2690 2057 2729 non
2081 2677 2159 2731 vis
2197 2678 2456 2746 dicimus,
2492 2684 2698 2739 nonnisi
2741 2701 2834 2755 per
2875 2690 3097 2758 gratiam
3143 2692 3390 2763 liberari,
3424 2712 3528 2752 non

1948 2766 2120 2822 solum
2165 2777 2223 2824 ut
2247 2771 2326 2826 eis
2351 2771 2528 2828 debita
2568 2774 2934 2845 dimittantur,
2968 2797 3148 2838 verum
3177 2785 3339 2840 etiam
3383 2803 3450 2842 ne
3474 2789 3527 2843 in

1949 2861 2292 2917 tentationcm
2340 2864 2652 2923 inferantur.
2705 2869 2822 2926 Non
2872 2877 3269 2932 transcribimus
3314 2879 3530 2935 diabolo

1947 2950 2161 3006 Mariam
2188 2954 2494 3012 conditione
2524 2961 2804 3024 nascendi;
2828 2964 2920 3018 sed
2950 2965 3089 3034 ideo,
3120 2969 3239 3037 quia
3269 2970 3380 3038 ipsa
3402 2987 3530 3028 eon-

1945 3038 2077 3095 ditio
2119 3043 2341 3099 solvitur
2360 3047 2534 3116 gratia
2571 3051 2904 3107 renascendi.
2933 3054 3047 3110 Non
3091 3065 3340 3128 utinquam
3385 3065 3528 3117 malo

1947 3129 2143 3186 bonum
2163 3173 2177 3196 ,
2209 3135 2302 3189 sed
2343 3143 2591 3206 tanquam
2620 3139 2758 3194 bono
2788 3142 3010 3210 melius,
3040 3145 3392 3215 virginitatem
3421 3167 3527 3205 nuo

1946 3219 2070 3288 ptiis
2095 3223 2484 3292 anteponimus.
2512 3226 2648 3294 Non,
2678 3238 2736 3283 ut
2763 3230 3122 3300 ealumniaris,
3153 3235 3322 3293 honos
3350 3249 3403 3295 et
3428 3241 3527 3296 im-

1945 3309 2064 3380 pios
2106 3326 2214 3365 uno
2240 3313 2531 3383 supplicio;
2578 3317 2672 3372 sed
2712 3319 2880 3374 bonos
2920 3323 3100 3390 nullo,
3134 3325 3321 3396 impios
3346 3339 3523 3387 autem

1942 3415 2048 3454 non
2079 3416 2205 3466 uno,
2237 3402 2330 3458 sed
2359 3419 2454 3472 pro
2481 3404 2787 3463 diversitate
2817 3409 2982 3480 ipsius
3007 3413 3314 3483 impietatis,
3341 3419 3525 3475 divcr.

1942 3489 2018 3544 sis
2045 3491 2317 3560 suppliciis
2359 3492 2583 3551 dicimus
2609 3511 2728 3552 esse
2763 3500 3095 3558 eruciandos.
3138 3503 3255 3560 Non
3297 3485 3523 3567 dicimus

1942 3581 2106 3637 Deum
2133 3583 2186 3637 in
2212 3585 2480 3656 mysteriis
2506 3587 2866 3647 imbecillitate
2885 3633 2901 3660 ,
2931 3596 2982 3649 in
3011 3599 3292 3669 praeceptis
3329 3602 3522 3659 immo-

1939 3669 2247 3740 deratione,
2277 3674 2330 3729 in
2372 3675 2582 3744 judiciis
2621 3678 2950 3739 immanitate
2992 3700 3243 3754 peccare,
3290 3691 3441 3762 cujus
3467 3702 3524 3749 ct

1938 3763 2102 3832 gratia
2128 3767 2454 3834 regeneratis
2484 3770 2735 3838 mysteria
2751 3781 2881 3826 sunt
2910 3775 3080 3842 utilia,
3109 3787 3162 3832 et
3190 3781 3355 3849 gratia
3383 3782 3518 3838 libo-

1937 3852 2066 3907 ratis
2095 3863 2356 3922 praecepta
2384 3856 2635 3924 salubria,
2659 3869 2714 3913 et
2736 3860 2892 3916 bonis
2916 3865 3173 3936 malisque
3198 3872 3519 3927 convenien-

1939 3951 2018 3996 ter
2040 3941 2317 3998 distributa
2338 3943 2555 4013 judicia.
2587 3947 2726 4002 Ecce
2754 3963 2852 4003 nos
2876 3966 2938 4006 ea
2959 3990 2974 4015 ,
3007 3953 3060 4006 in
3087 3957 3278 4024 quibus
3306 3975 3402 4014 nos
3428 3961 3516 4015 di-

1934 4033 2053 4088 citis
2088 4033 2366 4089 Joviniano
2390 4050 2510 4092 esse
2548 4038 2793 4108 pejores,
2821 4043 3102 4098 amolimnr
3127 4061 3156 4099 a
3187 4049 3340 4105 nobis
3372 4068 3385 4104 :
3417 4067 3515 4107 vos

1934 4137 1962 4175 a
1993 4123 2142 4178 vobis
2167 4125 2495 4192 amolimini,
2521 4129 2563 4181 si
2594 4130 2852 4198 potestis,
2887 4131 2938 4187 in
2968 4133 3158 4203 quibus
3184 4153 3274 4193 vos
3303 4140 3512 4210 pejores

1932 4212 2120 4268 eodem
2146 4213 2262 4283 ipso
2287 4213 2566 4272 Joviniano
2591 4233 2713 4273 esse
2749 4223 3076 4278 monstrabo.
3107 4225 3202 4283 Ille
3225 4228 3358 4284 dixit
3383 4230 3509 4286 boui

1931 4316 2050 4356 esse
2087 4304 2489 4371 necessitatem;
2519 4322 2612 4362 vos
2637 4308 2811 4363 dicitis
2836 4325 2957 4366 esse
2985 4313 3176 4369 bonam
3207 4318 3329 4372 mali
3355 4321 3510 4388 cupio

1929 4391 2144 4448 ditatem
2179 4411 2192 4445 :
2225 4395 2312 4449 ille
2337 4397 2410 4449 ait
2436 4411 2530 4465 per
2558 4400 2805 4468 mysteria
2836 4401 3080 4460 homines
3102 4406 3169 4459 ab
3197 4423 3377 4463 errore
3414 4427 3508 4464 co-

1929 4481 2131 4550 hiberi;
2164 4498 2286 4550 vos,
2329 4487 2466 4539 viam
2507 4498 2702 4542 rectam
2729 4490 2999 4557 gradiendi
3035 4497 3370 4565 cupiditatem
3399 4515 3504 4558 non

1928 4573 2171 4642 inspirari
2199 4591 2231 4629 a
2263 4577 2404 4638 Deo,
2437 4576 2528 4630 sed
2556 4579 2772 4632 arbitrio
2804 4581 2970 4635 libero
2996 4588 3193 4654 acquiri
3229 4607 3243 4643 :
3275 4590 3365 4646 ille
3395 4596 3504 4648 vir-

1924 4663 2194 4732 ginitatem
2225 4664 2401 4719 Mariae
2441 4675 2618 4733 partus
2646 4668 2948 4726 conditione
2975 4673 3247 4745 dissolvit;
3278 4696 3373 4737 vos
3419 4684 3503 4754 ip-

1924 4768 2036 4806 sam
2065 4768 2280 4807 carncm
2323 4761 2558 4809 sanctam
2596 4755 2663 4812 de
2691 4758 2889 4827 virgine
2930 4775 3252 4830 procreatam
3293 4782 3502 4828 autem:

1923 4845 2068 4897 carui
2097 4843 2371 4898 hominum
2402 4848 2718 4916 comquatis,
2749 4851 3146 4909 similitudinem
3176 4861 3350 4914 carnis
3377 4877 3502 4931 pce—

1921 4933 2024 4988 eati
2065 4950 2169 4987 non
2211 4933 2595 5006 distinguentes
2623 4953 2654 4992 a
2682 4955 2841 4994 carne
2883 4945 3082 5010 peccati
3116 4963 3130 4998 :
3162 4948 3251 5002 ille
3278 4953 3498 5009 meliora

1922 5025 2075 5079 bouis
2099 5036 2292 5095 mquat,
2313 5027 2362 5080 id
2390 5036 2490 5093 est,
2516 5028 2866 5096 integritatem
2897 5034 3193 5103 connubio;
3223 5054 3336 5106 vos,
3359 5045 3496 5100 mala

1922 5115 2106 5181 bonis;
2154 5131 2272 5170 nam
2302 5117 2618 5173 discordiam
2656 5119 2831 5174 carnis
2856 5131 2908 5176 ct
2936 5125 3154 5193 spiritus
3191 5138 3296 5186 tant
3322 5133 3497 5191 dicitis

1920 5223 2038 5262 esse
2066 5207 2294 5275 bonum,
2326 5223 2482 5278 quam
2513 5211 2846 5265 concordiam
2879 5217 3176 5285 nuptiarum
3212 5240 3225 5276 :
3259 5224 3346 5280 ille
3367 5227 3496 5282 dicit

1919 5297 2056 5364 apud
2085 5298 2248 5352 Deum
2291 5299 2545 5368 mqualem
2573 5299 2826 5356 honorem
2859 5303 3024 5361 bonos
3047 5320 3101 5364 ct
3124 5313 3351 5380 optimos
3393 5316 3492 5369 ha-

1918 5387 2155 5453 bituros;
2183 5405 2277 5443 vos
2298 5397 2492 5457 autem,
2522 5391 2775 5460 quosdam
2802 5393 2969 5450 bonos
2993 5414 3097 5453 non
3123 5401 3290 5455 solum
3324 5404 3374 5456 in
3406 5420 3492 5458 re-

1916 5493 2020 5547 gno
2051 5479 2142 5533 Dei
2184 5479 2438 5534 honorem
2481 5482 2678 5536 nullum
2708 5483 3024 5556 adepturos,
3067 5489 3158 5542 sed
3190 5505 3288 5545 nec
3317 5492 3485 5561 ipsnnt

1917 5584 2135 5638 regnum
2163 5586 2281 5625 esse
2306 5572 2510 5626 visuros
2535 5591 2546 5626 :
2572 5573 2657 5628 ille
2687 5574 2808 5630 dicit
2838 5577 2930 5630 Dei
2959 5580 3221 5648 mysteriis
3247 5581 3486 5643 homines

1981 5703 1995 5732 ⁸
2032 5703 2101 5750 sic
2131 5708 2231 5750 tm.
2263 5709 2309 5751 tn
2335 5704 2490 5766 \‘ign.,
2515 5703 2655 5756 dicis.

2720 5789 3315 5872 {Qttaraate—ct'nq.)
