3934 6178
347 346 479 400 lll9

341 460 573 513 imbutos
595 418 696 511 ηδτ.
723 468 874 523 posse
904 469 1141 522 peccare;
1162 466 1255 507 vos
1277 451 1451 508 dicitis
1474 449 1681 517 facilius
1706 448 1916 517 quidem

340 563 437 617 per
461 547 552 603 Dei
573 546 813 617 gratiam,
832 544 925 600 sed
944 548 999 600 et
1022 545 1138 599 sine
1163 544 1248 598 illa
1275 557 1368 613 per
1395 544 1618 596 liberum
1644 541 1921 595 arbitrium

339 652 497 707 posse
528 634 768 690 homines
804 650 910 689 non
940 649 1190 705 peccare;
1228 633 1446 687 audacia
1474 632 1716 702 gigantca
1757 645 1918 699 repn-

338 736 562 797 gnantes
591 727 733 791 Deo,
766 741 883 779 cum
928 726 993 779 de
1024 725 1176 779 bonis
1204 722 1461 778 fructibus
1506 722 1810 791 loqueretur
1835 720 1920 774 di-
1960 787 1969 793 _

335 821 498 879 centi.
527 818 653 873 Siue
676 834 754 871 me
782 819 908 871 nihil
939 818 1140 886 potestis
1164 818 1331 885 facere
1354 814 1532 885 (lacn.
1563 831 1659 880 xv,
1681 813 1760 886 5).
1787 812 1918 869 Cum

328 910 498 981 igitur
522 910 577 963 iu
610 909 845 964 deterius
876 917 1078 962 tantum
1108 923 1137 962 a
1167 906 1432 962 loviuiaui
1464 920 1649 961 errore
1672 905 1879 960 distetis
1903 945 1918 967 ,

338 1017 439 1057 nos
468 1011 642 1055 tamen
666 1000 722 1055 ei
749 999 1011 1067 sulijicitis
1029 1039 1043 1064 ,
1070 1008 1125 1053 et
1152 997 1441 1053 Manichmo
1466 997 1645 1068 potius
1669 997 1920 1067 adaequa-

337 1093 441 1157 tis;
483 1104 677 1160 magno
715 1089 920 1145 scilicet
944 1088 1191 1157 pricsidio
1218 1090 1530 1145 commoniti
1551 1128 1566 1154 ,
1597 1087 1747 1157 quasi
1795 1101 1921 1157 pro-

338 1191 521 1251 pterea
544 1178 887 1235 condideritis
909 1180 926 1211 ι
957 1177 1203 1234 haeresim
1235 1194 1426 1235 novam
1447 1219 1461 1243 ,
1492 1189 1553 1232 ut
1577 1178 1788 1247 quando
1825 1192 1922 1231 vos

337 1272 724 1343 redarguimus,
743 1271 901 1325 nullis
922 1271 1186 1327 haereticis
1202 1272 1483 1341 aquuare
1505 1272 1787 1341 possimus.
1808 1271 1922 1341 Ego

338 1373 514 1419 tamen
538 1365 590 1418 in
616 1364 718 1418 hac
754 1378 914 1419 causa
933 1404 950 1429 ,
977 1364 1030 1418 in
1058 1378 1160 1434 qua
1202 1365 1295 1419 tibi
1337 1364 1406 1419 de
1433 1365 1685 1435 originali
1704 1374 1921 1434 peccato

335 1454 559 1508 multum
602 1453 787 1507 videor
802 1452 1156 1508 detestandus
1177 1496 1193 1520 ,
1219 1463 1276 1510 et
1302 1454 1592 1509 Manicbieo
1631 1455 1807 1523 potius
1832 1469 1920 1508 co-

335 1547 625 1617 mipiaiidus
645 1590 660 1614 ,
704 1563 824 1601 eum
873 1548 1155 1602 Ambrosio
1183 1562 1300 1601 sum
1323 1590 1336 1612 ,
1382 1548 1517 1601 velis
1549 1548 1683 1602 nolis
1704 1588 1717 1611 ,
1764 1562 1921 1618 quem

335 1636 646 1693 Jovinianus
692 1637 1043 1692 Manichzcum
1091 1637 1335 1705 diccbat,
1378 1648 1438 1693 ut
1482 1647 1538 1692 tu
1571 1655 1585 1693 :
1615 1638 1708 1693 sed
1759 1639 1924 1693 libere

336 1728 448 1795 ille,
472 1737 533 1783 tu
556 1728 798 1784 subdole.
826 1729 1065 1798 Denique
1091 1731 1256 1784 semel
1286 1730 1375 1784 ille
1397 1729 1646 1795 vincitur,
1673 1744 1796 1784 cum
1817 1730 1925 1783 Ma-

336 1820 575 1874 nichzeus
601 1834 711 1874 non
750 1833 873 1877 esse
898 1818 1298 1875 demonstratur
1325 1820 1638 1876 Ambrosius
1670 1837 1686 1876 :
1717 1829 1772 1875 tu
1799 1835 1925 1876 vero

336 1914 455 1980 quia
502 1911 714 1966 voluisti
750 1926 847 1966 cor
886 1912 1081 1981 duplex
1126 1912 1359 1979 habere,
1400 1912 1486 1967 bis
1526 1913 1776 1967 vinceris.
1820 1915 1923 1966 Ar-

333 2000 451 2069 guis
478 2000 816 2056 Ambrosium
858 2001 1208 2056 Mauiclizeum
1237 2016 1395 2067 esse;
1429 2002 1653 2057 ostendo
1696 2016 1801 2056 non
1836 2016 1924 2057 es-

334 2106 394 2146 se
418 2110 431 2145 :
455 2106 617 2163 negas
648 2101 699 2147 te
727 2107 974 2162 arguere,
1008 2093 1235 2147 ostendo
1254 2100 1307 2147 te
1332 2106 1558 2164 arguere
1594 2110 1609 2146 :
1644 2105 1926 2163 utrumque

334 2190 511 2235 autem
541 2180 762 2235 clarebit
799 2169 850 2237 ei
878 2182 972 2251 qui
1002 2182 1264 2252 superius
1294 2197 1413 2252 qua:
1441 2182 1685 2238 dixerit”
1718 2184 1923 2253 legerit.

409 2271 641 2328 CXXIII.
667 2271 789 2328 Ιυι..
812 2270 1013 2327 Verum
1051 2272 1329 2329 videamus
1375 2282 1428 2328 et
1470 2283 1684 2330 caetera.
1724 2274 1802 2331 De
1843 2275 1927 2330 his

335 2377 453 2431 qua:
481 2363 686 2432 egimus
707 2355 842 2418 eatis
864 2377 1128 2433 superque
1148 2364 1400 2418 lectorem
1430 2362 1746 2419 instructum
1768 2374 1920 2435 puto,

337 2467 436 2518 qua
469 2451 659 2505 virtute
695 2451 774 2506 vel
820 2467 1060 2508 meorum
1089 2451 1352 2508 dictorum
1381 2454 1581 2523 aliquid
1617 2462 1922 2525 oppugnet,

337 2541 421 2594 vel
446 2540 750 2609 Opinionem
780 2549 989 2597 tueatur
1013 2557 1197 2608 suam;
1220 2551 1275 2597 et
1301 2542 1425 2597 ideo
1445 2558 1550 2597 non
1576 2544 1680 2597 erit
1701 2557 1929 2598 necesse

338 2631 657 2699 scriptorum
698 2631 751 2685 id
792 2634 1029 2686 omnium
1071 2632 1389 2703 repetitidne
1429 2642 1749 2689 monstrare.
1777 2632 1927 2701 Quo-

339 2721 482 2774 niam
510 2720 597 2774 vix
624 2720 862 2790 singulos
884 2736 1209 2792 sparsosque
1234 2722 1524 2777 versiculos
1547 2723 1617 2777 de
1643 2722 1779 2777 libro
1808 2738 1930 2778 meo

339 2826 641 2883 proponens
669 2812 800 2876 sibi,
826 2825 1029 2882 eosque
1058 2810 1279 2867 laudans
1316 2812 1644 2883 frequenter,
1678 2827 1927 2868 nonnun-

338 2920 498 2975 quam
526 2904 688 2960 etiam
714 2904 893 2961 titillat
919 2904 1290 2975 suggillatione
1316 2904 1667 2971 brevissima;
1695 2920 1818 2960 cum
1841 2913 1927 2960 ta-

341 3010 464 3050 men
496 2994 597 3050 hoc
621 2993 763 3065 quod
791 2993 1142 3049 mordendum
1167 3003 1335 3064 putat,
1364 3010 1392 3050 a
1415 3009 1503 3050 me
1524 3009 1630 3049 non
1660 2996 1730 3051 sit
1756 2996 1847 3061 ita,
1873 3003 1931 3051 ut

341 3087 659 3156 suspicatur,
677 3085 961 3157 prolatum.
980 3084 1336 3153 Quamobrem
1357 3086 1422 3140 ad
1446 3086 1573 3142 illud
1596 3101 1729 3156 opus
1747 3103 1924 3143 meum

342 3173 595 3231 lectorem
624 3176 798 3246 dirigo
827 3194 843 3230 :
870 3175 1074 3231 videbit
1098 3177 1449 3231 assertionem
1475 3179 1759 3233 concinere
1785 3179 1930 3234 veri-

344 3267 457 3320 tati.
484 3267 583 3323 Hic
617 3282 749 3323 sane
792 3267 881 3336 qui
925 3267 1025 3322 sibi
1067 3268 1401 3337 querebatur
1439 3269 1743 3338 objectum,
1789 3270 1932 3341 quod

343 3366 583 3431 naturam
624 3356 999 3411 criminaretur
1040 3364 1096 3411 et
1141 3357 1344 3411 semina
1368 3398 1382 3420 ,
1424 3359 1730 3412 cont-inuam
1761 3360 1929 3412 simu-

344 3447 487 3502 landi
531 3460 635 3502 non
678 3446 855 3516 potuit
898 3455 1083 3501 tenere
1128 3447 1480 3516 patientiam:
1510 3449 1606 3503 sed
1646 3458 1927 3518 postquam

344 3538 628 3609 praestigiis
647 3538 670 3570 ³
700 3537 905 3608 patroni
948 3538 1030 3593 sui
1067 3540 1339 3593 serenavit
1378 3537 1650 3607 auditum,
1680 3539 1823 3594 velut
1852 3548 1932 3596 te-

345 3629 504 3684 studo
528 3636 688 3698 caput
709 3627 902 3699 aperit.
927 3626 1058 3682 Nam
1082 3642 1205 3684 eum
1226 3628 1466 3696 dixisset,
1493 3629 1616 3700 quia
1637 3629 1740 3684 nisi
1758 3630 1930 3686 Adam

348 3726 641 3791 peccasset,
677 3721 747 3776 ita
779 3718 1022 3775 homines
1046 3733 1303 3789 generum
1332 3722 1666 3790 potuissent,
1699 3728 1758 3775 ut
1785 3721 1929 3777 sole-

351 3828 470 3869 mus
488 3820 586 3868 aut
609 3810 861 3868 articulos
896 3825 1236 3867 commovere
1255 3853 1271 3878 ,
1307 3821 1400 3866 aut
1426 3812 1740 3882 unguieulas
1770 3826 1932 3868 exse-

349 3917 508 3960 care:
536 3901 770 3970 addidit,
804 3921 824 3955 ι
858 3900 964 3958 Sed
1002 3903 1049 3959 si
1075 3916 1261 3959 semen
1284 3902 1457 3972 ipsum
1486 3903 1688 3959 nullum
1712 3902 1934 3957 maledi-

349 4006 491 4051 ctum
541 3994 734 4063 liabet,
775 3994 901 4065 quid
944 4004 1027 4052 est
1080 3994 1223 4066 quod
1273 3997 1529 4065 scriptum
1576 4003 1660 4051 est
1704 3996 1757 4050 in
1794 3995 1932 4051 libro

348 4084 652 4154 Sapientiae,
676 4082 799 4138 Non
823 4084 1062 4156 ignorans
1080 4084 1317 4155 quoniam
1343 4100 1557 4153 nequam
1575 4094 1682 4139 erat
1706 4085 1842 4139 natio
1865 4085 1934 4139 il-

350 4175 533 4241 lorum,
562 4183 608 4229 et
637 4175 886 4228 naturalis
905 4174 1102 4228 malitia
1122 4174 1366 4244 ipsorum,
1389 4183 1439 4227 et
1464 4175 1583 4244 quia
1609 4190 1711 4228 non
1737 4182 1933 4246 poterat

350 4266 537 4321 mutari
563 4265 798 4336 cogitatio
818 4264 1025 4319 illorum
1042 4264 1097 4316 in
1118 4273 1412 4334 perpetuum
1433 4280 1452 4317 :
1478 4280 1645 4318 semen
1671 4265 1804 4318 enim
1827 4273 1933 4319 erat

350 4356 673 4411 maledictum
696 4356 758 4409 ab
777 4354 919 4408 initio
946 4372 968 4407 s
996 4346 1167 4425 (Sep.
1191 4366 1286 4420 xit,
1315 4352 1403 4418 lO,
1431 4354 1542 4423 ll).
1567 4356 1739 4424 Atque
1758 4355 1930 4424 ipsum

354 4447 710 4504 testimonium
753 4445 894 4517 quod
939 4445 1189 4517 protulit,
1229 4445 1438 4501 subdita
1481 4449 1933 4516 argumentatione

356 4538 712 4606 prosequitur,
741 4555 760 4588 ι
792 4537 992 4608 Nempe
1019 4536 1087 4593 de
1114 4538 1535 4609 quibuscumque
1561 4539 1662 4592 ista
1681 4537 1842 4608 dicat,
1867 4540 1934 4595 de

354 4626 676 4690 hominibus,
709 4643 731 4678 ι
758 4625 948 4695 inquit,
983 4644 1002 4680 ι
1031 4627 1160 4681 dicit
1182 4646 1202 4679 ι
1232 4626 1333 4698 (De
1361 4626 1570 4698 Nuptiis
1595 4637 1646 4683 et
1677 4627 1932 4699 Concupi-

352 4714 695 4783 scenlia,‘lib.
730 4712 802 4782 2,
843 4732 895 4768 n.
941 4716 1105 4770 17-21
1134 4716 1175 4785 ).
1225 4718 1302 4772 En
1332 4719 1420 4787 qui
1447 4735 1507 4775 se
1536 4720 1879 4789 proﬁtebatur
1902 4736 1934 4776 a

353 4807 762 4863 Maniclucorum
800 4804 991 4861 studiis
1031 4805 1333 4875 destitisse,
1381 4809 1471 4878 qui
1510 4811 1610 4865 sub
1655 4813 1935 4869 occasione

355 4899 632 4956 sententiae
673 4914 833 4970 quam
872 4913 978 4953 non
1025 4898 1301 4969 intelligit,
1332 4900 1669 4956 maledictum
1713 4918 1931 4972 semen,

355 4990 607 5045 malitiam
630 4990 922 5046 naturalem
942 5030 959 5056 ,
990 4998 1044 5046 et
1068 4991 1527 5048 inconvertibilem
1564 4996 1932 5065 cogitationem

361 5081 671 5146 pronuntiat
688 5081 1017 5150 iniquorum.
1046 5083 1205 5138 Fama
1235 5091 1333 5148 est,
1363 5084 1500 5153 apud
1531 5087 1770 5143 cataclita
1790 5087 1814 5120 ‘
1834 5089 1933 5144 Nili

359 5186 616 5244 aquarum
662 5173 1021 5240 prementium
1066 5175 1289 5244 strepitu
1338 5191 1434 5229 usu
1476 5178 1682 5231 aurium
1728 5179 1936 5234 accolas

358 5264 661 5318 destitutus.
682 5260 920 5317 Finxerit
940 5262 1066 5317 illud
1087 5265 1287 5333 epinio,
1312 5281 1428 5336 quae
1453 5266 1519 5321 de
1545 5269 1749 5337 magnis
1772 5269 1940 5338 majo—

361 5373 415 5409 ra
443 5354 699 5426 dispergit
725 5370 739 5407 :
767 5352 907 5408 valet
930 5360 1108 5409 tamen
1134 5358 1436 5426 exemplum
1470 5358 1934 5428 ad'castigandam

426 5548 442 5619 ξ
478 5547 615 5619 uniti.
637 5546 1117 5619 condiderit._verius
1152 5558 1315 5601 autem
1355 5562 1478 5618 Mss,
1511 5554 1840 5609 condideritis.

424 5611 443 5670 ξ
476 5610 636 5659 Codex
658 5617 804 5670 νοτία,
827 5610 1059 5661 diruistis.

423 5668 445 5745 ξ
1025 5677 1447 5745 ex'manuscriptis
1468 5678 1749 5729 addidimus.

426 5732 447 5758 ι
477 5731 549 5781 sic
570 5737 677 5782 llas.
708 5731 758 5781 in
781 5731 947 5797 vi“,
961 5733 1201 5798 catadyta.

1012 341 1253 396 OPElllS
1294 338 1705 396 IMPERFECTI
1743 336 2012 395 CONTRA
2045 338 2406 406 JULIANUM,
2439 342 2494 395 S.
2528 341 2895 398 AUGUSTlNl

3471 347 3602 403 “‘20

2036 446 2391 516 insipientium
2423 448 2730 505 surditatem
2751 491 2767 515 ,
2792 451 2880 521 qui
2920 449 3129 521 fragore
3158 453 3383 509 terroris
3410 460 3571 510 mutui
3591 498 3608 521 ,

2029 536 2165 591 sicut
2184 536 2396 606 aspides
2414 538 2591 593 surdae
2617 555 2794 611 rerum
2815 531 3034 597 vesibus
3050 541 3384 598 obnituntur.
3406 544 3609 600 Clamat

2029 628 2380 697 Augustinus,
2420 629 2656 700 Nequam
2698 640 2781 686 est
2810 631 3081 687 hominum
3122 634 3307 696 natio.
3352 637 3614 691 naturalis

2030 720 2227 774 malitia
2251 763 2263 784 ,
2305 721 2648 778 immutabilis
2673 724 2923 793 cogitatio
2954 724 3008 778 in
3044 734 3362 796 perpetuum
3383 767 3399 793 ,
3426 740 3611 782 semen

2029 813 2368 868 maledictum
2398 815 2466 869 ab
2491 815 2662 869 initio.
2681 816 2747 869 Et
2767 816 3110 871 inveniuntur
3131 816 3329 881 adhuc,
3349 819 3440 887 qui
3464 818 3612 873 illum

2030 919 2134 958 non
2162 919 2542 976 usquequaque
2561 906 2836 961 Manichmi
2857 916 3135 963 autument
3160 908 3475 964 charactere
3497 925 3617 979 per-

2028 996 2280 1049 cussum?
2306 996 2704 1065 lnterrogentur
2748 996 2907 1054 hodie
2950 999 3271 1069 quicumque
3311 1008 3437 1055 sunt
3476 1001 3616 1071 ipsa-

2028 1099 2146 1139 rum
2173 1085 2408 1141 sordium
2435 1095 2729 1143 sectatores
2754 1088 2947 1157 publici
2973 1106 2987 1143 :
3013 1089 3058 1144 si
3085 1088 3227 1143 aliud
3246 1089 3499 1155 dixerint,
3517 1105 3615 1147 nos

2026 1184 2275 1243 putemur
2296 1176 2459 1231 fuisse
2484 1177 2715 1232 mentiti.
2749 1178 2891 1247 Ergo
2916 1177 2962 1232 si
2987 1186 3071 1232 est
3094 1178 3303 1233 malitia
3328 1181 3613 1242 naturalis.

2029 1268 2293 1334 quomodo
2323 1278 2373 1323 te
2404 1268 2557 1338 lingis
2592 1270 2787 1324 malam
2820 1285 2926 1324 non
2958 1271 3309 1340 pronuntiare
3328 1273 3613 1328 naturam?

2028 1354 2085 1411 Si
2106 1366 2189 1411 est
2212 1371 2394 1413 semen
2421 1360 2758 1414 maledictum
2783 1360 2853 1417 ab
2878 1359 3029 1415 initio
3048 1401 3064 1426 ,
3088 1362 3361 1432 quomodo
3399 1372 3452 1418 te
3477 1362 3613 1417 dicis

2030 1446 2156 1501 vitia
2186 1449 2518 1503 voluntatum
2547 1465 2832 1516 accusare,
2872 1467 2978 1507 non
3006 1454 3315 1508 seminum?
3343 1454 3397 1510 Si
3422 1455 3614 1509 immu-

2030 1540 2206 1594 tabilis
2228 1541 2479 1611 cogitatio
2505 1542 2906 1612 malignaou'um
2935 1551 3017 1599 est
3037 1584 3052 1607 ,
3082 1545 3353 1614 quomodo
3381 1555 3434 1600 te
3463 1546 3610 1615 peje-

2028 1646 2117 1685 ras
2157 1632 2381 1687 libenim
2421 1633 2703 1701 arbitrium
2745 1634 3028 1688 conﬁteri?
3067 1634 3220 1689 Nisi‘
3256 1645 3529 1705 superest,
3559 1648 3614 1689 ut

2030 1722 2147 1777 illos
2173 1723 2448 1792 Hebraeos,
2472 1724 2659 1780 Sirach
2679 1727 2724 1792 ι,
2757 1726 2841 1781 vel
2862 1709 3285 1798 Philonem,'qui
3310 1727 3427 1783 libri
3450 1729 3618 1797 ipsius

2028 1814 2118 1883 qui
2144 1814 2418 1884 Sapientia
2446 1814 2663 1882 dicitur,
2688 1824 2934 1870 auctores
2974 1816 3176 1870 incerta
3210 1817 3460 1886 opinione
3497 1832 3619 1873 cre—

2028 1905 2243 1972 duntur,
2275 1905 2423 1962 dicas
2446 1906 2611 1962 fuisse
2634 1904 2976 1961 Manichicos.

2100 2000 2234 2055 Anc.
2263 1998 2495 2066 Quilibet
2522 2007 2706 2053 auctor
2734 1998 2895 2053 fuerit
2922 1999 3040 2053 libri
3066 1997 3226 2068 hujus
3248 2040 3264 2065 ,
3294 1999 3434 2054 bene
3451 2039 3468 2065 ,
3491 2001 3614 2069 quia

2028 2093 2395 2146 auctoritatem
2422 2090 2537 2161 ejus
2563 2106 2669 2145 non
2701 2092 2931 2160 respuis.
2973 2090 3200 2146 ldoneus
3228 2100 3312 2146 est
3334 2091 3514 2161 igitur,
3545 2106 3615 2145 es

2029 2198 2135 2253 quo
2154 2182 2410 2237 adversus
2426 2196 2540 2245 vos,
2569 2196 2689 2251 qua:
2710 2193 2995 2249 possumus
3022 2180 3285 2245 invenire,
3311 2181 3617 2235 testimonia

2025 2274 2384 2346 proferamus.
2410 2272 2542 2328 Nam
2566 2282 2621 2329 et
2651 2273 2893 2342 Pelagius
2917 2272 3105 2327 doctor
3128 2272 3149 2303 ⁸
3176 2282 3353 2326 vester
3394 2271 3446 2325 in
3481 2270 3620 2325 libro

2029 2381 2187 2437 quem
2213 2365 2657 2420 TcStimoniorum
2685 2364 2769 2418 vel
2804 2361 3169 2431 Capitulorum
3208 2349 3408 2426 edidit,
3440 2362 3619 2432 posuit

2030 2474 2094 2513 ex
2133 2456 2236 2510 isto
2280 2456 2415 2509 liliro
2457 2470 2576 2525 quae
2606 2453 2887 2508 intentioni
2918 2468 3029 2507 sum
3058 2451 3288 2507 credidit
3326 2452 3622 2507 convenire

2035 2547 2136 2618 (De
2160 2546 2322 2602 Cestii
2348 2545 2567 2617 Pelagii,
2592 2563 2647 2599 η.
2666 2546 2747 2616 6).
2769 2544 2932 2615 Cujus
2953 2544 3075 2598 libri
3094 2552 3280 2598 auctor
3300 2545 3470 2614 magis
3490 2545 3619 2614 quia

2030 2635 2353 2691 Maniehrcus
2397 2650 2502 2688 non
2549 2634 2685 2698 fuit,
2732 2635 2862 2688 satis
2912 2640 3207 2702 aperteque
3254 2631 3617 2694 demonstrat,

2030 2726 2190 2781 etiam
2218 2724 2287 2780 ab
2313 2725 2391 2779 eis
2418 2725 2510 2794 qui
2540 2724 2814 2778 Maniclimi
2843 2738 2949 2778 non
2979 2731 3143 2790 sunt,
3185 2731 3241 2777 et
3282 2722 3336 2776 in
3381 2723 3620 2777 Ecclesia

2030 2813 2227 2871 Christi
2254 2815 2354 2885 legi
2382 2815 2656 2884 accipique
2681 2820 3022 2876 meruerunt,
3052 2811 3292 2881 potuisse
3312 2811 3420 2866 dici
3458 2812 3619 2866 mali-

2032 2909 2160 2963 tiam
2191 2907 2482 2961 naturalem
2504 2948 2518 2972 ,
2547 2910 2663 2961 sine
2691 2907 2796 2960 ulla
2823 2906 3239 2975 reprehensione
3268 2906 3620 2959 institutionis

2032 3004 2090 3054 et
2110 2997 2435 3053 conditionis
2463 2996 2594 3062 Dei,
2624 3003 2930 3050 naturarum
2971 2995 3209 3050 omnium
3237 2996 3618 3064 sapientissimi

2033 3095 2193 3158 atque
2221 3087 2406 3157 optimi
2445 3087 2722 3143 creatoris.
2760 3085 2912 3141 Unde
2952 3095 3007 3142 et
3041 3086 3332 3156 Apostolus
3365 3100 3472 3139 non
3510 3086 3623 3139 alio

2033 3193 2197 3234 sensu
2222 3178 2423 3234 dixisse
2453 3178 2757 3233 intellectus
2779 3187 2860 3232 est
2876 3219 2892 3243 ,
2921 3176 3139 3231 Fuimus
3163 3178 3297 3230 enim
3324 3186 3368 3231 et
3394 3193 3485 3230 nos
3510 3177 3619 3229 ali-

2032 3267 2235 3340 quando
2260 3278 2444 3322 natura
2470 3268 2566 3337 ﬁlii
2591 3268 2702 3334 irtc,
2723 3267 2851 3321 sicut
2872 3276 2924 3321 et
2946 3268 3115 3321 caeteri
3138 3268 3157 3337 (
3184 3267 3378 3338 Ephes.
3419 3282 3481 3333 tt,
3514 3267 3551 3321 ’ὅ
3570 3265 3613 3336 ).

2032 3359 2186 3428 Quod
2208 3359 2423 3431 quidam
2449 3374 2554 3414 non
2575 3359 2641 3414 ad
2666 3357 2910 3424 verbum,
2937 3358 3031 3413 sed
3058 3357 3125 3412 ad
3150 3358 3471 3413 sententiam
3492 3368 3619 3412 sunt

2032 3452 2365 3522 interpretati
2398 3451 2671 3517 dicentes,
2703 3451 2922 3506 Fuimus
2946 3451 3089 3506 enim
3117 3460 3173 3506 et
3196 3466 3295 3505 nos
3332 3449 3620 3520 aliquando

2035 3540 2349 3597 naturaliter
2374 3541 2465 3594 lilii
2496 3541 2609 3595 irin.
2636 3540 2788 3607 Quod
2821 3550 2999 3595 autem
3035 3541 3141 3605 ait,
3177 3541 3309 3593 sicut
3343 3548 3390 3593 et
3426 3541 3613 3601 calari,

2034 3632 2265 3689 ostendit
2287 3645 2476 3686 omnes
2513 3631 2610 3685 ira:
2638 3631 2786 3685 lilios
2815 3645 2936 3687 esse
2974 3640 3161 3684 natura
3180 3668 3198 3696 ,
3226 3630 3327 3685 nisi
3355 3629 3616 3700 quosdam

2031 3738 2222 3779 eorum
2249 3738 2280 3777 a
2322 3736 2496 3777 massa
2543 3721 2856 3791 perditionis
2890 3722 3061 3791 gratia
3109 3721 3283 3775 divina
3326 3722 3605 3775 discernat.

2033 3815 2112 3869 De
2156 3814 2345 3869 alienis
2389 3828 2518 3883 ergo
2562 3812 2782 3873 ab,hac
2823 3814 2990 3883 gratia
3038 3813 3199 3867 etiam
3244 3814 3435 3868 Petrus
3488 3828 3621 3882 apo.

2032 3904 2204 3959 stolus
2240 3903 2503 3974 loquens:
2530 3902 2604 3956 Hi
2636 3916 2781 3966 vero,
2823 3902 3023 3973 inquit,
3052 3903 3184 3957 velut
3212 3901 3394 3957 mulsi
3421 3905 3622 3957 aninm-

2035 3994 2105 4048 lia
2147 4005 2413 4064 procreata
2448 3993 2755 4047 naturaliter
2798 3993 2851 4046 in
2899 3992 3238 4064 captivitatem
3277 4002 3327 4057 et
3362 3994 3617 4047 iuta-itum

2036 4082 2104 4154 (ll
2134 4082 2274 4137 Petr.
2299 4099 2360 4148 ιι,
2385 4083 2501 4153 l2).
2525 4083 2640 4139 Non
2666 4098 2727 4138 se
2753 4084 2947 4153 quippe
2969 4085 3236 4140 exuebaot
3261 4093 3498 4140 veterem
3522 4084 3618 4137 ho-

2036 4173 2255 4226 minem.
2293 4172 2402 4227 Nisi
2447 4182 2623 4227 autem
2662 4182 2820 4228 vetus
2856 4174 3034 4227 omnis
3076 4172 3239 4228 homo
3278 4184 3615 4240 nasceretur,

2036 4264 2216 4319 nullus
2244 4263 2493 4332 parvulus
2525 4262 2857 4319 renasceudo
2879 4271 3246 4318 renovaretur.
3274 4263 3431 4318 Absit
3450 4278 3579 4334 ergo
3596 4304 3617 4329 ,

2036 4363 2096 4409 ut
2119 4368 2241 4410 cum
2269 4353 2540 4409 Creatoris
2564 4352 2773 4409 dicatur
2800 4353 3016 4423 injuria,
3047 4355 3361 4410 naturaliter
3377 4369 3500 4410 esse
3521 4354 3621 4408 ho-

2036 4447 2209 4502 mines
2236 4446 2331 4501 irae
2360 4444 2499 4500 ﬁlios
2521 4462 2535 4498 :
2557 4446 2696 4499 sicut
2722 4444 2839 4499 sine
2868 4446 2974 4499 ulla
3017 4445 3136 4514 ejus
3170 4445 3367 4514 injuria
3394 4445 3619 4516 quisque

2037 4537 2229 4593 dicitur
2251 4538 2566 4593 naturaliter
2588 4537 2814 4604 sardus,
2838 4547 2929 4593 aut
2958 4538 3272 4593 naturaliter
3290 4553 3498 4603 circus,
3527 4550 3621 4593 aut

2037 4627 2349 4683 naturaliter
2389 4626 2695 4692 morbidus;
2734 4627 2969 4696 itemque
3009 4628 3146 4682 alius
3189 4628 3500 4683 naturaliter
3542 4627 3622 4680 la-

2041 4728 2194 4785 tuus,
2233 4718 2370 4772 alius
2408 4717 2718 4772 naturaliter
2755 4717 3081 4783 obliviosos,
3124 4717 3264 4772 alius
3308 4716 3623 4773 naturaliter

2039 4808 2356 4875 iracundus;
2384 4817 2437 4864 et
2459 4817 2653 4864 caetera
2682 4809 3089 4863 innumerabilia
3114 4809 3263 4875 vitia,
3288 4808 3401 4864 sive
3426 4822 3619 4877 corpo-

2040 4918 2178 4969 rum,
2208 4902 2340 4967 sive,
2362 4900 2503 4971 quod
2537 4908 2621 4956 est
2643 4901 2886 4971 gravius,
2927 4902 3227 4956 animorum
3249 4942 3263 4966 ,
3295 4902 3390 4957 Dei
3409 4901 3623 4970 opiﬁcio

2040 5005 2363 5056 creatorem,
2384 4991 2733 5062 ejusdemque
2754 4992 2847 5047 Dei
2870 4993 3104 5056 occulto,
3132 4991 3228 5047 sed
3250 4992 3398 5061 justo
3420 4990 3625 5061 judicio

2042 5085 2364 5161 vitiatarum.
2392 5082 2534 5136 Idem
2558 5083 2753 5152 quippe
2782 5083 2895 5152 ipse
2922 5082 3088 5138 totius
3112 5081 3349 5138 hominis
3372 5090 3577 5138 creator
3603 5100 3619 5134 :

2041 5185 2095 5231 et
2121 5184 2297 5230 tamen
2325 5174 2566 5243 quamvis
2599 5188 2721 5227 cum
2757 5173 2872 5243 ejus
2898 5173 3056 5229 laude
3090 5182 3275 5229 natura
3309 5175 3380 5228 sit
3418 5173 3578 5228 homo
3606 5191 3623 5234 ;

2042 5266 2190 5321 nullo
2216 5264 2377 5320 modo
2403 5273 2577 5319 tamen
2617 5279 2738 5320 cum
2764 5264 2881 5334 ejus
2905 5266 3295 5343 vituperatione
3328 5274 3513 5320 natura
3542 5265 3628 5316 vi-

2045 5357 2210 5411 tiosus
2236 5366 2320 5410 est
2342 5354 2522 5408 homo.
2549 5353 2761 5411 Scimus
2787 5356 2965 5424 itaque
2985 5369 3090 5409 non
3120 5355 3268 5421 vitia,
3286 5355 3384 5411 sed
3400 5363 3624 5409 naturas

2043 5463 2161 5503 esse
2187 5445 2492 5501 tribuendas
2519 5445 2783 5502 conditori
2816 5447 2923 5502 Deo
2952 5462 2965 5499 :
2998 5448 3091 5503 sed
3133 5447 3276 5504 unde
3316 5448 3425 5505 sint.
3463 5448 3582 5503 vitia
3602 5485 3624 5513 ,

2109 5562 2123 5591 ι
2200 5560 2210 5570 .
2283 5562 2294 5572 .
2913 5561 2924 5572 .

2107 5623 2128 5653 ε
2159 5560 2981 5669 ῗοηῗὼῗιῗυηίύῗιίῆίηδῗπὶ⁹ἧῗῗιῖ

2287 5635 2316 5671 x
2339 5628 2599 5687 Furiarum,
2622 5628 2671 5687 ut
2694 5619 2839 5673 illum
2853 5622 3110 5675 uehimur:
3131 5619 3289 5687 ﬁliiun
3311 5622 3491 5675 Siracli.

2108 5683 2129 5713 ³
2161 5688 2226 5730 Ex
2250 5688 2355 5731 Mss.
2382 5682 2586 5741 additur,
2608 5681 2789 5732 doctor.

2107 5743 2128 5775 ⁸
2162 5745 2234 5792 sic
2257 5750 2359 5791 Mss.
2385 5749 2433 5793 tu
2458 5745 2614 5802 Vigu.,
2631 5750 2839 5794 cruenta.
