3934 6178
307 334 422 391 H2!

302 447 449 502 debet
473 442 672 511 dicere,
703 441 792 512 qui
818 439 929 495 vult
956 437 1203 494 resistere
1231 432 1540 490 Manichaee.
1562 432 1626 487 Et
1647 431 1714 487 de
1732 431 1868 485 alia-

304 553 409 595 rum
435 535 646 607 qutdem
675 549 852 589 rerum
876 531 1035 597 vitiis,
1056 544 1187 600 quas
1213 543 1242 582 a
1266 529 1371 583 Deo
1394 534 1601 582 creatas
1623 524 1885 585 fatemur,

303 628 387 685 sed
415 627 531 696 ejus
568 624 958 695 sapientissimo
988 619 1320 677 ordinatione
1339 657 1355 684 ,
1394 616 1508 673 sive
1544 614 1729 680 bonis,
1756 613 1871 667 sive

301 721 452 778 etiam
487 718 641 773 malis
666 716 870 787 angelis
906 713 1175 776 subditas,
1205 707 1530 780 respondere
1562 706 1869 761 facillimum

302 822 407 877 est,
435 812 503 868 ab
527 810 607 866 eis
633 809 825 880 quibus
862 806 1139 875 subjacent
1157 846 1170 866 .
1211 817 1394 884 earum
1432 814 1640 871 quoque
1669 796 1872 853 semina

301 919 453 976 pose
481 900 692 966 vitiari,
723 911 781 954 ut
806 915 913 954 non
944 899 1115 953 solum
1147 896 1275 950 fiant
1296 932 1311 960 ,
1345 907 1528 948 verum
1556 891 1715 946 etiam
1739 893 1872 945 coll-

299 995 557 1064 cipiantur
585 1000 971 1060 nascanturque
998 988 1223 1043 vitiosm.
1247 986 1322 1039 De
1344 984 1559 1040 homine
1581 981 1773 1053 agitur,
1804 979 1875 1036 de

298 1083 542 1139 rationali
568 1081 837 1135 animante
856 1120 871 1145 ,
901 1077 970 1132 de
999 1077 1227 1146 imagine
1259 1074 1350 1128 Dei
1375 1074 1568 1143 agitur,
1595 1070 1748 1140 cujus
1771 1083 1871 1124 na-

300 1184 407 1228 tura
439 1173 588 1228 nullo
608 1171 766 1227 modo
792 1169 988 1224 diaboli
1018 1167 1305 1222 ludibrium
1331 1164 1475 1218 ﬁeret
1498 1204 1514 1229 ,
1537 1177 1695 1232 quem
1729 1170 1876 1217 recte

292 1262 562 1316 credimus
604 1268 877 1316 auctorem
921 1271 1043 1312 esse
1097 1255 1340 1310 vitiorum
1363 1295 1379 1319 ,
1410 1252 1509 1307 nisi
1549 1266 1644 1322 per
1673 1250 1876 1321 justum

298 1351 384 1405 Dei
427 1350 692 1421 judicium
742 1356 958 1418 propter
1002 1344 1258 1416 originale
1302 1353 1597 1414 peccatum.
1644 1339 1880 1408 Denique

292 1457 389 1496 nec
414 1455 513 1494 vos
537 1439 660 1509 ipsi,
680 1448 934 1508 quantum
955 1437 1223 1499 existimo,
1247 1434 1427 1489 dicere
1448 1431 1674 1497 audetis,
1691 1446 1880 1501 quaru-

292 1531 369 1585 ris
392 1530 588 1600 dogma
609 1539 844 1584 vestrum
867 1528 981 1581 luce
1008 1536 1112 1580 tam
1140 1524 1252 1579 dira
1283 1532 1537 1593 sequatur
1556 1521 1876 1587 absurditas,

292 1620 345 1673 in
366 1620 616 1689 paradiso
638 1627 889 1674 exortura
911 1616 1073 1671 luisse
1101 1622 1176 1668 tot
1200 1629 1263 1669 ac
1286 1612 1572 1697 tanta‘vitia
1600 1612 1879 1679 naturalia,

293 1713 335 1765 si
367 1719 627 1781 peccante
654 1710 867 1764 nemine
889 1748 906 1775 ,
939 1707 1023 1761 illa
1064 1706 1116 1759 in
1154 1721 1257 1775 qua
1297 1713 1378 1760 est
1404 1703 1615 1758 condita
1635 1743 1650 1768 ,
1681 1710 1882 1756 natura:

293 1802 543 1856 humanae
570 1803 586 1833 ι
616 1801 839 1856 felicitas
869 1806 1227 1869 permaneret.
1257 1795 1364 1852 Vos
1408 1804 1583 1849 autem
1626 1803 1881 1865 negantes

289 1893 554 1963 originale
576 1900 876 1961 peccatum,
911 1888 1148 1960 profecto
1170 1896 1410 1942 naturam
1427 1902 1588 1956 quam
1613 1885 1754 1941 Deus
1775 1900 1879 1939 non

268 1984 537 2049 creavit,
584 1998 652 2036 ex
689 1982 843 2051 cujus
880 1979 1264 2035 commixtione
1302 1979 1411 2033 sint
1450 1978 1723 2031 hominum
1759 1991 1881 2030 cum

284 2075 493 2144 quibus
523 2082 814 2128 nascuntur
841 2073 966 2125 vitia
987 2115 1000 2138 ,
1035 2070 1210 2126 facitis
1252 2068 1540 2123 introduci.
1571 2067 1619 2123 Ο
1648 2068 1885 2138 perversi

286 2165 559 2229 lueretici,
597 2162 1009 2219 Manichaeorum
1041 2160 1312 2229 adjutores
1331 2201 1348 2225 ,
1379 2159 1447 2214 de
1471 2157 1777 2213 Manicbmis
1798 2172 1887 2212 ca—

280 2256 692 2319 lumniatores,
745 2263 800 2307 et
850 2251 1246 2306 Catltulicorum
1310 2250 1496 2307 eadem
1553 2248 1889 2304 concorditer

276 2330 487 2403 contra
518 2362 611 2402 vos
634 2362 758 2400 vera
779 2348 800 2378 ²
830 2344 1120 2400 dicentium
1163 2343 1389 2397 aliorum
1419 2341 1739 2397 contentiosi
1782 2340 1887 2395 cri-

277 2440 614 2505 minatores,
641 2439 866 2493 aliorum
896 2435 1104 2492 subdoli
1128 2434 1469 2491 adulatores!

357 2526 605 2584 CXXIV.
634 2526 750 2581 ιω..
778 2526 1065 2595 Exspectat
1095 2537 1237 2577 nunc
1263 2522 1482 2577 forsitan
1525 2520 1715 2586 lector,
1757 2535 1888 2588 quo-

284 2619 462 2675 modo
500 2618 604 2673 hoc
630 2617 990 2672 testimonium
1025 2614 1222 2669 debeat
1262 2612 1484 2681 intelligi
1514 2630 1529 2665 :
1556 2610 1695 2681 quod
1738 2620 1887 2665 certe

284 2726 397 2764 non
421 2708 706 2778 pertinere
724 2706 791 2760 ad
814 2704 1084 2759 traducem
1108 2703 1332 2773 peccati,
1360 2717 1459 2756 nec
1477 2699 1545 2755 ad
1570 2698 1887 2754 Maniebato-

284 2816 407 2854 rum
440 2798 753 2867 Opinionem
773 2838 790 2862 ,
818 2796 917 2851 iste
943 2796 1058 2865 ipse
1098 2794 1189 2864 qui
1227 2793 1401 2847 fuerat
1437 2792 1553 2862 ejus
1582 2799 1881 2860 usurpator,

284 2888 534 2945 ostendit
559 2904 574 2952 ;
602 2887 859 2952 aitenim,
893 2904 912 2937 ‹
950 2886 1025 2940 De
1052 2885 1479 2954 quibuscumque
1508 2882 1610 2936 hoc
1635 2880 1795 2945 dicat,
1818 2879 1888 2936 de

285 2982 608 3037 hominibus
646 2980 811 3035 dicit:
844 2996 864 3031 ›
889 2992 1010 3034 eum
1045 2986 1192 3032 certe
1220 2976 1267 3030 si
1300 2975 1369 3029 de
1399 2973 1626 3029 naturali
1664 2980 1889 3042 peccato

282 3074 520 3139 diceret,
548 3089 655 3126 non
680 3072 748 3127 de
768 3071 1213 3141 quibuscumque,
1232 3066 1328 3122 sed
1349 3065 1418 3122 de
1435 3066 1682 3121 omnibus
1706 3065 1891 3134 loque-

285 3176 458 3222 retur.
490 3165 690 3236 Opinio
733 3163 927 3233 quippe
954 3161 1368 3216 Manichaeorum
1400 3158 1720 3228 generaliter
1758 3172 1890 3213 cun-

279 3266 501 3312 ctorum
553 3255 862 3310 mortalium]
904 3251 1127 3307 infamat
1156 3258 1438 3304 naturam:
1469 3247 1733 3304 sententia
1762 3261 1892 3303 vero

281 3349 354 3405 de
382 3363 492 3419 qua
526 3347 843 3417 qntl‘l'lmlls,
871 3343 1032 3399 etiam
1059 3342 1127 3396 ab
1154 3341 1270 3412 ipso
1301 3340 1594 3411 plagiatore
1619 3353 1720 3395 suo
1748 3338 1891 3394 reci-

284 3440 363 3509 pit
388 3437 806 3499 testimoninm,
833 3432 972 3503 quod
1000 3444 1107 3487 non
1138 3431 1190 3486 in
1221 3444 1439 3493 manes,
1471 3429 1566 3485 sed
1604 3428 1658 3485 in
1687 3429 1893 3500 aliquos

284 3528 501 3598 prolata
528 3527 627 3580 sit.
655 3524 735 3580 Ex
750 3538 859 3594 quo
879 3531 1108 3588 constat,
1132 3521 1337 3576 nullum
1358 3519 1407 3574 ei
1438 3519 1706 3589 negotium
1726 3517 1893 3574 fuisse

282 3635 407 3676 cum
436 3618 694 3682 traduce,
720 3632 837 3686 qua:
867 3628 1199 3684 nequaquam
1228 3613 1503 3667 universos
1525 3652 1543 3677 ,
1567 3611 1660 3666 sed
1687 3610 1893 3681 pleros-

283 3729 393 3784 que
438 3711 715 3783 percellit.
759 3709 921 3779 lgitur
965 3714 1180 3761 ostenso
1212 3704 1347 3758 nihil
1373 3704 1440 3760 de
1465 3720 1528 3759 ea
1554 3710 1799 3775 spectare
1824 3702 1895 3759 ad

285 3807 582 3874 profanam
616 3800 960 3870 Opinionem,
995 3798 1163 3866 ipsius
1187 3797 1304 3851 libri
1332 3794 1586 3865 suffragio
1620 3794 1896 3864 scriptoris

289 3896 407 3965 ejus
434 3898 658 3949 sanitas
683 3900 976 3946 asscratur.
1004 3888 1264 3957 Loquitur
1295 3886 1363 3940 ad
1402 3886 1567 3940 Deum
1595 3902 1609 3938 :
1639 3884 1897 3939 Misereri:

283 3987 548 4050 omnium,
591 3983 834 4053 quoniam
870 3980 1044 4035 omnia
1089 3986 1260 4045 potes,
1288 3986 1336 4031 et
1370 3976 1665 4031 dissimulas
1692 3985 1898 4047 peccata

287 4078 566 4132 hominum
593 4084 801 4144 propter
826 4069 1166 4142 penitentiam
1190 4082 1209 4120 :
1233 4067 1405 4137 diligis
1437 4067 1571 4121 enim
1595 4066 1765 4120 omnia
1782 4081 1899 4137 qua:

283 4178 442 4234 sunt,
487 4177 539 4222 et
562 4163 701 4220 nihil
741 4162 891 4217 odisti
928 4160 1107 4215 Iterum
1131 4172 1244 4227 quae
1268 4157 1446 4226 fecisti.
1477 4155 1741 4222 Quomodo
1763 4155 1899 4209 enim

288 4269 460 4329 posset
499 4254 713 4326 aliquid
741 4267 1056 4322 permacra,
1084 4250 1187 4303 nisi
1208 4259 1262 4302 tu
1290 4247 1569 4302 voluisses?
1590 4245 1772 4301 Parcis
1800 4264 1896 4301 au-

289 4362 389 4405 tem
418 4348 694 4411 omnibus,
722 4344 961 4414 quoniam
1000 4351 1089 4395 tua
1129 4350 1277 4406 sunt,
1308 4338 1555 4403 Domine,
1581 4339 1669 4409 qui
1703 4339 1899 4393 animos

286 4441 489 4511 tﬁligis.
516 4439 703 4493 Bonus
724 4436 859 4489 enim
877 4433 1085 4504 spiritus
1111 4440 1226 4485 tuus
1244 4439 1316 4483 est
1336 4431 1386 4483 in
1405 4429 1633 4483 omnibus
1656 4444 1674 4482 :
1696 4440 1900 4499 praptcr

286 4533 431 4604 quod
456 4533 561 4587 Iros
581 4529 676 4599 qni
702 4537 894 4589 errant,
925 4523 1152 4596 partibus
1170 4522 1404 4590 corripis,
1433 4522 1560 4575 etde
1585 4520 1763 4591 quibus
1783 4537 1897 4591 pec-

284 4632 409 4676 cant
433 4622 738 4675 adinonens
765 4615 1071 4686 alloqueris,
1101 4622 1156 4664 ut
1180 4611 1358 4666 relicta
1388 4612 1582 4666 malitia
1611 4611 1817 4666 credant
1844 4612 1899 4666 in

286 4721 357 4779 te,
388 4711 625 4766 Domine
651 4706 802 4777 (Sep.
834 4721 908 4768 st,
937 4704 1128 4765 ﬁli-su,
1155 4701 1233 4771 2).

360 4802 512 4857 Anc.
551 4794 841 4865 Quomodo
866 4794 1149 4849 miseretur
1175 4791 1411 4846 omnium
1442 4791 1582 4847 Deus
1602 4834 1616 4855 ,
1645 4806 1768 4849 cum
1797 4794 1900 4848 alia

290 4888 593 4960 Scriptura
621 4885 787 4951 dicat,
820 4883 942 4938 Non
969 4882 1251 4937 miserearis
1274 4883 1497 4936 omnium
1522 4883 1608 4954 qui
1632 4894 1903 4953 aperantttr

284 4985 637 5053 iniquitatem
664 4976 845 5051 (Psal.
872 4990 1015 5041 LVIII,
1039 4977 1136 5047 6);
1164 4975 1267 5029 nisi
1304 4976 1429 5045 quia
1456 4984 1512 5031 et
1552 4976 1603 5030 in
1633 4977 1738 5032 illis
1766 4992 1901 5046 quo-

288 5088 417 5128 rum
449 5088 570 5127 non
601 5070 905 5133 miseretur,
926 5081 1115 5122 omnes
1130 5066 1374 5121 homines
1392 5067 1464 5121 ita
1480 5074 1626 5135 sunt,
1644 5077 1704 5123 ut
1718 5068 1900 5123 omnia

282 5183 501 5235 genera
533 5162 823 5219 hominum
851 5160 1244 5231 intelligantur;
1275 5160 1414 5214 sicut
1439 5159 1639 5215 dictum
1668 5169 1768 5226 est,
1801 5159 1903 5214 De-

284 5258 505 5311 cimatis
545 5269 704 5310 omne
740 5254 854 5307 olus
878 5250 1049 5323 (an.
1076 5266 1130 5305 XI
1147 5292 1162 5317 ,
1189 5249 1317 5321 42),
1344 5249 1395 5305 id
1420 5259 1500 5306 est
1520 5291 1537 5317 ,
1564 5265 1725 5307 omne
1747 5251 1906 5307 oleris

286 5347 517 5418 genus?
544 5328 900 5413 Quidautem
936 5352 989 5397 te
1028 5330 1286 5412 adjuvat,
1318 5340 1460 5411 quod
1500 5341 1757 5412 scriptura
1785 5342 1907 5398 libri

291 5438 614 5510 Sapientiae
638 5450 742 5489 non
763 5435 831 5491 de
854 5433 1103 5489 omnibus
1130 5432 1432 5487 hominibus
1460 5433 1794 5504 loquebatur,
1817 5434 1908 5489 ubi

290 5533 395 5598 ait,
430 5526 590 5600 quod
630 5525 883 5579 naturalis
911 5532 1054 5580 esset
1074 5524 1269 5578 malitia
1294 5524 1528 5579 illorum.
1556 5524 1740 5596 Neque
1764 5524 1907 5580 enim

1631 320 1830 377 LIBER
1871 319 1961 387 0U
1971 317 2213 374 .SRTUS.

3419 317 3555 376 M3!

1981 428 2100 500 quia
2131 429 2199 485 de
2224 428 2535 500 quibusdam
2558 468 2573 497 ,
2606 443 2709 485 non
2732 429 2806 484 de
2831 426 3078 484 omnibus
3096 425 3404 485 hominibus
3426 444 3555 501 age-

1978 520 2090 587 bat,
2116 520 2234 576 ideo
2261 520 2422 576 etiam
2454 519 2578 576 fecit
2606 518 2827 585 intelligi
2860 520 3035 575 nullos
3063 517 3199 575 alios
3237 533 3356 575 esse
3384 520 3555 577 tales:

1981 626 2101 666 cum
2129 612 2412 682 Apostolus
2436 612 2611 679 dicat,
2646 611 2858 667 Fuimus
2884 622 2929 665 et
2951 628 3044 666 nos
3071 612 3347 684 aliquando
3374 622 3559 666 natura

1988 703 2077 756 lilii
2102 703 2209 768 ira',
2239 705 2367 758 sicut
2393 716 2439 759 et
2466 704 2651 759 ueteri.
2686 705 2955 760 lsraelitas
2984 713 3159 759 autem
3179 705 3271 760 illo
3296 713 3557 775 tempore,

1981 809 2086 847 non
2116 794 2330 865 quidem
2360 794 2521 850 etiam
2551 796 2694 864 ipsos
2719 810 2906 850 omnes
2924 836 2940 861 ,
2969 795 3062 850 sed
3099 796 3214 866 pios
3234 836 3248 860 ,
3283 793 3353 848 ab
3384 795 3466 850 his
3494 794 3561 851 de

1980 883 2172 953 quibus
2199 885 2396 938 dictum
2423 894 2505 939 est
2524 925 2538 949 ,
2572 883 2842 939 Naturalis
2864 885 3059 939 malitia
3083 901 3254 940 eorum
3271 924 3287 950 ,
3316 901 3422 940 non
3451 885 3561 939 dis-

1981 975 2233 1030 cernebat
2268 984 2475 1042 natum,
2502 976 2597 1031 sed
2635 976 2837 1046 gratia;
2870 984 3084 1045 propter
3108 975 3249 1046 quod
3275 975 3439 1030 etiam
3466 976 3563 1030 Dei

1984 1068 2077 1121 lilii
2102 1080 2224 1123 sunt
2250 1070 2564 1140 nuncupati.
2592 1068 2892 1124 Videndum
2931 1078 3015 1124 est
3050 1070 3208 1124 etiam
3230 1109 3246 1133 ,
3288 1067 3561 1138 quomodo

1982 1157 2181 1213 dictum
2223 1159 2329 1224 sit,
2378 1158 2562 1231 Diligis
2608 1161 2777 1214 omnia
2822 1175 2936 1231 qua:
2977 1159 3404 1229 sunt:quoniam
3440 1170 3566 1213 sunt

1982 1252 2142 1304 ctiam
2173 1250 2367 1320 iniqui;
2397 1260 2452 1306 et
2473 1251 2598 1306 alibi
2630 1252 2881 1321 scriptum
2908 1260 3025 1314 est,
3064 1249 3229 1306 Odisti
3271 1266 3444 1305 omnes
3477 1253 3568 1322 qui

1982 1348 2253 1411 operantur
2276 1342 2587 1412 iniquitatem
2609 1339 2782 1415 (Psal.
2804 1358 2856 1408 ν,
2885 1343 2960 1412 7).
2982 1342 3163 1412 Diligit
3178 1357 3304 1412 ergo
3320 1350 3376 1397 et
3396 1342 3561 1412 ipsos.

1977 1432 2036 1487 in
2080 1440 2337 1502 quantum
2376 1433 2617 1489 homines
2659 1447 2804 1500 sunt,
2846 1434 2960 1489 odit
3002 1435 3056 1489 in
3096 1444 3349 1504 quantum
3398 1434 3565 1504 iniqui

1983 1532 2141 1588 sunt;
2169 1531 2223 1579 et
2251 1523 2468 1579 damnat
2500 1539 2597 1580 eos
2637 1525 2761 1595 quia
2806 1525 2974 1596 iniqui
3003 1536 3162 1595 sunt,
3201 1535 3259 1582 et
3297 1525 3423 1581 facit
3447 1540 3569 1581 esse

1984 1613 2103 1682 quia
2144 1613 2386 1670 homines
2422 1624 2584 1670 sunt:
2617 1615 2750 1682 Quia
2780 1616 2939 1682 nihil,
2971 1617 3173 1688 inquit,
3206 1618 3358 1672 odisti
3382 1619 3569 1672 horam

1982 1720 2096 1773 qua:
2127 1706 2308 1776 fecisti.
2332 1708 2492 1762 Amat
2517 1722 2649 1777 ergo
2679 1707 2818 1762 Deus
2848 1707 3095 1763 homines
3123 1722 3291 1780 usque
3313 1708 3480 1777 adeo,
3512 1719 3570 1763 nt

1984 1795 2166 1862 etiam,
2196 1812 2318 1853 cum
2347 1798 2511 1868 iniqui
2536 1805 2680 1863 sunt,
2703 1806 2848 1854 amet
2870 1805 2928 1852 ut
2952 1797 3198 1855 homines
3219 1807 3361 1865 sunt,
3384 1813 3569 1869 qnam-

1984 1887 2065 1941 vis
2092 1888 2265 1944 oderit
2290 1889 2432 1959 quod
2460 1890 2624 1960 iniqui
2651 1890 2777 1944 sint.
2808 1891 2887 1944 Ae
2924 1905 3021 1959 per
3067 1890 3172 1946 boe
3216 1889 3386 1959 iniqui
3435 1905 3569 1960 quos

1987 1977 2132 2033 Deus
2159 1978 2306 2042 odit,
2355 1989 2412 2034 et
2448 1989 2573 2034 sunt
2618 1979 2900 2044 homines,
2940 1982 3192 2050 quoniam
3241 1980 3381 2036 Deus
3416 1994 3570 2035 suum

1987 2076 2131 2122 amat
2155 2066 2454 2137 opiﬁcium;
2476 2078 2531 2123 et
2559 2069 2738 2124 miseri
2769 2079 2923 2137 sunt,
2969 2070 3219 2141 quoniam
3250 2071 3390 2125 Deus
3426 2082 3573 2127 amat

1978 2158 2261 2228 judicium.

2059 2248 2268 2305 CXXV.
2318 2249 2439 2306 lus.
2482 2249 2741 2324 Ccrnisne
2785 2267 2944 2323 quam
2984 2252 3175 2310 infesta
3223 2254 3293 2310 sit
3333 2255 3572 2325 Opinioni

1988 2349 2180 2396 vestra:
2199 2341 2515 2411 gratiﬁcatio
2545 2343 2637 2399 Dei
2660 2343 2993 2400 laudatoris?
3022 2345 3160 2400 Dicit
3186 2360 3309 2402 eum
3331 2347 3567 2404 condere

1986 2433 2214 2498 animas,
2234 2443 2291 2488 et
2317 2449 2497 2490 amare
2530 2452 2543 2488 :
2565 2435 2709 2505 quod
2731 2450 2763 2493 a
2788 2435 2941 2492 vobis
2978 2446 3231 2507 negatur,
3261 2438 3349 2508 qui
3376 2438 3569 2509 juratis

1990 2522 2352 2579 innocentium
2377 2525 2585 2580 animas
2613 2541 2733 2582 esse
2757 2526 2858 2582 sub
2881 2525 3116 2595 diabolo,
3138 2537 3196 2584 et
3213 2544 3402 2586 exesas
3423 2531 3569 2592 Deo:

1987 2628 2108 2667 cum
2132 2611 2263 2668 nibil
2284 2613 2517 2670 habeant
2540 2615 2707 2684 aliud,
2734 2631 2894 2687 quam
2940 2617 3080 2688 quod
3108 2619 3179 2675 ab
3208 2629 3425 2677 auctore
3452 2635 3572 2677 sor-

1991 2706 2099 2761 litze
2128 2714 2272 2761 sunt.

2058 2797 2197 2854 Asc.
2223 2796 2364 2868 Ergo
2391 2797 2682 2853 secundum
2727 2807 2781 2854 te
2805 2839 2820 2864 ,
2864 2807 2920 2855 et
2946 2799 3243 2857 fatuitatem
3270 2816 3300 2856 a
3326 2801 3438 2859 Deo
3476 2817 3573 2857 au-

1990 2892 2138 2941 ctore
2188 2886 2483 2941 sortiuntur
2523 2889 2843 2956 quicumque
2891 2886 3019 2943 fatui
3067 2899 3391 2958 nascuntur,
3441 2906 3575 2962 quos

1991 2975 2159 3044 magis
2187 2991 2345 3045 quam
2370 2988 2608 3032 mortuos
2631 2977 2759 3032 dicit
2774 2992 2923 3033 sacra
2941 2977 3213 3050 Scriptura
3235 2996 3358 3039 esse
3384 2983 3573 3053 lugen-

1994 3064 2093 3120 dos
2124 3063 2330 3136 (Eccli.
2364 3081 2479 3121 χιιι
2499 3108 2516 3133 ,
2554 3067 2622 3123 13
2650 3066 2691 3138 ).
2721 3066 2828 3122 Sed
2864 3069 3088 3124 istorum
3132 3084 3344 3141 quoque
3368 3072 3575 3127 animas

1993 3154 2281 3210 secundum
2299 3155 2581 3238 quemdam
2598 3155 2838 3225 modum,
2859 3157 2909 3211 id
2927 3166 3028 3225 est,
3057 3167 3114 3213 ut
3138 3159 3266 3225 sint,
3290 3169 3345 3215 ut
3374 3161 3572 3221 vivant.

1995 3256 2051 3301 ut
2080 3247 2330 3313 sentiant,
2354 3255 2411 3301 ut
2451 3247 2694 3318 quamvis
2725 3248 2950 3304 obtunsa
2976 3251 3177 3307 mentis
3222 3252 3370 3320 acie,
3399 3262 3575 3310 tamen

1993 3338 2275 3407 pecoribus
2299 3338 2640 3401 antecellunt,
2662 3347 2808 3393 amat
2845 3340 3028 3411 utique
3057 3342 3217 3397 Dens.
3252 3344 3365 3399 Alia
3385 3352 3573 3400 autem

1992 3437 2076 3484 est
2101 3428 2189 3484 illa
2212 3429 2446 3497 dilectio,
2467 3429 2535 3486 de
2561 3444 2661 3502 qua
2687 3431 2944 3503 scriptum
2968 3440 3053 3489 est
3082 3452 3096 3489 :
3125 3433 3390 3491 Neminem
3408 3437 3578 3509 diligit

1993 3518 2151 3584 Deus,
2173 3520 2268 3574 nisi
2287 3536 2401 3574 eum
2415 3521 2635 3592 quicum
2654 3521 2904 3592 sapientia
2924 3523 3116 3579 habitat
3138 3524 3295 3600 (Sap.
3322 3543 3419 3594 vn,
3439 3527 3510 3585 28
3533 3529 3576 3598 ).

1994 3609 2100 3666 Sed
2126 3625 2221 3665 vos
2241 3610 2450 3677 dicite‘,
2474 3611 2614 3668 unde
2643 3614 2763 3682 plus
2780 3623 2920 3669 amet
2942 3615 3082 3671 Deus
3109 3616 3312 3672 animas
3338 3619 3582 3689 parvulo-

1995 3715 2136 3765 rum,
2162 3701 2354 3770 quibus
2380 3702 2625 3771 providet
2649 3703 2915 3759 lavacrum
2944 3708 3384 3777 regenerationis,
3411 3719 3580 3766 uteos

1994 3789 2173 3844 mittat
2191 3790 2243 3846 in
2268 3805 2521 3860 regnum;
2549 3800 2604 3846 et
2632 3792 2772 3847 unde
2787 3793 2904 3848 aliis
2930 3809 3036 3849 non
3055 3804 3271 3863 praestet
3296 3797 3397 3852 hoc
3421 3798 3585 3853 bene-

1997 3881 2176 3938 licium
2206 3898 2221 3935 :
2251 3896 2374 3938 cum
2392 3896 2487 3937 eos
2509 3896 2613 3939 non
2653 3882 2963 3939 diseernant
2989 3885 3095 3940 ulla
3119 3885 3309 3941 merita
3335 3888 3581 3943 volunta-

1999 3983 2131 4037 tum,
2161 3988 2261 4028 nec
2285 3973 2354 4028 sit
2380 3972 2519 4044 apud
2549 3974 2736 4040 Deum,
2755 3988 2913 4043 quam
2940 3976 3093 4031 nobis
3110 3975 3460 4034 insulsissime
3484 3993 3579 4034 so-

1998 4065 2122 4121 letis
2157 4065 2411 4136 objicerc,
2440 4065 2680 4135 acceptio
2716 4078 3088 4136 personarum.
3137 4068 3449 4140 Quanquam
3488 4070 3579 4127 ubi

1999 4156 2196 4211 dictum
2226 4164 2328 4222 est,
2377 4155 2533 4209 Amas
2586 4157 2814 4221 anilitas,
2847 4173 2948 4214 nec
2983 4158 3182 4213 dictum
3230 4167 3352 4226 est,
3381 4159 3580 4217 Omnes

1999 4249 2206 4304 animas
2232 4290 2248 4317 ,
2277 4248 2418 4303 nulla
2446 4248 2515 4303 sit
2537 4250 2781 4319 quaestio.
2818 4249 3073 4306 Fortasse
3108 4253 3302 4322 quippe
3325 4254 3404 4309 sic
3433 4255 3580 4324 posi-

2002 4349 2112 4395 tum
2138 4350 2253 4407 est,
2284 4350 2341 4395 ut
2365 4356 2551 4396 omnes
2589 4342 2728 4396 Deus
2758 4341 2964 4397 animas
2991 4341 3217 4409 condat;
3248 4357 3349 4399 nec
3391 4360 3580 4400 omnes

2002 4440 2179 4485 tamen
2206 4431 2408 4502 diligat,
2442 4432 2533 4487 sed
2559 4446 2689 4501 quas
2713 4446 2744 4486 a
2774 4432 2983 4486 caeteris
3009 4447 3116 4487 non
3144 4433 3350 4489 meritis
3371 4450 3577 4501 earum,

2002 4522 2096 4577 sed
2139 4536 2251 4577 sua:
2276 4522 2459 4593 gratia:
2486 4521 2731 4591 largitate
2764 4520 3037 4589 discernit,
3072 4531 3133 4578 ut
3175 4523 3419 4580 habitent
3457 4539 3581 4580 cum

2002 4612 2261 4683 sapientia
2284 4630 2296 4664 :
2331 4611 2453 4681 quia
2474 4611 2723 4666 neminem
2742 4610 2906 4683 diligit
2921 4610 3082 4680 Deus,
3106 4614 3206 4668 nisi
3229 4630 3345 4669 eum
3364 4617 3581 4685 quicum

2000 4703 2245 4773 sapientia
2296 4701 2491 4755 habitat
2547 4716 2566 4756 :
2616 4698 2865 4757 Dominus
2918 4713 3086 4758 autem
3143 4705 3233 4758 dat
3282 4706 3583 4776 sapientiam

2006 4795 2198 4868 (Prov.
2220 4810 2255 4866 It
2274 4835 2289 4859 ,
2322 4793 2414 4865 6).

2072 4886 2306 4941 CXXVI.
2354 4886 2473 4941 ιω..
2520 4886 2891 4942 Paenitentiam
2940 4901 3188 4956 quoque,
3224 4903 3381 4958 quam
3413 4889 3582 4945 Deum

2004 4979 2235 5034 afﬁrmat
2266 4977 2417 5044 dare,
2464 4986 2697 5033 vestrum
2743 4977 2933 5046 dogma
2975 4992 3080 5032 non
3110 4978 3317 5049 recipit,
3374 4980 3427 5035 in
3479 4997 3586 5051 quo

2006 5071 2204 5127 malum
2252 5068 2494 5125 naturale
2539 5076 2594 5125 et
2655 5068 2887 5137 nequitia
2935 5068 3131 5124 mutari
3183 5071 3385 5127 nesciat
3411 5072 3585 5127 conti-

2008 5174 2185 5222 netur.

2080 5260 2217 5314 Anc.
2247 5255 2358 5310 lmo
2380 5268 2478 5309 nos
2498 5253 2674 5324 potius
2702 5261 2888 5310 contra
2922 5269 3020 5310 vos
3046 5254 3270 5312 dicimus
3287 5296 3303 5322 ,
3324 5264 3379 5312 et
3417 5254 3585 5325 ipsam

2010 5347 2376 5422 paenitentiam
2406 5346 2572 5400 Deum
2592 5344 2723 5401 dare
2750 5361 2763 5398 :
2789 5347 2911 5416 quia
2930 5346 3050 5402 licet
3077 5348 3343 5403 voluntate
3363 5345 3593 5415 quisque

2010 5451 2132 5512 agat
2174 5437 2571 5511 paenitentiam;
2610 5446 2937 5507 praeparatur
2974 5437 3131 5491 etiam
3161 5436 3402 5490 voluntas
3430 5451 3458 5488 a
3487 5436 3592 5491 Do-

2014 5533 2158 5587 mino
2197 5528 2324 5600 (Id.
2369 5536 2494 5593 Vm,
2542 5544 2641 5582 sec.
2691 5527 2988 5599 LXX),.et
3029 5528 3136 5580 lucc
3182 5535 3254 5580 est
3307 5526 3590 5582 immutatio

361 5645 381 5673 ³
420 5647 475 5689 In
503 5636 668 5688 editis
701 5637 960 5694 anisum,
981 5634 1235 5696 unum;
1278 5633 1395 5686 licet
1416 5637 1466 5685 in
1487 5636 1710 5688 omnibus
1746 5644 1888 5688 exsto

2014 5622 2231 5675 dextera:
2259 5616 2481 5682 Excelsi,
2519 5630 2677 5685 quam
2714 5631 2863 5672 sacer
2897 5618 3105 5670 insonat
3130 5613 3376 5672 Psalmus
3402 5614 3588 5691 (Psal.

290 5699 683 5761 mnusaiptis.

357 5768 379 5796 ³
413 5764 507 5823 uie
531 5760 606 5812 ex
636 5766 749 5815 Mss.
774 5760 1065 5819 restituitur,
1090 5770 1216 5808 vera.

2084 5760 2099 5788 ι
2133 5756 2205 5804 sic
2227 5715 2330 5802 Mss.
2358 5759 2407 5803 tn
2425 5732 2590 5814 vani,
2615 5750 2790 5802 dicitis.
