3934 6178
373 345 512 405 1425

379 461 538 515 Lxxv!
558 505 573 530 ,
600 461 653 516 Il
678 463 726 533 );
759 461 879 531 quia
907 467 962 514 ut
1004 459 1155 514 ﬂeret
1183 460 1370 514 Petrus
1395 501 1407 523 ,
1432 475 1553 514 eum
1582 461 1814 530 respexit
1841 459 1952 515 Do-

378 557 550 610 minus
580 554 744 626 (Luc.
791 570 928 620 xxu,
959 555 1017 608 6|
1047 595 1060 618 ,
1094 553 1202 624 62)
1231 573 1244 607 :
1276 555 1416 610 unde
1442 556 1516 609 ait
1545 555 1613 610 de
1639 556 1954 626 quibusdam

375 649 710 718 coapostolus
736 647 872 715 ejus,
920 646 1004 701 Ne
1027 651 1156 718 forte
1194 649 1274 702 det
1312 649 1414 704 illis
1440 647 1575 703 Deus
1615 651 1955 719 paenitentiam

377 743 393 807 (
419 741 460 793 lI
485 739 618 792 Tim.
657 755 710 800 η,
729 739 801 793 25
823 741 860 808 ).
897 738 963 792 Ει
986 740 1124 808 quod
1150 741 1493 795 immutabilis
1515 743 1710 796 malitia
1738 742 1949 808 dicitur,

367 829 569 882 homini
601 837 683 882 est
712 829 1075 895 immutabilis,
1099 833 1185 898 qui
1215 845 1333 884 eam
1375 840 1580 886 mutare
1610 847 1716 886 non
1746 841 1949 902 potest;

371 936 474 972 non
507 919 635 980 Deo.
665 919 751 988 qui
772 919 947 972 omnia
978 929 1170 988 potest.

439 1008 699 1064 CXXVII.
724 1009 844 1064 Jun.
874 1008 1022 1073 Quod
1047 1018 1220 1063 autem
1243 1009 1636 1064 commendavit
1659 1011 1951 1067 admouere

372 1103 558 1164 Deum,
592 1111 649 1154 ut
680 1101 862 1155 relicta
893 1101 1088 1154 malitia
1128 1111 1432 1170 peccatores
1461 1102 1680 1156 credant
1720 1103 1771 1155 in
1803 1118 1948 1168 eum,

366 1193 560 1246 evertit
602 1192 820 1246 omnino
855 1192 1159 1260 Opinionem
1201 1192 1456 1245 naturalis
1483 1194 1603 1245 mali
1636 1209 1650 1246 :
1681 1194 1800 1262 quia
1830 1209 1950 1246 cer-

368 1293 474 1335 tum
501 1290 584 1337 est
605 1283 830 1352 relinqui
856 1299 960 1338 non
993 1298 1145 1352 posse
1172 1283 1471 1350 congenita.

439 1374 569 1429 Anc.
600 1374 828 1427 Possunt
851 1374 1012 1428 etiam
1031 1373 1306 1442 congenita
1337 1373 1598 1443 relinqui;
1627 1373 1718 1429 sed
1739 1375 1949 1445 quando

366 1464 416 1516 id
447 1474 698 1534 operatur
745 1464 797 1518 in
846 1464 1058 1519 homine
1092 1465 1439 1534 Omnipotens
1465 1481 1477 1516 :
1503 1481 1624 1519 nam
1665 1475 1720 1520 et
1758 1481 1948 1521 corru-

369 1556 475 1622 ptio
497 1557 884 1625 cougenitagest
909 1556 1138 1625 corpori,
1164 1555 1304 1624 quod
1346 1565 1521 1610 tamen
1559 1557 1657 1612 erit
1699 1558 1946 1613 incorru-

364 1649 566 1718 ptibile.

434 1738 714 1793 CXXVIII.
741 1739 857 1795 Jun.
884 1739 1018 1794 Hinc
1047 1739 1303 1808 explicata
1331 1740 1582 1809 patientia
1611 1741 1724 1805 Dei,
1749 1751 1803 1797 et
1832 1741 1944 1796 dis-

365 1830 674 1895 pensatione
716 1830 993 1884 mitissima
1016 1871 1028 1894 ,
1060 1846 1162 1899 qua
1189 1845 1291 1883 non
1315 1831 1428 1884 vult
1457 1841 1681 1885 mortem
1708 1833 1943 1886 morien-

365 1922 452 1984 tis,
483 1921 580 1974 nisi
619 1931 673 1973 ut
706 1930 1002 1976 revertatur
1030 1930 1083 1975 et
1109 1922 1268 1985 vivat,
1300 1922 1596 1992 approbare
1625 1923 1766 1992 quod
1797 1924 1944 1979 dixe-

363 2019 443 2064 rat
472 2012 629 2066 ctiam
661 2027 754 2080 per
775 2012 1016 2079 exempla
1059 2011 1332 2080 persistit,
1361 2012 1588 2082 facitque
1620 2015 1942 2068 mentionem

361 2115 564 2162 eorum,
595 2100 682 2169 qui
713 2099 765 2153 in
796 2109 934 2154 tcrra
955 2100 1257 2155 Chananaca
1283 2101 1525 2156 viventes
1556 2105 1784 2171 pessime
1809 2104 1940 2158 iram

372 2192 765 2260 Omnipotentis
819 2192 1192 2258 accenderant,
1227 2201 1285 2246 ut
1322 2193 1718 2264 impenderetur
1741 2196 1943 2251 ultione

357 2283 647 2351 justissima
675 2281 1028 2339 Israelitarum
1058 2283 1338 2354 triumphis
1373 2287 1388 2316 ι
1407 2325 1424 2351 ,
1447 2287 1547 2341 sub
1569 2286 1662 2340 Dei
1689 2287 1800 2356 jam
1825 2288 1940 2357 lege

362 2375 667 2428 viventium.
710 2373 837 2427 Illos
863 2375 994 2428 enim
1030 2375 1264 2446 antiquos
1286 2374 1588 2430 habitatores
1613 2388 1804 2432 sancta:
1843 2387 1942 2431 tum

360 2478 504 2518 terra:
527 2464 720 2529 adiens,
752 2465 989 2531 quoniam
1019 2466 1226 2519 odibilia
1255 2482 1406 2534 opera
1433 2467 1521 2520 tibi
1540 2469 1823 2538 faciebant,
1851 2487 1940 2539 per

361 2553 694 2608 medicamina
736 2564 785 2607 et
822 2555 1076 2624 sacriﬁcia
1101 2556 1291 2625 injuste
1314 2597 1327 2622 ,
1356 2567 1404 2610 et
1427 2570 1681 2613 necatores
1718 2559 1940 2630 ﬁliorum

359 2647 466 2699 sine
487 2645 850 2712 misericordia,
881 2646 1084 2700 voluisti
1113 2649 1320 2714 perdere
1347 2665 1436 2717 per
1461 2665 1641 2703 manus
1671 2662 1934 2719 parentum

362 2747 666 2798 nostrorum,
699 2746 753 2788 ut
788 2736 994 2807 dignam
1023 2737 1302 2808 percipiant
1329 2740 1782 2809 peregrinationem
1813 2758 1937 2810 pne-

361 2845 530 2881 rorum
560 2826 668 2892 Di-i,
699 2844 812 2898 quin
831 2828 917 2882 tibi
943 2831 1169 2883 omnium
1189 2831 1392 2884 cltarior
1413 2839 1485 2884 est
1511 2841 1644 2904 terra
1666 2832 1820 2904 (Sep.
1842 2850 1936 2898 xu,

360 2921 458 2971 5-7
479 2924 515 2988 ).
542 2919 758 2988 Septem
783 2930 1000 2988 gentes,
1031 2921 1225 2990 quibus
1254 2937 1318 2975 ex
1359 2923 1585 2977 maxima
1614 2933 1764 2993 parte
1792 2925 1940 2980 dele-

361 3013 447 3073 tis,
495 3009 744 3063 Israelitis
793 3021 930 3063 terra
964 3012 1393 3079 repromissionis
1421 3013 1539 3066 data
1575 3024 1689 3080 est,
1722 3025 1940 3085 propter

357 3099 481 3168 quid
512 3099 650 3154 Deus
675 3099 900 3154 voluerit
925 3101 1118 3170 perire,
1147 3111 1392 3159 testatur.
1433 3105 1513 3161 Ne
1537 3107 1557 3138 '
1583 3106 1723 3160 enim
1757 3108 1807 3161 in
1835 3123 1937 3161 una

362 3188 636 3243 hominum
679 3197 862 3244 natura
891 3205 987 3260 per
1034 3192 1262 3261 aliquam
1287 3195 1642 3264 personarum
1669 3198 1935 3268 acceptio-

359 3297 477 3335 nem
531 3278 667 3347 apud
715 3280 876 3334 Deum
931 3281 1201 3337 videretur
1247 3299 1366 3340 esse
1407 3285 1687 3353 discretio;
1722 3298 1939 3358 prOptcr

356 3373 480 3441 quid
509 3375 791 3427 Chananaii
819 3375 1113 3428 meruerint
1131 3375 1360 3430 interiici
1381 3418 1395 3442 ,
1419 3379 1772 3435 commendat.
1805 3379 1937 3435 Illos

357 3481 484 3534 ergo
535 3468 766 3532 antiquos
812 3465 1118 3520 habitatores
1168 3477 1356 3521 sancta:
1400 3478 1688 3536 (nectet-rae,
1744 3472 1933 3540 inquit,

356 3559 472 3609 odio
504 3556 734 3608 habuisti.
759 3555 1152 3622 Quamobrem?
1177 3556 1332 3612 Certe
1362 3559 1650 3614 secundum
1683 3571 1733 3617 te
1752 3563 1937 3618 debuit

358 3643 607 3707 subdere,
645 3645 764 3713 quia
791 3644 860 3698 de
896 3645 1152 3700 diabolica
1181 3657 1334 3702 erant
1363 3651 1742 3707 commixtione
1773 3668 1936 3722 gene-

356 3736 496 3799 rati,
553 3735 672 3804 quia
724 3751 754 3790 a
809 3737 1143 3792 tenebrarum
1206 3740 1443 3810 principe
1496 3745 1930 3813 possidebantur,

353 3828 474 3896 quia
500 3827 781 3882 taliiiicavit
810 3828 976 3883 Adam
1020 3844 1207 3884 omnes
1227 3831 1295 3886 de
1324 3847 1416 3886 sua
1464 3835 1630 3904 stirpe
1659 3845 1929 3891 venturos.

358 3918 548 3973 Verum
568 3919 696 3972 nihil
716 3918 902 3974 horum
921 3938 933 3973 :
953 3919 1055 3976 sed
1070 3937 1224 3990 quam
1242 3938 1454 3978 causam
1467 3925 1889 3982 redditodiorum
1909 3929 1936 3986 τ

357 4012 472 4068 Sola
504 4027 662 4081 Opera
687 4015 968 4066 commissa
998 4029 1090 4083 per
1109 4015 1428 4071 voluntatem
1451 4017 1691 4072 liberam.
1711 4019 1926 4084 Oderas,

355 4101 539 4172 inquit,
567 4118 669 4167 eos,
698 4104 932 4172 quoniam
964 4120 1115 4158 exosa
1144 4107 1230 4159 tibi
1264 4122 1418 4175 opera
1439 4109 1708 4177 faciebant.
1737 4112 1929 4168 Verum

352 4208 418 4245 ne
470 4192 817 4256 nesciremus,
857 4207 976 4261 quae
1015 4202 1196 4246 essent
1241 4209 1402 4262 Opera
1426 4239 1439 4260 ,
1474 4209 1634 4270 tuque
1664 4203 1776 4258 haec
1804 4221 1930 4274 geu-

350 4286 480 4336 tium
509 4283 640 4337 facta
667 4285 1146 4353 concupiscentiam
1189 4287 1473 4355 genitalem
1503 4308 1752 4362 vocares,
1790 4298 1932 4368 ipsas

347 4376 552 4444 Species
602 4376 926 4444 operationis
963 4377 1294 4446 exsequitur.
1325 4379 1423 4433 Per
1456 4383 1820 4454 medicamina,
1853 4390 1931 4442 in-

346 4467 480 4531 quit,
523 4475 566 4519 et
605 4467 856 4536 sacriﬁcia
898 4467 1106 4536 injusta,
1151 4477 1196 4521 et
1236 4480 1492 4526 necatores
1538 4485 1679 4528 erant
1706 4477 1928 4545 ﬁliorum

347 4557 454 4606 sine
467 4557 806 4609 misericordia
827 4573 847 4620 ;
869 4557 918 4610 id
941 4567 1040 4620 est.
1065 4559 1338 4616 maleﬁciis
1367 4571 1418 4617 et
1439 4563 1709 4620 sacriﬁciis
1730 4570 1926 4622 servie-

351 4647 498 4704 haut,
540 4660 659 4712 qua:
703 4646 898 4713 injusta
942 4657 1094 4701 erant
1120 4690 1135 4714 ,
1185 4665 1304 4703 cum
1345 4652 1502 4707 idolis
1547 4655 1921 4725 offerebantur,

351 4736 490 4788 vultu
542 4736 808 4790 Creatoris
855 4737 1060 4806 ahjecto
1100 4756 1113 4792 :
1157 4741 1348 4808 quibus
1386 4747 1674 4818 sacrilegiis
1720 4750 1740 4781 ³
1787 4753 1927 4821 ipsas

305 4846 319 4856 ι
351 4825 768 4881 necessitudines
794 4825 1147 4896 deputabant;
1171 4830 1442 4889 dtcmouas
1486 4837 1737 4894 videlicet
1765 4843 1924 4898 etiam

350 4919 747 4985 parricidiorum
815 4920 1144 4981 immanitate
1207 4923 1495 4992 placantes.
1557 4930 1692 4986 'V'ide
1750 4933 1924 5003 itaque

345 5024 503 5078 quam
527 5026 628 5064 non
655 5012 721 5066 de
741 5027 807 5067 co
835 5014 1079 5085 loquatur
1097 5017 1340 5086 crimine,
1368 5022 1508 5088 quod
1536 5026 1788 5097 contingit
1811 5028 1920 5081 Ma-

346 5101 601 5164 nichzcus,
660 5100 711 5154 id
761 5112 862 5165 est,
921 5107 1125 5161 cunctis
1174 5123 1272 5176 per
1326 5119 1565 5166 naturam
1617 5117 1922 5174 adhaerente

347 5192 697 5258 mortalibus,
755 5194 844 5262 qui
899 5193 1022 5250 hinc
1068 5198 1188 5251 illos
1246 5201 1572 5269 potissimum
1633 5206 1921 5263 oli‘cndisse

341 5289 747 5344 Commemorat,
775 5282 916 5350 quod
950 5299 1048 5338 nec
1077 5301 1104 5338 a
1133 5290 1467 5355 parvulorum
1496 5307 1711 5349 suorum
1743 5299 1919 5353 exitiis

343 5375 725 5444 temperabant.
752 5371 988 5440 Quorum
1017 5383 1160 5430 certe
1190 5395 1334 5434 mors
1377 5399 1480 5436 non
1513 5399 1814 5443 recurreret
1850 5391 1915 5444 ad

404 5569 418 5631 ξ
455 5570 526 5616 Sic
551 5577 654 5619 Mss.
675 5568 792 5617 editi
819 5581 952 5628 vero,
972 5567 1266 5631 triumphus.

401 5629 420 5694 ξ
446 5631 755 5694 ,δι’ἱιςηὶειυὶιιδ,
771 5642 877 5694 nec.
903 5639 958 5682 At
979 5629 1135 5694 eules
1160 5642 1303 5694 Pt-rt.,
1325 5649 1398 5687 ne.

399 5682 420 5710 ³
442 5682 644 5739 sctis.
673 5697 722 5740 In
744 5682 901 5755 νίκη..
926 5691 1184 5757 sacriﬁcus

1082 348 1322 405 OPERIS
1359 345 1769 404 IMPERFECTI
1811 345 2082 405 CONTRA
2119 348 2479 419 JULIANUM,
2520 351 2577 408 S.
2620 353 2983 413 AUGUSTINI

3508 366 3642 425 i524

2067 461 2423 519 interfectoris
2453 468 2465 497 ¹
2517 467 2761 523 invidiam
2785 512 2798 536 ,
2831 472 2874 524 si
2905 479 3119 542 propter
3147 489 3326 530 unum
3369 492 3643 546 peccatum

2065 560 2120 606 et
2146 554 2404 622 parricida
2437 556 2545 612 Deo
2571 557 2898 628 displiceret,
2931 571 2983 615 et
3018 563 3179 617 illius.
3706 551 3708 553 b

2137 644 2269 700 Anc.
2293 645 2380 700 Sic
2407 641 2504 701 ista
2533 649 2786 718 loqueris,
2813 652 2962 719 quasi
2993 663 3210 723 propter
3237 672 3398 710 unum
3427 660 3638 731 aliqum!

2065 736 2266 801 peccati
2294 752 2458 806 genus
2489 753 2676 793 omnes
2702 741 2946 796 homines
2975 745 3258 811 puniantur
3284 789 3298 812 ,
3324 758 3416 803 aut
3443 767 3542 807 nos
3567 755 3642 804 di.

2059 837 2248 877 camus
2299 835 2516 894 propter
2563 829 2733 883 solum
2778 831 3034 900 originale
3071 845 3345 902 peccatum
3391 855 3511 896 esse
3552 845 3643 896 ira:

2064 911 2201 966 ﬁlios
2233 928 2355 979 eos,
2389 917 2475 983 qui
2523 916 2624 984 jam
2666 921 2894 988 grandes
2935 932 3122 978 aetates
3166 939 3346 996 agunt.
3401 931 3641 1000 Quisquis

2061 1019 2162 1056 non
2181 1007 2339 1058 credit
2364 1007 2417 1059 iu
2449 1007 2660 1076 Fiiium,
2692 1011 2830 1064 sicut
2852 1013 2925 1066 ait
2954 1014 3065 1082 ipse
3085 1016 3252 1071 Filius
3277 1061 3291 1083 ,
3319 1038 3419 1075 non
3447 1024 3645 1079 habebit

2059 1096 2231 1158 vitam,
2261 1098 2348 1149 sed
2386 1099 2462 1151 ira
2490 1097 2583 1152 Dei
2614 1112 2778 1154 manet
2816 1119 2966 1172 super
2995 1122 3104 1158 eum
3128 1107 3318 1175 (Joan.
3352 1127 3405 1165 Ill
3427 1156 3442 1178 ,
3485 1114 3588 1174 56)
3625 1134 3637 1146 ·

2059 1185 2152 1238 sed
2179 1199 2298 1239 sunt
2326 1188 2442 1243 aliis
2483 1190 2569 1242 alii
2603 1191 2834 1259 pejores,
2868 1210 3027 1264 super
3067 1212 3200 1266 quos
3239 1200 3327 1254 Dei
3358 1203 3538 1272 utique
3565 1207 3638 1260 ira

2060 1275 2231 1343 major
2261 1288 2468 1342 manet;
2503 1296 2598 1334 nec
2629 1290 2800 1336 tamen
2823 1298 3012 1339 omnes
3034 1288 3110 1340 sic
3135 1301 3449 1346 evertuntur
3477 1308 3635 1365 atque

2044 1364 2318 1434 delentur,
2365 1378 2422 1422 ut
2466 1371 2550 1424 isti
2593 1371 2660 1426 de
2683 1373 2873 1442 quibus
2901 1375 3105 1445 agitur,
3132 1381 3220 1448 qui
3251 1390 3446 1436 terram
3473 1427 3489 1452 ,
3521 1364 3640 1456 qua:

2061 1455 2311 1513 lsraelitis
2337 1459 2455 1513 data
2497 1470 2614 1525 est,
2648 1463 3009 1530 possidebant.
3050 1468 3185 1535 Quid
3215 1481 3300 1525 est
3327 1489 3456 1543 ergo
3497 1455 3634 1546 quod

2055 1547 2210 1613 dicis,
2251 1567 2268 1598 ι
2307 1550 2434 1603 Vide
2464 1552 2642 1618 itaque
2685 1569 2842 1623 quam
2886 1571 2990 1610 non
3040 1558 3107 1612 de
3135 1575 3201 1613 eo
3240 1562 3488 1632 loquatur
3528 1570 3635 1622 cri-

2057 1637 2220 1702 mine,
2251 1639 2390 1707 quod
2443 1641 2695 1710 conﬁngit
2722 1643 3080 1700 Manicharus’
3111 1667 3128 1700 ι
3171 1650 3259 1704 ubi
3285 1654 3366 1706 vis
3415 1656 3634 1727 intelligi

2053 1730 2313 1798 originale
2351 1743 2660 1800 peccatum;
2690 1735 2829 1804 quod
2873 1752 2976 1791 non
3007 1739 3260 1810 contingit
3292 1744 3630 1810 Manichacus,

2045 1821 2167 1886 sed,
2200 1831 2258 1876 ut
2280 1825 2456 1877 caeteri
2483 1823 2763 1891 Catholici,
2793 1835 2846 1892 et
2875 1837 3058 1883 contra
3091 1845 3205 1899 vos,
3231 1843 3286 1890 et
3311 1849 3493 1890 contra
3525 1838 3633 1891 Ma-

2053 1911 2314 1966 nich:eum
2341 1914 2622 1968 confitetur
2667 1917 2979 1970 Ambrosius
3009 1936 3021 1970 :
3048 1921 3170 1989 quia
3200 1938 3307 1976 non
3332 1935 3414 1978 est
3441 1925 3631 1981 aiiena‘.

2049 2011 2253 2057 natnrze
2299 2005 2628 2067 commixtio,
2673 2022 2829 2075 quam
2884 2008 3207 2065 Manichmus
3248 2014 3485 2080 inducit;
3539 2019 3632 2073 sed

2053 2099 2248 2145 nostra:
2277 2092 2584 2162 depravatio
2611 2094 2678 2148 de
2709 2107 2928 2164 peccato
2952 2139 2965 2161 ,
2999 2100 3139 2168 quod
3171 2102 3220 2154 in
3254 2105 3510 2160 mundum
3540 2125 3633 2176 per

2049 2200 2209 2237 unum
2234 2184 2502 2241 hominem
2530 2188 2742 2241 intravit
2765 2232 2779 2255 ,
2809 2199 2862 2243 et
2900 2205 2994 2258 per
3018 2208 3205 2248 omnes
3243 2194 3489 2252 homines
3513 2215 3633 2268 per-

2049 2275 2276 2336 transiit,
2307 2277 2446 2346 quod
2475 2287 2657 2331 contra
2710 2279 2863 2333 Iidem
2895 2281 3210 2338 catholicam
3261 2302 3356 2340 vos
3400 2292 3625 2356 negatis.

2049 2365 2227 2436 Usque
2253 2367 2457 2422 adeone
2485 2384 2657 2424 caecus
2684 2385 2762 2435 es,
2793 2379 2849 2424 ut
2875 2387 2980 2425 non
3025 2374 3241 2440 videas,
3275 2379 3396 2446 quia
3429 2380 3474 2432 si
3507 2397 3630 2448 pro-

2050 2467 2228 2525 pterea
2262 2467 2538 2526 peccaturo
2571 2461 2828 2530 originale
2856 2478 2960 2516 non
2989 2473 3089 2528 est,
3128 2467 3247 2534 quia
3288 2468 3373 2522 hic
3399 2485 3633 2526 comme-

2048 2557 2308 2602 moratum
2329 2564 2432 2603 non
2459 2559 2561 2613 est,
2587 2567 2683 2604 nec
2705 2552 2804 2605 alia
2835 2563 3046 2621 peccata
3071 2567 3285 2624 peccata
3311 2570 3484 2624 erunt,
3512 2578 3634 2632 qua!

2049 2639 2132 2694 hic
2172 2651 2584 2694 commemorata
2628 2658 2734 2696 non
2774 2653 2917 2709 sunt,
2961 2646 3073 2699 sive
3119 2649 3233 2701 istis
3262 2651 3484 2715 minora,
3517 2655 3634 2709 δίκα

2047 2729 2284 2798 majora?
2323 2731 2584 2799 Numquid
2616 2733 2733 2786 ideo
2780 2733 3070 2790 Sodomita:
3118 2737 3281 2793 deleti
3320 2758 3424 2795 non
3481 2755 3630 2805 sunt.

2045 2822 2166 2890 quia
2194 2836 2304 2876 non
2322 2822 2389 2876 de
2411 2823 2513 2876 illis
2543 2823 2739 2877 dictum
2768 2834 2849 2878 est
2876 2828 3016 2895 quod
3071 2830 3328 2884 maleﬁcia
3357 2841 3413 2886 ct
3459 2837 3632 2903 parri-

2045 2911 2233 2965 cidalia
2287 2913 2544 2967 sacriﬁcia
2572 2913 2870 2968 iaciebant?
2911 2925 3004 2969 aut
3039 2917 3157 2971 ideo
3211 2920 3292 2972 isti
3346 2921 3630 2976 Chaoaua-i

2044 3001 2212 3058 deleti
2234 3018 2339 3057 non
2368 3013 2508 3069 sunt,
2542 3005 2662 3074 quia
2691 3019 2795 3058 non
2826 3005 2892 3061 de
2914 3006 3014 3060 illis
3039 3007 3235 3063 dictum
3257 3025 3338 3065 cSt
3360 3014 3499 3081 quod
3513 3031 3630 3068 ma-

2045 3096 2177 3151 sculi
2213 3097 2264 3150 in
2293 3098 2559 3152 masculos
2580 3097 2956 3167 turpitudinem
2982 3101 3369 3169 operabantur?
3410 3105 3633 3161 Verum-

2047 3197 2222 3244 tamen
2266 3189 2482 3243 tacitum
2533 3203 2637 3242 non
2679 3197 2780 3254 est,
2832 3190 2972 3258 quod
3028 3200 3377 3249 eratcorum
3428 3198 3631 3253 malitia

2045 3272 2333 3337 naturalis;
2387 3287 2506 3342 gnte
2542 3271 2755 3339 quidem
2802 3274 3035 3328 omnium
3086 3275 3396 3343 hom’num,
3434 3281 3525 3335 sed
3577 3285 3630 3334 in

2043 3363 2160 3416 aliis
2182 3364 2376 3427 minor,
2405 3363 2457 3417 in
2511 3363 2632 3416 aliis
2659 3364 2832 3433 major
2875 3374 2956 3420 est
2983 3383 2996 3420 :
3028 3367 3164 3422 sicut
3191 3384 3418 3440 corpora
3446 3389 3632 3429 corru-

2044 3454 2247 3522 ptibilia
2289 3463 2413 3509 sunt
2449 3455 2686 3508 omnium
2708 3497 2722 3522 ,
2752 3455 2844 3509 sed
2875 3457 3004 3512 alias
3035 3461 3240 3515 animas
3268 3466 3465 3530 minus,
3493 3469 3628 3521 alim

2043 3546 2161 3614 plus
2183 3554 2402 3616 gravant
2424 3587 2439 3611 ,
2487 3561 2583 3615 pro
2627 3547 2932 3603 diversitate
2951 3550 3272 3618 judiciorum
3308 3556 3423 3618 Dei,
3453 3551 3632 3613 oceul-

2044 3649 2215 3692 torum
2247 3638 2498 3708 quidem,
2533 3639 2625 3694 sed
2669 3640 2784 3694 sine
2823 3641 2926 3694 ulla
2965 3642 3296 3702 dubitatione
3335 3650 3627 3718 justorum.

2035 3729 2178 3794 Quid
2205 3744 2333 3799 ergo
2358 3730 2572 3795 mirum,
2614 3730 2657 3784 si
2687 3745 2806 3784 cum
2838 3747 2995 3786 causa
3025 3734 3402 3804 exponeretur,
3445 3733 3541 3795 cur
3573 3745 3627 3795 in

2028 3820 2281 3873 costalis
2323 3818 2552 3874 vindicta
2595 3822 2934 3890 processerit,
2970 3839 3073 3877 non
3093 3825 3390 3883 voluntaria
3421 3840 3627 3886 tantum

2033 3923 2224 3962 eorum
2255 3909 2450 3962 malitia
2468 3920 2894 3964 commemorata
2931 3921 3032 3976 est,
3061 3928 3243 3968 verum
3278 3918 3438 3971 etiam
3467 3931 3628 3974 natu~

2041 4000 2187 4066 ralis,
2242 3999 2326 4052 cui
2371 4007 2566 4068 prarter
2610 4000 2823 4067 generis
2847 4000 3062 4056 humani
3108 4019 3391 4062 commune
3432 4021 3625 4064 conta-

2038 4092 2218 4160 gium.
2262 4101 2561 4144 accesserat
2609 4091 2805 4160 aliquid
2865 4095 3092 4164 amplius
3139 4113 3203 4152 ex
3249 4101 3626 4156 maledictione

2040 4181 2344 4250 prophetica
2375 4181 2621 4250 (sanctus
2667 4184 2807 4237 enim
2844 4184 2959 4241 Noe
3010 4201 3162 4242 suum
3209 4205 3452 4260 nepotem
3480 4194 3627 4249 Cha-

2039 4290 2173 4329 naan
2216 4277 2605 4343 progenitorem
2646 4277 2917 4333 maledixit
2939 4280 3172 4351 illorum)
3207 4284 3356 4353 (Gen.
3382 4302 3455 4353 Ix,
3481 4287 3621 4358 25);

2039 4382 2142 4421 που
2189 4368 2368 4436 utique
2397 4367 2610 4437 injuste,
2643 4370 2728 4422 cui
2760 4378 2933 4424 tamen
2956 4374 2978 4403 ¹
3006 4385 3148 4428 esset
3186 4377 3444 4444 obnoxia,
3479 4380 3625 4434 obli-

2037 4459 2246 4528 gatione
2267 4459 2636 4523 successionis,
2669 4461 2726 4513 in
2755 4462 2938 4530 prole?
2963 4462 3113 4531 Quod
3138 4479 3360 4536 apparet
3383 4470 3617 4525 etiamin

2037 4547 2270 4616 parvulis
2295 4563 2479 4603 eorum
2505 4589 2521 4614 ,
2551 4548 2640 4617 qui
2670 4563 2788 4603 cum
2825 4551 2934 4604 suis
2963 4554 3290 4621 parentibus,
3321 4566 3375 4612 et
3402 4557 3624 4629 hoc'ju-

2003 4636 2199 4690 “bente
2231 4637 2356 4700 Deo,
2401 4636 2518 4691 sine
2543 4637 2704 4692 uilius
2729 4639 2897 4693 celatis
2936 4641 3250 4710 exceptione
3287 4644 3447 4701 deleti
3489 4661 3623 4703 sunt

2035 4725 2222 4794 (Deut.
2254 4742 2314 4792 ιι,
2343 4726 2450 4794 54)
2486 4745 2498 4780 :
2528 4742 2648 4781 cum
2678 4728 2908 4796 majores
2931 4741 3208 4799 propterea
3248 4737 3474 4792 maxime
3503 4738 3622 4794 Deo

2024 4815 2428 4885 diSplicuerint,
2497 4817 2638 4886 quod
2691 4817 3022 4875 daemonibus
3083 4823 3304 4879 fundere
3378 4827 3622 4884 solerent

2031 4922 2248 4962 suorum
2299 4909 2608 4978 sanguinem
2652 4913 3010 4978 parvulorum.
3065 4913 3173 4969 Nec
3227 4917 3366 4972 Deus
3414 4935 3620 4987 praece-

2033 5000 2109 5069 pit
2161 4999 2360 5056 eisdem
2402 5001 2631 5069 parvulis
2679 5003 2822 5070 parci
2883 5023 2897 5058 :
2947 5005 3060 5058 imo
3100 5009 3352 5076 praecepit
3393 5011 3622 5064 omnino

2029 5105 2136 5144 non
2186 5090 2352 5158 parci.
2410 5089 2542 5144 Hinc
2599 5091 2831 5160 intellige
2874 5109 3041 5148 semen
3089 5095 3152 5149 ab
3205 5099 3347 5151 initio
3393 5101 3615 5152 maledi-

2029 5190 2164 5232 ctum
2194 5195 2413 5249 :neque
2457 5181 2600 5234 enim
2640 5197 2762 5235 eum
2806 5185 2895 5250 qui
2945 5183 3047 5240 hoc
3093 5189 3376 5258 praecepit,
3427 5189 3617 5248 dicere

2028 5268 2248 5322 audebis
2276 5269 2546 5339 injustam.
2599 5271 2752 5339 Quod
2780 5275 2824 5328 si
2855 5275 2946 5326 tihi
2983 5275 3218 5331 venisset
3255 5280 3310 5333 in
3349 5290 3613 5346 mentem,

2015 5374 2132 5412 non
2161 5360 2280 5415 ideo
2325 5361 2633 5432 sejungeres
2661 5378 2691 5416 a
2719 5364 3026 5431 parentibus
3045 5367 3222 5436 impiis
3252 5371 3612 5428 innocentiam

2029 5451 2274 5513 Iiliorum,
2319 5451 2460 5522 quod
2489 5471 2506 5503 α
2543 5453 2664 5508 inde
2695 5453 3037 5522 potissimum
3064 5458 3382 5516 oil'enderint
3413 5477 3610 5532 parcn-

2089 5658 2103 5720 ξ
2144 5660 2257 5720 δίκη
2283 5657 2691 5720 ,snterfeetorum.
2717 5661 2845 5713 Ιιεε..
2877 5656 3213 5720 interfectoris.

2088 5719 2106 5746 '
2134 5717 2213 5767 Sic
2232 5725 2335 5767 Uss.
2374 5726 2420 5767 In
2447 5717 2615 5778 editis,
2643 5723 2844 5767 tantum.
