3934 6178
263 1332 273 1341 ~

314 308 440 365 “25

312 418 600 476 testeum,
649 412 771 483 quia
823 426 925 466 nco
954 426 983 465 a
1038 409 1371 479 parvulotum
1426 419 1639 458 suorum
1697 401 1873 456 exiliis

311 504 684 575 temperabant.
727 502 964 569 Quorum
988 510 1132 556 certe
1161 512 1326 564 mors,
1365 516 1383 549 ι
1410 494 1584 566 inquis
1606 535 1622 560 ,
1654 509 1758 548 non
1786 508 1873 546 re-

311 603 537 652 curreret
568 593 636 648 ad
677 588 1031 649 interfectoris
1070 590 1319 646 invidiam
1343 631 1361 655 ,
1390 588 1436 645 si
1467 595 1683 657 propter
1710 598 1872 639 unum

310 696 571 756 peccatum
620 694 674 740 et
727 682 988 754 parricida
1035 683 1145 737 Deo
1179 679 1503 752 displiceret,
1548 686 1604 732 et
1653 676 1810 731 ﬁlius.
1849 692 1870 724 ι

308 778 409 835 Nec
438 777 586 830 vides
615 761 685 830 ita
724 775 1064 845 displicuisse
1096 774 1205 827 Deo
1234 779 1512 826 necatores
1541 768 1789 831 ﬁliorum,
1819 776 1877 819 ut

310 882 483 925 tamen
521 867 735 923 eosdem
763 882 973 937 quoque
1004 865 1141 919 ﬁlios
1178 879 1300 918 cum
1334 861 1418 916 bis
1439 861 1649 931 juberet
1680 855 1872 914 occidi.

306 961 479 1031 Neque
504 959 669 1024 enim,
698 959 823 1028 quia
857 957 937 1011 illi
976 955 1288 1024 impiissime
1311 954 1470 1009 etiam
1510 952 1646 1005 lilios
1672 949 1872 1005 daemo-

305 1050 401 1106 niis
435 1048 818 1113 immolabant,
868 1046 989 1102 ideo
1031 1060 1137 1100 non
1176 1043 1476 1100 debuerunt
1512 1042 1671 1097 etiam
1714 1039 1872 1094 iidem

306 1141 416 1206 lilii,
448 1156 556 1193 non
584 1137 819 1193 humano
846 1138 1071 1201 scelere,
1112 1137 1207 1192 sed
1231 1135 1432 1207 judicio
1460 1135 1661 1200 divino,
1693 1134 1876 1201 utique

296 1232 453 1302 justo,
481 1230 727 1301 quamvis
753 1229 962 1285 occulto
980 1270 996 1295 ,
1030 1238 1278 1298 tanquam
1299 1242 1482 1282 semen
1513 1223 1869 1288 maledictum,

300 1324 434 1376 sicut
457 1321 654 1377 factum
678 1329 782 1385 est,
827 1320 1024 1390 pariter
1050 1319 1288 1374 interire.
1319 1317 1444 1372 ilice
1474 1331 1577 1370 non
1621 1312 1869 1378 attendis,

301 1412 423 1467 dum
460 1410 766 1481 eloquentia
810 1411 927 1465 sine
964 1409 1225 1479 sapientia
1272 1407 1477 1477 raperis
1499 1447 1516 1472 ,
1553 1414 1607 1461 et
1657 1403 1875 1459 ﬂumine

299 1502 546 1557 vanitatis
602 1500 681 1557 vis
728 1514 850 1556 esse
896 1500 1147 1566 disertus,
1185 1498 1346 1554 descr
1469 1494 1669 1550 lumine
1733 1493 1873 1548 veri-

302 1593 439 1647 tatis.

366 1685 603 1741 CXXIX.
642 1685 763 1742 Jun.
812 1684 994 1739 Verum
1025 1695 1073 1739 ct
1099 1680 1415 1755 hisjinquit,
1444 1693 1683 1753 tanquam
1708 1681 1874 1735 nomi-

298 1776 439 1830 nibus
455 1778 738 1848 pepercisti,
757 1787 804 1832 et
827 1777 1004 1831 irrisisti
1023 1775 1356 1847 precedent“
1376 1775 1645 1828 exercitum
1665 1788 1873 1842 vespas;

297 1884 394 1920 non
420 1869 539 1938 quia
564 1869 811 1939 impotens
827 1884 940 1922 cras
959 1868 1011 1921 in
1036 1883 1206 1938 pugna
1231 1866 1412 1935 impios
1430 1866 1583 1935 justis
1607 1864 1871 1933 subjicere,

294 1958 383 2012 sed
412 1959 641 2028 partibus
653 1959 898 2030 judicans
918 1959 1073 2014 dabas
1092 1959 1257 2013 locum
1285 1957 1604 2028 paenitentia.
1640 1955 1872 2021 Aculeis,

299 2052 472 2121 inquit
496 2093 510 2116 ,
540 2067 842 2107 muscarum
874 2053 1032 2106 etiam
1061 2052 1179 2127 illus
1205 2050 1348 2120 ipsos
1373 2049 1658 2119 sacrilegos
1685 2048 1877 2101 stimu-

292 2143 473 2205 labas,
516 2152 574 2197 ut
617 2143 906 2211 potentiam
933 2141 1247 2196 vindicatttis
1276 2141 1343 2196 de
1369 2140 1573 2194 ludicro
1598 2153 1707 2192 sua:
1737 2137 1875 2193 allii-

286 2232 491 2286 ctionis
519 2231 878 2286 adverterent.
905 2231 1010 2287 Sed
1033 2240 1312 2300 postquam
1338 2246 1410 2286 ex
1429 2230 1652 2284 consilio
1684 2228 1799 2291 Dei,
1825 2237 1878 2281 et

290 2322 513 2377 ultionis
541 2338 737 2392 genere
760 2323 1056 2377 voluntaria
1082 2331 1293 2392 peccata
1321 2328 1625 2391 patuerunt,
1651 2333 1874 2389 quorum

287 2412 518 2481 rejectio
541 2413 946 2482 exspectabatur
972 2423 1027 2468 et
1053 2412 1401 2482 petebatur‘;
1434 2422 1559 2466 tunc
1583 2411 1794 2465 demum
1821 2410 1875 2462 in

289 2505 555 2573 obstipam
585 2505 886 2573 punitorum
918 2504 1285 2574 prolanitatem
1333 2505 1608 2574 scriptoris
1647 2505 1876 2572 assurgit

291 2595 546 2659 invectio,
572 2595 807 2665 dicitque
844 2595 962 2651 illos
996 2605 1193 2651 tantam
1226 2597 1386 2651 inisse
1413 2611 1533 2650 cum
1563 2595 1876 2651 criminibus

292 2685 729 2750 familiaritatem,
762 2695 823 2740 ut
867 2686 1043 2741 innata
1086 2686 1316 2757 quodam
1359 2686 1520 2742 modo
1550 2687 1869 2742 viderentur.

293 2773 415 2828 Non
440 2776 683 2846 ignorans
701 2818 716 2842 ,
749 2777 937 2846 inquit,
964 2778 1203 2847 quoniam
1230 2778 1532 2848 nequissima
1556 2778 1708 2846 fuerit
1734 2779 1873 2831 natio

289 2865 518 2931 illorum,
546 2874 592 2919 et
631 2868 879 2921 naturalis
913 2868 1108 2921 malitia
1136 2868 1382 2936 ipsorum,
1413 2878 1461 2922 et
1497 2868 1732 2938 quoniam
1771 2884 1873 2921 non

289 2966 487 3025 poterat
508 2959 807 3012 commutari
830 2959 1062 3029 cogitatio
1078 2976 1251 3013 eorum
1281 2959 1333 3012 in
1356 2970 1687 3028 perpetuum;
1705 2973 1872 3012 semen

284 3048 413 3100 enim
437 3057 555 3102 erat
577 3048 894 3103 maledictum
916 3049 978 3101 ab
998 3049 1139 3103 initio
1172 3066 1190 3101 :
1215 3066 1306 3102 nec
1330 3050 1506 3102 timens
1526 3048 1762 3116 aliquem,
1794 3064 1873 3100 ve-

285 3138 418 3191 niam
445 3138 615 3193 dabas
634 3140 850 3210 peccatis
879 3139 1083 3194 illorum
1104 3140 1256 3209 (Sap.
1282 3154 1371 3202 sn,
1397 3139 1582 3208 8-H).
1611 3138 1764 3200 Cum,
1791 3140 1872 3191 in-

285 3230 427 3299 quit,
461 3239 526 3283 lu
556 3239 659 3284 tam
688 3230 914 3300 benigne
941 3240 1150 3299 tamque
1183 3231 1441 3298 patienter
1470 3239 1525 3284 et
1554 3230 1873 3298 paenitentia:

284 3331 500 3391 tempus
529 3321 830 3387 indulseris,
863 3332 915 3376 et
944 3322 1210 3391 speculam
1228 3324 1248 3353 '
1274 3321 1649 3376 admonitionis
1677 3321 1869 3376 inﬁxe-

282 3413 374 3479 ris,
407 3424 463 3467 ut
510 3413 769 3482 justitiam
808 3429 870 3468 ac
911 3413 1329 3469 misericordiam
1359 3414 1426 3468 ab
1451 3414 1594 3467 omni
1627 3412 1868 3475 infamia,

280 3501 345 3555 ab
374 3503 533 3557 omni
565 3504 867 3572 suspicione
891 3504 1221 3559 crudelitatis
1245 3518 1514 3559 assereres
1545 3521 1560 3558 :
1590 3513 1763 3559 tamen
1796 3504 1871 3557 illi

280 3610 465 3663 sprcvc
476 3603 608 3649 runt
621 3596 1060 3651 commonitiones
1079 3606 1209 3659 tuas,
1226 3596 1312 3665 qui
1332 3595 1581 3650 beneﬁcia
1601 3596 1870 3663 praemissa

281 3684 664 3755 deSpcxcmnt,
699 3688 842 3743 velut
878 3688 968 3757 qui
997 3688 1158 3742 velint
1199 3688 1423 3756 probare
1464 3687 1532 3741 de
1576 3688 1713 3740 illius
1756 3702 1873 3742 esse

280 3782 497 3833 semine
534 3778 721 3843 Chatti,
751 3779 803 3832 in
847 3794 1005 3849 quem
1047 3778 1160 3833 Noe
1203 3778 1390 3833 beatus
1415 3778 1651 3831 nuditate
1675 3778 1872 3842 derisu,

281 3882 516 3922 censura
556 3868 721 3937 patria
760 3869 930 3923 fuerat
959 3868 1239 3923 maledicta
1270 3868 1553 3936 jaculatus.
1588 3868 1721 3935 Quid
1748 3883 1874 3937 ergo

279 3960 508 4025 mirum,
539 3962 583 4014 si
607 3961 821 4030 majoris
847 3976 1031 4015 eorum
1062 3961 1082 3992 ⁸
1112 3961 1387 4030 proterviae
1418 3961 1628 4026 merito,
1659 3970 1871 4014 settten-

281 4051 367 4104 tia:
395 4061 525 4105 erat
544 4054 853 4107 austeritate
880 4052 1173 4120 perculsus,
1201 4050 1508 4106 recordatus
1533 4060 1615 4105 est
1643 4051 1872 4118 Scriptor

282 4144 333 4192 in
363 4142 637 4215 maculam
676 4149 1006 4211 posterorum
1037 4158 1142 4195 non
1173 4142 1537 4197 desistenlium
1565 4141 1632 4195 ab
1653 4143 1870 4194 tenuita-

284 4232 447 4295 tione,
478 4246 607 4285 cum
651 4233 954 4301 frequenter
998 4234 1049 4287 in
1096 4233 1211 4303 lege
1256 4234 1497 4299 imitatio,
1542 4243 1869 4302 posterorum

282 4322 697 4377 necessitudinis
724 4320 932 4392 quoque
958 4324 1227 4378 vocabulis
1253 4325 1538 4394 arguatur?
1568 4324 1656 4379 Sic
1681 4327 1874 4395 quippe

287 4413 551 4469 Dominus
600 4415 650 4468 in
699 4416 986 4484 Evangelio
1028 4417 1094 4471 ad
1138 4416 1349 4472 Judteos
1382 4435 1394 4469 :
1434 4416 1552 4477 Vos,
1591 4418 1775 4486 inquit,
1813 4435 1875 4471 ex

285 4514 426 4571 patre
453 4506 661 4559 diabolo
688 4508 804 4560 estis
841 4506 1017 4577 (Joau.
1050 4524 1157 4567 vui,
1183 4508 1301 4576 Η).
1352 4508 1413 4561 Et
1458 4508 1642 4563 Daniel
1686 4519 1870 4564 contra

282 4608 517 4661 spurcos
541 4596 900 4666 presbyteros,
918 4597 985 4651 de
1011 4596 1170 4653 lsrael
1196 4609 1369 4652 tamen
1395 4600 1557 4667 stirpe
1578 4599 1871 4667 venientes,

283 4684 478 4739 eodem
520 4702 713 4754 genere
753 4687 943 4756 legitur
975 4689 1212 4743 invectus
1243 4708 1256 4742 :
1289 4688 1492 4748 Semen.
1526 4690 1710 4758 inquit,
1742 4691 1874 4743 (.‘Ita-

284 4794 442 4842 naan,
474 4787 524 4829 et
554 4795 652 4831 non
680 4777 820 4831 Iuda
866 4778 1039 4851 (Dan.
1067 4796 1177 4844 xm,
1208 4778 1332 4851 56).
1383 4780 1625 4835 Ezechiel
1665 4796 1875 4851 quoque

287 4870 549 4937 prOplteta
588 4871 870 4938 cXprobt'at
908 4872 1046 4940 plebi
1094 4872 1389 4926 Jewsalcnt
1419 4891 1430 4924 :
1461 4874 1767 4939 Matertua,-
1792 4876 1874 4927 in-

285 4960 421 5028 quit.
455 4959 701 5026 Ccttltwa,
723 4971 768 5014 et
790 4970 933 5030 pater
953 4972 1068 5016 tuus
1094 4963 1415 5017 Antorrlueus
1444 4962 1654 5033 (Ezech.
1687 4979 1794 5030 xw,
1817 4965 1871 5029 5-,

287 5052 404 5120 45).
436 5053 535 5108 Est
555 5069 681 5123 ergo
708 5054 795 5109 hic
822 5070 948 5109 usus
977 5066 1029 5109 ut
1059 5054 1123 5109 ad
1150 5056 1434 5110 voluntatis
1461 5055 1707 5109 invidiam
1736 5055 1873 5108 infa-

288 5147 459 5201 matio
509 5148 689 5218 stirpis
731 5149 968 5214 accedat,
1013 5150 1339 5219 nimiumque
1385 5149 1591 5203 crimini
1634 5148 1875 5204 videatur

353 5319 367 5348 ⁸
406 5318 569 5383 ῼυόρκ
597 5328 745 5379 l’ot‘t.,
771 5321 964 5383 reiectio
982 5320 1368 5383 exspectabatur,
1382 5300 1459 5370 'vel
1483 5320 1875 5383 expetebatur.—

286 5378 636 5449 tlorelucque,
668 5388 711 5449 et
733 5378 979 5449 petebatur
998 5417 1012 5439 ,
1039 5378 1221 5445 neutro,
1247 5381 1316 5432 vel
1348 5378 1678 5449 expetebatur,
1711 5383 1879 5449 admit-

290 5443 364 5507 tit,
398 5443 569 5507 sicque
595 5443 716 5507 legit
737 5443 1039 5503 'simiileiter
1064 5457 1074 5491 :
1103 5443 1304 5507 (proram
1336 5444 1532 5504 rejet‘tt'o
1573 5444 1879 5507 exspectaba-

288 5505 406 5607 tatge'i;
453 5506 566 5607 (pint!
610 5506 832 5564 (lentum,
878 5513 971 5554 etc.
1001 5507 1110 5554 \‘ide
1137 5505 1565 5567 I.I‘enteut.t:ritic.,
1599 5505 1742 5573 pagg.
1768 5508 1877 5568 361,

354 5626 374 5685 ξ
410 5630 567 5678 Forte.
592 5623 842 5685 spiculum.

358 5683 379 5716 ³
408 5688 549 5734 Forte
574 5683 647 5737 hic
667 5687 948 5750 decen-qni.

1635 288 1835 345 LIBER
1873 286 2216 355 QUARTUS;

3425 289 3559 346 i126

1982 402 2278 467 adnuere,
2312 418 2404 470 per
2427 403 2581 472 cujus
2608 403 2848 457 meritum
2880 402 3174 458 eonvicium
3206 403 3473 472 patiuntur
3501 418 3533 456 e

1981 492 2203 548 semina.
2233 491 2485 548 Servatur
2508 502 2688 548 autem
2722 493 2806 549 hic
2834 492 2971 548 idem
2994 508 3110 547 mos
3132 493 3290 548 etiam
3320 494 3371 547 in
3394 493 3563 547 bono-

1983 601 2097 640 rum
2129 593 2309 655 parte,
2344 596 2399 639 ut
2437 600 2557 640 cum
2588 585 2795 643 videtur
2823 586 2982 640 homo
3008 600 3104 655 per
3125 585 3300 640 omnia
3334 582 3565 654 probus.

1981 679 2277 749 congenitis
2314 678 2521 733 dicatur
2557 677 2751 733 ﬂorere
2778 678 3075 733 virtutibus.
3112 677 3260 733 Unde
3286 686 3338 731 et
3365 676 3555 732 beatus

1981 771 2082 828 Job
2100 770 2477 826 misericordia:
2500 770 2745 827 allectum
2772 785 2879 841 quo
2903 771 3245 826 subveniebat
3271 768 3557 839 indigenti-

1983 862 2101 929 bus,
2131 862 2199 919 de
2225 862 2477 918 uberibus
2496 878 2555 918 se
2574 863 2819 927 traxisse,
2851 863 2958 917 imo
2983 863 3049 920 de
3076 873 3226 917 utero
3246 862 3429 916 matris
3447 875 3558 914 sua:

1982 968 2160 1008 secum
2189 952 2473 1009 conﬁrmat
2495 967 2766 1023 egressum
2791 951 2909 1019 (Job
2938 969 3090 1016 xxxv,
3116 953 3229 1021 l8).
3262 951 3399 1006 Nihil
3429 965 3555 1020 ergo

1982 1046 2141 1101 rebus
2170 1045 2481 1116 perstricuis,
2504 1056 2596 1101 aut
2618 1044 2929 1111 similitudo,
2960 1054 3051 1099 aut
3075 1043 3433 1114 exaggeratio.
3467 1058 3534 1098 au

1981 1139 2298 1209 ambiguitas
2322 1138 2663 1208 pratjudicare
2688 1145 2863 1208 potest
2886 1156 2899 1193 :
2927 1138 3176 1208 quoniam
3205 1151 3327 1191 eum
3353 1147 3500 1191 oertu
3538 1168 3543 1175 ι

1982 1230 2051 1299 sit
2071 1245 2336 1301 nunquam
2355 1231 2667 1285 naturalium
2691 1244 2872 1284 rerum
2889 1229 3272 1284 correctionem
3300 1243 3339 1282 ar
3357 1236 3559 1282 morta-

1982 1322 2121 1377 libus
2144 1324 2371 1392 reposci,
2404 1322 2675 1392 prmcipiat
2699 1333 2876 1377 autem
2913 1322 3054 1377 Deus
3086 1331 3143 1375 ut
3178 1321 3434 1376 desistant
3464 1320 3563 1385 ιιοτ

1981 1412 2152 1466 mines
2187 1427 2217 1465 a
2259 1412 2431 1477 malo;
2476 1412 2621 1466 omni
2651 1426 2780 1468 vero
2805 1412 2984 1468 verius
3019 1411 3374 1482 approbatur,
3404 1418 3557 1465 natu-

1983 1504 2128 1557 rale‘
2154 1512 2423 1573 peccatum
2455 1518 2559 1558 non
2590 1519 2709 1560 esse
2733 1518 2908 1573 posse.

2051 1598 2185 1652 Avo.
2229 1595 2434 1652 Potasti
2467 1596 2684 1666 quidem
2708 1608 2760 1652 te
2788 1595 3289 1666 exposuissaerba
3315 1593 3433 1650 libri
3460 1593 3558 1650 Sa-

1983 1688 2192 1758 pientia:
2221 1687 2351 1742 :sed
2381 1702 2484 1741 non
2514 1702 2576 1742 ea
2605 1688 2798 1742 sineris
2834 1686 3050 1742 eludere
3086 1687 3263 1742 verbis
3302 1686 3558 1753 insipien-

1982 1781 2090 1835 tite.
2126 1779 2266 1835 Satis
2291 1780 2432 1835 enim
2459 1789 2697 1849 apparet,
2726 1789 2779 1836 et
2807 1780 3009 1834 clarum
3046 1772 3148 1841 es‘t,
3176 1777 3449 1849 quomodo
3470 1777 3555 1830 illa

1982 1873 2127 1927 natio
2158 1872 2480 1942 nequissima
2504 1872 2643 1927 dicta
2671 1872 2759 1935 sit,
2788 1871 3008 1942 ejusque
3036 1872 3235 1925 malitia
3264 1870 3517 1925 naturalis
3542 1888 3557 1930 ;

1980 1968 2247 2036 quomodo
2293 1970 2451 2023 etiam
2490 1971 2562 2024 sit
2602 1970 2884 2039 appellata,
2913 1983 3096 2025 semen
3124 1969 3461 2023 maledictum
3492 1968 3560 2020 ab

1984 2060 2149 2113 initio.
2178 2060 2235 2116 Si
2261 2063 2424 2125 enim,
2451 2071 2508 2116 ut
2528 2072 2580 2116 tu
2612 2070 2786 2131 putas,
2819 2072 3037 2131 propter
3058 2061 3470 2123 aemulationem,
3505 2058 3555 2112 id

1981 2163 2062 2206 est
2089 2153 2457 2218 imitationem,
2479 2154 2677 2209 dictum
2707 2155 2913 2222 fuisset,
2941 2169 3042 2225 qua
3074 2153 3258 2208 imitati
3285 2163 3411 2207 sunt
3439 2166 3554 2204 ma-

1976 2245 2145 2314 jorem
2168 2261 2321 2300 suum
2348 2247 2534 2313 Cbam,
2562 2264 2719 2317 quem
2750 2248 2828 2302 sui
2853 2246 3050 2317 peccati
3072 2247 3263 2301 merito
3290 2246 3562 2300 maledixit

1984 2352 2131 2408 pater
2153 2343 2269 2412 ejus
2294 2343 2408 2399 Noe
2439 2362 2453 2397 :
2483 2343 2719 2413 profecto
2754 2344 2896 2399 Deus
2936 2341 3147 2413 quando
3185 2343 3235 2395 in
3272 2341 3425 2395 istam
3464 2356 3541 2393 na-

1983 2434 2176 2487 tionem
2209 2435 2490 2489 vindictam
2525 2432 2873 2509 justissimam
2916 2434 3171 2504 protulit,
3203 2431 3412 2502 juberet
3449 2431 3565 2499 ejus

1980 2525 2211 2592 parvulis
2233 2526 2395 2594 parci,
2414 2540 2551 2597 quos
2570 2525 2746 2581 dicere
2767 2541 2869 2578 non
2892 2534 3043 2597 potes
3061 2538 3276 2580 suorum
3298 2522 3556 2591 majorum
3622 2562 3630 2571 .

1980 2614 2272 2671 imitatione
2311 2617 2573 2671 meruisse
2611 2616 2944 2686 supplicium.
2985 2613 3115 2669 Cum
3160 2628 3288 2686 ergo
3332 2612 3410 2667 eis
3454 2606 3579 2683 non!

1978 2706 2147 2758 solum
2174 2722 2279 2760 non
2296 2707 2453 2776 jussit
2478 2707 2699 2777 pm‘bcri
2723 2704 3160 2770 misericordiam,
3180 2704 3272 2759 scd
3295 2713 3351 2757 ut
3378 2718 3556 2772 parem

1979 2795 2262 2851 vindictam
2313 2812 2434 2851 cum
2489 2796 2795 2867 parentibus
2847 2806 3145 2858 sumerent;
3186 2796 3301 2865 ipse
3348 2794 3562 2863 insuper

1973 2886 2150 2957 jussit,
2180 2889 2270 2957 qui
2299 2888 2482 2957 utique
2511 2888 2707 2959 aliquid
2738 2887 2989 2957 injustam
3013 2887 3200 2957 jubere
3224 2901 3325 2939 non
3357 2884 3555 2953 potuit:

1978 2981 2106 3033 satis
2136 2980 2413 3035 evidenter
2441 2981 2609 3047 lucet,
2640 2982 2778 3050 quod
2810 2997 2915 3035 non
2947 2990 3164 3050 propter
3193 2979 3557 3048 exaggeratio-

1980 3086 2120 3127 nem.
2152 3086 2323 3138 neque
2353 3080 2570 3139 prapter
2597 3072 2960 3133 imitationem,
2987 3070 3080 3124 sed
3104 3078 3317 3139 propter
3340 3083 3558 3137 genera.-

1983 3159 2178 3213 iionem
2209 3159 2347 3213 dicta
2378 3170 2459 3213 est
2482 3174 2666 3214 eorum
2698 3160 2895 3213 malitia
2927 3159 3180 3212 naturalis
3200 3199 3214 3222 ,
3244 3169 3298 3211 et
3331 3157 3427 3226 ipsi
3468 3172 3557 3212 se-

1981 3266 2101 3304 men
2132 3250 2466 3304 maledictum
2491 3250 2559 3303 ab
2584 3250 2751 3307 initio.
2800 3249 2931 3303 Nam
2976 3259 3156 3303 contra
3197 3261 3433 3302 errorem
3465 3264 3553 3301 ve-

1979 3352 2173 3405 strum,
2204 3341 2256 3395 in
2284 3341 2386 3395 hoc
2416 3342 2531 3409 ipso
2550 3341 2772 3404 semine,
2804 3340 2871 3395 de
2896 3354 3002 3409 quo
3026 3322 3218 3409 agitur,
3248 3337 3555 3408 prolihetiea

1981 3432 2211 3502 vigilavit
2231 3432 2537 3497 auctoritas,
2571 3439 2626 3486 ut
2648 3430 2760 3487 Noe
2782 3430 2953 3497 justus
2978 3438 3283 3499 peccantem
3307 3428 3469 3484 Cbam
3499 3427 3556 3481 ﬁ-

1981 3525 2106 3577 lium
2147 3525 2197 3578 in
2233 3523 2350 3593 ejus
2392 3522 2732 3578 malediceret
2779 3523 2908 3588 ﬁlio,
2945 3522 2993 3576 id
3037 3532 3138 3586 est,
3173 3521 3455 3586 Chanaan;
3503 3502 3560 3574 tu

1981 3617 2101 3670 hinc
2127 3616 2562 3685 intelligeremus,
2579 3615 2785 3670 vinctos
2804 3630 2922 3671 esse
2946 3615 3080 3669 ﬁlios
3100 3615 3305 3670 meritis
3326 3623 3554 3684 patrum.

1979 3709 2079 3761 nisi
2112 3708 2211 3761 hoc
2237 3708 2503 3762 vinetilum
2530 3708 2874 3777 generatione
2895 3716 3139 3770 tractum.
3158 3707 3558 3776 regenerationis

1979 3799 2232 3851 solvatur.
2266 3798 2338 3850 De
2361 3797 2462 3850 isto
2481 3813 2606 3866 ergo
2632 3797 2882 3850 Chanaan
2911 3796 3112 3850 ducunt
3140 3795 3394 3865 originem
3420 3793 3558 3845 Cha-

1980 3888 2169 3951 trunci,
2199 3888 2284 3957 qui
2326 3888 2449 3940 dicti
2493 3897 2619 3941 sunt
2654 3902 2837 3941 semen
2878 3886 3217 3955 tnaledicmm
3256 3888 3323 3939 ab
3363 3887 3510 3939 initio
3542 3903 3554 3937 ε

1979 3994 2199 4047 quorum
2250 3977 2407 4032 etiam
2450 3977 2671 4045 parvuli,
2713 3978 2833 4046 quia
2875 3986 2930 4031 et
2971 3977 3066 4045 ipsi
3108 3976 3208 4047 hoc
3246 3985 3419 4039 erant,
3450 3992 3556 4030 non

1982 4069 2291 4133 ἱιηξιςιιίυιιυ,
2324 4068 2415 4121 sed
2446 4067 2612 4136 stirpe
2639 4066 2861 4121 interﬁci
2889 4080 3008 4121 cum
3040 4061 3344 4135 parentibus
3364 4066 3560 4118 divini-

1981 4171 2063 4213 tns
2090 4160 2219 4227 jussi
2248 4170 2389 4213 sunt.
2436 4159 2526 4214 llis
2553 4158 2869 4215 Chananaris
2906 4158 3067 4212 fuisse
3104 4158 3308 4210 similes
3334 4157 3556 4225 impudr—

1979 4266 2072 4305 cos
2096 4253 2353 4314 seniores,
2388 4251 2569 4305 Daniel
2603 4251 2861 4321 propheta
2893 4250 3108 4319 intelligi
3140 4248 3324 4310 voluit,
3349 4249 3560 4318 quando

1979 4342 2056 4393 eis
2076 4342 2227 4401 dixit,
2261 4341 2443 4395 Semen
2470 4341 2732 4405 Chanaan,
2756 4350 2803 4394 et
2824 4357 2922 4393 non
2946 4339 3105 4400 Inda.
3138 4349 3383 4407 tanquam
3413 4338 3558 4392 dice-

1981 4442 2089 4495 ret.
2131 4432 2340 4487 Similes
2389 4432 2510 4487 ﬁliis
2551 4433 2823 4498 Chanaan,
2851 4442 2901 4488 et
2930 4449 3032 4486 non
3066 4433 3184 4484 ﬁliis
3212 4432 3346 4484 Juda
3379 4449 3391 4483 :
3425 4431 3560 4486 sient

1980 4526 2178 4579 dictum
2208 4536 2309 4591 est,
2345 4525 2610 4579 Ccneratio
2641 4526 2921 4594 viperarum
2951 4526 2967 4593 (
2994 4524 3175 4578 Matth.
3204 4511 3281 4589 tu,
3312 4524 3342 4577 Ἰ
3361 4522 3403 4594 ),
3436 4538 3554 4592 pro-

1984 4630 2099 4687 pter
2122 4618 2403 4688 quamdam
2434 4617 2831 4672 similitudinem
2859 4616 3071 4671 malitia:
3093 4619 3115 4650 ³
3146 4615 3417 4687 viperinm.
3460 4616 3566 4671 l'bi

1981 4723 2156 4764 autem
2196 4711 2448 4763 Dominus
2487 4711 2579 4773 ait,
2622 4708 2721 4764 Vos
2747 4728 2776 4762 a
2797 4723 2940 4779 patre
2967 4710 3345 4773 (liabololcstis;
3377 4725 3565 4764 revera

1984 4802 2329 4855 imitationem
2352 4800 2538 4869 voluit,
2573 4818 2678 4856 non
2706 4816 2887 4858 semen
2913 4803 3129 4872 intelligi
3165 4820 3177 4855 :
3209 4801 3300 4858 sed
3325 4819 3421 4857 nec
3453 4802 3565 4872 ipse

1982 4892 2134 4951 dixit.
2166 4891 2274 4945 Vos
2298 4907 2481 4946 semen
2508 4893 2701 4946 diaboli
2731 4893 2880 4947 estis.
2921 4894 2985 4946 lit
3030 4893 3114 4947 ubi
3157 4894 3411 4962 scriptum
3462 4904 3563 4951 est,

1986 4984 2140 5037 l'ntet‘
2183 4995 2294 5038 tuus
2337 4985 2659 5038 Amorrlueus
2676 5025 2687 5046 ,
2715 4994 2758 5036 ct
2787 4996 2943 5035 mater
2969 4994 3055 5035 tua
3081 4983 3319 5049 Ceu/uva,
3345 4996 3568 5055 apparet

1983 5075 2102 5128 ideo
2133 5074 2365 5139 dictum,
2394 5075 2534 5142 quod
2561 5090 2652 5129 eos
2679 5073 2889 5128 fuerant
2921 5074 3104 5127 imitati
3130 5077 3319 5147 quibus
3352 5076 3450 5129 hoc
3484 5076 3565 5127 dt-

1982 5165 2237 5218 rebatur:
2270 5164 2498 5234 denique
2543 5179 2639 5217 nec
2662 5164 2727 5217 ibi
2760 5165 2957 5217 dictum
3000 5173 3111 5228 est,
3141 5164 3335 5221 Semen
3379 5168 3567 5218 Amor-

1985 5258 2279 5322 rbmortuu,
2315 5258 2396 5312 vel
2424 5256 2801 5311 Cetthzrortmi.
2836 5257 2947 5311 an
2974 5274 3099 5328 ergo
3130 5268 3183 5311 ut
3210 5257 3406 5319 dixisti,
3444 5274 3563 5325 pru-

1986 5360 2095 5419 pter
2127 5359 2357 5402 meritum
2395 5349 2660 5402 voluntatis
2690 5350 2899 5403 nimium
2922 5350 3212 5404 criminibus
3240 5346 3573 5409 (rd/uersutis,

2051 5571 2065 5599 ί
2095 5566 2263 5637 Vign.,
2286 5567 2591 5637 approbatur,
2617 5576 2863 5637 peccabat:
2904 5581 2996 5637 non
3026 5579 3134 5637 esse
3179 5574 3312 5630 170.36
3329 5582 3346 5625 ς·
3369 5584 3445 5619 om
3466 5582 3565 5637 5:0.

1987 5630 2230 5696 naturale,
2254 5630 2387 5696 quod.
2398 5630 2639 5696 reperitur
2663 5633 2708 5679 in
2736 5630 3080 5692 manuscriptis.

2051 5693 2069 5725 ¹
2104 5690 2183 5741 llic
2199 5726 2214 5752 ,
2239 5688 2660 5746 tlirzlilittfadziiiur
2689 5706 2748 5740 ex
2773 5700 2877 5745 Mss.
