3954 6178
370 343 506 399 ΗΞἸ

370 451 645 506 convicium
677 452 933 522 patiuntur
964 461 1012 503 et
1053 453 1262 504 semina.
1297 450 1446 503 Absit
1487 449 1631 501 enim
1670 456 1725 500 ut
1756 454 1940 500 sancta

370 543 643 613 Scriptura
669 541 974 607 seminibus,
1004 541 1140 595 sicut
1165 549 1221 595 tu
1250 539 1554 594 hominibus
1575 580 1589 603 ,
1622 537 1947 592 convicietur

372 633 668 689 immeritis.
701 632 794 687 Ubi
819 639 996 686 autem
1026 640 1239 685 sanctus
1276 630 1378 686 Job
1401 624 1637 696 affectum
1666 627 1947 681 misericor-

372 725 474 779 dia.-
498 725 560 778 de
588 733 726 777 utero
746 724 921 776 matris
944 738 1132 786 secum,
1172 723 1308 777 sicut
1343 734 1752 784 commemoras,
1780 737 1949 789 egres-

372 830 485 869 sum
517 815 813 883 conﬁrmat;
850 822 903 870 et
937 829 1058 868 eum
1096 821 1271 884 putas,
1320 821 1376 866 ut
1414 809 1663 866 eumdem
1704 805 1947 863 allectum

374 906 597 961 multum
617 904 1033 971 commendaret,
1050 905 1153 958 hoc
1162 903 1379 970 dixisse,
1403 918 1507 957 non
1524 901 1666 971 quod
1685 901 1756 954 ita
1774 908 1916 954 esset
1936 917 1951 953 :

372 1012 469 1050 cur
509 1011 650 1063 non,
684 1010 867 1067 quaeso
902 1006 988 1063 te,
1024 995 1308 1050 annuimus
1330 1008 1451 1050 esse
1477 992 1737 1064 quosdam
1765 1001 1950 1047 natura

375 1086 765 1154 misericordes,
786 1086 833 1141 si
862 1095 1046 1142 natura
1070 1085 1332 1156 quosdam
1351 1099 1457 1140 non
1485 1098 1739 1155 negamus
1764 1095 1953 1137 excor-

374 1176 502 1231 des?
521 1176 656 1233 Sunt
678 1177 821 1233 enim
844 1176 1095 1232 nonnulla
1122 1176 1421 1247 congenita,
1445 1191 1563 1245 qua:
1587 1175 1639 1230 in
1670 1182 1827 1229 :etate
1851 1188 1953 1244 qua

378 1281 504 1322 usus
520 1266 704 1337 incipit
724 1283 843 1325 esse
860 1268 1102 1336 rationis,
1125 1268 1263 1323 sicut
1279 1267 1392 1337 ipsa
1408 1265 1564 1332 ratio,
1587 1264 1843 1336 incipiunt
1860 1277 1956 1333 ap-

378 1373 585 1427 parere.
613 1358 844 1416 Proinde
876 1359 1181 1415 hominibus
1206 1368 1391 1414 natura
1413 1357 1534 1413 ﬁliis
1563 1357 1654 1411 iraa
1674 1365 1951 1426 propterea

375 1450 568 1505 dantur
593 1460 860 1522 praecepta
888 1451 1120 1519 vivendi,
1153 1450 1276 1521 quia
1300 1449 1457 1505 datur
1483 1458 1538 1504 et
1562 1448 1753 1518 gratia,
1784 1456 1841 1500 ut
1864 1445 1955 1515 qui

372 1538 527 1608 jubet
550 1539 726 1609 juvct;
774 1555 837 1595 ac
878 1541 958 1596 sic
992 1540 1129 1596 mala
1181 1556 1284 1595 non
1328 1539 1500 1595 solum
1537 1553 1656 1608 quae
1685 1538 1957 1591 voluntate

377 1639 503 1687 sunt
527 1631 728 1698 addita,
749 1644 933 1703 vum
959 1634 1118 1689 etiam
1147 1648 1265 1702 qua:
1291 1642 1414 1688 sunt
1433 1639 1807 1702 congenerata,
1839 1630 1957 1682 vin-

378 1729 584 1777 cantur.
629 1722 780 1790 Quod
825 1722 971 1778 enim
1012 1722 1315 1779 hominibus
1360 1722 1684 1793 impossibile
1716 1730 1820 1787 est,
1850 1719 1958 1774 Deo

379 1811 531 1867 facile
550 1819 634 1867 est
650 1810 859 1882 (Matth.
880 1827 989 1879 xix,
1013 1810 1130 1886 26).
1145 1812 1350 1881 Quibus
1365 1822 1541 1867 autem
1560 1827 1666 1866 non
1686 1811 1843 1867 datur
1864 1811 1958 1865 Dei

379 1903 568 1972 gratia,
598 1911 814 1973 propter
845 1919 1002 1973 quem
1039 1904 1238 1960 dictum
1267 1914 1374 1972 est,
1402 1905 1527 1971 Quis
1545 1905 1676 1959 enim
1704 1916 1752 1958 te
1769 1905 1960 1958 discer-

380 1992 492 2047 nit?
517 1993 641 2063 quid
665 2004 834 2051 autem
852 1995 1003 2049 habes
1024 1995 1162 2067 quod
1184 2010 1285 2050 non
1305 1996 1539 2067 accepisti
1568 1994 1615 2064 (ι
1637 1994 1754 2049 Cor.
1782 2010 1853 2057 tv,
1878 1992 1960 2067 7)?

381 2085 817 2152 praevaricatores
837 2084 989 2151 ﬁunt,
1012 2085 1303 2142 accedente
1318 2086 1455 2157 lege,
1474 2101 1580 2142 non
1596 2086 1745 2156 justi.
1779 2085 1883 2141 Sed
1906 2086 1962 2140 lti

380 2189 589 2244 quoque
616 2175 683 2230 ad
713 2176 1027 2232 utilitatem‘
1070 2177 1255 2232 vivunt
1295 2176 1521 2233 [illorum
1558 2176 1957 2243 misericordiae,

385 2276 439 2321 ut
463 2281 558 2321 eos
581 2267 845 2336 videntes,
870 2270 1089 2340 etquid
1129 2268 1230 2324 sibi
1268 2284 1375 2326 non
1409 2269 1600 2325 merito
1620 2311 1634 2336 ,
1671 2268 1766 2324 scd
1798 2269 1963 2339 gratis

382 2359 610 2414 donetur
634 2357 1008 2431 intelligentes,
1034 2375 1139 2415 non
1166 2360 1509 2425 extollantur,
1531 2359 1627 2417 sed
1651 2360 1744 2431 qui
1768 2359 1967 2431 gloria-

383 2459 487 2512 tur,
510 2449 562 2502 in
593 2449 815 2506 Domino
837 2450 1093 2519 glorietur
1121 2448 1186 2521 (II
1206 2449 1322 2504 Cor.
1353 2466 1407 2515 ιι,
1441 2450 1551 2523 i7).

453 2537 667 2593 CXXX.
698 2538 815 2596 ιιι..
846 2539 1097 2611 Sequitur
1121 2555 1246 2596 vero
1267 2539 1534 2610 Sapientia
1563 2559 1576 2593 :
1604 2541 1731 2611 Quis
1755 2541 1842 2595 tibi
1868 2542 1963 2593 im-

384 2628 574 2698 putabit
593 2630 637 2683 si
662 2631 899 2701 perierint
924 2631 1172 2698 nationes,
1202 2648 1328 2703 quas
1354 2642 1407 2687 tu
1434 2633 1615 2703 fecisti,
1643 2649 1756 2688 cum
1779 2649 1879 2686 non
1899 2633 1964 2687 sit

381 2721 521 2776 alius
540 2720 700 2787 Deus,
728 2738 880 2792 quam
906 2732 979 2786 tu,
1006 2726 1087 2778 cui
1116 2740 1239 2778 cura
1258 2736 1332 2779 est
1352 2726 1415 2779 de
1430 2726 1660 2780 omnibus
1676 2726 1702 2780 ?
1724 2726 1829 2782 Sed
1849 2742 1963 2779 cum

382 2812 454 2865 sis
472 2814 665 2881 justus.
681 2813 821 2882 iuste
848 2814 1015 2868 omnia
1050 2815 1305 2885 disponis;
1334 2816 1507 2886 ipsum
1525 2832 1718 2887 quoque
1752 2817 1837 2884 qui
1864 2833 1964 2870 non

385 2904 528 2959 debet
557 2904 745 2972 puniri,
771 2908 1136 2969 condemnare,
1174 2916 1397 2961 atterunt
1428 2908 1646 2961 testimas
1684 2923 1715 2959 a
1751 2916 1838 2959 tua
1862 2908 1965 2959 vir-

389 3003 492 3049 tute
521 2995 714 3053 :wirtus
740 2997 873 3050 enim
908 3007 995 3051 tua
1022 2998 1238 3068 justitite
1272 2999 1471 3051 initium
1507 3007 1595 3052 cst.
1639 2999 1965 3069 Astipulalttr

387 3099 534 3145 certe
557 3091 825 3147 communi
862 3091 1177 3160 prudentum
1205 3093 1415 3157 rationi,
1443 3093 1566 3163 quia
1597 3094 1881 3148 maximum
1912 3095 1965 3149 in

392 3180 501 3236 Deo
525 3181 731 3253 signum
753 3183 953 3253 justitia
982 3185 1068 3249 sit,
1092 3199 1248 3255 quam
1294 3184 1633 3253 Manicbaeus,
1673 3195 1725 3241 et
1758 3186 1965 3242 Tradu-

387 3272 571 3329 cianus
593 3273 736 3329 omni
761 3283 952 3330 conatu
976 3275 1268 3330 fabularum
1292 3291 1506 3332 suarum
1538 3290 1807 3349 pernegat.

459 3366 596 3420 Atto.
626 3364 681 3419 In
713 3366 1061 3421 conviciando
1080 3368 1162 3423 cui
1188 3379 1239 3423 te
1257 3368 1428 3424 dicam
1449 3371 1697 3438 similem,
1719 3374 1817 3425 nisi
1841 3373 1967 3427 tibi?

388 3451 443 3510 Si
470 3466 647 3510 autem
678 3458 939 3527 saperetis
968 3458 1135 3513 Deum
1154 3474 1274 3514 esse
1296 3461 1518 3529 justum,
1548 3477 1813 3531 nunquam
1841 3477 1968 3518 con-

388 3545 565 3614 genita
594 3546 757 3609 vitia,
802 3548 884 3603 vel
923 3548 1163 3619 corporis
1211 3549 1453 3614 humani,
1498 3552 1579 3603 vel
1622 3552 1806 3616 animi,
1852 3568 1968 3621 qua:

393 3650 587 3704 negare
606 3650 712 3691 non
738 3637 975 3707 potestis,
1009 3639 1308 3695 tribueretis
1326 3638 1538 3710 opiticiu
1558 3641 1690 3709 ejus,
1715 3644 1807 3697 sed
1829 3642 1970 3710 judi-

393 3726 515 3791 cio;
544 3736 597 3781 et
624 3724 747 3781 lnnc
772 3728 1028 3798 originale
1056 3738 1347 3801 peccatum,
1377 3731 1488 3787 sive
1516 3734 1787 3801 peccata’,
1818 3730 1972 3801 intel-

396 3816 655 3888 ligeretis,
682 3834 788 3874 non
816 3822 1099 3891 negaretis.

464 3908 700 3965 CXXXI.
751 3909 869 3967 Jun.
925 3911 1162 3983 Denique
1203 3924 1322 3984 post
1366 3915 1632 3984 paululum
1679 3918 1968 3988 sequitur:

394 3997 527 4054 Illos
547 4001 681 4055 enim
706 4002 1021 4072 castigando,
1053 4005 1196 4059 bonae
1218 4006 1324 4075 spei
1347 4006 1511 4074 feciin
1530 4007 1666 4075 ﬁlios
1693 4017 1822 4072 tuos,
1850 4025 1974 4078 quo—

395 4094 529 4148 niam
560 4094 825 4164 judicans,
857 4096 949 4151 das
990 4098 1045 4150 in
1086 4099 1300 4168 peccatis
1346 4098 1509 4152 locum
1554 4100 1870 4167 poenitentia
1915 4101 1976 4155 Si

395 4186 525 4239 cnim
563 4186 791 4241 inimicos
832 4203 1085 4241 servorum
1119 4197 1318 4242 tuorum
1360 4197 1405 4243 et
1450 4190 1598 4242 morti
1634 4189 1825 4244 debitos
1863 4207 1977 4244 cum

396 4286 535 4332 tanta
554 4279 780 4332 cruciatu
802 4278 1158 4332 admonitionis
1182 4279 1404 4332 liberasti
1415 4319 1431 4342 ,
1454 4280 1581 4333 dans
1612 4289 1806 4351 tempus
1827 4290 1875 4334 et
1895 4281 1977 4333 Io-

398 4385 508 4421 cum
544 4384 632 4437 per
658 4384 804 4437 quem
835 4369 990 4438 possit
1019 4369 1203 4422 mutari
1232 4368 1456 4433 malitia;
1496 4384 1607 4423 cum
1641 4381 1827 4434 quanta
1855 4371 1976 4426 dili-

399 4459 564 4530 gentia
596 4460 795 4529 iudicas
820 4460 955 4529 ﬁlios
977 4469 1121 4523 tuos,
1163 4475 1374 4530 quorum
1419 4459 1708 4530 parentibus
1743 4470 1791 4515 et
1823 4463 1976 4529 jura-

401 4559 564 4602 ntcuta
608 4558 653 4602 ct
699 4560 847 4619 pacta
893 4549 1075 4603 dedisti
1118 4550 1361 4604 bonarum
1397 4550 1825 4620 promissionum?
1851 4551 1980 4606 Cum

401 4639 687 4709 ergo'nobis
716 4640 1036 4708 disciplinam
1065 4640 1176 4703 das,
1204 4642 1434 4697 inimicos
1459 4642 1982 4714 nostrosvmultiplici-

402 4744 475 4786 ter
508 4731 757 4801 ﬂagellas,
800 4741 853 4784 ut
897 4732 1168 4787 bonitatem
1212 4742 1348 4787 tuam
1392 4736 1663 4807 cogitemus
1698 4736 1981 4806 judicantis

410 4822 558 4895 (Βίῳ.
587 4837 683 4888 XII,
712 4821 919 4894 ii-Ql).

474 4915 607 4968 At'c.
655 4913 829 4981 Quare
857 4914 1015 4979 Deus,
1043 4928 1162 4967 cum
1195 4916 1263 4968 sit
1289 4916 1542 4986 pra-scius
1572 4919 1808 4973 onmium
1840 4918 1978 4973 lutu-

406 5019 610 5065 rurum,
638 5012 844 5074 tempus
873 5014 924 5058 et
956 5004 1126 5059 locum
1156 5019 1249 5075 per
1273 5019 1430 5075 quem
1455 5008 1621 5077 possit
1651 5011 1840 5063 mutari
1873 5026 1984 5064 ma-

407 5099 535 5173 litia,
568 5095 770 5150 dederit
799 5098 958 5152 etiam
981 5098 1081 5164 eis,
1112 5097 1179 5153 de
1214 5100 1402 5169 quibus
1434 5099 1634 5156 dictum
1669 5112 1802 5168 erat,
1836 5104 1980 5173 quod

404 5170 588 5246 out-mn
613 5190 861 5259 cogitatio
881 5205 983 5244 non
1013 5199 1219 5260 poterat
1241 5193 1433 5249 mutari
1461 5194 1512 5246 in
1541 5204 1872 5263 perpetuum,
1894 5210 1983 5249 sa-

407 5282 472 5335 tis
500 5279 752 5343 ostendit,
776 5279 860 5332 ubi
892 5280 984 5343 ait,
1015 5278 1168 5335 Bome
1193 5283 1301 5353 spei
1330 5284 1490 5351 fecisti
1525 5284 1659 5352 ﬁlios
1698 5294 1828 5348 tuos,
1856 5301 1984 5354 quo-

406 5373 541 5425 niam
561 5369 804 5440 judicans
823 5370 915 5423 das
942 5371 992 5424 in
1014 5373 1228 5440 peccatis
1251 5371 1413 5426 locum
1436 5374 1758 5442 pmniteutice.
1783 5374 1862 5429 Ad
1887 5375 1986 5429 hoc

392 5478 533 5535 ergo
558 5463 715 5519 datur
733 5471 942 5534 tempus
962 5472 1015 5519 et
1043 5463 1190 5520 locus
1210 5466 1533 5536 paenitentia:
1558 5467 1718 5522 etiam
1744 5467 1865 5522 Illiis
1894 5469 1987 5524 irte

468 5622 487 5688 ξ
523 5620 635 5691 ιῖέιίιι
650 5660 663 5681 ,
690 5620 776 5672 sed
800 5618 1005 5683 siquam
1027 5619 1094 5671 ad
1118 5618 1384 5673 utilitatem.
1409 5625 1707 5688 castigantur
1732 5640 1791 5677 ex
1819 5639 1987 5678 manu-

395 5688 610 5736 scrtptis.
988 5724 992 5727 .

467 5744 488 5774 ι
510 5740 693 5803 Supple
707 5774 724 5804 ,
746 5740 1004 5794 naturalia.

1038 342 1280 396 OPERIS
1321 296 1735 395 tueamur!
1770 331 2044 388 comas
2081 328 2437 395 JUHANUM,
2484 329 2541 384 ε.
2583 330 2952 387 AUGUSTINI

3492 336 3626 393 MSS

2053 444 2246 495 deditis
2283 440 2457 503 morti,
2499 450 2551 497 et
2588 442 2949 511 paenitentiam
2972 448 3091 496 non
3118 443 3335 510 acturis,
3357 445 3479 513 quia
3508 460 3630 503 sunt

2053 534 2190 587 inter
2214 530 2354 596 illos,
2381 531 2463 586 vel
2484 533 2719 587 exorturi
2746 532 2959 612 suntde
2979 532 3083 587 illis
3110 532 3201 586 lilii
3231 533 3626 604 misericordire,

2052 619 2244 688 quibus
2266 619 2365 674 hoc
2388 621 2573 689 prosit,
2598 621 2742 691 quod
2768 621 2871 676 illis
2893 638 2997 676 non
3027 621 3240 692 profuit.
3270 623 3453 694 Itaque
3470 626 3625 682 etiam

2035 719 2215 782 'super
2240 711 2379 767 filios
2408 712 2719 782 perditionis
2747 728 2853 768 non
2881 724 2963 770 est
2992 714 3164 769 inanis
3184 716 3200 746 ¹
3236 716 3330 770 Dei
3353 732 3447 771 nec
3470 718 3617 772 infru-

2054 811 2237 858 ctuosa
2262 803 2512 873 patientia
2543 821 2555 857 :
2591 818 2806 859 necesse
2831 815 2913 860 est
2938 807 3085 860 enim
3110 807 3276 875 prosit
3303 809 3380 862 eis
3405 824 3537 877 quos
3563 826 3630 864 ex

2056 909 2229 948 massa
2256 895 2568 965 perditionis
2595 911 2698 949 non
2726 896 2950 951 humana
2979 898 3165 953 merita
3184 939 3199 965 ,
3225 898 3319 953 sed
3355 900 3520 969 gratia
3544 901 3629 954 di-

2057 985 2177 1039 vina
2206 985 2486 1051 discernit;
2532 1001 2656 1041 cum
2682 987 2761 1041 vel
2801 987 2996 1057 gratias
3038 997 3228 1058 agunt,
3275 988 3416 1058 quod
3456 989 3524 1043 ab
3555 990 3633 1044 eis

2060 1077 2151 1130 Dei
2182 1076 2544 1131 misericordia
2583 1077 2986 1143 discernuntur,
3015 1078 3101 1132 vel
3133 1093 3198 1132 ex
3241 1079 3491 1148 perituris
3530 1096 3632 1133 nou

2058 1167 2299 1236 perituri,
2329 1166 2424 1221 Dei
2452 1167 2801 1237 dispositione
2827 1178 3137 1224 nascuntur.
3616 1178 3625 1179 ί

2129 1255 2388 1310 CXXXII.
2415 1255 2532 1312 Jun.
2561 1256 2805 1313 Advenis
2825 1272 2953 1328 ergo
2972 1267 3221 1328 quantam
3241 1258 3635 1316 distinctionem

2058 1345 2364 1413 superﬁcies
2401 1347 2681 1402 verborum
2717 1346 2906 1404 fecerit
2939 1348 3006 1403 de
3042 1350 3249 1423 naturis
3271 1351 3495 1405 duarum
3527 1352 3635 1421 ple-

2059 1438 2203 1492 bium
2229 1456 2240 1489 :
2268 1439 2527 1493 Israelitas
2554 1438 2688 1495 ﬁlios
2712 1439 2802 1494 Dei
2823 1449 2999 1508 vocat,
3022 1450 3074 1495 ct
3099 1441 3431 1498 Chananmos
3452 1458 3633 1499 semen

2061 1530 2419 1586 maledictum.
2468 1532 2524 1586 Si
2565 1531 2664 1587 hoc
2698 1531 2839 1603 quod
2874 1543 3029 1589 sonat
3062 1533 3127 1587 ad
3155 1539 3524 1604 generationes
3556 1551 3638 1591 re-

2061 1620 2291 1676 torretur
2318 1630 2371 1677 et
2397 1632 2607 1692 partus;
2637 1622 2917 1678 dicendum
2939 1631 3074 1689 erat,
3101 1624 3258 1679 aliam
3287 1640 3407 1681 esse
3430 1626 3639 1698 religio-

2060 1727 2240 1765 sorum
2268 1714 2685 1782 generationem,
2707 1714 2863 1768 aliam
2891 1713 3257 1784 profanorum.

2133 1802 2267 1857 Anc.
2316 1801 2578 1873 Numquid
2624 1805 2875 1874 quoniam
2919 1820 3039 1860 cum
3083 1806 3329 1862 audimus
3358 1806 3497 1863 Illius
3526 1809 3637 1874 Dei,

2063 1890 2403 1962 intelligimus
2428 1893 2682 1963 gratiam;
2727 1893 2848 1949 ideo
2874 1910 2994 1950 cum
3023 1895 3268 1951 audimus
3296 1896 3435 1951 Illios
3466 1898 3637 1952 homi-

2063 1996 2210 2044 num,
2243 1996 2348 2035 non
2386 1982 2641 2039 debemus
2669 1999 2959 2053 agnoscere
2984 1986 3331 2056 contiterique
3356 1991 3640 2044 naturam?

2061 2070 2197 2138 Quid
2225 2082 2309 2127 est
2338 2088 2466 2143 ergo
2493 2074 2635 2143 quod
2661 2074 2815 2141 dicis,
2839 2090 2943 2129 non
2969 2076 3289 2133 inveniendo
3316 2078 3443 2148 quid
3469 2080 3636 2146 dicas,

2064 2161 2225 2221 homo
2243 2165 2606 2221 eontentiose?
2630 2165 2901 2238 Cognosce
2927 2168 3068 2238 quod
3090 2183 3278 2223 verum
3300 2179 3404 2238 est,
3427 2171 3643 2228 attende

2063 2255 2204 2325 quod
2236 2256 2438 2311 clarum
2467 2266 2570 2312 est.
2614 2256 2807 2313 Semen
2838 2258 3181 2315 maledictum
3202 2260 3489 2316 Cbanamei
3515 2263 3642 2318 dicti

2064 2354 2187 2409 sunt
2211 2357 2424 2417 propter
2445 2357 2548 2402 tam
2576 2350 2769 2403 malam
2792 2351 3117 2420 progeniem,
3138 2362 3193 2406 ut
3219 2352 3332 2406 Dee
3347 2352 3649 2422 justissith

2066 2438 2363 2494 vindicante
2388 2450 2543 2510 atque
2564 2442 2875 2511 imperante,
2895 2458 2992 2497 nec
3011 2442 3127 2513 ejus
3152 2445 3389 2513 parvulis
3406 2446 3426 2477 ¹
3450 2460 3640 2515 parce-

2065 2540 2246 2597 retur,
2276 2532 2365 2601 qui
2397 2542 2642 2602 parentes
2671 2548 2798 2588 suos
2858 2534 2999 2588 nulla
3032 2535 3312 2590 voluntatis
3347 2536 3645 2593 imitatione

2065 2623 2251 2676 sectati
2289 2632 2431 2675 sunt.
2473 2622 2592 2677 Filii
2621 2638 2747 2677 vero
2778 2624 2871 2678 Dei
2905 2624 3029 2679 dicti
3067 2635 3191 2680 sunt
3219 2624 3508 2692 Israelitce,
3536 2642 3645 2683 non

2068 2720 2282 2780 propter
2320 2717 2623 2782 progeniem
2664 2725 2887 2777 natura,
2924 2714 3018 2769 sed
3050 2723 3269 2784 prepter
3296 2716 3642 2786 adoptionem

2067 2802 2265 2872 gratim.
2311 2801 2433 2858 Sive
2458 2817 2586 2873 ergo
2608 2804 2852 2858 dicantur
2885 2805 2974 2859 lilii
3001 2814 3055 2860 et
3087 2806 3202 2873 lilii,
3231 2807 3348 2863 sive
3378 2821 3562 2864 semen
3591 2820 3645 2864 et

2067 2908 2273 2958 semen,
2297 2894 2425 2964 quid
2456 2904 2507 2949 te
2535 2898 2683 2965 juvat
2713 2896 2809 2951 ista
2837 2898 3182 2952 consonantia
3214 2900 3488 2955 nominum
3509 2942 3523 2965 ,
3557 2901 3647 2956 ubi

2067 3001 2243 3040 rerum
2273 2995 2354 3041 est
2381 2996 2522 3042 tanta
2551 2988 2834 3044 distantia?

2139 3075 2421 3131 CXXXIII.
2444 3076 2569 3133 Jun.
2615 3077 2752 3133 Dum
2793 3088 3061 3134 constaret
3102 3089 3276 3135 tamen
3302 3122 3317 3146 ,
3348 3081 3645 3137 secundum

2070 3166 2228 3221 etiam
2259 3168 2395 3224 hanc
2422 3169 2727 3237 vanitatem,
2758 3169 3028 3225 traducem
3056 3171 3209 3240 primi
3248 3187 3354 3226 non
3379 3187 3496 3226 esse
3523 3186 3648 3242 pee-

2069 3257 2210 3311 cati:
2235 3258 2375 3328 quod
2403 3260 2753 3330 interruptum
2795 3261 3079 3316 multarum
3109 3261 3268 3317 simul
3294 3264 3499 3318 sentina
3522 3278 3651 3334 gen.

2072 3349 2200 3402 tium
2232 3350 2608 3417 perducebant.

2142 3442 2279 3496 Atto.
2314 3441 2465 3494 Aliud
2507 3453 2589 3495 est
2637 3443 2773 3497 illius
2803 3444 2956 3498 unius
3004 3445 3232 3499 hominis
3260 3460 3442 3502 semen
3464 3489 3481 3515 ,
3511 3448 3651 3518 quod

2073 3541 2196 3587 sunt
2251 3548 2438 3587 omnes
2492 3534 2772 3600 homines;
2818 3534 2959 3590 aliud
3019 3534 3226 3591 diversa
3261 3537 3283 3570 ³
3323 3539 3652 3593 diversarum

2073 3624 2308 3693 gentium
2336 3626 2537 3679 semina
2561 3669 2574 3687 ,
2604 3643 2721 3696 qua:
2751 3628 2877 3682 illud
2925 3644 3030 3684 non
3075 3630 3504 3701 interrumpunt,
3531 3635 3652 3702 quia

2074 3734 2137 3774 ex
2172 3719 2259 3772 illo
2278 3728 2466 3773 cuncta
2488 3719 2817 3775 descendunt
2842 3714 2855 3777 Ξ
2878 3735 3051 3792 neque
3070 3732 3231 3793 agunt
3256 3738 3351 3778 sua
3377 3720 3651 3792 varietate,

2076 3821 2133 3866 ut
2162 3810 2289 3865 illud
2323 3802 2592 3880 peccatum
2625 3813 2779 3882 primi
2824 3810 3052 3868 hominis
3071 3856 3087 3881 ,
3114 3829 3220 3885 quo
3244 3818 3437 3871 mutari
3465 3818 3659 3872 meruit

2078 3904 2306 3957 humana
2335 3913 2518 3958 natura
2538 3944 2555 3970 ,
2582 3904 2906 3974 quibuslibet
2944 3905 3100 3975 longe
3135 3914 3256 3976 post
3289 3907 3425 3962 natis
3454 3907 3525 3963 sit
3561 3922 3657 3977 po-

2078 3993 2234 4047 steris
2266 3993 2382 4062 ejus
2409 3995 2624 4048 noxium
2650 4009 2666 4058 ;
2695 3993 2789 4047 sed
2819 4003 2875 4048 ut
2900 3996 3067 4065 magis
3087 3992 3109 4026 "
3140 3996 3381 4051 minusve
3408 3996 3480 4052 sit
3508 3997 3661 4051 inno-

2080 4088 2242 4141 xium.
2282 4087 2427 4141 Sicut
2455 4088 2597 4142 enim
2629 4087 2843 4156 quidam
2879 4098 3122 4157 parentes
3146 4098 3435 4159 aggravant
3474 4103 3663 4159 pecca-

2084 4191 2194 4234 tum
2223 4179 2498 4249 origiuale.
2532 4179 2601 4232 ita
2628 4179 2842 4249 quidam
2870 4180 3109 4234 relevant
3135 4197 3148 4233 :
3171 4181 3265 4235 sed
3297 4197 3454 4236 nemo
3485 4182 3622 4236 tollit
3643 4223 3658 4246 ,

2083 4271 2182 4324 nisi
2216 4270 2304 4325 ille
2331 4268 2399 4322 de
2422 4285 2529 4338 quo
2554 4268 2752 4323 dictum
2780 4279 2881 4337 est,
2916 4269 3050 4325 Ecce
3078 4271 3251 4342 Agnus
3280 4271 3407 4335 Dei,
3438 4288 3552 4325 cccc
3578 4272 3666 4343 qui

2083 4361 2213 4415 tollit
2242 4371 2445 4431 peccata
2475 4363 2650 4415 mundi
2678 4361 2859 4433 (Joau.
2892 4382 2929 4430 ι,
2960 4363 3052 4434 29)
3079 4380 3094 4429 ;
3123 4365 3208 4419 cui
3235 4365 3435 4419 nullunt
3465 4366 3662 4420 bonum

2086 4452 2315 4506 hominis
2340 4452 2685 4521 impossibile,
2717 4453 2916 4507 nullum
2949 4455 3143 4508 malum
3172 4465 3253 4510 est
3275 4455 3591 4511 insanabile.

2154 4544 2440 4599 CXXXIV.
2482 4544 2599 4599 JUL.
2630 4545 2828 4612 l’orro,
2862 4546 3000 4601 sicut
3038 4545 3169 4600 illud
3214 4546 3358 4616 quod
3396 4547 3466 4602 de
3509 4548 3668 4605 laude
3706 4532 3711 4537 ”

2084 4635 2279 4689 dicitur
2315 4633 2619 4690 Judworum
2645 4675 2660 4700 ,
2694 4649 2798 4687 non
2839 4634 2905 4689 ad
2951 4634 3052 4690 hoc
3089 4635 3267 4700 valet,
3298 4645 3356 4691 ut
3384 4637 3665 4708 quisquam

2085 4725 2309 4794 genuina
2352 4725 2599 4778 credatur
2630 4724 2910 4779 sanctitate
2955 4723 3287 4795 fulgere:ita
3331 4728 3489 4780 etiam
3530 4727 3670 4797 quod

2089 4813 2343 4868 naturalis
2386 4815 2584 4867 malitia
2624 4825 2861 4879 vocatur,
2893 4831 2997 4868 non
3040 4815 3106 4870 ad
3148 4815 3248 4870 hoc
3276 4817 3450 4875 valet.
3483 4826 3539 4871 ut
3580 4832 3670 4871 se-

2088 4905 2230 4959 mina
2261 4904 2443 4957 vitiosa
2466 4904 2821 4967 commendet,
2845 4902 2937 4958 sed
2967 4905 3084 4960 sine
3110 4905 3415 4975 prmjudicio
3444 4917 3672 4973 naturas,

2089 4996 2241 5065 cujus
2264 4995 2706 5063 imperturbabilis
2735 4996 2870 5050 ratio
2896 5005 3008 5062 est,
3039 5011 3158 5067 qum
3192 4997 3447 5067 quidquid
3475 4997 3639 5054 habet
3657 5042 3675 5066 ,

2090 5105 2120 5140 a
2148 5087 2257 5141 Deo
2302 5101 2401 5141 suo
2426 5095 2643 5141 auctore
2673 5089 2914 5154 sortitur,
2946 5089 3174 5143 varietas
3213 5088 3312 5142 ista
3350 5089 3635 5145 verborum
3658 5131 3674 5154 ,

2090 5190 2183 5234 aut
2208 5178 2520 5235 invectionis
2549 5179 2804 5248 impetum
2845 5179 3052 5250 signat,
3079 5190 3171 5233 aut
3215 5179 3537 5235 laudationis
3559 5180 3678 5235 otti-

2096 5273 2262 5326 cium.

2166 5365 2299 5417 Anc.
2324 5361 2381 5416 Si
2421 5375 2528 5416 non
2552 5369 2635 5435 est
2662 5361 2977 5430 cujusquam
2995 5361 3249 5415 sanctitas
3274 5360 3523 5432 genuina,
3546 5374 3675 5428 quo-

2094 5455 2254 5510 modo
2280 5454 2479 5510 dictum
2500 5460 2585 5509 est
2602 5453 2871 5518 Jerentiae,
2900 5452 3208 5523 Priusquam
3231 5454 3292 5508 de
3319 5454 3465 5508 vulva
3492 5467 3675 5519 cares,

2159 5568 2177 5599 ι
2211 5568 2408 5629 siciles.
2434 5565 2724 5629 \‘ignierius,
2746 5579 2935 5616 manus.

2158 5631 2177 5659 ³
2211 5628 2367 5678 codex
2395 5626 2536 5687 Porti,
2570 5640 2656 5689 nec
2676 5640 2842 5689 eorum
2862 5626 3089 5689 parvulis.

2162 5692 2180 5757 ξ
2211 5689 2368 5757 milex
2387 5696 2512 5757 Port.
2537 5687 3201 5757 aliuttdiversarmugentium
3217 5691 3447 5757 semisse,
3465 5687 3671 5744 diceris.

2165 5752 2184 5781 ⁸
2218 5750 2354 5812 Editi,
2377 5751 2550 5814 majus.
2575 5750 2741 5803 Melius
2764 5750 2918 5801 Codex
2946 5750 3088 5811 Pert.,
3114 5750 3282 5816 magis.
