3934 6178
246 301 361 378 ttat)

240 432 525 500 sanctificuvi
554 443 601 483 te
637 429 848 500 (Jerem.
878 444 924 489 ι,
956 424 1052 496 5)?
1081 422 1356 491 Quomodo
1385 423 1545 476 etiam
1591 422 1789 475 dictum

240 539 312 582 est
335 525 398 580 de
420 524 621 579 Joanne
647 522 878 590 Baptista
904 561 918 583 ,
953 518 1149 586 Spiritu
1187 525 1358 569 sancto
1398 515 1663 584 replebitur
1683 514 1794 584 jam

241 619 345 671 inde
366 617 424 668 ab
452 626 588 668 utero
613 614 783 666 matris
812 611 952 665 sate?
975 609 1114 678 quod
1142 606 1420 661 exsultatio
1447 605 1562 673 ejus
1587 619 1795 672 quoque

240 707 486 772 ostendit,
515 705 723 775 quando
751 701 1022 756 Elizaheth
1067 708 1421 768 prtrgnantem
1462 696 1795 764 conjugatam

242 813 502 868 prtcgnans
528 796 672 864 virgo
699 795 859 848 Maria
892 792 1135 846 salutavit
1165 789 1324 858 (Luc.
1357 804 1394 853 ι,
1429 788 1513 848 15,
1543 787 1630 850 Μ’,
1665 785 1793 853 lit).

241 899 311 944 An
337 898 389 943 et
412 887 527 941 hanc
549 887 685 940 dicta
709 900 812 939 n0n
838 882 1170 950 proprietatis
1194 889 1317 934 sunt
1341 878 1475 932 dicta
1504 875 1792 945 praeconio,

202 955 207 994 Ξ
239 985 324 1038 sed
359 980 675 1035 laudationis
718 977 930 1030 ofﬁcio?
959 976 1044 1029 Sic
1074 974 1210 1043 agite
1229 1013 1244 1037 ,
1272 972 1348 1028 sic
1374 969 1670 1031 vanescite;
1699 967 1800 1022 hoc

239 1087 288 1127 ut
317 1073 537 1134 dicatis,
571 1079 762 1122 vestra)
801 1076 962 1124 restat
1010 1065 1245 1118 insania).
1286 1063 1420 1130 Quid
1465 1061 1607 1115 enim
1648 1060 1799 1114 Jcre-

239 1166 404 1226 iniam,
438 1162 564 1232 quid
593 1162 848 1216 Joannem
876 1157 1067 1213 tumori
1092 1161 1106 1188 ¹
1139 1166 1326 1210 vestra:
1358 1155 1544 1208 frontis
1583 1153 1801 1221 apponi-

240 1271 380 1318 IIIUS;
403 1253 616 1323 quando
641 1253 810 1321 ipsum
834 1249 1100 1304 Christum
1125 1263 1230 1300 non
1260 1244 1561 1299 discernitis
1587 1259 1617 1296 a
1639 1257 1800 1296 carne

241 1347 424 1413 peccati
451 1386 465 1408 ,
501 1344 800 1412 nullamque
827 1356 1038 1394 carnem
1067 1340 1303 1392 dicentes
1329 1335 1655 1405 origiuahter
1684 1347 1803 1386 esse

241 1436 461 1504 peccati,
493 1435 571 1487 sic
595 1435 741 1486 illum
771 1432 978 1486 caeteris
1003 1429 1318 1497 eomquatis,
1350 1437 1408 1481 ut
1435 1426 1590 1480 etiam
1631 1425 1802 1492 ipsum

241 1526 476 1580 habuisse
522 1525 800 1594 genuinam
846 1536 1038 1590 negare
1085 1519 1389 1588 cogamini'
1433 1517 1762 1571 sanctitatem
1789 1555 1803 1578 ,

239 1617 319 1686 qui
367 1626 522 1671 natus
563 1625 648 1670 est
690 1615 758 1668 de
803 1614 1003 1682 Spiritu
1052 1620 1235 1665 sancto
1279 1619 1331 1664 et
1369 1609 1570 1678 virgine
1607 1607 1802 1670 Maria,

240 1722 420 1775 expers
447 1705 666 1760 omnino
695 1703 902 1766 delicti,
933 1702 1052 1771 quia
1079 1714 1269 1768 exliers
1290 1699 1430 1753 illius
1448 1697 1808 1766 conceptionis

241 1815 350 1868 qua:
391 1797 768 1852 commixtione
811 1795 868 1848 ﬁt
915 1792 1173 1848 sexuum?
1200 1791 1331 1858 Quia
1374 1799 1428 1844 ct
1469 1789 1726 1843 Jcremias
1755 1795 1810 1840 et

239 1891 484 1955 Joannes,
515 1887 752 1957 quamvis
781 1884 1092 1939 sanctiﬁcati
1123 1883 1174 1936 in
1207 1881 1370 1936 uteris
1400 1890 1626 1934 matrum
1649 1920 1664 1944 ,
1697 1887 1809 1931 tra-

239 1991 425 2034 xerunt
455 1990 630 2033 tamen
655 1979 910 2047 originale
938 1984 1228 2044 peccatum.
1256 1973 1386 2026 Nam
1426 1986 1531 2040 quo
1559 1971 1662 2023 alio
1693 1984 1809 2023 me-

238 2074 335 2123 rito
366 2071 645 2124 interirent
672 2084 856 2122 eorum
904 2068 1093 2121 anime
1121 2065 1188 2119 de
1216 2065 1408 2133 popqu
1436 2077 1533 2116 suo
1553 2103 1568 2127 ,
1595 2061 1699 2114 nisi
1727 2061 1813 2115 die

237 2171 425 2214 octavo
451 2159 988 2222 circumciderentur;
1018 2155 1070 2209 id
1097 2165 1180 2208 est
1201 2155 1220 2184 ³
1248 2155 1348 2207 nisi
1376 2153 1446 2206 ad
1471 2150 1666 2205 Christi
1692 2164 1815 2219 gra-

237 2252 368 2303 tiam
399 2249 739 2318 pervenirent
765 2247 817 2312 δ,
849 2260 1004 2315 quem
1031 2245 1117 2299 die
1145 2252 1352 2308 octavo,
1379 2242 1431 2297 id
1459 2250 1559 2307 est,
1590 2250 1709 2311 post
1733 2256 1816 2295 se-

238 2341 464 2407 ptimum
509 2339 711 2392 sabbati
731 2378 746 2403 ,
776 2346 1198 2391 resurrecturum
1230 2348 1445 2404 propter
1479 2334 1815 2404 justiﬁcatio-

241 2445 360 2482 nem
391 2439 650 2495 nostram,
673 2429 849 2482 carnis
870 2428 952 2480 illa
975 2426 1306 2481 circumcisio
1327 2423 1624 2493 ligurabat?
1654 2423 1818 2476 Erant

242 2534 365 2588 ergo
396 2519 468 2572 illi
497 2528 548 2572 et
577 2529 760 2571 natura
788 2517 877 2570 ﬁlii
906 2518 995 2570 ira:
1019 2516 1084 2569 ab
1107 2515 1270 2568 uteris
1297 2522 1544 2578 matrum,
1575 2525 1627 2566 et
1648 2512 1815 2580 gratia

245 2610 329 2663 ﬁlii
356 2608 734 2663 misericordiae
759 2607 827 2661 ab
855 2608 1017 2661 uteris
1047 2616 1307 2670 matrum;
1335 2605 1454 2674 quia
1485 2619 1583 2658 nec
1626 2605 1711 2656 illa
1739 2603 1816 2658 eis

243 2700 410 2754 adhuc
458 2699 627 2753 inerat
655 2698 904 2753 sanctitas
924 2737 939 2762 ,
968 2712 1083 2766 qua:
1112 2695 1378 2750 vinculum
1427 2695 1658 2748 solveret
1700 2709 1818 2748 suc-

244 2791 497 2845 cessionis
520 2791 762 2844 ohnoxia:
791 2790 934 2859 quod
963 2803 1058 2842 suo
1091 2799 1328 2855 tempore
1358 2787 1486 2842 solvi
1518 2786 1813 2856 oportebat,

243 2891 294 2936 et
345 2882 520 2935 inerat
549 2891 719 2934 tamen
749 2897 868 2949 qua:
907 2895 1204 2950 prxconem
1228 2879 1247 2910 ⁵
1276 2879 1469 2933 Christi
1510 2893 1538 2930 a
1567 2878 1819 2932 maternis

244 2974 531 3028 visceribus
557 2973 885 3042 designabat.
917 2972 1019 3027 Sed
1057 2987 1227 3027 novus
1256 2970 1569 3035 haereticus,
1602 2969 1817 3038 religio-

247 3081 328 3118 Sus
349 3065 368 3095 ⁶
400 3065 655 3135 physicus
683 3064 762 3117 vis
788 3064 995 3132 putari,
1024 3077 1145 3117 eum
1173 3063 1333 3126 dicis,
1367 3061 1645 3114 naturalem
1671 3060 1820 3110 ntali-

247 3158 356 3208 tiam
387 3164 434 3209 et
471 3172 634 3208 semen
662 3154 982 3208 maledictum
1011 3155 1118 3206 sine
1145 3152 1436 3222 prtcjudieio
1459 3159 1650 3204 natura:
1674 3149 1774 3201 dici
1802 3189 1818 3215 ,

246 3249 379 3316 cujus
398 3288 413 3312 ,
446 3246 624 3315 inquis
647 3287 660 3310 ,
695 3244 1118 3313 imperturbabilis
1157 3244 1287 3296 ratio
1315 3240 1560 3314 quidquid
1586 3239 1761 3306 habet,
1789 3256 1823 3292 τι

249 3335 344 3389 Deo
387 3353 486 3389 suo
518 3347 720 3389 auctore
761 3335 986 3388 sortitur.
1017 3333 1202 3388 Nonne
1234 3343 1284 3386 te
1324 3333 1608 3385 admonent
1636 3340 1689 3384 ut
1730 3345 1822 3383 cor

252 3426 442 3480 habeas
471 3467 486 3489 ,
518 3427 706 3480 saltem
732 3425 820 3494 qui
857 3423 986 3477 fatui
1015 3423 1336 3477 nascuntur?
1362 3421 1472 3476 Nec
1520 3417 1701 3475 tamen
1737 3419 1822 3473 vel

248 3516 338 3585 ipsi
365 3515 503 3570 fatui
527 3516 689 3569 Deum
713 3515 892 3569 dicere
917 3513 1112 3568 audent
1132 3513 1386 3566 latuitatis
1402 3521 1691 3566 auctorem.
1716 3509 1823 3564 Nec

248 3611 441 3679 utique,
480 3617 538 3662 ut
561 3607 880 3661 Mauichmus
907 3606 1100 3674 desipit
1138 3605 1224 3660 vel
1254 3605 1476 3668 insanit,
1508 3604 1693 3657 alienae
1723 3618 1820 3655 ua-

249 3710 371 3754 tur-.e
399 3699 748 3765 commixtio,
792 3697 887 3752 sed
928 3705 1124 3751 nostra:
1162 3695 1466 3764 depravatio
1497 3695 1692 3748 invexit
1721 3693 1822 3747 hoc

249 3792 446 3846 vitium.
486 3790 651 3857 llujus
679 3803 804 3858 ergo
835 3787 948 3840 vitii
979 3785 1247 3850 meritum,
1271 3795 1325 3838 et
1353 3786 1574 3838 aliorum
1606 3793 1821 3837 natura-

255 3881 370 3934 l.um
403 3894 744 3950 quorumque
782 3877 1030 3931 vitiorum
1072 3890 1178 3929 non
1220 3875 1526 3938 inveniunt,
1571 3874 1660 3942 qui
1710 3875 1822 3928 sani

252 3980 365 4024 sunt
392 3972 446 4024 in
481 3969 604 4034 ﬁde,
634 3969 733 4022 nisi
759 3957 1020 4036 originale.
1043 3973 1338 4035 peccatum.

316 4060 580 4116 CXXXV.
610 4060 724 4113 ἔω..
755 4058 902 4113 Sicut
928 4067 1104 4112 autem
1133 4057 1218 4111 hic
1245 4072 1428 4111 semen
1457 4056 1817 4122 maledictum,

253 4153 323 4207 sic
346 4155 473 4208 alibi
505 4153 748 4222 equidem
770 4193 784 4217 ,
814 4150 904 4205 ubi
937 4150 1104 4219 major
1129 4158 1212 4204 est
1248 4149 1486 4203 lectionis
1517 4149 1822 4214 auctoritas,

255 4259 426 4300 semen
459 4243 652 4298 dicitur
674 4242 1028 4299 benedictum.
1056 4240 1302 4311 Loquens
1321 4241 1461 4295 enim
1485 4240 1551 4293 dc
1577 4240 1827 4293 lsraelitis

257 4335 406 4390 Isaias
439 4336 697 4406 propheta
716 4375 731 4400 ,
767 4332 1120 4401 ZEdiﬁcabant
1141 4371 1156 4398 ,
1188 4332 1387 4402 inquit,
1420 4331 1596 4384 domus
1617 4371 1630 4394 ,
1658 4339 1702 4383 et
1732 4331 1827 4398 ipsi

257 4427 630 4490 inhabitabant;
663 4425 983 4496 pastinabunt
1024 4425 1193 4478 uineas
1213 4463 1229 4488 ,
1259 4434 1301 4477 et
1333 4424 1429 4493 ipsi
1459 4422 1828 4476 manducabunt

261 4520 450 4581 {ructus
491 4536 663 4572 earum
688 4534 706 4570 :
729 4534 828 4570 non
853 4516 1171 4584 wdiﬁcabant
1192 4556 1206 4580 ,
1236 4523 1282 4566 et
1314 4515 1403 4568 alii
1431 4513 1756 4578 habitabant;
1783 4526 1828 4568 et

257 4622 351 4660 tum
381 4609 720 4677 pastinabunt,
752 4618 796 4660 et
822 4608 912 4660 alii
951 4605 1343 4658 manducabunt.
1376 4604 1668 4658 Secundam
1697 4607 1830 4658 enim

261 4698 360 4751 dies
387 4699 513 4768 ligni
537 4700 678 4762 vitaz,
713 4710 856 4750 erunt
899 4697 1021 4762 dies,
1045 4696 1218 4764 populi
1245 4695 1339 4748 mei
1363 4711 1380 4747 :
1406 4711 1557 4764 opera
1582 4695 1830 4748 labiorum

261 4805 424 4841 eorum
456 4789 841 4857 perseverant";
879 4786 1016 4840 electi
1046 4785 1142 4838 mei
1176 4801 1275 4837 non
1316 4784 1609 4838 laborabunt
1654 4787 1704 4838 in
1734 4802 1824 4838 va-

263 4897 425 4944 cuum,
459 4897 544 4932 nec
581 4881 712 4948 ﬁlius
744 4878 1071 4948 procreabant
1102 4877 1152 4929 in
1193 4876 1455 4929 maledicto
1475 4917 1489 4942 ,
1520 4878 1637 4947 quia
1663 4894 1830 4932 semen

256 4971 567 5033 bcucdictum
593 4987 622 5021 a
649 4968 753 5021 Deo
782 4977 855 5022 est
885 4965 1034 5038 (Isai.
1067 4982 1192 5031 va,
1222 4965 1438 5035 21-25).

331 5069 460 5118 Are.
503 5062 650 5118 llanc
693 5061 840 5114 Isaiae
883 5059 1214 5128 prophetiam
1243 5060 1286 5112 si
1335 5060 1657 5130 intelligcrcs
1683 5103 1696 5124 ,
1725 5077 1828 5115 uoa

262 5168 373 5205 eam
405 5153 553 5206 nobis
582 5163 635 5205 ut
658 5151 966 5216 elabercris,
992 5150 1084 5204 sed
1113 5149 1202 5203 tibi
1221 5152 1392 5219 potius
1423 5153 1830 5222 utcorrigcreris

325 5329 337 5356 ¹
380 5329 510 5384 Mitti,
535 5339 643 5375 cum
666 5325 758 5375 ori.
787 5326 1103 5375 mnendautur
1138 5339 1200 5375 ex
1235 5335 1339 5376 Mss.

323 5388 343 5417 ⁸
380 5383 491 5436 t-‘diti
510 5424 522 5444 ,
548 5386 783 5436 conamini
812 5400 828 5435 :
852 5396 1096 5449 corrupte.

327 5449 344 5513 ᾗ
381 5455 426 5495 tu
448 5450 586 5497 editis
606 5449 778 5498 deerat
796 5482 809 5506 ,
842 5447 896 5513 id
918 5447 1009 5497 est;
1033 5449 1303 5499 ttestituitur
1332 5461 1395 5498 ex
1420 5451 1675 5513 ntanuscrq
1695 5453 1769 5502 tis.

326 5507 346 5570 ξ
381 5521 554 5559 unutes
575 5516 701 5568 διεδ,
726 5508 1032 5570 pertinerent.

325 5569 346 5637 ξ
379 5571 531 5637 (uidex
555 5570 696 5629 Clar.,
722 5569 982 5637 pra-conca.

330 5630 348 5694 ξ
380 5633 531 5694 (ψει
561 5640 706 5691 ιὀῐι...
723 5630 990 5694 religionis.

325 5688 347 5722 ⁷
383 5691 500 5741 ldczu
532 5701 630 5754 Ms,
655 5688 1030 5755 pérscrErabuut.

1539 307 1732 362 Lusca
1773 304 2112 374 ouxu'rus.

3340 311 3474 365 “50

1905 434 2222 486 opponercs.
2252 418 2407 472 Aliud
2435 419 2577 472 enim
2608 437 2709 472 non
2739 420 2982 487 mortale,
3011 421 3104 476 sed
3133 422 3468 491 immortale;

1904 523 2001 560 nec
2030 507 2273 575 carnale,
2302 507 2394 562 sed
2424 509 2695 578 Spiritualc
2732 524 2914 564 semen
2951 511 3157 568 videres
3182 531 3194 565 :
3220 515 3363 583 quod
3389 517 3471 571 vi-

1904 602 2060 654 debat
2100 601 2332 656 Joannes
2378 601 2697 672 evangelista
2723 645 2736 668 ,
2769 605 2978 672 quando
3022 604 3259 672 deebat,
3298 601 3474 663 Omnis

1904 695 1988 759 qui
2033 703 2178 745 natus
2204 703 2272 746 est
2309 709 2370 745 ea:
2397 691 2500 745 Deo
2520 734 2535 758 ,
2567 710 2661 745 non
2693 704 2892 761 peccat;
2935 698 3051 764 quia
3095 713 3257 750 semen
3288 698 3395 767 ejus
3422 701 3476 752 in

1905 787 2012 851 ipso
2041 797 2201 837 utanet
2230 785 2269 854 (ι
2290 784 2443 837 Jotm.
2474 801 2549 845 ιιι.
2579 785 2654 853 9).
2681 785 2983 839 Secundum
3013 787 3112 840 hoc
3128 802 3311 842 semen
3331 792 3473 858 quis-

1907 893 2006 943 que
2051 891 2152 929 non
2200 888 2380 944 peccat
2411 895 2422 928 :
2450 876 2569 944 quia
2606 887 2657 929 et
2697 877 2739 928 si
2770 887 2949 944 peccat
2992 888 3044 930 ut
3090 877 3284 943 homo,
3317 879 3476 947 habet

1909 981 2082 1021 tamen
2126 969 2348 1022 alterum
2378 984 2590 1032 semen,
2631 969 2919 1022 secundmn
2963 969 3104 1038 quod
3143 986 3324 1025 semen
3369 987 3475 1027 non

1910 1068 2079 1126 potest
2106 1074 2342 1127 peccare,
2374 1060 2493 1128 quia
2522 1075 2585 1113 ex
2616 1059 2722 1113 Deo
2746 1070 2894 1112 natus
2917 1070 3016 1114 est.
3047 1061 3342 1115 Secundqu
3375 1061 3474 1117 hoc

1908 1165 2090 1203 semen
2123 1150 2212 1203 lilii
2257 1166 2358 1202 nou
2392 1161 2736 1219 procreantur
2777 1151 2826 1203 iu
2873 1153 3170 1206 maledicto.
3207 1153 3262 1205 lu
3288 1153 3482 1222 quibus

1910 1238 2184 1307 Prophetas
2214 1241 2386 1293 verbis
2409 1241 2654 1310 evigilare
2675 1240 2898 1294 debuisti
2921 1283 2933 1302 ,
2964 1252 3015 1295 et
3041 1243 3315 1296 advertere
3339 1243 3481 1312 quod

1909 1346 2014 1382 nou
2043 1347 2136 1398 pro
2159 1346 2346 1399 magno
2373 1348 2590 1383 munere
2615 1332 2711 1383 hoc
2734 1333 3127 1400 promittere-tur
3152 1333 3339 1402 populo
3367 1335 3476 1393 Dei,

1911 1422 2009 1474 nisi
2040 1421 2158 1488 quia
2189 1430 2530 1488 procreantur
2559 1421 2649 1474 lilii
2680 1424 2729 1474 in
2759 1423 3040 1475 maledicto
3082 1423 3369 1477 secundum
3398 1426 3476 1475 al-

1913 1520 2081 1563 terum
2124 1524 2341 1573 semen,
2371 1511 2511 1579 quod
2541 1520 2625 1565 est
2667 1528 2728 1564 ex
2765 1512 2965 1576 Adam;
3003 1529 3104 1565 non
3148 1523 3322 1567 autem
3356 1529 3481 1581 pru-

1912 1610 2158 1655 ereantur
2187 1601 2242 1653 in
2272 1602 2551 1656 maledicto
2579 1601 2868 1655 Secundum
2899 1604 3163 1664 Christ-ii
3192 1646 3203 1666 ,
3231 1603 3370 1672 quod
3397 1613 3482 1656 est

1914 1708 2093 1747 semen
2125 1692 2454 1747 benedictum
2483 1692 2550 1746 ab
2573 1693 2742 1746 initio.
2779 1693 2892 1760 Ipse
2917 1703 2998 1747 est
3029 1696 3166 1746 enim
3191 1706 3238 1747 ct
3267 1694 3488 1763 Sapien-

1917 1785 1985 1836 tia
2017 1783 2104 1837 Dci
2128 1825 2140 1845 ,
2172 1784 2237 1837 de
2266 1800 2366 1852 qua
2393 1783 2588 1837 dictum
2619 1795 2733 1847 est,
2763 1783 2977 1854 Lignum
3010 1786 3119 1838 rita:
3160 1797 3230 1838 est
3258 1787 3486 1842 euntibus

1915 1877 2320 1946 amplectentibus
2347 1894 2457 1930 eam
2487 1875 2506 1949 (
2518 1877 2667 1931 Prov.
2699 1895 2778 1942 ιιι,
2815 1880 2901 1949 18)
2927 1898 2937 1932 :
2966 1881 3105 1934 unde
3132 1891 3185 1935 et
3217 1881 3315 1936 iste
3353 1883 3484 1936 Pro-

1919 1967 2096 2035 pheta,
2125 1968 2206 2021 vel
2231 1969 2368 2022 Dcus
2391 1970 2561 2037 potius
2582 1985 2677 2039 per
2699 1970 3038 2038 Prophetam,
3070 1972 3359 2026 Secundum
3382 1975 3488 2030 dies

1921 2060 2044 2127 ligni
2074 2060 2216 2123 uiue,
2247 2060 2415 2128 inquit
2436 2103 2449 2124 ,
2480 2071 2624 2114 erum
2651 2062 2756 2114 dies
2785 2063 2878 2114 mei
2910 2064 3101 2132 populi.
3135 2064 3263 2116 Vita
3293 2077 3488 2120 a-tcrua

1920 2161 1973 2202 ct
2003 2149 2313 2203 itnn'tortalis
2340 2151 2742 2219 promittebatur
2773 2150 2858 2206 his
2888 2152 3078 2217 verbis,
3113 2168 3218 2206 non
3262 2152 3487 2207 carnali-

1921 2240 2038 2304 bus,
2071 2241 2164 2294 sed
2193 2241 2552 2308 spiritualibus
2583 2242 2851 2296 lsraelitis.
2885 2243 2960 2296 lbi
3003 2244 3167 2298 vinea:
3194 2245 3506 2313 spirituales

1921 2341 1974 2383 ct
2003 2330 2195 2384 domus
2233 2346 2337 2385 non
2366 2332 2682 2401 quandoque
2711 2333 3060 2389 morientibus
3091 2336 3503 2404 pastinatoribus-

1922 2431 1974 2476 et
2002 2423 2410 2482 mdiﬁcatoribus
2451 2423 2560 2476 suis
2591 2425 2999 2493 possidebuntur
3029 2427 3095 2479 ab
3125 2428 3239 2480 aliis
3260 2469 3274 2492 ,
3308 2427 3400 2480 sed
3427 2428 3507 2482 ah.

1923 2512 2050 2578 ipsis
2080 2513 2194 2567 sine
2225 2513 2327 2566 ﬁne
2359 2513 2670 2567 viventibus.
2716 2514 2856 2583 Ergo
2891 2531 3119 2584 agnosce
3159 2515 3266 2570 duo
3299 2532 3495 2586 genera

1921 2601 2180 2652 sentinam
2203 2641 2218 2664 ,
2265 2616 2424 2654 unum
2461 2601 2815 2670 generationis
2838 2643 2852 2668 ,
2881 2613 2934 2656 et
2962 2604 3185 2658 alterum
3216 2618 3496 2676 regenera~

1924 2688 2118 2742 tionis:
2150 2701 2197 2741 ct
2229 2690 2332 2743 noli
2364 2706 2483 2745 csse
2507 2691 2826 2759 incredulus,
2854 2692 2947 2748 sed
2977 2695 3167 2749 lidelis.

1993 2779 2273 2834 CXXXVI.
2305 2781 2422 2836 Jun.
2452 2783 2726 2838 Patiamur
2750 2800 2875 2854 ergo
2908 2787 3112 2854 pueruli
3142 2787 3208 2840 dc
3235 2787 3348 2842 istis
3379 2805 3498 2843 ver-

1925 2869 2111 2923 borum
2142 2873 2600 2928 contrarietatibus
2627 2876 2993 2943 qua-slionem,
3026 2885 3083 2931 ut
3108 2879 3300 2931 nullius
3328 2879 3496 2946 majo-

1925 2965 1998 3014 ris
2030 2962 2105 3015 rei
2137 2978 2294 3031 quam
2335 2979 2586 3018 sonorum
2623 2980 2844 3032 capaces
2882 2981 2975 3034 pro
3006 2968 3358 3024 alludentibus
3399 2970 3497 3024 sibi

1927 3053 2128 3119 [mentis
2155 3053 2169 3082 ¹
2203 3054 2506 3119 put-lieutur
2530 3071 2542 3106 :
2569 3054 2824 3107 catholica
2857 3071 2983 3110 vero
3015 3057 3144 3111 ﬁdes
3184 3074 3352 3126 neque
3386 3059 3494 3127 jur-

1927 3156 2050 3207 gare
2075 3139 2354 3195 alvei-sum
2384 3157 2441 3196 se
2469 3143 2635 3212 legem
2664 3144 2756 3198 Dei
2782 3144 2984 3210 credit,
3017 3162 3187 3216 neque
3217 3150 3372 3201 ullam
3399 3166 3496 3204 au-

1927 3230 2223 3282 ctoritatem
2256 3229 2308 3283 in
2349 3231 2566 3284 exitium
2595 3235 2812 3287 rationis
2837 3234 3096 3300 admittit;
3132 3254 3229 3292 uec
3254 3239 3497 3308 cuiquam

1928 3317 2158 3385 opinioni
2188 3328 2342 3387 atque
2371 3318 2654 3374 adulationi
2682 3323 2733 3376 in
2761 3323 3021 3377 maculam
3059 3325 3252 3380 divinae
3277 3330 3495 3396 (equita-

1929 3411 1996 3461 tis
2022 3410 2286 3463 auscultat
2311 3428 2322 3464 :
2347 3411 2441 3466 sed
2473 3422 2530 3466 ut
2553 3413 2720 3468 Deum
2749 3429 2852 3469 non
2885 3416 3054 3470 solum
3083 3418 3249 3472 credit
3275 3461 3288 3485 ,
3317 3436 3501 3477 verum

1928 3499 2084 3552 etiam
2141 3501 2283 3554 novit
2326 3503 2562 3558 omnium
2587 3517 2887 3561 natttrarum
2920 3518 3247 3576 creatorem;
3301 3512 3374 3567 ibi
3424 3512 3497 3586 (α)

1930 3602 2201 3658 peccatum
2222 3593 2349 3646 nulli
2367 3595 2455 3647 alii
2477 3611 2632 3664 quam
2650 3597 2908 3651 liberteim
2917 3609 3062 3667 putat
3083 3601 3337 3658 voluntati
3365 3623 3378 3658 :
3404 3619 3499 3674 per

1928 3699 2042 3749 qua:
2072 3683 2244 3737 omnia
2273 3686 2538 3740 traducem
2566 3690 2761 3756 peccati
2795 3688 2978 3744 falsam
3007 3707 3126 3748 esse
3152 3709 3256 3749 non
3278 3696 3500 3750 dubitat.

2001 3778 2038 3827 Α
2052 3793 2132 3830 cc.
2160 3779 2426 3833 :Iatholica
2454 3783 2628 3848 potius
2649 3781 2778 3835 ﬁdes
2807 3794 3078 3850 peccatum
3105 3801 3223 3840 esse
3249 3789 3502 3856 originale

1931 3882 2034 3917 non
2080 3866 2280 3920 dubitat
2306 3885 2317 3921 :
2343 3884 2496 3936 tptam
2546 3869 2701 3922 ﬁdem
2741 3887 2846 3924 non
2892 3873 3129 3939 pueruli,
3170 3874 3264 3929 sed
3307 3891 3499 3944 graves

1930 3966 2087 4024 atque
2112 3964 2415 4011 constantes
2455 3959 2586 4022 viri,
2617 3958 2756 4011 docti
2786 3960 2838 4013 in
2873 3961 3104 4015 Ecclesia
3131 4004 3145 4025 ,
3174 3973 3226 4017 et
3251 3965 3507 4020 docentes

1933 4049 2243 4111 Ecclesium,
2269 4065 2434 4118 usque
2454 4049 2518 4103 ad
2546 4050 2684 4103 diem
2709 4049 2786 4104 sui
2809 4039 2983 4106 ohifus
3003 4052 3369 4109 defenderunt.
3401 4056 3505 4111 Vos

1931 4150 2105 4192 autem
2153 4141 2317 4206 legem
2369 4140 2459 4194 Dei
2499 4140 2776 4194 adversum
2816 4157 2900 4206 se,
2929 4143 3065 4197 sicut
3103 4144 3505 4215 dicis,jurgare

1936 4247 2037 4281 non
2067 4229 2300 4295 creditis,
2330 4238 2383 4284 et
2414 4231 2511 4300 ipsi
2543 4231 2796 4286 adversus
2821 4247 2936 4286 eam
2962 4248 3102 4288 cmca
3130 4234 3398 4303 impietate
3425 4237 3507 4291 vel

1936 4323 2090 4388 impia
2122 4323 2356 4377 etccitale
2391 4323 2630 4392 jurgatis.
2666 4323 2787 4378 Ideo
2813 4325 2954 4378 enim
2982 4326 3349 4380 auctoritatem
3391 4329 3508 4380 nul-

1936 4414 2038 4465 lam
2065 4415 2114 4464 iu
2143 4414 2355 4466 exitium
2385 4414 2598 4467 rationis
2625 4430 2718 4467 vos
2749 4414 2960 4482 jactatis
2991 4417 3305 4481 admittere;
3346 4428 3397 4469 ut
3424 4435 3508 4471 ra-

1938 4506 2165 4556 tionibus
2195 4505 2417 4566 vestris,
2447 4520 2565 4572 qua:
2594 4519 2696 4557 non
2739 4505 2993 4569 rationes,
3036 4506 3127 4560 sed
3167 4507 3508 4575 deceptioucs

1935 4604 2072 4655 Stlili,
2108 4596 2264 4646 etiam
2289 4593 2463 4646 divina
2489 4592 2786 4663 deponatur
2813 4595 3001 4662 potius,
3033 4612 3187 4664 quam
3215 4608 3510 4665 expuuntur

1937 4685 2239 4736 auctoritas.
2298 4684 2547 4748 Quamvis
2595 4700 2751 4737 uento
2811 4685 2876 4737 ita
2925 4702 3042 4739 esse
3101 4687 3292 4741 debeat
3333 4689 3510 4756 gravis

1937 4775 2125 4839 corde,
2170 4782 2226 4826 ut
2271 4775 2564 4842 decipiatur
2620 4776 2821 4828 ratione
2873 4775 3100 4846 l’elagii,
3155 4793 3310 4846 quam
3368 4779 3512 4832 velut

1938 4879 2208 4934 exponens
2234 4865 2540 4933 Apostoluut
2575 4865 2808 4932 protulit,
2839 4875 2888 4917 et
2915 4866 2983 4918 ait
3011 4884 3022 4917 :
3048 4865 3240 4935 Corpus
3257 4878 3521 4922 mortuunt.

1939 4967 2140 5028 propter
2171 4968 2458 5026 peccatum,
2506 4958 2616 5008 ideo
2661 4957 2878 5020 dictum,
2917 4956 3035 5025 quia
3065 4947 3250 5026 corpus
3299 4959 3512 5012 moritur

1940 5048 2170 5116 peccatis,
2201 5046 2400 5114 quando
2430 5047 2666 5099 avertitur
2695 5063 2722 5096 a
2751 5045 2983 5111 peccatis.
3014 5045 3210 5100 Contra
3234 5064 3390 5116 quam
3422 5066 3509 5101 va-

1942 5141 2156 5191 nitatem
2196 5153 2298 5189 uon
2340 5135 2711 5204 disputandum
2734 5138 2752 5166 ¹
2777 5178 2789 5199 ,
2819 5136 2910 5188 St‘d
2946 5137 3228 5204 Apostolus
3278 5138 3390 5207 ipse
3431 5138 3509 5190 lc-

1941 5229 2141 5298 gcudus
2167 5238 2266 5290 est,
2295 5227 2474 5281 dicens
2499 5245 2511 5281 :
2538 5228 2595 5282 Si
2625 5238 2787 5280 autem
2815 5229 3041 5282 Christus
3068 5231 3119 5283 in
3147 5232 3298 5294 vobis,
3330 5246 3512 5296 corpus

1941 5320 2135 5389 quidem
2168 5329 2414 5371 mortuum
2438 5328 2508 5371 est
2536 5329 2740 5387 propter
2765 5330 3039 5389 peccatum,
3071 5320 3274 5391 spiritus
3296 5320 3314 5349 ³
3345 5329 3515 5370 autem

2008 5451 2020 5480 ί
2059 5449 2191 5512 aliti,
2219 5449 2420 5512 populis.
2451 5451 2639 5512 aptius,
2681 5458 2732 5499 ut
2768 5452 2976 5509 videtur,
3010 5459 3151 5499 vetus
3187 5449 3339 5512 cortex
3368 5457 3519 5508 Petti.

1942 5510 2201 5572 porulis.-
2220 5509 2395 5567 'tttorcl,
2419 5509 2649 5560 t-Llcmcnt.
2675 5514 2766 5560 Crit
2786 5527 2848 5569 c.,
2876 5525 2982 5573 pag.
3011 5513 3118 5567 t73,
3145 5509 3336 5561 iaculis.
3405 5520 3459 5560 at.

2007 5574 2023 5602 ²
2059 5574 2138 5618 ttic
2159 5574 2439 5622 auctoritate
2456 5580 2559 5622 Mss.
2577 5574 2853 5630 addidimus,
2880 5573 3238 5632 disputandum.

2007 5634 2030 5753 ἒ
2062 5635 2193 5754 Satin,
2219 5632 2446 5743 (aristas.
2468 5638 2758 5696 Castigaatur
2782 5635 2839 5682 ad
2868 5644 2942 5682 Ms.
2971 5642 3093 5682 1'0“-

2031 5707 2059 5738 a
2117 5701 2270 5751 torte,
2296 5707 2307 5742 ι
2333 5709 2376 5742 .ι.
2541 5703 2566 5714 ““
2735 5743 2788 5754 --

2031 5701 2080 5751 ιτ)
2117 5701 2270 5751 little,
2296 5701 2376 5743 ιιι.
2541 5703 2566 5714 ““
