3934 6178
389 346 519 402 1251

385 455 487 509 vita
525 463 596 508 est
627 458 827 522 propter
859 449 1112 519 justitiam
1135 487 1148 500 .
1173 447 1409 499 siautem
1457 444 1666 515 spiritus
1709 445 1816 516 ejus
1839 485 1850 506 ,
1880 443 1969 510 qui

385 545 644 601 suscitavit
669 544 845 598 Jesum
871 557 902 593 a
932 541 1161 603 mortuis,
1193 538 1384 592 habitat
1409 538 1459 590 in
1486 536 1620 590 vobis
1643 537 1659 568 ¹
1683 577 1696 599 ,
1738 535 1962 602 υἱυίίὶεαο

387 639 457 690 bit
486 645 531 690 et
559 633 790 688 mortalia
817 646 1031 694 corpora
1060 640 1220 683 vestra
1266 644 1354 698 per
1377 630 1396 660 ²
1422 627 1780 681 inhabitanlem
1808 626 1960 695 spiri-

388 739 490 782 tum
515 727 623 795 ejus
650 724 699 778 in
725 724 862 777 vobis
895 721 1065 794 (Rom.
1102 736 1217 787 vin,
1250 720 1332 786 l0,
1369 717 1456 790 ll)
1477 719 1505 772 ?
1525 717 1661 788 Quid
1683 719 1965 787 apertius?

371 817 506 890 quid
552 815 818 872 lucidius?
843 814 1000 883 Quis,
1033 830 1194 884 rogo,
1225 822 1408 866 contra
1457 812 1610 866 istam
1657 809 1963 865 manifesta-

380 909 602 971 tionem,
634 908 733 962 nisi
760 907 1008 960 hzeretica
1047 907 1280 968 insania,
1311 913 1529 974 negaret
1555 901 1810 972 originale
1833 915 1961 972 pec-

377 998 600 1054 catum?
630 997 854 1067 Propter
900 996 1039 1066 quod
1069 1004 1342 1065 peccatum
1389 995 1547 1048 etiam
1595 1007 1736 1046 nunc
1779 991 1962 1059 utique

389 1091 563 1145 adimo
608 1103 802 1159 corpus
850 1097 931 1142 est
976 1095 1282 1151 mortuum;
1312 1083 1553 1155 quamvis
1593 1083 1702 1148 jam
1745 1091 1957 1152 propter

379 1182 638 1253 justitiam
662 1183 766 1237 vita
795 1182 862 1235 sit
887 1178 1123 1250 spiritus.
1148 1177 1252 1232 Sed
1279 1175 1566 1244 viviﬁcabit,
1597 1173 1788 1243 inquit,
1817 1163 1955 1226 Deus

381 1285 428 1330 et
454 1275 689 1329 mortalia
729 1289 942 1351 corpora
968 1280 1152 1326 uestra.
1180 1268 1308 1337 Quis
1333 1266 1622 1323 oblatraret
1655 1265 1778 1320 huic
1816 1265 1956 1320 veri-

446 1385 460 1417 ·
499 1385 582 1452 llic
625 1384 780 1435 codex
831 1390 955 1434 Fort.
1003 1381 1208 1452 repetit,
1242 1377 1327 1444 qui
1366 1376 1610 1438 suscitavit
1645 1373 1884 1427 Christum
1927 1389 1959 1425 a
1993 1359 2000 1364 ’

380 1446 596 1496 mortuis.

446 1510 466 1540 ³
501 1509 616 1557 ειιιιι
632 1542 647 1566 ,
666 1513 879 1570 propter.

378 1614 470 1626 ..ι--

1067 335 1310 394 ΟΡΕΙίΙΞ
1347 331 1763 395 NPERFECTI
1799 329 2072 387 CONTRX
2106 326 2464 388 JU..|.\NU.\I.
2506 328 2560 382 S.
2603 317 2968 384 AUGUSTI!“

3513 321 3652 376 “3!

2074 442 2198 504 tati,
2232 441 2333 493 nisi
2366 439 2538 493 rabies
2564 428 2825 500 vanitatis,
2856 454 2973 508 qua!
3000 452 3058 490 se
3079 435 3244 506 jactat
3268 437 3400 490 nulli
3420 439 3646 505 opinioni

2071 543 2220 602 atque
2245 531 2526 584 adulationi
2555 531 2840 582 auscultare
2883 530 2932 582 in
2965 529 3213 580 maculam
3243 529 3492 596 wqaitatis
3519 528 3646 582 dioi—

2071 639 2192 687 me;
2231 636 2350 676 eum
2395 621 2571 690 potius
2595 621 2894 689 :equitatem
2924 619 3152 673 divinam
3184 635 3382 689 negare
3408 631 3643 691 cogatur.

2069 712 2306 782 quisquis
2334 712 2586 782 deceptus
2633 712 2786 766 fuerit
2816 725 2844 764 a
2883 709 3072 766 vobis?
3100 709 3362 778 Quoniam
3409 720 3486 765 tot
3527 714 3649 766 vitia

2069 807 2156 862 vel
2180 821 2486 876 corporum,
2511 806 2593 860 vel
2621 805 2972 876 ingeniorum,
3003 820 3121 860 cum
3145 806 3339 876 quibus
3364 815 3650 860 nascuntur

2069 897 2334 961 homines,
2363 899 2406 952 si
2429 897 2624 952 nullius
2647 897 2845 968 peccati
2871 897 3122 951 dicuntur
3144 897 3354 952 trahere
3376 895 3640 962 meritum,

2069 988 2254 1059 procul
2279 987 2441 1043 dubio
2472 989 2564 1043 Dei
2603 988 3042 1058 negaturjnstum
3084 1003 3203 1044 esse
3227 989 3508 1059 judicium.
3550 989 3626 1043 Ita
3707 1028 3722 1059 _.

2067 1097 2189 1152 que,
2218 1096 2339 1137 cum
2367 1079 2621 1136 voluntati
2651 1091 2863 1150 peccata
2893 1081 2970 1135 sic
2991 1081 3283 1151 imputatis,
3313 1089 3370 1135 nt
3391 1081 3647 1134 voluntati

2068 1172 2223 1242 primi
2255 1172 2486 1226 hominis
2525 1169 2782 1240 originale
2811 1179 3085 1240 peccatum
3131 1171 3393 1240 imputare
3435 1169 3643 1234 nolitis,
3715 1152 3732 1189 ίτ

2071 1265 2249 1319 omnia
2280 1263 2415 1318 mala
2441 1278 2558 1333 qua:
2584 1262 2800 1317 trahunt
2837 1262 2921 1316 vel
2949 1262 3224 1332 patiuntur
3250 1260 3480 1315 infantes
3501 1303 3514 1326 ,
3542 1261 3640 1314 ini-

2067 1369 2169 1426 quo
2212 1354 2306 1408 Dei
2345 1353 2582 1423 judicio,
2615 1368 2708 1408 eos
2748 1353 2837 1423 qui
2885 1352 3035 1407 vobis
3081 1351 3342 1416 credunt,
3387 1351 3647 1420 imputare

2062 1445 2401 1514 compellitis.

475 1601 3638 1627 Mm

1464 1676 1939 1794 LIBER
2019 1671 2744 1802 QUINTUS.

440 1876 690 1926 Continuat
711 1875 1018 1936 Augustinus,
1043 1879 1096 1922 et
1115 1885 1144 1922 a
1160 1870 1330 1919 Juliani
1353 1867 1604 1918 calumniis
1625 1864 1832 1936 vindicat
1854 1877 1913 1934 ea
1935 1876 1966 1970 (ξ

440 1940 567 1970 »ηἷηιη
591 1945 635 1970 οι
660 1935 943 1970 nnitmcdam
967 1933 1284 1970 carinantibus
1318 1929 1522 1970 gerinSit-
1551 1931 1599 1970 in
1638 1927 1801 1970 nritms
1835 1925 1944 1970 Vide

378 1925 567 1988 decimo
591 1925 641 1986 et
660 1925 944 1999 quibusdam
966 1925 1284 1995 sequentibus
1318 1929 1524 1991 scripsit,
1551 1931 1606 1999 iu_
1638 1927 1801 1999 primis
1829 1925 1944 1999 side

1972 1874 2046 1910 ua:
2069 1861 2116 1908 ia
2138 1858 2260 1920 lihro
2282 1858 2498 1908 secundo
2515 1858 2578 1906 de
2613 1859 2794 1920 Nuptiis
2825 1864 2876 1908 et
2911 1865 3082 1919 Concu;
3103 1860 3320 1919 iscentia,
3345 1861 3505 1920 capite
3526 1858 3652 1909 duo-

1970 1919 2210 1984 icetquol
2253 1933 2359 1968 eam
2382 1919 2786 1984 _conunixtionem
2811 1920 2926 1984 _sive
2965 1920 3332 1984 commotionem
3374 1919 3648 1984 pudendam

378 1979 1246 2048 EféﬁitiioiitilfhiﬁiiﬁiieiéiSatura
1269 1979 1934 2052 sana,‘quamrhabetjnatura
1959 1979 2129 2052 vitiata
2147 1996 2174 2052 ε.
2195 1994 2254 2052 ac_
2273 1993 2360 2052 per
2382 1981 2476 2052 hoc
2494 1981 2624 2052 quod
2647 1979 2923 2052 isquii‘nde
2947 1979 3416 2052 nascitnurlnindigeat
3437 1983 3648 2052 renasci.

378 2042 562 2110 ii'e'iiiiié
574 2042 707 2121 ἱιιῖόᾶ
729 2042 800 2106 iiii?
815 2042 1054 2121 carnibus
1077 2054 1255 2121 “’20-
1279 2042 1645 2121 Ξϐιέοίηεηάίιν
1663 2047 1907 2121 Aelianum
1930 2043 2414 2121 ‘HPQSE9,‘_‘FE§£"£9_‘.395
2429 2042 3645 2121 lti‘it'l‘ii‘iiiz'11’9'33233‘5331932')“::32

375 2103 718 2184 sataesatae
733 2103 1204 2184 ’διιέηέέηεξξωειιίιι-
1342 2103 1417 2172 π,
1442 2126 1533 2184 sse
1558 2103 1642 2170 xu;
1663 2111 1742 2182 εξ,
1759 2103 2025 2184 rerum
2047 2103 3188 2184 aiis§‘:"1_t~‘isE-_-92?5Ls3vmissumst:
3198 2105 3443 2184 ,ιξεξτειίεν
3469 2103 3648 2184 ιιιειιυξιξ

376 2163 1202 2231 iéii'iiiiiiﬁﬁiiexh'animinon
1227 2163 1378 2238 opere
1402 2163 1487 2223 ί)ρὶ
1512 2163 1781 2238 bonooriri'
1797 2163 2030 2238 poiuisse,
2054 2166 2166 2228 quia
2188 2165 2342 2225 ipsum
2363 2175 2647 2238 quanquam
2672 2163 2956 2238 honur’nhde
2979 2163 3128 2238 nihilo
3149 2163 3322 2238 factum
3347 2173 3441 2225 est,
3467 2179 3566 2216 non
3583 2166 3652 2215 de

315 2271 320 2274 -
376 2224 994 2305 [tib'ib‘iiééir'émﬁidd
1010 2224 1173 2301 apag:
1195 2224 1383 2287 decimo
1403 2236 1610 2298 septimo
1632 2224 1810 2291 docuit;
1832 2231 1902 2279 sic
1923 2224 2086 2278 Deum
2095 2224 2267 2280 creare
2285 2224 2453 2286 malos,
2479 2224 2718 2289 quomodo
2742 2226 2891 2287 pascit
2909 2231 2961 2275 et
2983 2225 3136 2277 nutrit
3153 2225 3321 2280 malos.

1725 2331 2289 2410 MQW

448 2469 488 2522 1.
519 2469 786 2526 quasus.
832 2467 1174 2542 Compertum
1221 2473 1304 2517 est
1345 2460 1519 2515 omnis
1556 2458 1652 2512 a-vi
1704 2454 1956 2526 periculis

376 2558 512 2630 apud
544 2572 738 2630 paucos
760 2555 1046 2626 incorrupti
1065 2553 1413 2610 reverentiam
1438 2552 1614 2620 vigere
1635 2545 1837 2617 jutlicii,
1866 2543 1954 2612 qui

375 2663 430 2706 et
450 2650 685 2707 scientiae
714 2649 902 2704 studiis
930 2646 1118 2714 dediti,
1148 2655 1201 2700 ct
1227 2645 1486 2701 virtutum,
1511 2646 1844 2711 appetentes,
1872 2634 1954 2690 vel

378 2751 600 2813 possunt
624 2740 874 2810 indagare
902 2754 1107 2803 verum,
1139 2736 1223 2792 vel
1252 2743 1519 2805 repertum
1563 2731 1758 2790 audent
1787 2729 1951 2793 tueri;

375 2843 485 2901 aut,
516 2833 652 2887 sicut
697 2832 771 2892 ait
795 2829 1100 2901 Apostolus,
1129 2828 1420 2882 exercitatos
1459 2823 1638 2877 habent
1664 2837 1856 2885 sensus,
1889 2819 1956 2870 ad

377 2924 724 2983 discretionem
751 2921 867 2981 boni
891 2921 1110 2991 malique
1136 2916 1316 2988 (Hebr.
1353 2933 1402 2981 γ,
1428 2913 1552 2987 M);
1585 2928 1682 2968 nec
1704 2911 1822 2966 ullis
1859 2912 1954 2964 ad-

376 3030 649 3071 versorum
680 3013 996 3086 franguntur
1023 3012 1287 3082 procellis,
1316 3010 1407 3081 qui
1429 3009 1493 3063 de
1521 3006 1708 3062 eodem
1737 3004 1955 3058 audiunt

374 3117 721 3180 prmceptore,
764 3121 931 3177 usque
977 3104 1042 3160 ad
1082 3103 1388 3174 sanguinem
1442 3097 1792 3157 resistendum
1837 3104 1955 3150 esse

377 3201 607 3271 peccatis
641 3198 750 3274 (Id.
781 3214 873 3265 xu,
898 3198 1008 3268 14).
1039 3195 1101 3261 lli
1129 3211 1256 3264 ergo
1284 3195 1592 3264 prudentes,
1622 3206 1758 3262 quos
1801 3188 1951 3242 stolis

374 3294 563 3351 dorum
593 3291 770 3362 populi
800 3288 999 3346 faciunt
1026 3301 1222 3359 paucos
1259 3285 1446 3350 videri,
1471 3283 1706 3340 scientia:
1734 3291 1785 3337 et
1809 3280 1956 3334 forti-

375 3382 542 3440 tudini
589 3380 745 3451 juxta
794 3393 1014 3451 prorsus
1059 3377 1290 3434 student.
1338 3375 1531 3432 Neutra
1572 3373 1713 3427 enim
1757 3371 1956 3440 absque

374 3475 538 3529 altera
584 3483 672 3526 aut
714 3472 942 3526 fructum
988 3470 1310 3540 assequitur,
1359 3477 1449 3522 aut
1479 3467 1734 3519 honorem
1780 3478 1955 3533 :qno-

377 3567 518 3620 niam
549 3575 603 3618 ct
641 3563 895 3619 fortitudo
926 3562 1024 3616 nisi
1056 3561 1269 3630 optimis
1314 3575 1408 3629 per
1441 3558 1714 3615 scientiam
1743 3555 1953 3613 admota

377 3656 538 3715 rebus
565 3664 666 3718 est,
717 3655 768 3708 in
826 3652 1201 3722 despicabilem
1247 3651 1476 3720 erumpit
1505 3649 1796 3706 insaniam;
1845 3653 1893 3699 ct
1926 3661 1955 3700 e

378 3748 596 3816 regione
613 3746 928 3800 examinata:
951 3743 1170 3814 jllSlilitI}
1204 3744 1215 3774 '
1249 3743 1412 3812 leges,
1435 3736 1955 3809 llisinlﬂgllﬂnitltll3~

377 3839 444 3910 tis
473 3852 655 3894 murus
686 3835 979 3898 incluserit,
1011 3834 1203 3903 prmda:
1251 3832 1528 3888 confestim
1572 3829 1844 3900 patebunt,
1895 3839 1958 3878 ac

375 3927 636 3982 servitum
661 3925 971 3986 criminibus
993 3925 1338 3980 abducentur.
1373 3922 1479 3983 llas
1508 3935 1632 3992 ergo
1654 3919 1822 3989 bigas,
1842 3916 1958 3973 sine

378 4019 575 4088 quibus.
596 4017 906 4088 triumphari
957 4017 1023 4072 de
1054 4017 1232 4076 mundi
1263 4015 1533 4072 erroribus
1563 4011 1830 4082 nequitur.
1873 4009 1956 4062 di-

378 4110 545 4163 versis
567 4107 808 4164 :etatibus
838 4107 1092 4165 rarissimi
1116 4108 1334 4176 quique,
1356 4107 1443 4174 qui
1466 4105 1706 4164 colerent
1736 4113 1786 4157 et
1809 4103 1960 4171 juga-

376 4206 498 4255 rent
525 4207 681 4267 atque
712 4206 997 4267 regerent,
1031 4197 1351 4252 exstiterunt
1379 4215 1390 4248 :
1421 4197 1668 4264 quoniam
1701 4202 1754 4249 et
1797 4195 1960 4247 scien.

377 4291 464 4342 tia:
509 4287 745 4344 studium.
792 4297 896 4340 tarn
966 4286 1084 4356 fuga
1157 4284 1351 4339 laboris
1420 4299 1576 4353 quam
1628 4284 1963 4343 saecularium

378 4396 625 4439 curarum
657 4376 1202 4446 diversitasimpcdit,
1235 4386 1287 4430 et
1313 4376 1662 4429 constantiam
1690 4389 1955 4428 (erumna-

379 4486 526 4534 rum,
546 4486 662 4540 qua:
688 4470 756 4524 ab
787 4468 1040 4539 improbis
1067 4468 1385 4532 excitantur,
1422 4465 1646 4520 formido
1693 4466 1954 4536 percellit.

377 4562 510 4634 Qua;
551 4560 1001 4628 oppugnationum
1030 4574 1222 4629 genera
1271 4558 1490 4617 vincunt
1516 4558 1730 4628 quidem
1774 4557 1958 4613 fideles

377 4649 539 4704 atiimi
569 4659 615 4702 ct
644 4650 911 4717 sapientes
943 4667 955 4701 :
991 4665 1172 4703 verum
1205 4657 1309 4702 tam
1337 4648 1440 4703 rari
1471 4659 1612 4713 sunt,
1639 4659 1694 4703 ut
1715 4650 1854 4708 inter
1881 4650 1959 4702 in-

385 4755 634 4796 sanorum
697 4741 952 4810 populos,
1003 4741 1120 4810 quia
1176 4756 1280 4794 non
1323 4740 1553 4806 furiunt,
1599 4741 1830 4798 insanire
1881 4742 1957 4799 vi-

380 4838 622 4891 deantur.

452 4929 802 4982 Accesrtaus.
835 4924 1020 4981 Nonne
1053 4936 1102 4981 te
1131 4926 1381 4980 admonet
1414 4929 1601 4982 raritas
1632 4929 1730 4982 ista
1779 4929 1952 4984 lunul-

383 5032 528 5074 nam.
559 5032 715 5087 quam
740 5026 795 5070 tu
823 5017 936 5087 ipse
961 5033 1371 5083 commemoras,
1401 5020 1452 5072 in
1479 5020 1668 5089 quibus
1698 5032 1748 5075 et
1780 5021 1955 5075 scien-

386 5110 451 5160 ;ῐ.ι
483 5118 530 5161 et
574 5108 820 5163 fortitudo
845 5119 927 5164 est
953 5113 998 5175 ³,
1025 5109 1150 5181 quid
1172 5110 1239 5165 de
1268 5109 1499 5166 humano
1529 5127 1723 5182 genere
1759 5114 1958 5168 sentire

379 5201 600 5261 debeas,
634 5209 687 5255 ct
714 5197 1156 5257 dcunivcrsaista
1187 5217 1359 5258 massa
1390 5203 1779 5264 rationabilium
1819 5220 1960 5259 rnor-

382 5291 671 5360 taliumque
719 5289 1105 5346 animantium?
1148 5291 1254 5348 Cur
1289 5294 1432 5350 enim
1473 5309 1577 5350 non
1621 5309 1790 5364 genus
1817 5311 1959 5348 mor-

379 5382 562 5436 talium
593 5381 655 5433 ad
685 5379 915 5433 studium
939 5381 1176 5434 scientire
1198 5383 1463 5451 roburque
1493 5384 1833 5447 fortitudinis,
1870 5401 1962 5437 na-

388 5472 541 5528 turali
573 5471 831 5545 appetitu,
859 5471 941 5524 vel
972 5471 1296 5539 universum,
1334 5475 1410 5526 vel
1442 5484 1586 5529 certe
1642 5491 1702 5527 ex
1735 5478 1961 5530 nauium

454 5671 462 5694 ¹
493 5665 597 5715 liit‘.
633 5663 851 5719 ittsit'lt't’t‘.
879 5679 940 5713 tax
983 5672 1068 5711 \lss‘
1092 5665 1375 5717 addidimus.

444 5717 466 5754 ³
491 5728 568 5778 ξιι·
596 5717 697 5776 διεδ.
737 5717 848 5780 Μιιί
871 5735 1048 5786 autem,
1078 5726 1298 5788 (arundo.

2079 2460 2230 2519 parte
2256 2450 2552 2519 consurgit,
2583 2459 2637 2503 ut
2665 2449 2963 2516 rarissimas
3006 2465 3243 2520 quosque
3275 2453 3446 2519 potius
3481 2451 3650 2505 mire-5

2068 2559 2186 2597 mur
2209 2585 2222 2606 ,
2270 2543 2336 2597 ab
2363 2557 2426 2596 eo
2480 2542 2618 2612 quod
2651 2543 2851 2611 appetit
2899 2553 3100 2597 natura:
3143 2543 3403 2598 institutio
3429 2543 3648 2598 deviare

2065 2643 2221 2699 atque
2249 2632 2579 2687 desciscere?
2607 2631 2715 2686 Cur
2741 2633 2792 2686 in
2827 2631 3083 2702 profunda
3115 2633 3389 2702 imperitize
3413 2649 3476 2686 ac
3506 2634 3635 2686 mol-

2065 2721 2343 2775 litudinem
2395 2722 2635 2790 ignaviae,
2679 2723 2828 2791 quasi
2881 2737 2978 2792 per
3025 2724 3298 2792 proclivia,
3330 2724 3512 2778 nescio
3540 2739 3650 2793 quo

2064 2812 2204 2866 velut
2229 2826 2391 2865 onere
2420 2821 2643 2880 urgente
2673 2812 2981 2866 delabitur?
3014 2812 3210 2883 Fugam
3261 2815 3458 2867 laboris
3498 2825 3648 2868 certe

2063 2902 2195 2957 dicis
2211 2917 2331 2957 esse
2357 2917 2593 2965 causam,
2628 2918 2728 2972 qua
2755 2906 2812 2957 lit
2857 2913 2911 2957 ut
2951 2905 3193 2959 nesciant
3237 2905 3480 2958 homines
3523 2923 3650 2975 qure

2063 2996 2199 3050 scire
2236 2994 2529 3049 debuerunt
2559 3010 2574 3046 :
2603 2995 2695 3049 sed
2723 2996 2915 3051 vellem
2959 2996 3165 3051 diceres
3195 2997 3316 3065 quid
3353 3013 3528 3052 causa
3554 2999 3644 3058 sit,

2064 3096 2120 3140 ιιι
2147 3085 2346 3140 homini
2367 3095 2470 3139 tam
2493 3085 2628 3140 bene
2655 3085 2965 3140 naturaliter
2995 3087 3233 3140 instituto
3259 3087 3405 3142 utilia
3438 3098 3643 3141 natura:

2062 3188 2222 3246 atque
2251 3175 2481 3231 salubria
2514 3177 2582 3230 sit
2610 3175 3081 3231 laboriosissimum
3110 3176 3340 3243 discere,
3382 3187 3541 3248 atque
3571 3179 3644 3232 ita

2063 3269 2297 3323 laborem
2325 3267 2549 3339 fugiens.
2575 3270 2624 3322 in
2655 3269 2887 3324 tenebris
2917 3270 3223 3339 ignorantia:
3249 3271 3557 3325 familiarius
3584 3273 3644 3324 li-

2064 3361 2380 3427 bentiusque
2409 3360 2722 3427 requiescat.
2763 3359 2964 3429 Nempe
2995 3369 3135 3413 tanta
3183 3363 3375 3414 raritas
3405 3362 3642 3430 ingenio-

2062 3463 2245 3502 sorurn
2287 3456 2341 3501 et
2374 3447 2754 3513 studiosorum,
2786 3465 2878 3516 per
2921 3464 3037 3518 qua:
3065 3449 3171 3503 duo
3197 3449 3263 3502 ad
3294 3450 3643 3503 humanarum

2062 3539 2467 3608 divinarumque
2519 3552 2696 3592 rerum
2729 3539 3004 3592 scientiam
3035 3542 3364 3608 pervenitur,
3399 3550 3452 3592 et
3504 3549 3643 3593 tanta

2064 3628 2345 3700 multitudo
2377 3629 2645 3683 tard‘orum
2675 3640 2728 3685 et
2753 3630 3168 3697 desidiosorum,
3204 3633 3334 3685 satis
3366 3632 3561 3686 indicat
3594 3635 3644 3686 in

2062 3736 2218 3789 quam
2251 3729 2452 3789 partem
2481 3735 2576 3774 suo
2607 3730 2852 3790 tanquam
2902 3721 3136 3790 pondere
3167 3724 3366 3775 teratur
3393 3723 3505 3792 ipsa
3547 3738 3644 3776 na-

2066 3810 2211 3874 tura,
2232 3826 2389 3879 quam
2433 3813 2634 3882 negatis
2683 3826 2803 3867 esse
2829 3813 3089 3867 vitiatam.
3139 3813 3322 3882 Neque
3348 3816 3647 3871 secundum

2062 3899 2405 3955 christianum
2444 3902 2685 3972 cogitatis
2717 3903 2897 3970 tidem,
2947 3904 3120 3973 qualis
3148 3904 3214 3958 sit
3243 3908 3415 3959 factus
3453 3905 3644 3971 Adam,

2062 3993 2150 4060 qui
2182 3993 2439 4047 universis
2475 3994 2762 4061 generibus
2808 3996 3102 4048 animarum
3151 3995 3385 4049 vivarum
3430 3999 3645 4050 nomina

2067 4084 2316 4151 imposuit
2360 4082 2510 4153 ((-‘cu.
2545 4099 2598 4147 ιι,
2652 4083 2743 4155 t9)
2774 4103 2785 4138 :
2817 4085 2956 4155 quod
2987 4085 3450 4141 excellentis-sinite
3483 4087 3647 4142 fuisse

2065 4173 2314 4227 indicium
2346 4174 2632 4242 Sapienti-.e,
2666 4175 2715 4228 in
2762 4175 3107 4230 sascularibus
3135 4176 3294 4230 etiam
3329 4178 3518 4243 litteris
3573 4179 3649 4230 ιυ-

2062 4264 2252 4332 gimus.
2291 4263 2420 4317 Nam
2455 4264 2566 4333 ipse
2600 4263 2945 4336 Pythagoras,
2974 4279 3003 4318 a
3028 4279 3133 4335 quo
3158 4265 3508 4335 pltil050phia:
3547 4281 3647 4320 no--

2064 4371 2184 4410 men
2229 4363 2470 4409 exortum
2501 4364 2612 4421 est,
2645 4355 2844 4411 dixisse
2881 4355 3052 4412 fertur
3075 4397 3091 4424 ,
3140 4357 3289 4411 illum
3323 4357 3486 4412 fuisse
3533 4372 3648 4411 om-

2065 4445 2208 4500 nium
2239 4447 2706 4515 sapientissimum,
2726 4447 2814 4517 qui
2841 4447 3093 4502 vocabula
3120 4447 3321 4518 primus
3353 4447 3535 4502 indidit
3566 4464 3650 4502 re-

2065 4538 2181 4591 bus.
2220 4536 2420 4592 Verum
2466 4538 2565 4594 etsi
2608 4537 2738 4592 nihil
2781 4538 2883 4592 tale
2925 4537 2993 4593 de
3035 4538 3204 4593 Adam
3247 4537 3649 4601 didicissemns.

2065 4638 2304 4682 nostrum
2345 4637 2460 4682 erat
2497 4629 2676 4698 utique
2701 4643 2824 4683 vera
2855 4629 3060 4683 ratione
3085 4628 3345 4698 conjicere
3363 4669 3376 4693 ,
3403 4629 3570 4699 qualis
3593 4631 3648 4682 in

2065 4721 2154 4775 illo
2182 4721 2395 4775 homine
2435 4729 2624 4775 natura
2650 4722 2718 4775 sit
2738 4720 2970 4786 condita,
3001 4723 3052 4776 ln
3077 4737 3182 4791 quo
3213 4723 3398 4777 vitium
3425 4723 3646 4776 omnino

2065 4811 2264 4865 tntllum
2297 4811 2560 4879 fuit.’Quis
2586 4821 2759 4867 autem
2781 4829 2950 4882 usque
2971 4813 3102 4868 adeo
3127 4814 3195 4867 sit
3217 4814 3644 4885 tardusingenio,

2064 4913 2122 4958 ιιι
2141 4902 2205 4957 ad
2237 4915 2478 4957 naturam
2508 4913 2662 4976 neget
2687 4905 2911 4959 obtunsa
2935 4906 3016 4958 vel
3056 4914 3205 4958 acuta
3235 4905 3444 4974 ingenia
3478 4910 3647 4974 perti-

2064 5010 2214 5059 nere,
2248 5004 2337 5048 aut
2356 4995 2624 5049 existimet
2646 5012 2748 5049 non
2771 5011 2891 5050 esse
2917 4997 3075 5050 animi
3104 4997 3225 5050 vitia
3252 4998 3336 5050 vel
3377 5001 3650 5052 memoria:

2066 5087 2146 5138 vel
2179 5085 2538 5153 intelligentia!
2560 5085 2895 5139 tarditatem?
2934 5086 2994 5139 Et
3026 5087 3144 5155 quis
3173 5086 3382 5143 dubitet
3404 5089 3648 5144 christia-

2066 5191 2187 5241 nus,
2217 5189 2310 5229 eos
2358 5178 2445 5244 qui
2500 5176 2551 5229 in
2590 5175 2688 5228 hoc
2747 5179 2944 5230 saeculo
2985 5177 3258 5232 erroribus
3289 5180 3651 5248 tri-omnisque

2066 5267 2407 5338 plenissimo,
2439 5269 2850 5338 ingeniosissimi
2889 5281 3177 5339 apparent.
3210 5288 3438 5342 quorum
3470 5283 3650 5327 tamen

2067 5360 2428 5430 corruptibilia
2479 5375 2701 5431 corpora
2728 5346 3010 5430 aggravant
3045 5364 3271 5439 animas,
3303 5367 3349 5418 si
3383 5365 3522 5418 illius
3569 5367 3650 5417 in-

2066 5450 2223 5520 genio
2251 5462 2645 5519 comparentur,
2678 5451 2876 5505 distare
2901 5451 3059 5522 longe
3086 5455 3312 5522 amplius
3334 5471 3491 5524 quam
3513 5459 3642 5508 cclc-

2067 5542 2223 5596 ritate
2254 5557 2282 5594 a
2311 5543 2614 5596 volucribus
2645 5543 2939 5598 testudines
2981 5544 3220 5600 distant?
3250 5546 3482 5617 ingeniis
3524 5563 3653 5617 ergo

2071 5643 2176 5686 tam
2228 5633 2609 5687 excellentibus
2653 5635 2878 5704 paradisi
2935 5634 3160 5694 felicitas
3202 5637 3552 5707 impleretur,
3607 5642 3654 5693 si

2061 5739 2226 5784 nemo
2277 5737 2583 5799 peccasset:
2619 5729 2748 5782 tales
2797 5729 2987 5802 quippe
3044 5728 3178 5782 licus
3228 5729 3294 5784 tle
3340 5733 3644 5803 parentibus.

3706 1051 3724 1086 τ.
