3934 6178
252 327 373 390 “33

247 444 699 501 iueratcreaturus,
731 434 941 506 qualem
971 431 1119 488 illum
1156 432 1272 486 sine
1314 428 1621 501 pereuntibus
1642 444 1789 482 crea-

247 540 391 596 verat,
419 529 594 597 utique
610 525 678 581 ad
699 526 978 596 imaginem
1006 538 1175 579 suam.
1199 520 1444 576 Nondum
1461 519 1601 573 enim
1629 519 1788 573 horno

246 620 437 679 vanitati
459 618 648 674 similis
676 616 843 672 factus
862 625 995 680 erat,
1040 625 1099 670 ιιι
1135 613 1252 668 dies
1280 611 1396 682 ejus
1440 610 1575 665 sieut
1603 608 1789 663 umbra

246 719 292 772 in
327 714 420 768 hoc
462 710 658 764 saeculo
700 721 1001 762 :crumnoso
1035 704 1372 776 praeterirent
1406 699 1576 775 (Ρεαι.
1606 714 1787 764 cxun,

239 804 305 876 4).
322 799 459 870 Quod
486 799 531 853 si
561 797 631 853 ita
652 806 814 860 esset,
839 793 1093 865 numquid
1112 794 1212 848 ista
1238 801 1325 846 tua
1367 790 1581 862 querela
1614 789 1780 842 ullum

241 885 437 951 habeiet
463 887 672 945 locum?
692 886 955 958 Numquid
975 885 1238 940 assecutio
1262 883 1499 938 scientia:
1528 880 1790 937 laboriosa

239 994 380 1047 esset,
407 988 460 1035 nt
485 979 607 1050 fuga
646 977 842 1033 laboris
857 976 1086 1047 imperiti
1111 990 1231 1031 esse
1252 973 1498 1029 homines
1522 971 1742 1026 mallent
1766 970 1792 1024 2

234 1069 476 1141 Numquid
527 1071 640 1139 ipsa
673 1066 981 1123 fortitudine
999 1108 1014 1133 ,
1043 1081 1204 1136 quam
1228 1079 1414 1120 verum
1441 1064 1576 1118 dicis
1604 1064 1690 1117 vix
1736 1062 1789 1115 in

234 1160 548 1235 paucissimis
575 1158 822 1224 inveniri,
853 1171 988 1228 opus
1018 1156 1353 1222 haberemus,
1382 1154 1468 1210 ubi
1492 1154 1630 1208 nulla
1650 1162 1794 1208 6:6Cl

232 1270 447 1312 mrumna
476 1269 635 1325 quam
661 1252 976 1308 deberemus
1022 1264 1119 1321 pro
1147 1249 1369 1305 veritate
1398 1247 1601 1302 fortiter
1628 1246 1792 1300 susti-

232 1347 377 1403 nere?
404 1345 535 1402 Cum
557 1358 685 1413 ergo
713 1344 810 1399 ista
834 1342 886 1396 in
922 1340 1246 1397 contrarium
1274 1353 1425 1394 versa
1449 1339 1557 1392 sint
1588 1336 1788 1402 omnia,

231 1440 288 1493 ad
314 1439 408 1493 hoc
434 1446 680 1491 naturam
709 1442 947 1489 nostram
976 1447 1136 1501 negas
1172 1446 1290 1485 esse
1319 1430 1576 1493 vitiatam,
1618 1436 1697 1493 ut,
1741 1436 1792 1481 te

229 1530 517 1600 adjuvante,
568 1526 891 1581 Manichacus
918 1521 1261 1579 commixtam
1290 1520 1443 1575 nobis
1485 1518 1793 1573 introdueat

227 1624 471 1685 alienam;
504 1635 566 1675 ac
586 1620 663 1674 sic
687 1616 811 1672 dum
838 1625 1171 1686 oppugnator
1199 1613 1314 1683 ejus
1335 1611 1549 1683 prosilis
1576 1608 1763 1681 imperi
1779 1639 1791 1649 -

228 1722 322 1780 tus,
350 1714 409 1768 lis
436 1711 718 1768 auxiliator
742 1709 974 1780 ignarus.

292 1804 352 1859 li.
391 1804 511 1859 ιω..
542 1801 789 1859 Ostendit
812 1800 913 1855 hoc
937 1798 1097 1854 etiam
1132 1796 1270 1853 liber
1301 1795 1412 1862 ille,
1455 1793 1544 1864 qui
1568 1793 1790 1864 Sapien-

226 1899 286 1951 tia
315 1896 529 1961 dicitur,
561 1910 680 1950 cum
710 1893 867 1947 verba
896 1891 1199 1961 exprimens
1226 1888 1528 1959 impiorum,
1558 1886 1646 1956 qui
1672 1894 1787 1956 post

221 1987 451 2041 umbram
488 1984 831 2054 presentium
877 1989 1075 2036 retecta
1123 1980 1397 2033 beatorum
1427 1979 1615 2031 merita
1664 1990 1793 2029 con-

218 2088 467 2133 tuentur:
508 2077 712 2141 Vitam,
756 2074 956 2144 inquit,
1006 2071 1213 2126 illorum
1251 2068 1622 2123 wstimabumus
1653 2066 1793 2118 insa-

209 2171 382 2232 m’um;
412 2178 458 2222 et
482 2167 735 2237 quomodo
759 2163 977 2234 reputati
999 2170 1115 2215 sunt
1152 2161 1283 2212 inter
1326 2158 1458 2226 ﬁlios
1504 2154 1597 2208 Dei
1636 2153 1816 2224 (Sap.,

208 2274 251 2321 v,
286 2258 342 2320 4,
371 2256 471 2326 5)?
499 2254 629 2309 inde
668 2263 750 2308 est
768 2267 911 2322 ergo,
945 2249 1086 2320 quod
1135 2246 1366 2301 ﬁdelium
1403 2242 1792 2315 perseverantia

209 2356 510 2415 temporum
560 2342 923 2413 iniquitatibus
956 2348 1261 2402 cootumax,
1302 2347 1357 2391 et
1396 2336 1596 2405 eligens
1631 2333 1792 2404 alﬂigi

210 2453 322 2492 cum
351 2436 559 2506 populo
591 2434 682 2488 Dei
712 2433 877 2502 magis
936 2446 1091 2501 quam
1121 2427 1427 2498 temporalis
1470 2425 1671 2494 peccati
1704 2424 1795 2477 ha-

217 2522 335 2583 bere
359 2524 752 2597 jucunditatem
780 2520 962 2593 (Hebr.
989 2536 1067 2586 x1,
1090 2517 1210 2586 25),
1255 2517 1322 2571 ab
1349 2516 1431 2569 his
1470 2516 1559 2584 qui
1588 2513 1789 2579 dicunt,

223 2618 586 2673 Manducemus
612 2624 657 2667 et
686 2613 913 2666 bibamus
932 2650 948 2675 ,
978 2625 1090 2663 cras
1130 2608 1262 2660 enim
1311 2605 1580 2659 moriemur
1611 2603 1651 2672 (l
1675 2602 1789 2656 Cor.

221 2721 302 2773 ιν,
327 2705 439 2777 52),
473 2703 691 2758 nomine
740 2698 1041 2771 pertinaciae
1067 2705 1119 2751 et
1144 2694 1497 2750 contentionis
1524 2693 1787 2763 arguitur;

222 2798 450 2867 nihilque
506 2795 675 2864 magis
729 2800 942 2862 putatur
985 2788 1155 2844 cautis
1201 2786 1485 2841 convenire
1531 2784 1789 2849 consiliis,

221 2903 367 2957 quam
398 2885 682 2955 degeneris
699 2883 857 2936 animi
888 2879 1198 2935 famulatum
1229 2891 1427 2941 emere,
1452 2876 1536 2930 vel
1578 2873 1790 2928 inlidam

223 2989 607 3033 momentorum
653 2976 906 3045 quietem.
963 2972 1036 3025 De
1082 2968 1183 3023 hac
1231 2968 1425 3038 quippe
1460 2966 1791 3037 potissimum

223 3060 520 3137 ignavorum
569 3075 839 3136 pectorum
892 3062 1096 3117 vilitate
1148 3062 1164 3093 ¹
1220 3057 1411 3111 factum
1459 3064 1570 3120 est,
1614 3063 1667 3107 ut
1702 3069 1795 3123 per

222 3160 575 3215 Ecclesiarum
600 3156 869 3225 naufragia
892 3168 1140 3223 spurcum
1166 3148 1576 3204 Manichaeorum
1604 3145 1794 3214 dogma

221 3251 452 3305 veiilicet.
486 3248 628 3316 Quia
671 3247 716 3301 si
756 3248 807 3300 in
846 3245 929 3300 his
968 3244 1057 3315 qui
1094 3239 1375 3298 sacerdotii
1412 3253 1630 3291 munere
1679 3238 1795 3289 iun~

220 3345 337 3413 geha
362 3351 486 3408 .tur,
524 3342 700 3395 libera
744 3339 974 3394 stetisset
1014 3345 1067 3390 et
1104 3334 1271 3388 virilis
1311 3330 1628 3395 auctoritas;
1661 3328 1796 3382 'fra-
1830 3333 1839 3341 ‘

219 3433 560 3488 dueianorum
590 3439 890 3486 commenta
933 3436 991 3482 ut
1032 3427 1224 3481 invicta
1258 3425 1393 3479 ratio
1433 3422 1670 3491 proruit,
1724 3420 1794 3475 ita

219 3525 412 3593 publica
425 3539 523 3579 con
537 3521 1040 3576 trivissctassensio.
1057 3515 1251 3571 Verum
1272 3529 1390 3568 cum
1407 3513 1533 3568 nihil
1550 3512 1615 3567 ab
1635 3510 1798 3565 homi-

221 3615 360 3668 nibus
382 3613 736 3683 prmscntium
763 3608 1083 3672 amantibus,
1107 3605 1364 3674 religione
1391 3603 1546 3656 vilius
1568 3601 1803 3655 restitna.

221 3712 317 3764 tur,
344 3706 469 3760 itum
499 3712 593 3759 est
621 3702 671 3755 in
688 3699 1087 3755 criminationes
1103 3695 1226 3759 Dei;
1255 3702 1314 3748 ut
1331 3693 1478 3746 nobis
1496 3691 1799 3746 necessitas

222 3792 530 3859 immineret,
575 3802 679 3846 tam
705 3790 874 3860 longis
886 3784 1331 3857 disputationibus
1354 3783 1515 3836 Deum
1534 3789 1795 3844 nostrum,

221 3891 300 3957 qui
328 3899 406 3942 est
440 3888 593 3943 Deus
618 3897 797 3949 verus,
829 3881 1038 3936 fidelem
1060 3879 1114 3932 in
1144 3876 1320 3931 verbis
1349 3874 1479 3940 suis,
1498 3873 1697 3942 justum
1745 3872 1798 3925 in

220 3977 432 4047 iudieiis,
459 3986 714 4032 sanctum
738 3974 791 4028 in
815 3972 1063 4044 operibus
1092 3967 1387 4040 approbare
1427 3961 1599 4034 (Psal.
1620 3976 1796 4029 cxuv,

222 4069 300 4132 is,
328 4072 438 4140 ιτ).

284 4162 413 4217 Acs.
438 4161 494 4217 Si
533 4158 715 4215 fidelis
750 4164 833 4212 est
870 4155 1011 4209 Deus
1041 4153 1092 4207 in
1120 4146 1296 4206 verbis
1321 4148 1455 4215 suis,
1485 4161 1580 4202 cur
1599 4146 1646 4200 ei
1676 4159 1803 4200 con-

223 4250 468 4306 tradicitis
510 4248 739 4313 dicenti,
795 4244 1026 4299 Reddam
1083 4251 1287 4313 peccata
1324 4248 1526 4308 patrum
1564 4236 1619 4289 in
1670 4234 1801 4300 ﬁlios

222 4339 387 4409 (Deut.
413 4358 467 4408 v,
501 4342 593 4413 9),
617 4349 671 4393 et
700 4338 801 4392 hoc
842 4350 1027 4393 verum
1073 4347 1178 4388 non
1205 4345 1323 4386 esse
1348 4325 1705 4384 contenditis?
1745 4323 1802 4380 Si

222 4432 380 4500 justus
404 4443 484 4488 est
509 4434 571 4486 in
595 4429 826 4500 judiciis,
860 4443 956 4482 cur
983 4426 1086 4480 hoc
1110 4425 1279 4494 ipsum
1308 4420 1446 4491 quod
1475 4425 1686 4493 peccata
1706 4432 1801 4487 pa-

226 4534 351 4579 trum
378 4525 682 4580 redduntur
705 4523 755 4575 in
778 4520 932 4582 iilios,
958 4518 1160 4587 justum
1197 4528 1316 4568 esse
1356 4527 1461 4566 non
1515 4509 1704 4574 vultis;
1749 4514 1805 4563 ct

225 4616 355 4683 quod
384 4617 475 4670 lilii
508 4614 683 4669 Adam
709 4628 739 4666 a
768 4610 855 4665 die
876 4609 1049 4663 exitus
1074 4604 1141 4660 de
1176 4611 1362 4657 ventre
1403 4599 1587 4655 matris
1613 4612 1796 4653 eorum

225 4707 361 4776 gravi
403 4708 534 4778 jugo
574 4712 925 4776 prenmntur,
958 4699 1137 4767 dicere
1167 4696 1284 4749 sine
1329 4692 1487 4747 ullius
1529 4687 1802 4759 originalis

229 4798 419 4864 peccati
474 4798 670 4851 merito
714 4793 856 4859 fieri,
883 4805 988 4845 non
1032 4784 1263 4843 timetis?
1296 4785 1362 4839 -Si
1396 4791 1611 4838 sanctus
1640 4780 1803 4837 estin

226 4887 492 4954 operibus,
507 4901 605 4940 cur
622 4880 1007 4939 immunditiam
1027 4875 1376 4937 nascentium,
1398 4888 1517 4943 qure
1534 4871 1803 4926 hominem

228 4977 313 5032 Dei
340 4980 524 5034 dicere
544 4976 822 5046 compulit,
856 4987 959 5026 non
986 4984 1105 5024 esse
1141 4965 1394 5023 mundum
1425 4981 1454 5019 a
1499 4963 1657 5018 sorde
1685 4978 1806 5031 pec-

227 5071 346 5133 cati,
365 5086 465 5125 nec
492 5069 748 5123 infantem
779 5065 928 5133 cujus
955 5071 1038 5115 est
1056 5060 1157 5115 diei
1187 5058 1343 5113 unius
1367 5057 1472 5110 vita
1498 5069 1660 5123 super
1694 5063 1804 5107 ter-

184 5172 193 5181 ‘
228 5175 332 5213 tam
365 5162 486 5230 (Job
511 5175 623 5219 xiv,
654 5174 752 5211 sec.
781 5152 967 5225 LXX),
997 5153 1064 5207 ab
1094 5150 1211 5220 ejus
1243 5156 1431 5205 sancto
1462 5146 1672 5217 opilieio
1702 5160 1807 5213 quo

229 5266 466 5304 naturam
524 5249 742 5314 format,
773 5244 1013 5316 quamvis
1039 5239 1258 5311 originis
1285 5238 1600 5308 contagione
1632 5235 1805 5305 pollu-

229 5355 352 5408 tam,
381 5345 693 5398 discernere
722 5338 1013 5401 recusatis;
1052 5345 1210 5405 atque
1237 5334 1306 5388 ita
1340 5333 1459 5385 vitia
1490 5341 1543 5386 et
1571 5330 1808 5397 ingenio-

230 5450 340 5490 rum
366 5444 417 5489 el
448 5448 734 5502 corporum
754 5440 857 5484 tam
888 5429 1144 5491 multa,et
1162 5422 1446 5494 aliquando
1469 5432 1570 5473 tam
1594 5435 1802 5489 magna,

226 5536 409 5579 mulcto
454 5525 578 5594 ejus
612 5522 822 5590 cpiﬁcio
864 5527 1049 5573 cuncta
1083 5512 1353 5570 tribuitis?
1379 5512 1507 5580 Qure
1558 5512 1802 5565 nolentes

230 5615 464 5675 tribuere
519 5612 849 5667 venientibus
897 5609 965 5662 de
1014 5616 1197 5661 natura
1264 5612 1479 5674 peccato
1524 5602 1806 5671 depravata

291 5730 309 5766 λ
342 5727 499 5787 Nili.
524 5723 738 5782 "talitate.
757 5724 1054 5786 castigantur
1074 5732 1135 5773 cx
1164 5727 1265 5768 \tss.

1559 315 1760 374 Lmen
1799 317 2112 389 QUINTUS.

3349 328 3479 383 1554

1894 429 2237 500 originalibus
2286 431 2526 497 meritis;
2578 431 2815 501 profecto
2856 431 3057 490 aditum
3082 433 3471 505 amplissimum

1896 522 1962 578 ad
1996 524 2219 578 alienam
2247 524 2371 578 mali
2421 534 2662 580 naturam
2702 526 3140 583 introducend‘am
3171 527 3477 584 Manichmis
3554 527 3558 531 ’

1896 614 2312 669 cxsecrabilibus
2363 615 2614 683 aperitis;
2678 631 2904 685 quorum
2965 616 3156 687 dogma
3210 617 3470 672 nefarium

1896 706 2045 776 quasi
2067 706 2326 761 accusatis
2353 705 2649 772 horrentes,
2666 724 2786 762 eum
2808 709 3073 779 adjuvetis
3100 720 3362 765 errantes.

1965 794 2051 849 Ill.
2078 795 2197 851 Jun.
2230 796 2325 850 His
2354 796 2422 850 ita
2460 798 2682 867 negotiis
2712 798 2968 853 librorum
2999 815 3235 854 meorum
3256 816 3470 869 operam

1897 883 2233 949 destinatam,
2264 886 2390 940 mali
2413 888 2667 942 naturalis
2681 902 2918 944 assertor
2942 901 3210 961 Oppuguat
3241 908 3253 944 :
3278 893 3468 961 quibus

1896 990 2025 1033 sane
2051 978 2267 1042 viribus,
2299 988 2353 1034 et
2380 995 2537 1049 quam
2566 983 2909 1052 consequenti
2956 987 3318 1055 responsione,
3346 987 3472 1041 satis

1896 1083 2157 1139 superque
2187 1071 2596 1139 prrecedentium
2619 1074 2943 1129 voluminum
2968 1075 3322 1145 disputatione
3351 1092 3472 1144 per-

1899 1157 2079 1215 docui.
2108 1159 2344 1226 Quorum
2375 1161 2603 1217 lectione
2627 1177 2730 1218 non
2759 1163 2943 1219 dubito
2992 1166 3233 1235 prudenti
3281 1166 3475 1236 cuique

1896 1258 2143 1305 constare
2176 1249 2353 1323 (quem
2400 1267 2578 1306 rarum
2618 1268 2738 1308 esse
2778 1253 2878 1310 hac
2916 1255 3221 1324 prtel'atione
3252 1266 3475 1312 testatus

1897 1338 2058 1410 sum),
2091 1340 2218 1394 nihil
2242 1340 2458 1396 Studere
2487 1341 2628 1396 aliud
2652 1343 2887 1399 veritatis
2915 1346 3207 1411 inimicum,
3234 1363 3389 1416 quam
3418 1354 3474 1401 ut

1897 1432 2278 1502 simpliciorum
2310 1432 2647 1488 iudiliceutur
2674 1449 2851 1501 aures,
2900 1446 2955 1491 ct
2986 1437 3251 1504 evasisse,
3304 1438 3348 1491 si
3382 1445 3464 1491 ut-

1896 1538 2122 1594 cumque
2137 1539 2194 1578 se
2222 1524 2557 1593 respondisse
2579 1524 2838 1581 videatur.

1967 1614 2101 1668 Auc.
2133 1613 2301 1667 Raros
2326 1629 2446 1669 esse
2470 1615 2775 1683 prudentes,
2810 1614 3116 1686 prmfatione
3162 1617 3371 1672 testaris
3403 1619 3419 1650 ¹
3451 1636 3466 1670 :

1897 1713 1945 1757 ct
1975 1719 2091 1773 quze
2120 1717 2280 1757 causa
2310 1703 2380 1757 sit
2424 1705 2656 1758 raritatis
2680 1705 2856 1775 lmjus,
2880 1705 2961 1760 vel
2991 1723 3087 1760 cur
3115 1723 3211 1762 nec
3252 1707 3350 1774 ipsi
3375 1709 3466 1777 qui

1896 1808 2012 1846 rara
2029 1792 2356 1861 ingeniorum
2370 1793 2656 1861 capacitate
2668 1793 2731 1847 ad
2751 1794 3079 1863 prudentiam
3100 1805 3472 1863 pervenerunt,

1896 1882 2011 1935 sine
2053 1881 2237 1936 labore
2268 1898 2458 1954 magno
2485 1893 2768 1953 potuerunt
2794 1885 3045 1953 consequi
3074 1886 3254 1939 utilem
3292 1886 3472 1940 scicn-

1895 1973 2045 2038 tiam,
2070 1987 2167 2027 nec
2191 1972 2346 2039 dicis,
2376 1989 2474 2027 nec
2511 1974 2707 2036 discis;
2735 1975 2822 2042 qui
2850 1973 2999 2028 fateri
3029 1992 3133 2029 non
3165 1976 3242 2028 vis
3287 1975 3474 2029 huma-

1900 2079 2020 2118 nam
2044 2079 2136 2130 per
2162 2063 2315 2134 primi
2347 2063 2575 2119 hominis
2606 2066 3094 2134 prmvark‘ationem
3122 2066 3464 2135 depravatan

1899 2176 2017 2212 esse
2033 2168 2296 2213 naturam.
2318 2160 2379 2213 Et
2397 2167 2570 2215 tamen
2590 2160 2652 2215 ad
2674 2163 3147 2223 tuorumlibrorum
3167 2162 3473 2227 lectionem,

1902 2249 2111 2302 nonnisi
2142 2249 2357 2304 eosdem
2410 2251 2695 2320 prudentes
2738 2252 2918 2318 mittis,
2969 2267 3103 2323 quos
3131 2254 3338 2308 testaris
3359 2267 3479 2308 esse

1900 2342 2203 2396 mrissimos
2236 2359 2249 2394 :
2280 2340 2346 2396 de
2392 2358 2615 2412 quorum
2670 2344 2878 2413 ingenio
2928 2354 3033 2399 tam
3085 2345 3220 2399 bene
3262 2344 3428 2399 sentis
3457 2385 3473 2409 ,

1900 2439 1957 2485 ut
1999 2431 2140 2501 apud
2180 2445 2274 2486 eos
2301 2448 2463 2486 unum
2494 2432 2688 2487 librum
2735 2449 2911 2489 meum
2940 2435 3044 2489 tuis
3085 2445 3206 2488 octo
3243 2434 3477 2490 refutare

1897 2520 2129 2584 coneris,
2168 2521 2522 2591 multiplicans
2577 2522 2654 2577 cis
2706 2523 2943 2579 laborem
2996 2524 3225 2579 ﬁliorum
3269 2525 3473 2591 Adam;

1896 2625 2003 2679 quo
2029 2610 2208 2665 labore
2227 2610 2453 2678 discant,
2482 2612 2687 2667 etiamsi
2734 2629 2893 2668 nemo
2940 2623 3231 2683 peccasset,
3275 2615 3325 2668 iu
3357 2614 3475 2685 ipso

1900 2699 2214 2769 paradisose
2233 2699 2395 2755 fuisse
2422 2702 2773 2768 laboraturos,
2802 2714 2858 2757 ut
2891 2703 3275 2758 litteratorum’
3294 2705 3475 2770 libros,

1897 2800 1951 2845 ct
1980 2791 2125 2860 prius
2151 2791 2295 2861 ipsas
2325 2793 2525 2847 litteras
2555 2793 2841 2849 discerent.
2876 2794 3001 2849 [huc
3025 2806 3108 2850 est
3130 2796 3273 2850 enim
3300 2807 3471 2851 vestra

1899 2884 2152 2951 praeclara
2196 2886 2436 2953 scientia,
2468 2887 2598 2941 nulli
2642 2886 2914 2941 hominum
2952 2889 3470 2958 comprehensibilis,

1900 2976 2000 3028 nisi
2037 2975 2383 3047 prudentibus
2419 2978 2587 3044 raris,
2647 2994 2745 3033 nec
2795 2979 2923 3047 ipsis
2971 2980 3069 3033 nisi
3109 2980 3475 3034 laborantibus

1901 3068 2130 3121 miseris.

1971 3158 2192 3214 IVJUL.
2219 3157 2350 3214 Cum
2384 3160 2541 3230 igitur
2564 3160 2613 3214 id
2643 3176 2672 3214 a
2705 3161 2857 3215 nobis
2885 3160 3092 3215 abunde
3118 3171 3324 3216 constet
3347 3162 3478 3219 eil‘eo

1899 3259 2082 3317 ctum;
2117 3259 2290 3304 tamen
2339 3251 2458 3318 quia
2485 3252 2631 3321 operi
2680 3261 2862 3305 nostro
2900 3253 3135 3306 nascitur
3182 3253 3475 3323 longitudo,

1900 3340 2111 3410 sapiens
2138 3339 2304 3393 lector
2322 3340 2596 3409 intelligat,
2628 3341 2780 3397 nobis
2797 3340 3007 3411 quidem
3037 3342 3320 3410 optabilem
3349 3341 3480 3397 fuis-

1900 3444 1961 3486 se
1975 3430 2282 3486 brevitatem
2309 3472 2324 3497 ,
2357 3430 2450 3485 sed
2489 3432 2729 3500 exegisse
2769 3446 2943 3486 causa:
3000 3432 3391 3499 necessitatem,
3424 3441 3482 3487 ut

1899 3536 2051 3577 error
2092 3522 2272 3576 smeuli
2324 3520 2504 3577 favore
2540 3521 2818 3588 diffusior,
2864 3523 3052 3577 latiore
3076 3524 3312 3578 veritatis
3365 3525 3482 3582 acie

1901 3615 2216 3669 vinceretur.
2267 3613 2418 3668 llaud
2476 3613 2632 3684 igitur
2658 3614 2725 3668 de
2773 3614 2938 3669 nihilo
2971 3622 3072 3680 est,
3118 3616 3258 3686 quod
3300 3631 3479 3671 sermo

1904 3714 2085 3760 noster
2102 3704 2424 3760 extenditur.
2456 3704 2652 3773 Adjutu
2685 3704 2826 3759 enim
2843 3704 3035 3759 Christi
3054 3722 3319 3775 praesumo
3349 3722 3478 3761 con-

1904 3794 2036 3859 fore,
2066 3803 2124 3848 ut
2148 3794 2286 3847 nulla
2311 3809 2431 3863 pars
2452 3795 2756 3862 impietatis,
2779 3805 2962 3849 contra
2989 3805 3147 3865 quam
3178 3798 3332 3851 nobis
3360 3812 3479 3851 cer-

1906 3893 2080 3938 tamen
2098 3893 2199 3947 est,
2229 3890 2331 3938 aut'
2351 3883 2678 3952 negligenter
2700 3882 2940 3952 quaesita,
2963 3893 3055 3937 aut
3090 3885 3265 3938 minus
3295 3885 3481 3940 inven-

1905 3985 1977 4043 ta,
2005 3986 2096 4032 aut
2132 3976 2310 4032 attrita
2358 3976 2697 4031 mediocriter
2731 3986 3030 4031 censeatur.
3060 3975 3170 4033 Nec
3204 3977 3327 4032 illud
3353 3992 3482 4049 ergo

1904 4069 2189 4140 desperare
2212 4069 2293 4124 vel
2321 4083 2622 4139 possumus,
2641 4068 2725 4123 vel
2754 4068 3026 4133 debemus,
3075 4070 3326 4138 quoniam
3358 4085 3477 4140 pro-

1905 4175 2059 4215 cessu
2083 4168 2381 4229 temporum
2437 4167 2724 4228 tempestas
2763 4159 2989 4213 excitata
3017 4158 3278 4226 considat,
3311 4169 3481 4215 etau-

1906 4251 2151 4305 ctoritate
2192 4249 2489 4318 sapientum
2518 4249 2704 4319 vulgus
2746 4249 2990 4320 ignavum
3018 4251 3159 4320 quod
3191 4266 3329 4306 nunc
3358 4267 3481 4322 per-

1907 4341 2095 4410 strepit
2137 4339 2468 4411 corrigatur:
2496 4340 2589 4395 sed
2620 4340 2727 4394 voti
2776 4356 2934 4411 quam
2985 4342 3263 4397 sententia:
3311 4343 3483 4398 minor

1906 4448 2063 4486 causa
2092 4440 2175 4487 est
2205 4448 2220 4497 ;
2246 4432 2484 4503 quemvis
2513 4432 2652 4485 enim
2700 4440 2866 4486 status
2911 4447 3089 4487 rerum
3142 4434 3341 4488 exitum
3371 4449 3485 4489 sor-

1909 4522 2068 4575 tiatur
2083 4520 2126 4589 ⁸,
2150 4521 2411 4575 constabit
2448 4520 2600 4574 nobis
2622 4520 2757 4573 ratio
2794 4531 2846 4575 et
2874 4521 3209 4591 benignitatis
3251 4532 3306 4578 et
3336 4524 3481 4579 iidei.

1909 4610 2090 4681 Neque
2141 4611 2280 4664 enim
2337 4608 2628 4679 pendemus
2692 4609 2757 4663 ad
2806 4611 3171 4680 prosperitatis
3215 4615 3480 4684 popularis

1908 4710 2174 4756 eventum.
2194 4699 2394 4755 Scitum
2416 4707 2499 4755 est
2519 4699 2777 4770 siquidem
2806 4701 2931 4755 illud
2957 4702 3112 4756 trium
3135 4704 3185 4756 in
3220 4704 3484 4772 Babylone

1909 4805 2217 4861 puerorum,
2259 4790 2350 4860 qui
2396 4806 2513 4844 cum
2545 4807 2573 4843 a
2602 4806 2725 4860 rege
2760 4793 3140 4862 superbissimo
3165 4794 3230 4847 ad
3257 4795 3480 4850 adoran-

1910 4882 2031 4937 dam
2076 4889 2302 4934 statuam
2333 4882 2666 4950 cogerentur,
2697 4881 3002 4938 fidelissime
3027 4884 3354 4947 restiterunt,
3381 4899 3484 4939 ne-

1911 4989 2015 5044 que
2035 4972 2222 5027 anhela
2250 4981 2375 5026 sunt
2404 4971 2616 5026 fornace
2644 4972 2937 5039 conterriti,
2975 4988 3092 5043 qua:
3118 4989 3339 5031 accensa
3371 4983 3487 5031 erat

1914 5066 1965 5119 in
1982 5064 2360 5135 religiosorum
2386 5072 2658 5129 voratum;
2686 5063 3175 5136 responderuntque
3206 5078 3262 5123 ut
3289 5076 3341 5123 et
3358 5068 3483 5122 fidei

1846 5199 1859 5219 ,
1913 5168 1966 5210 et
1995 5155 2304 5212 constantice
2332 5154 2687 5224 congruebat:
2716 5153 2898 5208 Potens
2919 5166 3009 5223 est,
3036 5157 3295 5228 inquiunt,
3331 5157 3486 5220 Deus,

1913 5266 1943 5301 ο
1963 5264 2070 5310 rex,
2095 5247 2302 5301 liberare
2330 5263 2420 5300 nos
2439 5246 2501 5299 de
2517 5248 2720 5317 fornace
2757 5247 2887 5311 hac;
2908 5247 2995 5301 sed
3020 5249 3214 5302 etiamsi
3237 5265 3334 5300 non
3366 5247 3487 5298 libe-

1916 5350 2008 5403 ret,
2037 5340 2159 5391 scito
2179 5337 2415 5406 quoniam
2462 5337 2579 5389 deos
2610 5347 2719 5391 tuos
2761 5355 2861 5392 non
2894 5340 3121 5402 colimus,
3148 5353 3236 5390 nec
3263 5347 3482 5391 statuam

1980 5470 1994 5500 ⁸
2030 5469 2103 5518 Sic
2118 5473 2291 5518 Mss.tn
2313 5468 2467 5529 \‘ign.,
2501 5472 2711 5529 testrttus.

1979 5533 1999 5561 ²
2032 5530 2103 5579 sic
2145 5537 2251 5578 Mss.
2297 5536 2349 5576 Αι
2366 5525 2517 5585 editi,
2562 5525 2830 5579 litierorum
2854 5542 2872 5580 :
2899 5538 2950 5578 et
2989 5529 3035 5576 in
3059 5533 3300 5587 sequente
3346 5539 3490 5575 versu

1917 5606 2029 5655 pro,
2066 5589 2291 5655 scientia,
2319 5590 2514 5647 habent,
2538 5591 2783 5655 scutorum.
2848 5650 2858 5655 _
3370 5649 3376 5655 ,
3406 5650 3409 5651 ν

1983 5656 2001 5683 ³
2029 5654 2106 5722 sic
2132 5660 2231 5699 uss.
2262 5659 2307 5700 In
2347 5660 2365 5695 κ
2382 5666 2477 5713 ign.
2497 5686 2510 5709 ,
2551 5653 2761 5714 qnmnris
2783 5650 2905 5701 enim
2927 5656 3071 5699 status
3109 5660 3271 5698 rerum
3292 5650 3493 5699 militum

1921 5721 2161 5769 seruatur.
