3934 6178
426 293 562 349 1553

425 426 574 479 quam
600 409 805 464 erexisti
826 406 1093 461 adoramus
1121 405 1142 477 (
1163 405 1299 460 Dan.
1326 419 1399 467 ιιι,
1425 403 1510 471 l7,
1537 401 1648 471 l8).
1678 400 1844 467 Quam
1871 415 1996 453 san-

424 512 570 555 ctum
597 508 776 554 votum
823 496 1020 568 judicio
1069 497 1411 560 miscuerunt,
1444 509 1542 547 nec
1580 502 1758 546 tamen
1789 489 1999 545 consilii

423 591 735 659 gravitatem
757 588 1020 642 desiderio
1039 587 1280 641 levarunt
1309 586 1324 640 !
1353 581 1735 639 Fortitudinem
1758 581 1878 636 ﬁdei
1900 595 1999 636 nec

427 669 800 748 desperatione
831 677 1179 747 prtecipitant,
1209 691 1308 730 nec
1331 675 1615 744 cupiditate
1632 671 1997 742 suspendunt:

423 767 891 837 tnisccntquidem
938 777 1103 832 vota;
1141 776 1390 821 eretcrnm
1437 764 1676 818 ordinem
1709 777 1812 816 non
1839 762 2000 814 relin-

422 868 626 928 quunt;
673 861 1014 914 consolantur
1043 857 1374 912 tolerantiam
1402 857 1441 919 ¹,
1497 856 1587 908 setl
1622 853 1777 924 justis
1825 852 1998 906 mitio-

427 966 486 1004 ra
518 950 829 1004 submittunt
859 968 874 1007 :
921 951 1134 1004 Certum
1185 958 1288 1014 est,
1320 948 1580 1017 inquiunt,
1623 945 1869 1014 quoniam
1900 959 1999 998 nos

428 1042 594 1108 possit
645 1041 869 1095 liberare
917 1041 1053 1094 Deus
1105 1049 1321 1101 noster;
1359 1038 1453 1092 sed
1505 1045 1679 1090 utrum
1722 1035 1870 1100 velit,
1919 1043 1997 1089 est

425 1131 724 1184 incertum:
756 1142 810 1186 et
851 1131 970 1184 ideo
1017 1129 1116 1183 sub
1161 1126 1409 1198 ambiguo
1455 1145 1630 1182 rerum
1666 1135 1856 1181 eventu
1896 1133 2002 1179 stat

427 1220 634 1289 piorum
679 1231 821 1276 certa
866 1223 1145 1280 sententia,
1199 1221 1335 1274 idola
1386 1219 1691 1288 respuendi,
1733 1217 1993 1288 supplicia

363 1294 368 1299 h
427 1310 748 1382 perferendi.
777 1313 980 1367 Viderit
1028 1313 1152 1382 quid
1191 1313 1311 1366 boni
1343 1321 1519 1365 nostra
1551 1310 1791 1364 iiberatio
1841 1310 2002 1363 etiam

426 1402 638 1456 carteris
683 1403 964 1468 conferat;
1014 1403 1165 1456 nobis
1215 1403 1426 1456 interim
1473 1417 1650 1456 veram
1693 1401 2000 1454 felicitatem

429 1492 584 1555 ﬁdes,
643 1494 904 1564 inquiunt,
954 1494 1150 1547 invicta
1203 1494 1504 1548 custodiat:
1536 1507 1640 1544 non
1683 1490 1843 1544 habet
1875 1503 2003 1558 ergo

427 1585 756 1639 mollioribus
799 1585 1124 1655 gratiﬁcandi
1169 1585 1384 1639 nimiam
1430 1584 1822 1646 necessitatem,
1851 1583 2003 1648 cujus

425 1677 610 1747 gloria:
637 1679 969 1746 negotiantur
993 1677 1237 1731 adversa.
1265 1677 1339 1730 De
1382 1675 1478 1728 hac
1501 1684 1557 1729 et
1583 1689 1680 1728 nos
1699 1672 1999 1740 disciplina,

426 1781 584 1834 quam
629 1767 954 1834 reliquerunt
1000 1766 1228 1820 illustres
1281 1762 2008 1834 magistri,intelligimuste-

428 1856 654 1909 nentlam
683 1857 732 1910 in
765 1857 1030 1926 prosperis
1068 1865 1308 1910 votorum
1337 1855 1750 1909 mediocritatem
1772 1893 1788 1919 ,
1821 1853 1876 1906 in
1903 1853 2004 1908 do-

429 1949 690 2016 gmatibus
718 1964 846 2002 vero
888 1947 1006 2001 ﬁdei
1035 1948 1374 2002 censiliorntn
1400 1947 1780 2015 perennitatem
1812 1963 1826 2000 :
1857 1954 2008 2014 opta-

431 2051 677 2105 musque,
730 2039 1158 2106 persecutionum
1197 2047 1403 2092 tumore
1446 2052 1795 2106 compresso,
1846 2037 2006 2090 etiam

428 2130 642 2199 populis
661 2130 980 2183 subvenire:
1009 2138 1063 2182 at
1092 2129 1134 2182 si
1169 2127 1218 2183 id
1237 2145 1340 2182 non
1367 2127 1592 2194 accidat,
1622 2136 1726 2181 stat
1751 2125 2006 2196 quidquid

426 2221 678 2294 acerbum
706 2231 782 2274 est
803 2219 852 2273 iu
883 2220 1280 2274 contumeliisct
1308 2219 1552 2288 periculis
1581 2218 1807 2288 perpeti,
1839 2233 1999 2288 quam

430 2325 536 2365 non
560 2313 790 2364 aversari
813 2313 1044 2366 illuviem
1071 2311 1360 2381 sordesque
1389 2311 1723 2365 Manichaeas.

503 2401 638 2456 Atto.
692 2402 956 2468 Quantum
1005 2401 1322 2455 Manicha'os
1372 2403 1650 2470 atljnvetis,
1689 2416 1808 2456 cum
1847 2415 2008 2471 grave

425 2490 612 2560 jngnm
657 2505 819 2560 super
841 2493 976 2544 ﬁlios
998 2493 1165 2545 Adam
1209 2499 1237 2544 Δ
1259 2492 1344 2546 die
1371 2492 1544 2545 exitus
1586 2492 1653 2546 de
1678 2499 1862 2545 ventre
1891 2506 2008 2543 ma.

431 2581 529 2634 tris
557 2596 740 2635 eorum
769 2581 786 2652 (
816 2581 973 2634 Eccli.
1002 2599 1088 2647 ιι,
1114 2584 1138 2636 1
1165 2583 1184 2654 )
1213 2598 1316 2636 non
1367 2582 1596 2636 tribuitis
1644 2583 1788 2650 justo
1807 2581 2008 2650 judicio

431 2673 549 2738 Dei,
578 2683 793 2742 propter
823 2674 1078 2742 originale
1122 2685 1416 2743 peccatum,
1445 2689 1508 2729 ac
1531 2675 1609 2727 sic
1637 2675 1808 2727 locum
1839 2673 2009 2728 facitis

431 2765 618 2820 alienze
639 2773 836 2819 naturze
853 2766 995 2826 tnali,
1015 2782 1171 2834 quam
1194 2766 1350 2818 tradit
1371 2766 1586 2819 insanus
1601 2781 1752 2820 error
1770 2765 2004 2830 illorum,

430 2865 485 2909 et
515 2871 658 2926 sa-pe
697 2856 1089 2922 admonuimus,
1118 2866 1172 2910 et
1201 2858 1284 2909 tibi
1313 2865 1665 2926 opportunum
1693 2857 1861 2908 visum
1892 2856 2007 2908 fne-

430 2948 518 3010 rit,
555 2964 659 3001 non
707 2949 1032 3003 cessabimus
1073 2949 1378 3003 admonere.
1419 2948 1568 3002 Nunc
1613 2947 1860 3017 quoniam
1914 2961 2010 3002 vos

419 3041 502 3094 ita
539 3039 700 3094 fortes
737 3055 854 3094 esse
877 3039 1110 3109 jactatis,
1141 3049 1200 3093 ut
1250 3048 1423 3093 tamen
1471 3054 1570 3110 pro
1614 3039 1794 3092 multis
1845 3037 2006 3092 etiam

430 3140 604 3184 vestra
629 3172 643 3194 ,
687 3133 929 3200 quamvis
986 3149 1005 3182 ι
1042 3116 1344 3196 mediocria
1399 3141 1539 3195 vota,
1575 3149 1594 3182 ι
1624 3130 1966 3185 commendes
1989 3171 2005 3196 ,

432 3222 644 3290 quibus,
699 3231 758 3275 ut
785 3222 938 3284 dicis,
1000 3241 1018 3273 ς
1066 3221 1260 3290 optatis
1317 3223 1743 3290 persecutionum
1798 3231 2008 3278 tumore

429 3327 736 3382 compresso
772 3313 951 3383 pepuli
999 3313 1284 3367 subvenire
1316 3329 1330 3364 :
1369 3331 1388 3365 ι
1413 3329 1594 3383 qu:rro
1615 3313 1708 3366 abs
1731 3320 1803 3378 te,
1831 3323 2007 3368 utrum

433 3403 486 3457 id
528 3419 558 3456 a
608 3403 835 3458 Βοιιιὶιιο
858 3404 1072 3472 optetis.
1105 3403 1256 3472 Quod
1287 3403 1330 3456 si
1372 3419 1475 3457 non
1509 3402 1697 3466 facitis,
1731 3419 1834 3456 non
1885 3413 2011 3460 sunt

435 3493 534 3545 ista
565 3503 684 3546 vota
715 3493 1003 3546 christiana
1034 3511 1048 3546 :
1080 3494 1124 3546 si
1169 3501 1345 3546 autem
1375 3492 1564 3555 facitis,
1593 3494 1860 3561 quomodo
1887 3509 2009 3563 spe-

429 3583 580 3644 ratis,
613 3584 873 3637 exauditis
909 3585 1046 3637 votis
1068 3585 1278 3650 vestris,
1326 3584 1428 3639 hoc
1467 3585 1751 3639 Dominum
1783 3586 2006 3656 largitu-

432 3674 813 3744 rum?Nempe
864 3684 922 3729 ut
949 3675 1109 3730 corda
1160 3677 1434 3730 hominum
1478 3693 1595 3748 qu-c
1624 3677 1845 3731 adversa
1876 3688 2004 3734 sunt

432 3767 602 3831 vobis,
633 3766 684 3819 in
723 3775 956 3820 vestrum
982 3767 1209 3821 favorem
1258 3778 1314 3822 et
1354 3784 1588 3822 amorem
1634 3779 1926 3824 convertat.
1951 3770 2008 3826 Si

430 3855 533 3911 hoc
561 3857 797 3922 creditis,
841 3846 1136 3927 profer-istis
1161 3875 1175 3924 ;
1211 3874 1304 3913 vos
1344 3859 1486 3927 ipsos
1513 3869 1824 3916 convertere
1843 3863 1886 3927 ³,
1912 3877 2008 3918 vos

431 3947 576 4012 ipsos
620 3948 670 4002 in
701 3948 888 4002 melius
921 3958 1123 4004 mutare
1166 3950 1276 4020 jam
1305 3951 1483 4019 carpit.
1514 3949 1773 4020 Cogitate,
1803 3968 2002 4022 qumso,

431 4039 593 4106 istud,
638 4048 798 4109 atque
850 4040 1098 4104 retinete,
1154 4042 1473 4112 tantl3mque
1521 4041 1757 4097 fatemini
1791 4045 2006 4112 operari

430 4131 847 4199 omnipotentem
879 4133 1040 4186 Deum
1071 4132 1120 4185 in
1160 4133 1412 4188 cordibus
1451 4132 1723 4188 hominum
1764 4134 2006 4188 volunta-

430 4229 532 4285 tes,
578 4235 897 4290 aversosque
933 4232 1286 4276 convertere:
1326 4222 1396 4275 ita
1435 4223 1550 4292 ejus
1590 4223 2005 4278 misericordiam

429 4309 759 4380 gratiamque
811 4311 1068 4380 sapietis:
1103 4319 1157 4366 et
1210 4313 1296 4364 ubi
1347 4313 1449 4366 hoc
1499 4329 1604 4366 non
1643 4313 2007 4383 agit,judieia

429 4404 656 4468 occulta,
685 4403 780 4458 sed
815 4403 976 4474 justa.
1021 4403 1110 4458 Sic
1155 4413 1272 4457 vota
1310 4414 1490 4458 nostra
1543 4406 1718 4474 potius
1763 4406 2006 4462 fortassis

429 4495 694 4559 exaudiet,
736 4503 794 4548 ut
817 4509 910 4549 vos
929 4494 994 4549 ad
1040 4495 1193 4548 ﬁdem
1232 4495 1566 4561 catholicam,
1601 4497 1738 4550 sicut
1767 4496 2010 4552 Turban-

432 4585 563 4636 tium
584 4585 739 4652 paulo
765 4594 888 4639 ante
919 4595 1176 4650 vestrum,
1226 4601 1366 4639 nunc
1415 4601 1548 4640 vero
1595 4601 1716 4642 esse
1749 4586 1859 4657 jam
1904 4604 2006 4644 no-

431 4682 622 4737 strum,
645 4673 804 4727 simili
834 4690 944 4736 sua,
957 4677 1263 4744 operatione
1305 4685 1462 4746 atque
1488 4677 1830 4733 miseratione
1878 4694 2007 4734 con-

430 4769 618 4816 vertat.

504 4851 568 4906 V.
599 4851 718 4906 JUL.
749 4851 853 4908 Sed
891 4853 998 4922 jam
1029 4853 1397 4924 aggrediamur
1422 4855 1488 4908 ad
1538 4871 1774 4912 causam.
1802 4857 2005 4913 Claruit

431 4951 536 4996 tam
572 4945 748 5013 priore
788 4960 946 5016 quam
995 4945 1240 5015 praesenti
1294 4961 1474 5015 opere,
1523 4949 2004 5020 concupiscentiam

432 5034 747 5099 naturalem,
769 5036 884 5090 sine
923 5051 1024 5106 qua
1047 5051 1266 5091 sexuum
1294 5052 1398 5092 non
1446 5047 1617 5106 potest
1644 5055 1763 5096 esse
1791 5043 2006 5096 commi-

431 5123 562 5186 xtio,
591 5137 620 5176 a
649 5125 776 5188 Deo,
803 5126 890 5195 qui
917 5135 999 5180 est
1019 5135 1074 5182 et
1100 5127 1373 5182 hominum
1395 5138 1449 5184 et
1475 5129 1736 5200 pecudum
1757 5132 2002 5186 conditor

436 5216 452 5280 (
489 5209 564 5266 De
589 5211 795 5282 Nuptiis
813 5224 858 5269 et
901 5216 1336 5288 Concupiscentia,
1381 5219 1467 5274 lib.
1512 5220 1567 5285 2,
1592 5238 1647 5273 η.
1673 5221 1743 5275 25
1768 5220 1813 5294 ),
1857 5223 2008 5276 insti-

432 5313 618 5357 tutam.
645 5303 795 5372 Quod
816 5316 1020 5360 tantum
1042 5309 1199 5374 valet,
1227 5311 1562 5364 conlessione
1588 5326 1797 5381 quoque
1813 5311 2006 5366 adver-

431 5395 555 5448 sarii
603 5396 730 5464 mei,
759 5405 816 5450 ut
850 5397 966 5454 sine
1014 5400 1129 5469 ejus
1157 5401 1564 5471 vituperatione,
1606 5403 1656 5455 id
1683 5413 1782 5465 est,
1818 5418 2004 5458 carna-

495 5548 511 5612 ξ
548 5546 664 5612 sunt
683 5583 698 5604 ,
721 5547 970 5600 tolerantia
987 5564 1002 5612 ;
1018 5551 1418 5602 dissentientibus
1442 5533 1791 5612 manusrriptls.

494 5608 513 5636 '
544 5609 701 5658 C(xlett
752 5618 904 5669 l'ort.,
949 5611 994 5661 si
1057 5613 1146 5661 Iwc
1213 5615 1436 5672 creditis,
1501 5608 1710 5676 proferto
1757 5629 1833 5664 res
1879 5613 2004 5676 ipsos

429 5677 712 5722 conuertere.

1091 286 1332 345 OPERIS
1370 283 1779 342 IMPERFECTI
1817 281 2087 338 CONTRA
2126 281 2481 350 JULIANUM,
2521 285 2578 339 S.
2619 285 2979 343 AUCUSTINI

3537 291 3676 352 me

2112 399 2176 452 lis
2202 398 2662 468 concupiscentiae,
2693 409 2744 456 et
2761 403 2876 456 sine
2893 401 3234 458 infamatione
3258 405 3676 476 eominixtionis,

2106 494 2271 548 asseri
2303 494 2508 562 penitus
2533 509 2636 548 non
2667 497 2832 564 possit
2857 496 3097 568 naturale
3117 506 3415 568 peccatum.

2177 586 2309 639 Anc.
2331 586 2818 656 Concupiscentiam
2849 589 2959 642 sive
2993 590 3304 655 naturalem,
3343 589 3455 646 sive
3484 606 3678 649 carna-

2106 673 2209 728 lem
2243 675 2334 729 tibi
2363 676 2566 747 placeat
2593 679 2880 746 appellare,
2906 695 3020 733 eam
3049 695 3144 734 nos
3183 683 3670 751 concupiscentiam

2105 767 2486 836 vituperamus,
2516 784 2615 837 qua
2639 784 2766 823 caro
2791 770 3386 838 cencupiscitadversus
3411 777 3680 846 spiritum,

2107 865 2160 910 et
2188 857 2347 910 trahit
2369 857 2434 911 ad
2457 859 2656 925 illicita,
2677 861 2778 912 nisi
2806 868 2861 914 et
2896 863 3112 929 spiritus
3149 863 3403 920 adversus
3424 882 3542 920 eaut
3568 869 3678 923 for-

2109 945 2212 999 tius
2249 949 2606 1016 concupiscat.
2637 949 2782 1003 llanc
2802 951 3186 1006 dissensionem
3205 954 3253 1006 in
3273 957 3518 1023 paradiso
3541 958 3674 1013 dici-

2107 1052 2226 1090 mus
2253 1053 2356 1092 non
2387 1037 2568 1105 fuisse,
2601 1041 2812 1110 quando
2847 1043 2935 1111 qui
2959 1042 3026 1096 ibi
3055 1052 3225 1110 erant,
3261 1045 3384 1099 nudi
3422 1058 3598 1114 erant,
3620 1060 3678 1105 et

2107 1142 2211 1180 non
2241 1129 2712 1188 confundebantur.
2733 1133 2877 1188 llanc
2900 1146 3015 1203 post
3045 1147 3320 1204 peceatum
3341 1155 3459 1196 esse
3475 1145 3678 1211 cmpis-

2108 1234 2188 1285 se,
2229 1221 2340 1288 ipsa
2387 1237 2475 1279 res
2506 1224 2742 1290 clamat,
2769 1225 3190 1296 quandoquidem
3236 1239 3356 1298 post
3403 1244 3678 1302 peccatum

2109 1310 2350 1378 pudenda
2395 1310 2657 1376 texerunt,
2689 1331 2806 1383 qua:
2843 1317 2988 1384 prius
3028 1317 3268 1386 pudenda
3307 1336 3410 1375 non
3449 1321 3679 1378 fuerant.

2109 1399 2287 1470 Neque
2318 1411 2372 1456 ut
2399 1405 2534 1456 nttda
2562 1406 2708 1474 prius
2736 1419 2936 1472 essent,
2991 1409 3336 1478 impudentia,
3385 1414 3478 1468 sed
3517 1415 3675 1470 inno-

2109 1492 2279 1545 Centia
2329 1491 2552 1547 faciebat
2581 1513 2594 1548 :
2625 1496 2744 1564 quia
2787 1505 2839 1550 et
2878 1498 3200 1566 impudentia
3233 1502 3417 1556 vitium
3452 1514 3567 1570 est;
3597 1507 3676 1562 illi

2110 1590 2286 1636 autem
2316 1584 2528 1652 quando
2553 1575 2648 1638 eos
2667 1586 2836 1641 nudos
2873 1603 2992 1642 esse
3040 1604 3144 1643 nou
3193 1590 3445 1660 pudebat,
3494 1597 3677 1664 utique

2109 1673 2293 1727 vitium
2336 1690 2440 1729 non
2492 1675 2775 1731 habebant.
2809 1679 2918 1734 lloc
2960 1696 3088 1750 ergo
3138 1683 3356 1748 malmn,
3400 1701 3506 1755 quo
3555 1704 3684 1742 caro

2109 1766 2433 1834 concupiscit
2479 1767 2736 1824 adverSus
2772 1769 3060 1839 spiritum,
3106 1771 3390 1829 luereticus
3443 1775 3684 1834 Julianus

2110 1853 2239 1908 dicit
2271 1871 2388 1909 esse
2419 1855 2616 1910 bonum
2647 1875 2661 1910 :
2696 1859 2794 1914 hoc
2821 1861 3014 1914 malum
3045 1877 3112 1916 ex
3139 1863 3308 1918 aliena
3349 1866 3471 1920 mali
3499 1879 3685 1925 natura

2112 1944 2267 1999 nobis
2296 1959 2416 2000 esse
2444 1949 2784 2002 commixtum
2838 1949 2966 2004 dicit
3008 1952 3143 2006 alius
3191 1953 3474 2010 ha-reticus
3515 1957 3686 2012 Mani-

2111 2034 2292 2091 chacus
2321 2054 2332 2090 :
2369 2038 2468 2092 hoc
2513 2040 2710 2094 malum
2762 2057 2856 2110 per
2889 2045 3380 2111 prmvaricationem
3411 2049 3564 2117 primi
3593 2050 3688 2104 ho-

2112 2123 2270 2178 minis
2316 2126 2368 2179 in
2409 2137 2638 2182 nostram
2687 2129 2870 2184 dicens
2915 2133 3139 2188 vertisse
3168 2145 3428 2206 naturam,
3457 2139 3686 2196 catholi-

2113 2227 2206 2266 cus
2225 2215 2410 2270 ambos
2434 2216 2596 2271 vineit
2623 2219 2950 2274 Ambrosius.
3386 2287 3397 2296 _

2183 2303 2272 2359 Vl.
2307 2305 2593 2374 JUL.Qnod
2621 2311 2866 2374 quoniam
2889 2326 2918 2364 a
2953 2310 3108 2366 nobis
3133 2327 3194 2367 ea
3233 2313 3682 2388 facultate,quam

2113 2396 2311 2450 veritas
2358 2399 2732 2467 Suppeditavil,
2765 2411 3041 2456 ostensum
3081 2413 3183 2468 est,
3242 2406 3472 2474 prudens
3523 2408 3688 2466 lector

2114 2500 2272 2556 super
2295 2487 2394 2541 hoc
2441 2489 2661 2544 ulterius
2705 2489 2946 2546 dubitare
2994 2508 3098 2546 non
3143 2493 3338 2560 debet;
3370 2497 3691 2570 ubicumque

2114 2573 2218 2630 hoc
2265 2576 2315 2629 in
2345 2577 2658 2632 Traduciaui
2709 2581 2920 2650 scriptis
2968 2585 3263 2639 occurrerit
3292 2586 3312 2658 (
3339 2587 3454 2642 sine
3483 2606 3592 2660 quo
3614 2600 3691 2645 ta-

2114 2682 2235 2720 men
2261 2667 2406 2722 hiare
2435 2685 2538 2722 non
2569 2680 2742 2740 potest
2770 2673 2809 2740 ),
2836 2673 2966 2728 nihil
3013 2685 3222 2731 moveat
3262 2677 3564 2744 audientes,
3597 2683 3688 2736 sed

2114 2756 2167 2810 in
2211 2760 2583 2814 verecundiam
2625 2771 2950 2833 protestetur
2971 2768 3205 2822 auctoris
3235 2786 3248 2825 :
3275 2785 3373 2824 nos
3420 2781 3600 2827 autem
3630 2774 3681 2830 id

2113 2849 2390 2922 deinceps,
2431 2853 2473 2906 si
2519 2869 2604 2909 res
2658 2858 2998 2927 compulerit,
3065 2863 3361 2918 necessaria
3418 2866 3677 2923 brevitate

2114 2947 2407 3011 tangemus.
2436 2943 2620 3013 Arguit
2665 2961 2792 3016 ergo
2844 2949 2985 3020 quod
3009 2950 3118 3006 dixi
3149 2971 3220 3007 τι(
3259 2953 3360 3010 Ista
3403 2972 3688 3024 corporum

2113 3034 2440 3102 commixtio,
2467 3051 2586 3092 cum
2604 3038 2936 3104 calore,cum
2964 3043 3249 3113 voluptate,
3277 3062 3395 3102 cum
3417 3051 3622 3106 semine
3657 3066 3688 3106 a

2115 3124 2225 3178 Deo
2251 3124 2404 3186 facta,
2433 3135 2484 3180 et
2509 3142 2606 3196 pro
2630 3144 2728 3182 suo
2755 3131 2912 3184 modo
2977 3132 3254 3187 laudabilis
3298 3141 3640 3204 approbatur.
3665 3163 3686 3194 ι

2115 3217 2134 3284 (
2143 3217 2214 3271 De
2238 3216 2444 3288 Nuptiis
2469 3229 2513 3273 et
2534 3219 2940 3292 Concupiscentia
2959 3223 3106 3290 (ηιξ,
3127 3227 3301 3296 12.9.5).
3325 3228 3426 3284 Sed
3442 3235 3690 3298 prazteriit

2115 3307 2243 3361 illud
2270 3308 2408 3376 quod
2429 3310 2634 3364 subdidi
2664 3328 2679 3366 :
2709 3331 2728 3362 ι
2755 3313 2829 3368 De
2858 3327 3124 3379 reaulem,
3149 3333 3266 3387 qua:
3289 3317 3524 3375 instituta
3543 3331 3689 3376 natu-

2114 3398 2316 3462 raliter,
2351 3398 2408 3453 ﬁt
2433 3401 2450 3431 ί
2476 3401 2758 3470 aliquando
2790 3405 2948 3460 etiam
2976 3407 3206 3476 amplum
3243 3426 3437 3465 munus
3461 3411 3685 3480 piorum,

2113 3486 2360 3542 diabolus
2377 3489 2474 3542 sibi
2495 3505 2591 3544 nec
2617 3499 2700 3544 tua
2731 3491 2903 3549 fronte
2931 3497 3302 3568 audetaliquid
3330 3501 3616 3557 vindicare.
3649 3522 3669 3554 ι

2185 3579 2319 3634 Auc.
2351 3579 2440 3632 Ille
2468 3580 2569 3636 hoc
2613 3586 2972 3653 praetermisit,
3000 3589 3088 3656 qui
3119 3604 3234 3642 eam
3265 3591 3352 3645 cui
3395 3594 3685 3661 responde-

2115 3669 2258 3736 bam,
2307 3671 2598 3728 chartulam
2645 3675 2820 3742 misit;
2853 3677 3079 3734 fortasse
3107 3681 3409 3750 intelligens
3449 3685 3589 3754 quod
3635 3697 3686 3740 ιιι

2114 3775 2218 3814 non
2245 3761 2508 3832 intelligis,
2542 3765 2631 3834 qui
2659 3774 2761 3819 tam
2789 3767 3000 3824 incaute
3029 3769 3231 3825 locutus
3258 3789 3340 3839 es,
3375 3783 3432 3830 ut
3455 3775 3677 3842 diceres,

2121 3870 2139 3902 ι
2181 3851 2253 3906 De
2276 3867 2334 3908 re
2363 3853 2596 3908 instituta
2625 3857 2952 3922 naturaliter,
2983 3875 3102 3928 qua:
3134 3861 3192 3914 lit
3216 3861 3501 3930 aliquando
3522 3866 3678 3919 etiam

2114 3944 2346 4011 amplum
2375 3961 2562 4000 munus
2591 3947 2816 4016 piorum,
2838 3965 2942 4002 non
2965 3950 3162 4006 audere
3191 3952 3459 4008 diabolum
3487 3955 3684 4025 aliquid

2115 4035 2213 4087 sibi
2238 4035 2504 4091 vindicare
2531 4055 2544 4090 :
2585 4056 2604 4089 ι
2634 4054 2754 4092 cum
2784 4055 2813 4092 v
2832 4039 3070 4094 idcamns
3105 4043 3244 4111 quod
3277 4043 3421 4112 ipsos
3450 4044 3687 4106 homines

2115 4125 2354 4179 diabolus
2385 4127 2484 4181 sibi
2517 4129 2764 4193 vindicet,
2796 4131 2883 4200 qui
2915 4131 3096 4202 utique
3121 4134 3434 4188 naturaliter
3478 4136 3680 4189 institu-

2117 4215 2152 4268 ti
2183 4225 2323 4270 snnt.
2353 4217 2431 4270 An
2476 4216 2610 4272 forte
2633 4217 2874 4275 homines
2900 4237 3004 4274 non
3042 4231 3185 4286 sunt,
3214 4225 3302 4294 qui
3331 4235 3591 4280 eruuntur
3621 4225 3686 4281 de

2117 4315 2374 4376 potestate
2426 4309 2782 4373 tenebrarum,
2811 4326 3035 4381 quarum
3065 4321 3210 4368 tenet
3246 4314 3492 4370 diabolus
3540 4317 3681 4386 prin-

2113 4398 2343 4465 cipatum
2371 4398 2507 4452 ?ant
2542 4414 2670 4453 vero
2699 4399 2770 4454 ita
2807 4401 3026 4470 desipis,
3078 4411 3136 4455 ut
3178 4403 3418 4459 afﬁrmes
3457 4422 3552 4460 eos
3591 4405 3684 4460 sibi

2113 4485 2380 4542 diabolum
2411 4503 2515 4542 non
2539 4488 2827 4558 vindicare,
2856 4507 2988 4560 quos
3023 4492 3277 4561 possidet,
3305 4503 3362 4549 et
3387 4511 3500 4551 sua:
3539 4506 3676 4567 pote-

2115 4578 2237 4631 stati
2267 4579 2504 4633 subditos
2534 4579 2719 4634 tenet?
2757 4579 2864 4634 Sed
2893 4591 2948 4634 ut
2971 4591 3169 4636 taceam
3197 4583 3261 4636 de
3287 4585 3370 4640 his
3389 4625 3404 4648 ,
3437 4601 3573 4654 quos
3597 4602 3685 4654 po-

2116 4670 2265 4722 testis
2289 4669 2490 4737 diecre,
2530 4685 2624 4740 per
2669 4685 2819 4724 suam
2847 4673 3041 4726 malam
3084 4674 3412 4728 voluntatem
3436 4675 3687 4731 adiabulo

2115 4759 2374 4828 possideri
2410 4777 2423 4812 :
2468 4760 2592 4830 quid
2647 4761 2883 4816 dicturus
2929 4777 2988 4817 es
3031 4762 3099 4816 de
3152 4765 3262 4828 illo,
3296 4763 3362 4819 de
3407 4781 3515 4836 quo
3543 4776 3688 4838 pater

2115 4847 2300 4918 ipsius,
2333 4847 2557 4904 Domino
2586 4850 2976 4920 interrogante,
3008 4854 3302 4922 respondit,
3330 4855 3472 4924 quod
3519 4873 3582 4909 ex
3608 4855 3682 4910 itt-

2115 4936 2273 4992 fantia
2317 4953 2410 4992 sua
2433 4938 2501 4993 ab
2525 4940 2796 4995 immundo
2817 4943 3003 5010 spiritu
3048 4954 3332 4998 vexaretur
3362 4947 3381 5018 (
3414 4945 3582 5000 Marc.
3613 4963 3682 5010 ιι,

2112 5027 2220 5098 20)
2245 5026 2475 5083 ?Nonne
2501 5031 2736 5083 membra
2761 5030 2876 5099 ejus
2899 5040 2953 5084 et
2979 5047 3190 5099 sensus,
3220 5049 3338 5102 qua:
3373 5038 3549 5088 omnia
3585 5037 3683 5088 Deo

2112 5128 2328 5171 auctore
2359 5119 2666 5173 naturaliter
2691 5119 2926 5174 instituta
2956 5129 3098 5186 sunt,
3128 5131 3181 5176 et
3211 5121 3495 5190 impiorum
3542 5139 3684 5178 conto

2114 5211 2292 5264 munia
2346 5212 2654 5280 piorutnque
2709 5221 2828 5264 sunt
2893 5227 3134 5280 munera,
3184 5214 3426 5268 diabolus
3478 5215 3578 5270 sibi
3631 5225 3683 5268 ut

2113 5302 2369 5370 afﬂigeret
2419 5301 2938 5368 vindieabat?Quod
2978 5304 3101 5358 licet
3155 5303 3327 5359 facere
3360 5322 3463 5359 non
3486 5316 3684 5377 posset,

2114 5394 2257 5446 nisia
2289 5402 2526 5446 creatore
2553 5392 2783 5446 hominis
2811 5393 2920 5446 Deo
2955 5395 3095 5447 bono
3141 5404 3192 5449 et
3237 5395 3386 5464 justo
3425 5396 3681 5465 acciperet

2115 5493 2463 5552 potestatem,
2494 5481 2660 5536 (δεῖν
2693 5491 2891 5546 tamen,
2949 5495 3003 5537 et
3059 5494 3144 5539 tua
3194 5487 3352 5540 verba
3400 5485 3675 5542 vanissima

2179 5616 2192 5646 ί
2234 5616 2517 5676 \‘iguierius,
2551 5614 2628 5664 sil.
2649 5622 2777 5674 Mss,
2801 5613 2871 5677 ﬁt.

2178 5678 2196 5705 ²
2231 5690 2301 5724 stc
2328 5684 2426 5724 \tss.
2465 5684 2509 5724 lu
2539 5679 2902 5740 tign.,[u(lum.
