3934 6178
430 319 568 377 “59

430 457 710 521 novimus;
752 454 877 510 inde
916 453 1110 522 quippe
1148 451 1280 507 estis
1322 449 1557 504 lueretici
1590 465 1603 501 :
1636 461 1698 502 ac
1728 454 1874 515 peste
1911 456 2009 496 no-

430 548 555 602 vitia
587 555 770 602 contra
812 543 1176 613 antiquitatem
1220 542 1494 596 catholicte
1541 538 1795 595 Ecclesiae
1822 536 2009 607 dispu-

431 638 575 705 tatis,
608 637 846 691 dicentes
886 650 996 689 non
1021 634 1138 688 erui
1180 633 1425 702 parvulos
1463 631 1532 686 de
1572 636 1833 699 potestate
1862 636 2010 681 tene-

428 727 644 781 brarum
689 726 858 796 gratia
901 723 1308 794 Redemptoris;
1357 737 1477 777 cum
1520 720 1789 775 Catholica
1841 718 1891 771 in
1931 717 2010 771 eis

426 816 673 870 exsufﬂet
701 824 756 870 et
783 818 1070 878 exorcizet,
1103 815 1283 883 utique
1325 822 1640 882 potestatem
1668 809 1885 874 diaboli,
1909 823 2007 863 ne-

424 920 529 975 que
553 906 694 960 cnim
723 906 1007 976 imaginem
1034 904 1147 959 Dei.
1175 903 1310 970 Quid
1334 913 1418 957 est
1441 917 1568 972 ergo
1592 900 1731 971 quod
1761 900 1910 962 dicis,
1940 896 2010 952 Ut

348 1024 359 1031 ι
424 997 511 1067 qui
554 1007 828 1050 nascuntur
870 998 1049 1060 uiliter,
1097 1013 1198 1050 non
1246 1005 1414 1050 tamen
1460 994 1639 1059 noxia,
1680 1002 2010 1047 renascantur

425 1088 659 1157 pretiose,
703 1104 805 1141 non
851 1097 1017 1141 tamen
1065 1086 1409 1150 calumniose;
1456 1100 1555 1139 nec
1603 1085 1773 1154 ipsum
1822 1097 2008 1138 eorum

425 1182 675 1250 pretium,
717 1195 824 1250 quo
868 1181 927 1234 fit
970 1188 1025 1233 ut
1071 1180 1301 1249 pretiose
1349 1186 1696 1233 renascantur
1737 1174 2007 1229 attendis?

423 1270 559 1338 Quid
601 1280 682 1325 est
710 1271 874 1335 enim,
911 1270 1012 1324 nisi
1058 1270 1274 1339 sanguis
1320 1268 1457 1338 Agni
1507 1266 1870 1321 immaculati?
1915 1264 2008 1335 qui

422 1363 549 1414 eur‘
580 1362 649 1415 sit
674 1361 894 1425 ell‘usus,
926 1361 1119 1414 clamat
1158 1361 1271 1429 ipse
1299 1360 1500 1428 Agnus.
1534 1359 1726 1410 Annon
1768 1356 1880 1425 ipse
1909 1354 2004 1421 ait,

423 1451 528 1505 llic
553 1464 625 1507 est
646 1453 851 1523 sanguis
878 1438 1037 1519 meus,
1065 1452 1150 1521 qui
1178 1468 1270 1522 pro
1304 1450 1506 1504 multis”
1543 1448 1827 1513 elfundetur
1847 1448 1899 1501 in
1923 1463 2006 1501 re-

423 1545 711 1597 missionem
743 1553 1055 1611 peccatorum
1082 1542 1294 1613 {51atth.
1314 1557 1461 1604 nrt,
1486 1540 1617 1611 28)?
1639 1539 1717 1595 Tu
1739 1554 1866 1594 vero
1895 1554 2008 1592 ma—

422 1652 558 1701 gnus
589 1635 993 1689 mirabiliarius’
1039 1642 1090 1687 et
1121 1635 1251 1687 dicis
1296 1633 1443 1688 illum
1492 1633 1801 1701 sanguinem
1846 1630 2004 1686 etiam

422 1741 524 1795 pro
574 1727 805 1795 parvulis
850 1724 1015 1789 fundi,
1048 1733 1099 1778 et
1128 1739 1291 1794 negas
1331 1725 1411 1778 eis
1459 1739 1556 1793 per
1610 1724 1758 1777 illum
1790 1731 2005 1792 peccata

423 1817 527 1869 ulla
559 1817 789 1881 dimitti;
823 1816 961 1871 dicis
1002 1816 1275 1882 lavandos,
1301 1826 1356 1870 et
1384 1830 1546 1885 negas
1573 1813 1896 1877 abluendos;
1927 1813 2009 1867 di-

423 1907 503 1959 cis
547 1907 910 1972 innovandos,
951 1916 1004 1961 et
1054 1922 1213 1975 negas
1254 1922 1285 1960 a
1326 1915 1590 1960 vetustate
1636 1904 2003 1971 mandandos;

423 1995 558 2049 dicis
598 2006 693 2064 per
718 1997 1043 2051 Salvatorem
1071 1997 1421 2065 adoptandos,
1458 2006 1512 2050 et
1541 2012 1704 2067 negas
1740 2011 1860 2050 esse
1897 1995 2005 2049 sal-

423 2086 646 2141 vaudos.
692 2086 795 2141 Sed
854 2085 985 2139 nos‘
1022 2087 1103 2141 eis
1145 2087 1392 2141 videlicet
1433 2087 1836 2148 calumniamur,
1884 2086 2006 2155 quia

422 2177 652 2230 dicimus
679 2191 773 2232 eos
799 2188 1033 2230 mortuos
1058 2193 1178 2234 esse
1205 2179 1256 2231 in
1284 2177 1491 2232 delictis
1517 2188 1570 2231 ct
1600 2178 1859 2247 praeputio
1884 2192 2006 2232 car-

421 2269 505 2322 nis
549 2283 693 2331 sure;
726 2278 780 2322 et
823 2268 944 2323 ideo
974 2270 1024 2323 in
1068 2281 1238 2324 morte
1266 2270 1462 2324 Christi
1505 2270 1780 2337 baptizari,
1806 2279 1862 2324 ut
1892 2284 2007 2323 mo-

422 2362 633 2415 riantur
665 2371 900 2430 peccato,
929 2363 1018 2432 qui
1049 2364 1241 2417 mortui
1270 2364 1475 2417 fuerant
1503 2364 1554 2417 in
1584 2374 1798 2433 peccato
1827 2381 1840 2417 :
1870 2372 1923 2417 et
1951 2370 2004 2416 tu

421 2468 517 2508 eos
544 2452 807 2516 defendis,
831 2455 920 2523 qui
957 2455 1201 2524 negando
1238 2456 1355 2509 illos
1395 2465 1651 2521 mortuos,
1682 2456 1733 2509 id
1774 2455 1908 2525 agis,
1938 2469 2006 2510 ne

419 2547 488 2598 ab
513 2546 591 2599 eis
620 2548 760 2601 iuras
799 2548 1054 2609 mittatur,
1087 2549 1175 2616 qui
1221 2549 1409 2601 mortis
1451 2557 1769 2618 p0testatem
1816 2547 2003 2613 habet;

420 2650 485 2689 ac
527 2637 604 2689 sic
647 2637 715 2691 de
754 2646 926 2692 morte
967 2638 1163 2692 Christi
1211 2639 1413 2692 nullum
1460 2638 1772 2693 beneficium
1814 2652 2006 2692 conse—

419 2736 668 2796 quantur,
689 2728 777 2797 qui
809 2745 938 2782 unus
964 2746 1054 2800 pro
1079 2729 1308 2782 erunibus
1336 2740 1564 2783 mortuus
1588 2740 1679 2783 est.
1703 2728 1853 2798 Quod
1882 2744 2004 2784 cum

421 2814 643 2870 dixisset
688 2820 996 2886 Apostolus,
1050 2836 1171 2873 mox
1220 2820 1485 2873 conclusit
1526 2830 1685 2889 atque
1731 2820 1833 2884 ait,
1867 2818 2003 2890 Ergo

422 2924 592 2963 manes
618 2909 802 2960 mortui
822 2919 957 2971 sunt,
975 2919 1022 2962 et
1048 2927 1139 2979 pro
1165 2910 1392 2963 omnibus
1418 2919 1643 2962 mortuus
1671 2918 1743 2963 est
1781 2907 1855 2981 (ll
1883 2908 2001 2963 Cor.

421 3012 478 3061 γ,
509 2999 596 3063 Η,
624 2999 734 3066 15).
770 2998 920 3054 Unde
947 3002 1035 3070 qui
1068 3002 1136 3054 ita
1176 3001 1413 3055 defendit
1453 3001 1720 3069 parvulos,
1745 3009 1803 3055 ut
1845 3008 2005 3069 neget

419 3099 694 3153 mortuos;
741 3105 844 3142 non
873 3106 966 3145 eos
992 3108 1019 3144 a
1062 3101 1232 3145 morte
1260 3092 1516 3153 defendit,
1546 3092 1638 3145 sed
1682 3093 1734 3146 in
1776 3100 2002 3146 mortem

419 3179 707 3232 secundam
735 3181 947 3249 premit,
973 3196 1104 3249 quos
1130 3183 1198 3234 ah
1224 3182 1340 3250 ejus
1364 3182 1646 3248 beneﬁcio,
1672 3183 1761 3253 qui
1790 3182 2002 3238 nonnisi

418 3281 517 3336 pro
539 3274 760 3325 mortuis
791 3282 1029 3325 mortuus
1056 3272 1392 3341 przcdieatur,
1424 3273 1679 3327 excludit.

490 3359 558 3413 X.
599 3360 717 3415 JUL.
762 3361 885 3416 Post
935 3361 1077 3428 lucc,
1114 3378 1326 3417 onmem
1381 3364 1527 3416 illum
1580 3374 1884 3418 contextum
1933 3363 2002 3419 de

420 3451 684 3507 Abraham
706 3462 760 3507 et
784 3454 912 3507 Sara
930 3494 943 3515 ,
972 3456 1059 3524 qui
1080 3456 1340 3510 emortuis
1362 3456 1472 3525 jam
1496 3458 1809 3526 corporibus
1835 3456 1999 3510 lilium

419 3558 517 3612 pro
544 3559 764 3597 munere
790 3556 1130 3612 acceperunt,
1162 3561 1386 3615 quorum
1414 3548 1715 3615 exemplum
1745 3558 1997 3616 quantum

418 3636 626 3689 veritati
666 3636 1012 3706 suffragetur,
1062 3652 1168 3691 non
1211 3640 1380 3693 solum
1427 3641 1661 3708 sapiens,
1701 3640 1795 3694 sed
1837 3639 1998 3693 etiam

418 3727 705 3783 mediocris
739 3729 906 3783 lector
951 3729 1221 3799 intelligit,
1267 3733 1345 3786 sic
1391 3732 1664 3802 praeteriit,
1697 3740 1753 3786 ut
1799 3731 2000 3786 diceret

416 3829 600 3873 contra
629 3837 686 3875 se
711 3836 813 3874 non
855 3823 1074 3875 multum
1108 3823 1301 3878 valere.
1333 3825 1373 3877 A
1406 3839 1509 3894 qua
1554 3823 1877 3896 impudentia
1916 3823 1997 3877 vel

418 3911 504 3965 illa
532 3928 651 3967 eum
673 3912 855 3967 debuit
877 3898 1127 3969 revocare
1153 3916 1436 3982 sententia,
1455 3932 1571 3985 qua:
1600 3917 1667 3969 ita
1695 3924 1997 3970 constructa

417 4009 501 4055 est
533 4019 545 4053 :
593 4001 657 4055 Et
688 4012 743 4055 ut
768 4003 995 4070 breviter,
1023 4005 1223 4074 inquio,
1252 4007 1606 4074 disputationis
1634 4009 1782 4076 hujus
1802 4023 2000 4060 summa

416 4093 725 4158 claudatur;
768 4095 811 4148 si
853 4113 941 4165 per
978 4097 1433 4166 concupiscentiam
1472 4097 1697 4150 redditus
1744 4107 1817 4151 est
1853 4114 1999 4166 quem

416 4182 556 4237 Deus
586 4185 833 4253 promisit,
862 4185 991 4238 bona
1017 4186 1124 4237 sine
1149 4186 1298 4238 dubio
1320 4201 1433 4251 qua:
1458 4187 1665 4239 absolvit
1686 4185 1784 4239 Dei
1811 4187 1998 4255 fidem;

414 4278 458 4331 si
505 4278 612 4330 sine
656 4277 1088 4346 concupiscentia,
1126 4275 1279 4329 noxia
1324 4293 1423 4329 non
1469 4287 1628 4345 potest
1671 4294 1777 4330 esse
1819 4293 1998 4347 proge-

415 4370 558 4434 nito;
600 4384 712 4438 qua:
753 4385 841 4421 nec
883 4384 996 4422 cum
1034 4368 1398 4437 conciperetur,
1433 4384 1521 4420 nec
1556 4384 1670 4421 cum
1717 4379 1991 4438 pareretur,

413 4460 660 4528 interfuit.
1608 4524 1613 4527 1

488 4552 621 4606 Aac.
663 4552 789 4605 Sine
835 4550 1262 4620 concupiscentia
1306 4549 1483 4604 carnis
1540 4549 1768 4604 Abrahae
1831 4550 1992 4604 lilium

414 4624 945 4701 scminatum‘fuisse,
976 4643 1095 4710 quis
1122 4641 1303 4696 dicat?
1344 4640 1524 4710 Neque
1558 4643 1700 4695 enim
1732 4640 1833 4695 hoc
1861 4656 1995 4710 Opus

414 4735 570 4789 aliter
614 4732 767 4787 fieret
808 4734 859 4786 in
902 4748 1127 4802 corpore
1173 4734 1360 4787 mortis
1404 4733 1580 4802 hujus,
1608 4734 1674 4788 de
1719 4750 1824 4803 quo
1866 4735 1996 4788 dicit

419 4823 735 4893 Apostolus,
766 4822 959 4894 Corpus
986 4823 1185 4892 quidem
1214 4833 1467 4877 mortuum
1496 4834 1568 4877 est
1594 4835 1794 4895 propter
1820 4842 1995 4894 pecca-

418 4922 520 4969 tum
556 4914 726 4981 (Rom.
754 4930 865 4978 vnn,
908 4912 1013 4985 l0).
1047 4913 1156 4968 lloc
1185 4924 1360 4966 autem
1406 4915 1543 4969 malo
1571 4915 1727 4969 hene'
1750 4931 1876 4969 usus
1913 4925 1996 4970 est

415 5003 681 5059 Abraham
719 5003 770 5057 in
797 5005 1080 5060 concubitu
1121 5004 1385 5073 conjugali
1418 5025 1430 5059 :
1463 5006 1602 5075 quod
1650 5005 1843 5060 malum
1885 5022 1991 5061 non

416 5104 531 5150 erat
556 5096 607 5148 in
640 5109 864 5163 corpore
893 5096 1012 5150 vitre
1039 5097 1197 5157 illius,
1226 5112 1345 5166 qua:
1382 5096 1434 5150 in
1470 5097 1716 5167 paradiso
1745 5096 1845 5151 fuit
1872 5107 1994 5153 ante

418 5192 711 5255 peccatum.
746 5183 848 5238 Sed
881 5186 923 5239 si
962 5197 1241 5256 propterea
1283 5187 1417 5240 bona
1451 5189 1542 5241 tibi
1573 5187 1781 5241 videtur
1816 5188 1994 5243 carnis

413 5275 869 5347 cencupiscentia,
919 5277 1041 5346 quia
1087 5293 1178 5345 per
1225 5277 1369 5332 illam
1416 5278 1618 5333 reddita
1664 5288 1747 5333 est
1795 5278 1989 5348 proles,

480 5457 495 5488 I
536 5455 835 5518 viguierius,
857 5466 981 5503 cum.
1011 5459 1209 5518 At_\_tss.,
1239 5468 1345 5505 cur.

478 5519 499 5586 ξ
529 5515 606 5586 ξίέ
755 5523 803 5586 lat
829 5518 987 5586 “seu
1011 5515 1153 5586 ι’φίδε

479 5577 675 5640 't‘diti,
718 5576 1007 5628 mirabilius.
1055 5578 1221 5626 Melius
1265 5584 1391 5637 liis-5.,
1446 5577 1787 5628 ntlraliiliarias
1836 5590 1853 5626 :
1895 5592 1991 5640 (pro

416 5639 573 5702 verbis
590 5642 737 5688 utitur
771 5641 1060 5702 Augustinus
1082 5641 1128 5702 iu
1154 5646 1367 5691 'I'raetatu
1399 5643 1451 5689 i5
1478 5644 1522 5690 in
1552 5650 1677 5689 toan.
1701 5676 1713 5701 ,
1742 5654 1787 5688 η.
1823 5642 1892 5688 t7.

478 5698 499 5730 δ
527 5695 606 5748 Sic
628 5708 724 5749 uss.
756 5707 804 5748 In
828 5695 982 5763 (ign,
1006 5699 1091 5750 sed
1113 5712 1220 5750 non.

1101 315 1343 374 OPERIS
1383 311 1788 368 IMPERFECTI
1829 308 2102 365 CONTRA
2141 305 2497 375 JULIANUM,
2540 306 2597 361 S.
2638 304 3002 363 AUGUSTZNI

3552 306 3701 361 Hi0

2121 434 2279 488 quam
2322 418 2637 488 promiserat
2674 419 2845 485 Deus;
2887 418 3057 473 bonus
3099 417 3188 471 tibi
3222 417 3463 473 videatur
3489 430 3543 473 et
3577 419 3693 474 dia-

2118 508 2301 575 bolus,
2352 510 2473 578 quia
2526 525 2622 579 per
2670 510 2815 563 illum
2865 509 3079 579 sanguis
3117 507 3349 572 Christi,
3389 524 3498 579 quo
3549 510 3695 564 redi-

2118 614 2405 663 meremur,
2444 599 2642 654 effusus
2678 609 2789 664 est,
2831 615 2988 668 quem
3032 599 3170 653 Deus
3210 600 3549 668 promiserat.
3590 601 3707 655 Aur

2115 689 2300 753 latere,
2328 690 2486 745 etiam
2523 706 2617 760 per
2647 688 2860 760 aliquod
2887 690 3081 744 malum
3119 688 3270 745 reddi
3302 705 3459 761 posse
3482 691 3693 762 aliquod

2116 780 2334 835 bonum.

2185 872 2275 926 Xl.
2315 872 2433 927 Jun.
2475 871 2584 928 illis
2608 887 2736 944 ergo
2776 873 3150 942 prmtermissis
3180 872 3434 944 physicus
3472 873 3575 931 iste
3601 891 3695 930 no-

2113 980 2211 1019 vus
2239 964 2429 1020 falsum
2457 980 2575 1020 esse
2599 958 2927 1034 pronuntiat,
2951 965 3092 1035 quod
3124 981 3222 1020 nos
3246 966 3516 1021 diximus:
3549 967 3699 1023 Sicut

2114 1064 2232 1108 tunc
2254 1054 2407 1111 limus
2442 1058 2527 1127 qui
2558 1066 2846 1127 assumptus
2886 1067 2978 1121 est,
3007 1059 3238 1124 materia,
3266 1074 3367 1112 non
3395 1068 3573 1113 auctor
3601 1062 3695 1115 Ito-

2111 1143 2262 1197 minis
2288 1145 2431 1227 fuit?
2464 1146 2536 1199 ita
2566 1162 2700 1199 nunc
2728 1147 2800 1199 vis
2822 1146 2911 1199 illa
2930 1147 3222 1215 voluptatis,
3248 1150 3530 1218 confectrix
3557 1165 3704 1203 com-

2111 1234 2414 1305 mixtrixque
2444 1237 2712 1304 seminum,
2744 1255 2844 1292 non
2870 1239 3037 1309 explet
3078 1239 3263 1293 divinat
3289 1242 3595 1310 operationis
3622 1244 3701 1294 vi-

2110 1341 2254 1388 cem;
2285 1325 2375 1379 sed
2402 1326 2465 1379 de
2489 1328 2736 1382 thesauris
2765 1339 2960 1382 natura:
2992 1328 3142 1396 o/Tert
3169 1329 3297 1397 Deo,
3330 1331 3464 1384 unde
3488 1333 3575 1385 ille
3601 1332 3701 1385 lio-

2112 1416 2292 1469 nn'nem
2312 1417 2545 1488 dignetur
2565 1421 2785 1488 operari.
2807 1418 2936 1485 Quae
2962 1429 3137 1473 tamen
3157 1429 3305 1475 recte
3326 1436 3355 1473 a
3381 1435 3468 1476 me
3489 1421 3699 1490 prolata

2113 1515 2353 1571 testatur,
2384 1507 2478 1560 sed
2516 1517 2738 1576 excepto
2780 1523 2845 1562 eo
2873 1509 3016 1577 quod
3057 1510 3187 1574 dixi,
3220 1511 3424 1566 semina
3462 1512 3511 1565 vi
3540 1513 3703 1565 voln-

2111 1596 2270 1664 ptatis
2313 1595 2535 1661 confici;
2583 1597 3090 1668 philoSOphaturque
3137 1600 3239 1654 hoc
3289 1602 3483 1655 modo:
3533 1600 3697 1656 Volu-

2112 1697 2244 1756 ptas,
2276 1687 2465 1757 iuquit,
2498 1687 2592 1741 illa
2636 1691 3054 1760 concupiscentia
3086 1692 3306 1746 carnalis
3345 1711 3447 1747 non
3489 1697 3709 1764 conﬁcit

2110 1777 2322 1841 semina,
2353 1777 2442 1830 sed
2482 1796 2540 1832 ea
2568 1795 2683 1848 qua:
2697 1782 2810 1851 jam
2836 1790 2951 1833 sunt
2987 1781 3040 1834 in
3066 1784 3358 1852 corporibus
3382 1801 3414 1837 a
3441 1800 3553 1838 vero
3584 1786 3700 1840 Deo

2111 1867 2365 1930 condita‘,
2406 1884 2506 1921 non
2537 1869 2664 1936 [inut
2691 1871 2976 1939 voluptate,
3021 1871 3109 1925 sed
3147 1873 3431 1926 excitantur
3471 1890 3519 1928 et
3542 1877 3699 1930 emit-

2111 1966 2286 2011 tuntur
2324 1975 2438 2011 cum
2479 1960 2734 2029 voluptate
2780 1961 2890 2033 (De
2937 1962 3147 2032 Nuptiis
3174 1975 3222 2017 et
3255 1962 3693 2034 Concupisrcntia.

2110 2049 2198 2103 lib.
2216 2048 2271 2113 2,
2292 2067 2343 2103 η.
2370 2049 2484 2122 9.6).
2520 2052 2631 2105 iloc
2662 2068 2789 2107 sane
2818 2064 3036 2123 apparet
3064 2071 3207 2123 cum,
3237 2072 3339 2109 non
3370 2056 3571 2123 fraude,
3591 2063 3711 2114 sed”

2110 2139 2318 2195 defectu
2355 2143 2712 2213 intelligentia:
2752 2147 3051 2214 protulisse.
3083 2145 3201 2200 Vim
3244 2149 3439 2218 quippe
3464 2166 3562 2219 ego
3596 2168 3701 2203 vn-

2111 2231 2344 2301 luptatis,
2378 2234 2544 2302 ipsam
2583 2236 3014 2305 virilis-corporis
3045 2239 3303 2293 rationem
3334 2242 3695 2310 pronuntiavi,

2109 2321 2194 2375 cui
2224 2337 2443 2378 necesse
2485 2324 2644 2378 habui
2683 2326 2943 2379 virilitatis
2989 2343 3181 2382 nomen
3234 2329 3526 2398 imponere.
3571 2333 3691 2401 Ipsa

2109 2427 2235 2481 ergo
2265 2413 2407 2482 (quia
2441 2415 2680 2468 trivimus
2698 2416 2805 2484 jam
2835 2417 2936 2469 hoc
2960 2418 3216 2490 verbum)
3246 2420 3486 2484 virilitas,
3515 2423 3565 2475 in
3593 2439 3691 2491 ge-

2109 2501 2346 2555 nitalium
2379 2512 2431 2557 et
2459 2504 2718 2558 viscerum
2747 2521 2999 2577 compage
3025 2522 3087 2561 ac
3116 2509 3341 2563 sanitate
3370 2511 3693 2575 consistens,

2108 2608 2227 2662 qua:
2251 2604 2306 2648 et
2346 2599 2663 2663 appetentius
2693 2607 2747 2651 et
2773 2598 3072 2653 efficientia:
3110 2600 3254 2656 vires
3293 2602 3574 2668 ministrat,
3610 2607 3697 2658 \is

2107 2695 2137 2734 a
2169 2698 2253 2737 me
2273 2685 2554 2753 voluptatis
2577 2696 2629 2739 et
2655 2689 3098 2757 concupiscentim
3126 2693 3395 2746 nominata
3423 2703 3523 2748 est.
3565 2694 3715 2749 ldeo‘

2108 2775 2249 2828 enim
2280 2792 2383 2829 non
2416 2778 2740 2846 voluptatem
2781 2781 3112 2849 simpliciter,
3137 2784 3228 2837 sed
3270 2784 3376 2837 vim
3404 2786 3701 2857 voluptatis

2106 2865 2375 2933 appellare
2404 2868 2585 2933 malui,
2619 2879 2674 2923 ut
2702 2870 3003 2925 universum
3043 2872 3190 2926 illum
3230 2875 3495 2943 ardorem,
3524 2878 3611 2946 qui
3633 2892 3699 2933 et

2106 2962 2229 3007 ante
2257 2970 2411 3024 opus,
2439 2965 2493 3010 et
2529 2959 2579 3011 in
2622 2973 2783 3027 opere
2817 2961 3062 3026 sentitur,
3113 2965 3468 3019 ostenderem.
3508 2966 3701 3034 Neque

2106 3044 2244 3098 enim
2270 3045 2527 3101 debilitati
2556 3050 2873 3119 genitalibus
2899 3053 3152 3107 membris
3170 3096 3183 3117 ,
3218 3056 3266 3108 id
3292 3064 3372 3109 est.
3396 3055 3692 3127 spadonis,

2105 3150 2287 3191 semen
2331 3137 2566 3205 habent;
2616 3156 2736 3195 cum
2777 3152 2921 3196 certe
2968 3145 3282 3213 quihusdam
3334 3147 3520 3203 favillis
3566 3166 3699 3205 rno-

2106 3235 2331 3280 veantur
2370 3228 2538 3298 ignis"
2587 3232 2877 3286 exstincti:
2914 3242 2970 3286 at
3016 3250 3141 3289 vero
3189 3239 3435 3306 quoniam
3493 3241 3698 3297 virtute

2106 3319 2353 3385 partium,
2382 3335 2605 3390 quarum
2644 3323 2940 3379 ministerio
2979 3327 3336 3383 conficiuntur
3361 3331 3427 3383 de
3468 3333 3695 3389 internis

2104 3405 2416 3464 humoribus
2441 3411 2667 3479 semina,
2698 3414 2917 3482 speciali
2958 3415 3234 3473 debilitate
3273 3432 3577 3484 caruerunt.
3597 3440 3695 3492 ge.

2103 3502 2439 3555 net-alienum
2490 3519 2595 3556 non
2646 3505 2777 3559 fiunt
2839 3516 3105 3576 potentes.
3153 3510 3242 3564 Sic
3288 3528 3417 3581 ergo
3463 3514 3706 3570 instituit

2105 3590 2264 3651 Deus.
2294 3600 2353 3645 ut
2376 3602 2518 3647 esset
2543 3593 2622 3648 vis
2641 3595 2703 3648 in
2731 3610 2978 3665 corpore,
3007 3616 3123 3667 qua:
3154 3600 3403 3669 legitimis
3429 3604 3705 3673 explicata

2106 3684 2459 3752 temporibus,
2490 3686 2533 3740 si
2576 3686 2835 3741 adfuisset
2875 3689 3096 3754 sanitas,
3122 3692 3187 3745 ad
3221 3691 3572 3753 fecunditatis
3600 3712 3693 3749 va-

2102 3775 2319 3829 lentiam
2367 3780 2685 3844 perveniret.
2727 3776 3093 3834 Conficiuntur
3134 3782 3310 3851 itaque
3351 3783 3403 3836 in
3444 3789 3689 3854 corpori-

2103 3863 2201 3919 bus
2223 3867 2448 3926 semina,
2477 3876 2698 3922 matura:
2726 3870 3019 3938 pubertatis
3050 3872 3253 3941 adjutu.
3284 3874 3409 3929 Inde
3429 3887 3513 3931 est
3541 3880 3683 3948 quod

2104 3955 2407 4025 impuberes
2453 3959 2688 4013 stimulat
2716 3960 2924 4029 quidem
2971 3977 3251 4033 praecoqua
3299 3967 3567 4037 voluptas,
3595 3972 3689 4024 sed

2103 4048 2218 4103 sine
2240 4064 2499 4103 annorum
2532 4051 2736 4120 legibus
2763 4054 2955 4108 sterilis
2977 4056 3227 4110 scintillat
3248 4061 3515 4115 acccnsio.
3534 4061 3689 4128 Quod

2101 4146 2275 4191 autem
2298 4153 2416 4192 cum
2447 4141 2716 4210 voluptate
2741 4144 2943 4197 semina
2972 4145 3314 4215 misceantur,
3333 4166 3521 4205 verum
3542 4154 3703 4222 quod"

2102 4228 2202 4283 alia
2224 4231 2292 4284 sit
2318 4231 2563 4300 voluptas
2588 4250 2705 4302 quae
2734 4236 2979 4291 sensibus
3008 4250 3340 4308 supernatat,
3370 4243 3472 4297 alia
3505 4246 3685 4301 ﬁsce-

2101 4334 2217 4373 rum
2245 4320 2465 4375 interior
2489 4332 2542 4375 et
2567 4324 2777 4378 effectui
2812 4327 3050 4396 propior,
3071 4330 3210 4398 apud
3234 4332 3563 4388 medicorum
3594 4352 3696 4389 an-

2101 4419 2275 4465 ctores
2300 4411 2553 4467 latissime
2579 4413 2909 4483 disputatur;
2941 4418 3081 4473 unde
3120 4420 3209 4476 ille
3239 4423 3399 4476 etiam
3440 4424 3697 4480 Mantua-

2101 4518 2202 4557 nus
2245 4513 2398 4573 poeta
2441 4507 2757 4562 naturalium
2796 4511 3012 4578 gnarior
3048 4528 3206 4582 quam
3251 4516 3695 4586 philosOphaster

2101 4594 2410 4664 Poenorum,
2438 4599 2609 4654 macie
2636 4601 2808 4671 signat
2832 4613 3071 4658 armenta
3109 4608 3334 4674 tenuari,
3361 4619 3419 4662 ut
3439 4610 3527 4665 ubi
3551 4627 3697 4667 con-

2100 4686 2308 4739 cubitus
2351 4688 2551 4755 primos
2579 4690 2819 4760 voluptas
2845 4701 2968 4745 nuta
3006 4694 3277 4761 sollicitat,
3309 4702 3363 4752 et
3407 4699 3699 4756 frondibus

2099 4785 2381 4829 arceantur
2408 4786 2462 4831 et
2507 4778 2757 4833 fontibus.
2791 4780 2945 4851 Swpe
2983 4787 3132 4837 etiam
3159 4802 3311 4840 cursu
3353 4791 3609 4859 quatiunt,
3644 4805 3703 4847 er

2098 4866 2205 4918 sole
2228 4866 2479 4937 fatigant;
2506 4885 2618 4922 cum
2647 4873 2863 4939 graviter
2889 4874 3049 4927 tunsis
3078 4891 3198 4929 area
3230 4879 3384 4947 gemit
3425 4879 3691 4952 frugibus,

2099 4966 2145 5011 et
2178 4958 2305 5011 leves
2348 4959 2505 5028 palea:
2547 4962 2754 5030 ﬂatibus
2789 4961 3088 5029 efferuntur.
3142 4965 3251 5021 Hoc
3288 4969 3421 5036 ideo,
3451 4987 3515 5024 ne
3552 4973 3695 5028 Im

2099 5050 2253 5103 nimio
2282 5067 2402 5104 usus
2428 5052 2688 5107 obtunsior
2717 5057 2781 5107 sit
2808 5058 3017 5126 genitali
3045 5074 3187 5126 arvo,
3215 5070 3261 5114 et
3284 5064 3449 5117 sulcos
3477 5064 3703 5121 oblimet

2099 5140 2282 5194 inertes
2308 5158 2326 5194 :
2368 5144 2455 5195 sed
2499 5144 2773 5198 siccitatem
2821 5149 3095 5215 quamdam
3140 5164 3334 5206 secreta
3379 5156 3647 5222 patiantur
3677 5174 3701 5218 ;

2098 5231 2266 5300 sicque
2294 5234 2461 5301 rapiat
2486 5235 2659 5288 sitiens
2685 5252 2927 5300 venerem,
2950 5240 3257 5310 interiusque
3278 5245 3513 5297 recondat
3537 5243 3710 5317 (Vin

2099 5324 2212 5393 gil.,
2238 5322 2419 5396 Georg.
2451 5326 2537 5380 lib.
2564 5328 2615 5389 5,
2648 5343 2775 5382 vers.
2807 5330 3089 5403 150-137).
3128 5333 3322 5389 Verum
3353 5336 3405 5390 in
3436 5336 3519 5391 his
3538 5354 3689 5406 quo—

2097 5429 2217 5481 que,
2249 5429 2352 5469 non
2381 5417 2600 5470 multum
2625 5433 2801 5473 causa:
2832 5422 3169 5489 necessariis,
3193 5439 3416 5481 acumen
3444 5425 3697 5485 hominis

2099 5514 2312 5559 nutasse
2337 5506 2582 5560 sufficiat.

2163 5640 2181 5713 ξ
2311 5637 2522 5713 lulianus
2541 5643 2774 5713 μείλια-ξι.
2799 5656 2827 5692 a
2850 5656 2942 5713 quo
2963 5645 3066 5709 ipsa
3091 5646 3357 5697 condantur
3380 5656 3424 5698 et
3449 5660 3684 5711 romam.

2164 5701 2181 5730 ³
2203 5701 2282 5747 Sir
2311 5710 2407 5749 viss.
2436 5707 2480 5749 In
2511 5701 2664 5765 \ign.,
2690 5706 2841 5765 ignes.
