3934 6178
276 357 412 417 HM
674 378 701 405 ιι

350 468 486 524 Anc.
512 464 683 522 Verba
701 474 945 536 tua,qu:e
975 479 1059 520 me
1087 461 1489 535 prartermisisse
1517 459 1670 527 dicis,
1703 475 1861 531 quam

276 576 420 615 vana
447 561 575 627 sint,
606 558 734 614 satis
762 557 1005 628 superius
1031 554 1389 612 demonstravi
1421 572 1433 607 :
1465 552 1604 624 quod
1638 551 1864 605 fortasse

268 649 413 702 τίσιίι
434 649 597 705 ctiam
626 648 713 702 ille
740 647 831 718 qui
859 646 1149 702 chartulam
1194 646 1441 711 misituet
1473 643 1564 699 tibi
1594 640 1863 713 parcendo

265 740 470 795 eadem
496 739 851 807 prtetcrmisit.
884 737 1034 806 Quod
1067 747 1243 792 autem
1273 737 1341 792 de
1371 736 1423 790 vi
1465 734 1751 804 voluptatis
1796 733 1812 765 ¹
1841 772 1857 797 ,

274 844 442 901 quam
472 830 843 885 confectricem
873 830 1133 883 seminum
1173 843 1293 884 esse
1331 829 1553 891 dixisti,
1598 826 1755 879 homo
1786 824 1843 877 Io

272 922 630 992 quacissimus
660 922 870 975 inventa
919 921 1197 973 occasione
1243 917 1533 989 loquaciter
1579 916 1817 985 disputas
1844 957 1859 979 ,

275 1031 383 1068 non
414 1029 549 1083 opus
575 1011 746 1069 habeo
772 1013 1018 1068 resistere
1046 1013 1137 1067 tibi
1162 1013 1312 1067 :hrec
1332 1013 1472 1066 enim
1504 1027 1608 1066 non
1639 1011 1859 1064 multum

271 1121 400 1161 esse
429 1120 604 1158 causa:
630 1104 951 1169 necessaria,
981 1094 1138 1158 etiam
1164 1105 1276 1174 ipse
1309 1118 1716 1158 commemoras.
1752 1102 1861 1169 Ego

271 1198 475 1267 quippe
502 1199 606 1250 vim
635 1197 918 1265 voluptatis
944 1210 1251 1265 acceperam
1285 1203 1336 1250 te
1366 1195 1581 1264 intelligi
1609 1192 1857 1255 voluisse,

271 1305 382 1354 qua
414 1290 657 1357 Voluptas
680 1288 877 1359 aliquid
907 1288 1080 1343 facere
1119 1296 1329 1357 posset,
1362 1303 1465 1340 non
1494 1302 1594 1355 qua
1626 1285 1735 1353 ipsa
1765 1284 1860 1337 Iie«

270 1387 382 1430 ret.
413 1379 503 1432 Sic
542 1380 681 1431 enim
709 1379 942 1431 solemus
978 1377 1142 1445 loqui,
1174 1385 1233 1430 ut
1259 1377 1365 1430 vim
1392 1377 1467 1431 rei
1494 1375 1748 1445 eujusque
1776 1373 1858 1427 di-

271 1483 482 1533 mmus,
508 1482 610 1536 qua
639 1466 779 1521 valet
806 1475 860 1521 ut
889 1467 1087 1536 aliquid
1118 1466 1303 1530 faciat,
1329 1482 1432 1520 non
1463 1481 1562 1535 qua
1594 1465 1732 1519 valet
1758 1464 1857 1517 alia

276 1576 369 1612 res
399 1576 514 1627 qua:
554 1558 721 1627 ipsam
768 1559 909 1612 facit.
951 1558 1027 1611 'l‘u
1077 1568 1273 1622 autem,
1308 1570 1364 1612 ut
1393 1571 1532 1611 nunc
1566 1565 1652 1611 tua
1701 1556 1860 1611 verba

274 1648 593 1716 cx,.osuisti,
624 1649 728 1701 vim
760 1648 1044 1717 voluptatis
1076 1654 1126 1701 te
1153 1647 1351 1702 dixisse
1381 1647 1594 1713 asseris,
1625 1661 1728 1716 qua
1769 1660 1862 1699 vo-

274 1739 453 1806 luptas
480 1736 615 1792 cftici
648 1747 842 1808 potest,
874 1754 980 1792 non
1007 1754 1109 1808 qua
1140 1738 1302 1793 efficit
1329 1739 1436 1807 ipsa
1480 1753 1596 1807 qute
1647 1743 1857 1805 potest:

272 1838 525 1898 tauquam
572 1832 615 1884 si
648 1831 751 1884 \im
778 1829 983 1883 diceres
1008 1843 1127 1883 esse
1156 1828 1313 1899 ignis,
1344 1844 1445 1897 qua
1479 1829 1591 1897 ipse
1613 1826 1860 1881 accendi-

274 1929 367 1973 tur
397 1932 450 1973 ut
474 1923 569 1984 sit,
602 1937 724 1976 cum
750 1936 934 1975 omnes
956 1920 1196 1975 homines
1226 1920 1330 1974 vim
1360 1920 1539 1973 dicant
1562 1934 1679 1973 csse
1706 1920 1857 1988 ignis,

271 2027 383 2079 qua
424 2013 546 2069 urit.
599 2012 681 2067 vel
720 2011 959 2066 calefacit
985 2024 1334 2082 qtuecumque
1366 2011 1611 2080 potuerit.
1647 2010 1862 2063 lnsolito

270 2101 441 2171 igitur
467 2119 615 2156 more
644 2102 851 2155 locutus
884 2118 942 2156 es
971 2119 984 2153 :
1018 2101 1111 2155 sed
1155 2101 1279 2170 quid
1308 2102 1373 2154 ad
1402 2101 1537 2154 nos?
1569 2100 1864 2168 Utcumque

267 2191 584 2257 didicimus,
619 2194 703 2245 ubi
733 2193 799 2246 de
831 2209 889 2246 re
922 2200 1152 2258 constat,
1179 2207 1284 2245 non
1311 2203 1517 2245 certare
1559 2191 1626 2244 de
1666 2192 1860 2244 verbis.

266 2282 542 2336 Convenit
589 2281 731 2336 enim
774 2281 927 2335 nobis
949 2322 965 2347 ,
1000 2296 1104 2335 non
1135 2281 1303 2334 solum
1337 2281 1580 2334 homines
1609 2280 1675 2348 de
1706 2280 1865 2333 semi—

269 2371 470 2435 nibus,
514 2370 609 2425 sed
656 2371 765 2439 ipsa
795 2372 952 2425 etiam
984 2370 1208 2435 semina,
1241 2385 1402 2439 opera
1432 2369 1526 2424 Dei
1557 2383 1698 2433 esse,
1729 2385 1863 2437 quo-

268 2478 510 2533 cumque
548 2462 847 2515 cffieiantur
874 2461 1066 2526 modo;
1101 2477 1166 2516 ne
1196 2460 1443 2532 physicos
1473 2456 1554 2515 vel
1586 2461 1818 2514 medicos
1845 2501 1861 2526 ,

272 2554 363 2607 vel
395 2546 550 2609 etiam
580 2561 783 2621 poetas,
818 2552 902 2605 ubi
951 2551 1078 2604 nihil
1117 2567 1250 2621 opus
1279 2560 1393 2615 est,
1425 2560 1587 2604 testes
1613 2550 1865 2603 adhibea-

273 2659 435 2706 mus;
462 2653 550 2695 aut
573 2639 957 2695 contendamus
981 2639 1247 2709 quomodo
1274 2640 1341 2693 sit
1364 2639 1709 2708 loquendum,
1738 2654 1860 2713 cum

275 2734 326 2787 id
364 2743 578 2802 propter
604 2731 743 2801 quod
775 2731 1059 2800 loquimur,
1091 2730 1248 2783 ambo
1275 2745 1457 2784 verum
1497 2745 1617 2784 esse
1660 2731 1861 2784 sentia-

274 2830 422 2888 m‘us,
451 2821 500 2874 id
530 2830 632 2886 est,
667 2821 757 2875 Dei
785 2834 944 2889 Opera
974 2834 1093 2875 esse
1122 2821 1325 2874 semina
1359 2821 1596 2874 omnium
1645 2831 1861 2875 natura-

275 2929 423 2965 rum.
469 2910 571 2965 Sed
608 2911 799 2964 falsum
845 2918 929 2964 est
970 2910 1111 2979 quod
1151 2909 1276 2965 hinc
1303 2911 1511 2965 conaris
1537 2911 1860 2978 ostendere,

270 3003 403 3056 ideo
451 3002 589 3054 nulla
629 3016 750 3056 esse
795 3002 920 3055 vitia
963 3002 1250 3067 seminum,
1308 3003 1429 3071 quia
1484 3001 1621 3056 Deus
1656 3017 1864 3058 summe

270 3094 453 3147 bimus
479 3104 556 3146 est
585 3092 828 3147 conditor
854 3093 1114 3147 seminum
1145 3092 1318 3161 :quod
1347 3108 1451 3147 non
1476 3092 1702 3158 diceres,
1733 3095 1775 3148 si
1799 3110 1864 3149 eo

268 3183 440 3237 modo
470 3185 725 3236 rationem
747 3183 1008 3237 seminum
1042 3196 1227 3236 nosses
1251 3182 1294 3248 ’,
1324 3178 1590 3250 quomodo
1614 3197 1731 3236 eam
1763 3197 1863 3237 no-

268 3283 434 3327 «erat
479 3276 567 3344 qui
590 3274 842 3340 ~dicebat,
880 3271 1046 3326 Homo
1075 3273 1282 3325 vanitati
1324 3272 1503 3326 similis
1546 3277 1711 3343 factus
1751 3281 1864 3338 est;

260 3375 439 3441 atque
461 3375 514 3419 ut
541 3364 642 3419 hoc
665 3366 831 3434 ipsam
862 3372 1125 3428 naturam,
1157 3379 1274 3433 quae
1299 3362 1351 3417 in
1374 3364 1542 3432 ipsam
1574 3364 1865 3418 mortalita-

272 3469 389 3512 tem
430 3457 573 3525 lapsa
612 3464 712 3520 est,
759 3455 1017 3509 meruisse
1046 3455 1282 3517 doceret,
1311 3453 1558 3520 addebat,
1605 3453 1726 3508 Dies
1754 3456 1863 3526 ejus

268 3548 408 3600 sicut
445 3547 624 3598 umbra
660 3553 959 3615 prwtereunt
1000 3543 1170 3617 (Psal.
1214 3560 1394 3612 cum,
1418 3544 1475 3614 4)
1510 3560 1672 3599 :cum
1704 3546 1896 3600 sciret.

268 3638 550 3691 hominem
580 3636 645 3690 ad
673 3636 765 3690 Dei
790 3635 1188 3689 similitudinem
1213 3635 1428 3699 laetum,
1468 3643 1520 3690 et
1549 3645 1721 3690 tamen
1751 3637 1864 3692 dis-

266 3736 527 3781 cerneret
563 3726 630 3780 ab
683 3724 1014 3779 institutione
1055 3724 1233 3779 divina
1273 3725 1572 3795 depravatae
1613 3725 1863 3781 humana:

264 3808 500 3887 originis
548 3816 755 3869 vitium.
812 3813 964 3882 Quod
1012 3815 1064 3869 in
1119 3815 1248 3884 ipsis
1294 3831 1505 3885 quoque
1542 3817 1646 3871 tuis
1683 3818 1861 3873 verbis

267 3906 470 3973 quibus
502 3919 588 3957 me
614 3903 963 3971 mumordisti,
991 3903 1172 3957 videre
1197 3902 1447 3958 debuisti.
1480 3903 1662 3958 Dixisti
1694 3906 1859 3973 enim,

276 3992 475 4047 Verum
500 3993 552 4046 in
580 3994 659 4063 Itis
687 4009 900 4063 quoque,
934 4008 1035 4047 nou
1066 3993 1280 4047 multum
1317 4009 1483 4047 causa?
1519 3996 1812 4049 necessariis
1843 4038 1858 4060 ,

268 4102 486 4139 acumen
529 4086 744 4139 hominis
782 4095 982 4139 notasse
1016 4083 1268 4151 sull'ecerit
1289 4101 1308 4138 :
1338 4085 1621 4139 obtunsum
1650 4102 1735 4141 me
1760 4087 1863 4142 sci-

269 4178 404 4231 licet
429 4191 546 4231 esse
575 4176 896 4246 significans,
925 4176 1045 4245 quia
1073 4175 1367 4246 intelligere
1394 4192 1498 4229 non
1532 4176 1676 4245 potui
1708 4176 1861 4232 locu-

270 4269 477 4321 tionem
509 4276 652 4321 tuam
682 4266 734 4321 in
763 4267 925 4322 rebus
950 4281 1059 4321 non
1083 4266 1308 4321 multum
1331 4281 1503 4321 causa:
1526 4268 1859 4335 necessariis,

270 4368 335 4412 ut
365 4356 564 4413 fateris.
586 4358 697 4428 Ego
726 4365 902 4413 autem
930 4358 1142 4429 requiro
1167 4373 1196 4411 a
1227 4365 1297 4423 te,
1330 4357 1470 4413 unde
1496 4357 1740 4413 homines
1769 4375 1863 4413 na-

269 4461 501 4507 scuntur
524 4454 734 4508 obtunsi
766 4471 779 4506 :
812 4468 984 4524 neque
1010 4454 1151 4508 enim
1182 4453 1257 4508 sic
1286 4454 1398 4523 ipse
1422 4453 1679 4507 obtunsus
1704 4469 1763 4507 es
1791 4452 1812 4484 ³
1842 4494 1859 4521 ,

200 4608 209 4613 ἦ
272 4554 333 4598 ut
366 4546 631 4613 pertinere
660 4545 726 4599 ad
763 4555 1004 4599 naturam
1047 4560 1208 4615 neges
1236 4545 1319 4599 vel
1346 4544 1570 4599 obtunsa
1602 4542 1814 4613 ingenia
1843 4585 1858 4611 ,

270 4635 368 4691 vel
394 4644 545 4689 acuta
575 4652 590 4690 :
616 4636 859 4706 quamvis
882 4644 937 4690 et
961 4645 1116 4691 acuta
1139 4636 1294 4707 ipsa,
1326 4635 1459 4689 sicut
1483 4635 1593 4705 jam
1621 4635 1673 4689 in
1698 4649 1860 4705 supe-

270 4728 511 4784 rioribus
554 4728 823 4791 diximus,
869 4735 1086 4797 propter
1129 4726 1231 4781 hoc
1273 4726 1620 4795 corruptibile
1669 4740 1861 4795 corpus

270 4819 422 4889 quod
452 4828 700 4890 aggravat
727 4820 955 4872 animam
984 4817 1142 4886 (Sap.
1182 4833 1256 4884 Ix,
1283 4817 1396 4886 I5),
1426 4817 1469 4871 si
1500 4817 1655 4886 pritui
1687 4817 1863 4871 homi-

272 4911 367 4964 nis
411 4909 620 4980 ingenio
662 4917 1059 4977 comparentur,
1104 4906 1331 4962 obtunsa
1373 4907 1507 4972 sint;
1551 4908 1641 4977 qui
1682 4908 1862 4978 utique

274 5018 393 5056 non
435 5004 540 5057 tale
575 5016 769 5071 corpus
797 5008 1094 5069 acceperat,
1126 5007 1182 5052 ut
1210 4999 1301 5053 illo
1327 4997 1441 5069 ejus
1464 4999 1638 5054 anima
1665 5015 1861 5070 grava-

272 5102 449 5148 rt-tur.
482 5093 560 5147 Ac
583 5092 660 5146 sic
689 5099 743 5146 et
770 5106 868 5160 ego
895 5090 1274 5160 distinguerem
1305 5089 1356 5143 in
1402 5098 1585 5143 natura
1632 5089 1863 5146 hominis

270 5184 454 5252 qualis
495 5197 634 5236 nunc
678 5191 779 5246 est,
815 5180 941 5251 quid
966 5180 1125 5234 distet
1165 5179 1303 5233 inter
1346 5178 1545 5248 ingenii
1586 5180 1772 5233 vitium
1808 5188 1863 5235 et

273 5276 417 5331 tanti
460 5275 679 5329 artiﬁcis
711 5273 1009 5344 opiﬁcium;
1052 5273 1135 5328 cui
1176 5272 1551 5344 proculdubio
1581 5288 1685 5327 non
1717 5284 1861 5330 recte

312 5412 365 5480 .t
403 5407 883 5480 vignqguodautem
906 5408 968 5460 de
999 5405 1248 5471 voluptate.
1286 5414 1412 5467 Mss,
1445 5404 1572 5469 quod
1601 5414 1758 5457 autem
1802 5409 1863 5458 de

272 5485 323 5521 ω
344 5470 625 5604 ἔοι
654 5541 711 5580 eo
730 5514 1111 5581 moderationem!
1133 5541 1308 5580 nosses.
1332 5531 1632 5591 castigantur
1657 5538 1721 5581 ex
1760 5542 1860 5578 nia-

272 5601 785 5704 “ﬁgmenti:
814 5652 1067 5715 manuscri;
1086 5661 1243 5703 torum
1262 5654 1549 5714 restituitur,
1576 5666 1727 5717 neque
1742 5653 1866 5702 cuiu

315 5730 345 5764 ε
372 5717 470 5776 ipse
494 5716 718 5766 obtunsus
738 5725 805 5765 es.

1060 331 1068 361 ’
1162 327 1167 331 ’
1663 346 1859 406 LIBER
1897 342 2210 418 omnes.

3420 355 3551 410 lii!

1970 460 2093 513 vitia
2136 460 2455 528 tribuuntur,
2486 468 2913 535 quantacumque
2927 462 3056 529 sint,
3086 464 3433 521 humanorum
3462 468 3549 521 in-

1969 549 2243 617 geniorum
2279 570 2292 606 :
2324 560 2380 605 ut
2404 554 2501 621 per
2528 553 2663 608 hanc
2687 555 2920 624 regulam
2958 556 3131 610 discas
3159 555 3227 610 ab
3252 557 3368 625 ejus
3394 557 3550 612 insti-

1972 639 2173 693 tutione
2220 639 2528 698 discernere
2557 684 2572 708 ,
2625 647 2863 714 quamvis
2908 646 3245 714 congenitum
3300 646 3545 714 homini,

1968 730 2221 799 originale
2269 744 2576 812 peccatum;
2609 750 2707 789 nec
2735 736 2856 790 ideo
2886 752 3046 804 neges
3070 753 3210 803 esse,
3256 739 3374 809 quia
3408 739 3549 794 Dens

1970 819 2209 876 homines
2235 820 2377 888 facit,
2406 825 2494 892 qui
2525 836 2795 893 peceatum
2821 842 2923 879 non
2948 827 3100 893 facit;
3130 829 3265 881 sicut
3295 846 3400 882 non
3429 829 3547 882 ideo

1969 913 2204 981 neganda
2231 924 2353 967 sunt
2381 916 2605 984 ingeniis
2637 904 2906 971 horniuum
2945 921 3224 987 congenita
3249 922 3393 984 vitia,
3421 923 3544 990 quia

1974 1004 2119 1058 Deus
2165 1005 2408 1061 homines
2434 1006 2596 1072 facit,
2627 1023 2656 1061 a
2696 1007 2845 1077 cujus
2892 1020 3006 1062 arte
3040 1010 3215 1063 divina
3246 1012 3260 1041 ι
3290 1012 3548 1065 vitiositas

1972 1104 2050 1150 est
2075 1097 2248 1151 omnis
2276 1099 2465 1151 aliena.
2495 1098 2583 1152 Sic
2624 1108 2798 1152 autem
2831 1099 2972 1152 novit
3006 1100 3143 1154 Deus
3175 1101 3309 1155 bene
3339 1102 3546 1169 operari

1968 1188 2212 1243 homines
2239 1190 2306 1244 de
2333 1190 2623 1243 substantia
2644 1201 2857 1259 peccato
2873 1191 3074 1258 vitiata,
3100 1191 3545 1262 quemadmodum

1965 1279 2110 1332 novit
2139 1280 2274 1334 bene
2301 1281 2508 1349 operari
2552 1280 2618 1334 de
2664 1281 2790 1349 ipsis
2826 1284 3056 1351 peccatis
3083 1281 3377 1343 hominum,
3410 1297 3547 1351 quo-

1965 1384 2083 1422 rum
2110 1378 2233 1423 sunt
2258 1370 2383 1422 vitia
2412 1371 2725 1424 voluntaria.
2756 1370 3007 1425 Videmus
3026 1373 3167 1426 enim
3194 1383 3387 1441 quanta
3412 1373 3545 1425 bona

1964 1470 2213 1526 operatus
2249 1459 2318 1512 sit
2340 1458 2407 1513 de
2429 1468 2643 1528 peccato
2672 1460 2913 1525 fratrum,
2932 1462 3021 1530 qui
3054 1462 3268 1515 fratrem
3295 1478 3385 1528 per
3412 1462 3549 1514 invi-

1965 1546 2197 1601 dentiam
2248 1549 2599 1603 vendidcrunt
2645 1536 2797 1620 (Cen.
2840 1551 3143 1623 xxxvii-1.);
3171 1561 3225 1606 et
3250 1552 3351 1605 alia
3383 1550 3549 1604 multa

1964 1637 2155 1704 quibus
2183 1651 2347 1691 sacrae
2375 1638 2590 1692 Littcrm
2620 1640 2789 1706 pleme
2817 1651 2961 1694 sunt.

2037 1728 2150 1781 XII.
2182 1727 2298 1782 Jun.
2332 1727 2529 1782 Verum
2557 1730 2791 1783 demiror
2830 1731 3026 1800 ubique
3055 1731 3409 1785 constantiam
3439 1731 3550 1785 dis-

1969 1818 2232 1884 putantis,
2281 1818 2370 1887 qui
2399 1820 2705 1887 pronuntiat
2741 1822 2932 1874 semitm
2969 1838 3001 1873 a
3049 1820 3152 1874 Dee
3194 1838 3308 1874 vero
3346 1824 3549 1874 condi:a

1965 1924 2089 1973 esse,
2118 1924 2149 1959 η
2176 1925 2274 1977 quo
2301 1910 2585 1962 conduntur
2609 1920 2656 1962 et
2684 1927 2897 1980 corpora
2917 1950 2933 1976 ,
2974 1911 3085 1964 licet
3130 1928 3246 1963 cum
3294 1913 3551 1982 voluptate

1966 1997 2273 2049 emittantur.
2304 1996 2516 2051 Semina
2547 2014 2675 2067 ergo
2700 2015 2730 2052 a
2757 2000 2864 2053 Deo
2897 2002 3006 2055 Iieri
3033 2002 3336 2065 conlitetur,
3363 2002 3412 2053 in
3434 2001 3552 2070 qui-

1968 2087 2065 2142 bus
2096 2102 2215 2141 esse
2257 2089 2384 2141 dicit
2425 2089 2747 2143 diabolicum
2796 2092 3027 2154 malutn;
3061 2101 3111 2145 et
3144 2108 3248 2144 non
3276 2093 3548 2146 erubescit

1968 2178 2195 2253 credere
2215 2191 2244 2230 a
2272 2177 2385 2231 Deo
2417 2179 2530 2233 ficri
2556 2181 2774 2247 malum,
2804 2182 2944 2250 quod
2976 2183 3347 2238 innocentibus
3376 2185 3549 2253 impu-

1971 2275 2128 2322 tetur.
2188 2252 2215 2257 ⁷-
2232 2255 2261 2260 _
2274 2257 2341 2265 ἢ

2039 2363 2174 2417 Act}.
2203 2362 2242 2415 Α
2277 2362 2387 2417 Deo
2417 2378 2520 2417 non
2564 2363 2622 2417 Iit
2660 2364 2892 2429 malum,
2937 2367 3148 2435 quando
3190 2367 3251 2421 fit
3297 2368 3363 2422 de
3411 2368 3550 2423 malo

1969 2453 2191 2508 bonum.
2221 2454 2411 2534 Malum
2443 2465 2524 2509 est
2552 2457 2693 2510 enim
2722 2458 2787 2511 de
2817 2468 3032 2526 peccato
3072 2460 3290 2514 veniens
3331 2461 3552 2530 originis

1969 2549 2196 2614 vitium,
2245 2563 2365 2603 eum
2409 2564 2515 2618 quo
2559 2551 2793 2608 nascitur
2839 2552 2997 2605 Itooio
3029 2568 3042 2606 :
3073 2553 3266 2605 bonum
3309 2564 3392 2608 est
3418 2568 3555 2623 opus

1969 2636 2082 2701 Dei,
2117 2652 2221 2691 non
2249 2638 2366 2691 sine
2396 2639 2567 2702 malo;
2599 2640 2749 2707 Cujus
2791 2642 2914 2694 mali
2959 2653 3136 2696 reatus
3166 2659 3268 2695 non
3298 2644 3554 2699 innocen-

1967 2725 2127 2789 tibus,
2158 2737 2215 2780 ut
2243 2726 2377 2782 dicis
2397 2769 2412 2792 ,
2458 2728 2550 2782 sed
2579 2729 2685 2783 reis
2714 2730 3036 2798 imputatur;
3073 2741 3129 2785 ut
3156 2735 3406 2801 quoniam
3452 2749 3550 2787 na-

1967 2816 2164 2871 scendo
2194 2826 2417 2871 tractum
2449 2828 2563 2883 est,
2609 2821 2938 2876 renascendo
2982 2823 3237 2876 solvatur.
3291 2824 3379 2878 Sic
3407 2830 3550 2878 enim

1967 2904 2403 2962 fuertmt'omnes
2463 2911 2668 2963 ratione
2719 2911 2939 2965 seminis
2990 2912 3041 2964 in
3100 2912 3292 2967 lumbis
3341 2915 3551 2978 Adam,

1966 2995 2178 3065 quando
2207 2996 2486 3051 damnatus
2515 3007 2596 3051 cst
2618 3040 2632 3064 ,
2665 3008 2719 3052 et
2739 2999 2857 3053 ideo
2883 3002 2998 3055 sine
3020 3002 3124 3054 illis
3143 3004 3420 3057 damnatus
3448 3021 3551 3058 non

1968 3092 2096 3149 est;
2153 3086 2597 3154 quemadmodum
2665 3088 2876 3143 fuerunt
2931 3091 3180 3146 Israelita:
3238 3096 3291 3146 in
3360 3095 3554 3150 lutnbis

1967 3178 2216 3241 Abralue,
2247 3179 2458 3247 quando
2487 3178 2780 3234 decimatus
2809 3191 2891 3236 est
2910 3224 2925 3247 ,
2958 3192 3009 3236 et
3041 3184 3159 3237 ideo
3185 3185 3300 3238 sine
3329 3186 3430 3238 illis
3454 3186 3553 3240 deo

1967 3266 2192 3321 cimatus
2217 3281 2320 3320 non
2348 3275 2431 3323 est
2459 3266 2640 3338 (Hebr.
2672 3285 2741 3323 vn
2762 3311 2777 3332 ,
2816 3269 2987 3344 5-10).
3018 3273 3203 3327 Melius
3224 3276 3365 3327 enim
3391 3291 3549 3345 quam

1968 3364 2044 3422 tu,
2078 3366 2337 3412 noverant
2364 3359 2622 3413 rationem
2649 3362 2866 3415 seminis
2891 3404 2906 3428 ,
2934 3364 3022 3432 qui
3055 3364 3152 3417 ista
3178 3364 3425 3419 dixerunt
3449 3405 3466 3432 ,
3498 3377 3554 3422 et

1967 3446 2157 3501 litteris
2194 3448 2449 3503 mandare
2491 3460 2779 3518 curarunt,
2822 3468 2944 3521 qua:
2990 3454 3041 3507 in
3077 3454 3273 3509 Christi
3314 3456 3552 3512 Ecclesia

1969 3539 2271 3609 legerentur
2291 3582 2307 3605 ,
2340 3541 2393 3595 in
2423 3556 2524 3612 qua
2557 3542 2578 3572 ⁸
2609 3555 2960 3601 renascuntur
2986 3563 3049 3603 ex
3082 3548 3250 3603 Adam
3290 3551 3395 3604 nati
3419 3592 3434 3616 ,
3485 3565 3555 3606 ne

1968 3640 2278 3686 remaneant
2305 3633 2357 3687 in
2390 3634 2479 3688 illa
2507 3636 2672 3706 stirpe
2700 3638 2957 3694 damnati.

2039 3719 2176 3773 XIII.
2192 3721 2311 3776 Jun.
2326 3723 2513 3778 Libido
2540 3727 2889 3793 nihilattinet,
2908 3731 3095 3800 inquit,
3111 3732 3175 3786 ad
3189 3734 3550 3805 semina,quia

1968 3806 2107 3864 facta
2134 3819 2214 3864 est
2241 3812 2667 3871 adiabo!o:huic
2681 3829 2855 3872 autem
2876 3820 3074 3873 libidini
3106 3824 3344 3877 serviunt
3364 3826 3554 3894 conju-

1967 3916 2078 3969 ges;
2095 3903 2295 3956 semina
2311 3916 2485 3958 autem
2514 3917 2566 3960 et
2585 3910 2833 3974 parvulos
2853 3910 2919 3964 de
2935 3913 3226 3969 seminibus
3248 3915 3370 3969 facit
3389 3916 3550 3971 Deus.

1968 3990 2069 4045 Sed
2095 4007 2193 4047 nec
2217 3994 2292 4047 rei
2315 4002 2458 4058 sunt,
2485 3996 2671 4066 inquit,
2708 4014 2804 4053 nec
2848 4002 3137 4068 puniuntur
3163 3989 3552 4077 parentes,'qtti

1967 4091 2127 4150 agunt
2153 4096 2286 4150 opus
2314 4082 2508 4138 diaboli
2542 4104 2555 4139 :
2587 4087 2774 4141 sceleri
2806 4098 2982 4143 autem
3014 4101 3066 4144 et
3089 4092 3361 4162 suppliciis
3386 4098 3552 4150 desti-

1969 4183 2163 4227 nantur
2193 4175 2417 4242 parvuli.
2447 4193 2582 4247 quos
2619 4180 2856 4235 condidit
2902 4182 3075 4249 Deus;
3128 4185 3553 4259 impunitumquo

1966 4274 2049 4319 est
2077 4266 2214 4336 quod
2244 4267 2364 4322 fecit
2389 4268 2650 4337 diabolus,
2675 4272 2725 4325 id
2753 4284 2835 4328 est
2860 4273 3061 4341 libido;
3096 4292 3192 4347 per
3218 4279 3359 4347 quod
3383 4279 3547 4338 doce—-

1929 4370 1945 4387 ⁸
1968 4364 2055 4411 ιιιι·
2081 4357 2369 4428 bona,qu:e
2395 4374 2493 4414 nec
2517 4362 2831 4432 supplicium
2860 4377 3130 4421 meretur:
3158 4369 3262 4445 sed
3275 4379 3555 4426 accusatur

1967 4447 2350 4519 damnaturque
2369 4450 2509 4519 quod
2536 4452 2659 4506 facit
2685 4452 2851 4518 Deus;
2886 4470 2980 4522 per
3004 4457 3144 4525 quod
3184 4458 3408 4515 docetur
3430 4476 3552 4517 esse

1966 4540 2272 4601 scelestum,
2297 4543 2491 4611 quippe
2533 4541 2673 4611 quod
2698 4558 2728 4596 a
2755 4544 3036 4613 supplicio,
3081 4562 3179 4602 nec
3216 4551 3448 4607 auctoris
3468 4535 3557 4607 sui

1967 4641 2145 4702 potest
2190 4633 2392 4703 pudore
2421 4632 2661 4701 defendi;
2692 4635 3046 4707 credaturque
3075 4638 3175 4695 hoc
3201 4637 3448 4698 divinitas
3477 4644 3555 4699 fa—

1967 4738 2108 4790 cere,
2134 4724 2275 4795 quod
2314 4738 2415 4780 nec
2453 4733 2690 4781 extrema
2740 4728 2911 4797 possit
2952 4731 3216 4787 sustinere
3251 4735 3550 4804 captivitas.

1969 4815 2120 4872 Ilunc
2146 4815 2345 4872 habent
2369 4817 2591 4885 exitum,
2615 4819 2704 4889 qui
2734 4819 2969 4876 inferunt
2997 4823 3201 4879 veritati
3231 4826 3427 4881 bellum
3455 4870 3468 4892 ,
3497 4838 3554 4884 ut

1969 4908 2099 4962 nihil
2146 4924 2251 4963 non
2299 4909 2540 4979 impium,
2594 4927 2700 4966 non
2755 4912 2998 4966 insanum
3052 4914 3375 4984 loquantur;
3421 4918 3546 4973 dum

1969 5009 2176 5056 constet
2198 5001 2320 5070 quia
2348 5001 2491 5056 nulla
2517 5002 2759 5057 oratione
2789 5002 3150 5058 innocentium
3177 5015 3347 5063 status
3373 5009 3466 5074 ita,
3496 5021 3552 5065 ut
3585 5051 3594 5059 .

1968 5099 2335 5147 accusatorum
2363 5106 2581 5146 suorum
2612 5092 2951 5163 profanitate,
2977 5094 3295 5151 defenditur.
3357 5136 3361 5139 τ

2040 5183 2173 5237 Auc.
2226 5181 2490 5252 Numquid
2538 5183 2657 5237 ideo
2699 5180 2889 5237 falsum
2921 5183 3050 5240 facis
3077 5201 3209 5243 esse
3226 5190 3366 5259 quod
3391 5190 3543 5256 dico,

1969 5274 2089 5343 quia
2129 5272 2261 5327 dicis
2311 5289 2396 5326 me
2438 5273 2618 5327 dicere
2644 5274 2784 5343 quod
2811 5290 2917 5329 non
2945 5276 3104 5331 dico?
3131 5277 3244 5349 Ego
3274 5280 3413 5334 enim
3441 5295 3547 5333 non

1969 5366 2087 5417 (lico
2147 5363 2209 5417 ad
2256 5364 2457 5419 semina
2512 5363 2641 5418 nihil
2685 5364 2908 5421 attinere
2945 5367 3255 5432 libidinem,
3306 5369 3547 5439 quando-

1969 5455 2181 5526 quidem
2211 5471 2312 5507 non
2343 5464 2633 5509 nascuntur
2657 5456 2774 5512 sine
2814 5458 3064 5525 libidine,
3105 5458 3195 5529 qui
3233 5459 3412 5529 utique
3450 5473 3547 5514 na-

2026 5660 2035 5690 :
2067 5653 2149 5700 Sic
2179 5663 2280 5702 uss.
2303 5660 2350 5700 In
2378 5655 2528 5711 \ign.,
2554 5666 2666 5703 arce
2688 5653 2866 5704 dicina.

2032 5712 2040 5741 '
2064 5717 2145 5763 Sic
2172 5715 2279 5765 Mss.
2309 5724 2362 5764 Αι
2386 5712 2520 5768 editi.
2546 5715 2593 5764 iu
2615 5729 2723 5767 quo.

2526 5836 2533 5869 ι
