  <div class='ocr_page' id='page_1' title='image "/cluster/home/n/w/nwhite01/storage/ocr_20150623/45/hvd.32044096580667/235.png"; bbox 0 0 3934 6178; ppageno 0'>
   <div class='ocr_carea' id='block_1_1' title="bbox 401 327 536 382">
    <p class='ocr_par' dir='ltr' id='par_1_1' title="bbox 401 327 536 382">
     <span class='ocr_line' id='line_1_1' title="bbox 401 327 536 382; baseline 0 0"><span class='ocrx_word' id='word_1_1' title='bbox 401 327 536 382; x_wconf 65' lang='grc' dir='ltr'><strong>Ηῖιῧ</strong></span> 
     </span>
    </p>
   </div>
   <div class='ocr_carea' id='block_1_2' title="bbox 393 430 1980 504">
    <p class='ocr_par' dir='ltr' id='par_1_2' title="bbox 393 430 1980 504">
     <span class='ocr_line' id='line_1_2' title="bbox 393 430 1980 504; baseline -0.008 -8"><span class='ocrx_word' id='word_1_2' title='bbox 393 451 615 496; x_wconf 87' lang='lat' dir='ltr'><strong>scuntur</strong></span> <span class='ocrx_word' id='word_1_3' title='bbox 639 455 702 496; x_wconf 77' lang='lat' dir='ltr'><strong>ex</strong></span> <span class='ocrx_word' id='word_1_4' title='bbox 732 439 933 495; x_wconf 87' lang='lat' dir='ltr'><strong>semine</strong></span> <span class='ocrx_word' id='word_1_5' title='bbox 964 456 977 490; x_wconf 89' lang='lat'><strong>:</strong></span> <span class='ocrx_word' id='word_1_6' title='bbox 1007 438 1103 493; x_wconf 85' lang='lat' dir='ltr'><strong>sed</strong></span> <span class='ocrx_word' id='word_1_7' title='bbox 1130 437 1250 493; x_wconf 83' lang='lat' dir='ltr'><strong>dico</strong></span> <span class='ocrx_word' id='word_1_8' title='bbox 1278 436 1445 491; x_wconf 89' lang='lat' dir='ltr'><strong>Deum</strong></span> <span class='ocrx_word' id='word_1_9' title='bbox 1488 432 1700 504; x_wconf 84' lang='lat' dir='ltr'><strong>operari</strong></span> <span class='ocrx_word' id='word_1_10' title='bbox 1729 432 1846 487; x_wconf 86' lang='lat' dir='ltr'><strong>sine</strong></span> <span class='ocrx_word' id='word_1_11' title='bbox 1868 430 1980 484; x_wconf 92' lang='lat' dir='ltr'><strong>ullo</strong></span> 
     </span>
    </p>
   </div>
   <div class='ocr_carea' id='block_1_3' title="bbox 394 525 1979 596">
    <p class='ocr_par' dir='ltr' id='par_1_3' title="bbox 394 525 1979 596">
     <span class='ocr_line' id='line_1_3' title="bbox 394 525 1979 596; baseline -0.007 -10"><span class='ocrx_word' id='word_1_12' title='bbox 394 547 494 587; x_wconf 90' lang='lat' dir='ltr'><strong>suo</strong></span> <span class='ocrx_word' id='word_1_13' title='bbox 528 532 676 596; x_wconf 88' lang='lat' dir='ltr'><strong>vitio,</strong></span> <span class='ocrx_word' id='word_1_14' title='bbox 703 531 860 586; x_wconf 79' lang='lat' dir='ltr'><strong>etiam</strong></span> <span class='ocrx_word' id='word_1_15' title='bbox 893 535 960 584; x_wconf 90' lang='lat' dir='ltr'><strong>de</strong></span> <span class='ocrx_word' id='word_1_16' title='bbox 988 532 1192 585; x_wconf 81' lang='lat' dir='ltr'><strong>semine</strong></span> <span class='ocrx_word' id='word_1_17' title='bbox 1214 529 1416 583; x_wconf 86' lang='lat' dir='ltr'><strong>vitiato.</strong></span> <span class='ocrx_word' id='word_1_18' title='bbox 1449 526 1558 580; x_wconf 89' lang='lat' dir='ltr'><strong>Nec</strong></span> <span class='ocrx_word' id='word_1_19' title='bbox 1584 525 1706 579; x_wconf 85' lang='lat' dir='ltr'><strong>dico</strong></span> <span class='ocrx_word' id='word_1_20' title='bbox 1734 538 1855 578; x_wconf 91' lang='lat' dir='ltr'><strong>reos</strong></span> <span class='ocrx_word' id='word_1_21' title='bbox 1876 538 1979 576; x_wconf 90' lang='lat' dir='ltr'><strong>non</strong></span> 
     </span>
    </p>
   </div>
   <div class='ocr_carea' id='block_1_4' title="bbox 394 612 1977 688">
    <p class='ocr_par' dir='ltr' id='par_1_4' title="bbox 394 612 1977 688">
     <span class='ocr_line' id='line_1_4' title="bbox 394 612 1977 688; baseline -0.008 -11"><span class='ocrx_word' id='word_1_22' title='bbox 394 637 535 684; x_wconf 89' lang='lat' dir='ltr'><strong>esse,</strong></span> <span class='ocrx_word' id='word_1_23' title='bbox 563 630 616 675; x_wconf 90' lang='lat' dir='ltr'><strong>et</strong></span> <span class='ocrx_word' id='word_1_24' title='bbox 644 635 747 675; x_wconf 85' lang='lat' dir='ltr'><strong>non</strong></span> <span class='ocrx_word' id='word_1_25' title='bbox 777 620 947 688; x_wconf 90' lang='lat' dir='ltr'><strong>puniri</strong></span> <span class='ocrx_word' id='word_1_26' title='bbox 980 628 1253 688; x_wconf 87' lang='lat' dir='ltr'><strong>parentes,</strong></span> <span class='ocrx_word' id='word_1_27' title='bbox 1284 616 1377 687; x_wconf 91' lang='lat' dir='ltr'><strong>qui</strong></span> <span class='ocrx_word' id='word_1_28' title='bbox 1403 624 1566 686; x_wconf 87' lang='lat' dir='ltr'><strong>agunt</strong></span> <span class='ocrx_word' id='word_1_29' title='bbox 1583 628 1718 683; x_wconf 90' lang='lat' dir='ltr'><strong>opus</strong></span> <span class='ocrx_word' id='word_1_30' title='bbox 1738 612 1936 667; x_wconf 89' lang='lat' dir='ltr'><strong>diaboli</strong></span> <span class='ocrx_word' id='word_1_31' title='bbox 1964 627 1977 664; x_wconf 90' lang='lat'><strong>:</strong></span> 
     </span>
    </p>
   </div>
   <div class='ocr_carea' id='block_1_5' title="bbox 395 703 1983 780">
    <p class='ocr_par' dir='ltr' id='par_1_5' title="bbox 395 703 1983 780">
     <span class='ocr_line' id='line_1_5' title="bbox 395 703 1983 780; baseline -0.006 -16"><span class='ocrx_word' id='word_1_32' title='bbox 395 712 487 766; x_wconf 86' lang='lat' dir='ltr'><strong>sed</strong></span> <span class='ocrx_word' id='word_1_33' title='bbox 515 713 634 766; x_wconf 86' lang='lat' dir='ltr'><strong>dico</strong></span> <span class='ocrx_word' id='word_1_34' title='bbox 665 728 768 764; x_wconf 91' lang='lat' dir='ltr'><strong>non</strong></span> <span class='ocrx_word' id='word_1_35' title='bbox 799 725 892 764; x_wconf 91' lang='lat' dir='ltr'><strong>eos</strong></span> <span class='ocrx_word' id='word_1_36' title='bbox 917 725 1075 780; x_wconf 81' lang='lat' dir='ltr'><strong>agere</strong></span> <span class='ocrx_word' id='word_1_37' title='bbox 1104 723 1238 778; x_wconf 87' lang='lat' dir='ltr'><strong>opus</strong></span> <span class='ocrx_word' id='word_1_38' title='bbox 1263 706 1483 770; x_wconf 82' lang='lat' dir='ltr'><strong>diaboli,</strong></span> <span class='ocrx_word' id='word_1_39' title='bbox 1520 703 1732 775; x_wconf 85' lang='lat' dir='ltr'><strong>quando</strong></span> <span class='ocrx_word' id='word_1_40' title='bbox 1764 709 1983 757; x_wconf 91' lang='lat' dir='ltr'><strong>utuntur</strong></span> 
     </span>
    </p>
   </div>
   <div class='ocr_carea' id='block_1_6' title="bbox 394 793 1984 869">
    <p class='ocr_par' dir='ltr' id='par_1_6' title="bbox 394 793 1984 869">
     <span class='ocr_line' id='line_1_6' title="bbox 394 793 1984 869; baseline -0.008 -12"><span class='ocrx_word' id='word_1_41' title='bbox 394 802 613 857; x_wconf 92' lang='lat' dir='ltr'><strong>libidine</strong></span> <span class='ocrx_word' id='word_1_42' title='bbox 639 816 740 853; x_wconf 89' lang='lat' dir='ltr'><strong>non</strong></span> <span class='ocrx_word' id='word_1_43' title='bbox 770 812 985 869; x_wconf 76' lang='lat' dir='ltr'><strong>propter</strong></span> <span class='ocrx_word' id='word_1_44' title='bbox 1015 799 1308 862; x_wconf 77' lang='lat' dir='ltr'><strong>libidinem,</strong></span> <span class='ocrx_word' id='word_1_45' title='bbox 1341 796 1435 851; x_wconf 91' lang='lat' dir='ltr'><strong>sed</strong></span> <span class='ocrx_word' id='word_1_46' title='bbox 1480 803 1697 864; x_wconf 78' lang='lat' dir='ltr'><strong>propter</strong></span> <span class='ocrx_word' id='word_1_47' title='bbox 1739 793 1984 863; x_wconf 85' lang='lat' dir='ltr'><strong>propagi-</strong></span> 
     </span>
    </p>
   </div>
   <div class='ocr_carea' id='block_1_7' title="bbox 397 885 1982 965">
    <p class='ocr_par' dir='ltr' id='par_1_7' title="bbox 397 885 1982 965">
     <span class='ocr_line' id='line_1_7' title="bbox 397 885 1982 965; baseline -0.006 -15"><span class='ocrx_word' id='word_1_48' title='bbox 397 913 538 951; x_wconf 87' lang='lat' dir='ltr'><strong>nem.</strong></span> <span class='ocrx_word' id='word_1_49' title='bbox 572 897 644 950; x_wconf 88' lang='lat' dir='ltr'><strong>lta</strong></span> <span class='ocrx_word' id='word_1_50' title='bbox 675 897 869 965; x_wconf 84' lang='lat' dir='ltr'><strong>quippe</strong></span> <span class='ocrx_word' id='word_1_51' title='bbox 916 895 1113 948; x_wconf 89' lang='lat' dir='ltr'><strong>bonum</strong></span> <span class='ocrx_word' id='word_1_52' title='bbox 1156 906 1290 961; x_wconf 91' lang='lat' dir='ltr'><strong>opus</strong></span> <span class='ocrx_word' id='word_1_53' title='bbox 1322 899 1404 945; x_wconf 88' lang='lat' dir='ltr'><strong>est</strong></span> <span class='ocrx_word' id='word_1_54' title='bbox 1436 891 1572 944; x_wconf 89' lang='lat' dir='ltr'><strong>bene</strong></span> <span class='ocrx_word' id='word_1_55' title='bbox 1619 886 1699 942; x_wconf 90' lang='lat' dir='ltr'><strong>uti</strong></span> <span class='ocrx_word' id='word_1_56' title='bbox 1749 885 1982 941; x_wconf 86' lang='lat' dir='ltr'><strong>libidinis</strong></span> 
     </span>
    </p>
   </div>
   <div class='ocr_carea' id='block_1_8' title="bbox 396 977 1981 1056">
    <p class='ocr_par' dir='ltr' id='par_1_8' title="bbox 396 977 1981 1056">
     <span class='ocr_line' id='line_1_8' title="bbox 396 977 1981 1056; baseline -0.008 -15"><span class='ocrx_word' id='word_1_57' title='bbox 396 990 537 1041; x_wconf 88' lang='lat' dir='ltr'><strong>malo</strong></span> <span class='ocrx_word' id='word_1_58' title='bbox 561 1028 575 1053; x_wconf 92' lang='lat'><strong>,</strong></span> <span class='ocrx_word' id='word_1_59' title='bbox 606 987 747 1056; x_wconf 90' lang='lat' dir='ltr'><strong>quod</strong></span> <span class='ocrx_word' id='word_1_60' title='bbox 778 986 976 1040; x_wconf 82' lang='lat' dir='ltr'><strong>faciunt</strong></span> <span class='ocrx_word' id='word_1_61' title='bbox 1014 982 1320 1053; x_wconf 75' lang='lat' dir='ltr'><strong>coniugati,</strong></span> <span class='ocrx_word' id='word_1_62' title='bbox 1352 981 1491 1034; x_wconf 88' lang='lat' dir='ltr'><strong>sicut</strong></span> <span class='ocrx_word' id='word_1_63' title='bbox 1514 994 1544 1034; x_wconf 91' lang='lat' dir='ltr'><strong>e</strong></span> <span class='ocrx_word' id='word_1_64' title='bbox 1569 977 1838 1033; x_wconf 88' lang='lat' dir='ltr'><strong>contrario</strong></span> <span class='ocrx_word' id='word_1_65' title='bbox 1865 991 1981 1030; x_wconf 89' lang='lat' dir='ltr'><strong>ma-</strong></span> 
     </span>
    </p>
   </div>
   <div class='ocr_carea' id='block_1_9' title="bbox 398 1066 1982 1145">
    <p class='ocr_par' dir='ltr' id='par_1_9' title="bbox 398 1066 1982 1145">
     <span class='ocr_line' id='line_1_9' title="bbox 398 1066 1982 1145; baseline -0.006 -15"><span class='ocrx_word' id='word_1_66' title='bbox 398 1078 501 1130; x_wconf 88' lang='lat' dir='ltr'><strong>lum</strong></span> <span class='ocrx_word' id='word_1_67' title='bbox 543 1094 675 1145; x_wconf 82' lang='lat' dir='ltr'><strong>opus</strong></span> <span class='ocrx_word' id='word_1_68' title='bbox 715 1085 816 1140; x_wconf 84' lang='lat' dir='ltr'><strong>est,</strong></span> <span class='ocrx_word' id='word_1_69' title='bbox 860 1075 995 1128; x_wconf 84' lang='lat' dir='ltr'><strong>male</strong></span> <span class='ocrx_word' id='word_1_70' title='bbox 1022 1074 1096 1127; x_wconf 90' lang='lat' dir='ltr'><strong>uti</strong></span> <span class='ocrx_word' id='word_1_71' title='bbox 1125 1072 1364 1140; x_wconf 90' lang='lat' dir='ltr'><strong>corporis</strong></span> <span class='ocrx_word' id='word_1_72' title='bbox 1391 1071 1553 1133; x_wconf 87' lang='lat' dir='ltr'><strong>bono,</strong></span> <span class='ocrx_word' id='word_1_73' title='bbox 1596 1066 1738 1136; x_wconf 88' lang='lat' dir='ltr'><strong>quod</strong></span> <span class='ocrx_word' id='word_1_74' title='bbox 1782 1066 1982 1120; x_wconf 83' lang='lat' dir='ltr'><strong>faciunt</strong></span> 
     </span>
    </p>
   </div>
   <div class='ocr_carea' id='block_1_10' title="bbox 399 1157 1982 1235">
    <p class='ocr_par' dir='ltr' id='par_1_10' title="bbox 399 1157 1982 1235">
     <span class='ocr_line' id='line_1_10' title="bbox 399 1157 1982 1235; baseline -0.006 -16"><span class='ocrx_word' id='word_1_75' title='bbox 399 1167 669 1235; x_wconf 78' lang='lat' dir='ltr'><strong>impudici.</strong></span> <span class='ocrx_word' id='word_1_76' title='bbox 714 1166 820 1220; x_wconf 84' lang='lat' dir='ltr'><strong>Nec</strong></span> <span class='ocrx_word' id='word_1_77' title='bbox 861 1164 1172 1233; x_wconf 84' lang='lat' dir='ltr'><strong>impunitam</strong></span> <span class='ocrx_word' id='word_1_78' title='bbox 1207 1162 1326 1216; x_wconf 89' lang='lat' dir='ltr'><strong>dico</strong></span> <span class='ocrx_word' id='word_1_79' title='bbox 1359 1174 1478 1214; x_wconf 90' lang='lat' dir='ltr'><strong>esse</strong></span> <span class='ocrx_word' id='word_1_80' title='bbox 1518 1157 1832 1222; x_wconf 90' lang='lat' dir='ltr'><strong>libidinem,</strong></span> <span class='ocrx_word' id='word_1_81' title='bbox 1862 1171 1982 1226; x_wconf 76' lang='lat' dir='ltr'><strong>qu;c</strong></span> 
     </span>
    </p>
   </div>
   <div class='ocr_carea' id='block_1_11' title="bbox 396 1246 1983 1323">
    <p class='ocr_par' dir='ltr' id='par_1_11' title="bbox 396 1246 1983 1323">
     <span class='ocr_line' id='line_1_11' title="bbox 396 1246 1983 1323; baseline -0.006 -14"><span class='ocrx_word' id='word_1_82' title='bbox 396 1272 514 1309; x_wconf 88' lang='lat' dir='ltr'><strong>cuin</strong></span> <span class='ocrx_word' id='word_1_83' title='bbox 549 1265 720 1310; x_wconf 89' lang='lat' dir='ltr'><strong>morte</strong></span> <span class='ocrx_word' id='word_1_84' title='bbox 748 1256 1071 1319; x_wconf 89' lang='lat' dir='ltr'><strong>destruetur,</strong></span> <span class='ocrx_word' id='word_1_85' title='bbox 1099 1252 1309 1323; x_wconf 81' lang='lat' dir='ltr'><strong>quando</strong></span> <span class='ocrx_word' id='word_1_86' title='bbox 1346 1250 1569 1304; x_wconf 79' lang='lat' dir='ltr'><strong>mortale</strong></span> <span class='ocrx_word' id='word_1_87' title='bbox 1596 1249 1696 1302; x_wconf 92' lang='lat' dir='ltr'><strong>hoc</strong></span> <span class='ocrx_word' id='word_1_88' title='bbox 1734 1246 1983 1301; x_wconf 86' lang='lat' dir='ltr'><strong>iuduetur</strong></span> 
     </span>
    </p>
   </div>
   <div class='ocr_carea' id='block_1_12' title="bbox 399 1338 1981 1416">
    <p class='ocr_par' dir='ltr' id='par_1_12' title="bbox 399 1338 1981 1416">
     <span class='ocr_line' id='line_1_12' title="bbox 399 1338 1981 1416; baseline -0.004 -18"><span class='ocrx_word' id='word_1_89' title='bbox 399 1347 793 1401; x_wconf 85' lang='lat' dir='ltr'><strong>immortalitate</strong></span> <span class='ocrx_word' id='word_1_90' title='bbox 834 1345 1032 1416; x_wconf 88' lang='lat' dir='ltr'><strong>(lCor.</strong></span> <span class='ocrx_word' id='word_1_91' title='bbox 1069 1360 1158 1410; x_wconf 75' lang='lat' dir='ltr'><strong>xv,</strong></span> <span class='ocrx_word' id='word_1_92' title='bbox 1189 1344 1303 1412; x_wconf 81' lang='lat'><strong>55).</strong></span> <span class='ocrx_word' id='word_1_93' title='bbox 1339 1341 1455 1396; x_wconf 88' lang='lat' dir='ltr'><strong>Non</strong></span> <span class='ocrx_word' id='word_1_94' title='bbox 1484 1340 1627 1395; x_wconf 89' lang='lat' dir='ltr'><strong>enim</strong></span> <span class='ocrx_word' id='word_1_95' title='bbox 1660 1347 1744 1393; x_wconf 91' lang='lat' dir='ltr'><strong>est</strong></span> <span class='ocrx_word' id='word_1_96' title='bbox 1783 1338 1883 1392; x_wconf 88' lang='lat' dir='ltr'><strong>nisi</strong></span> <span class='ocrx_word' id='word_1_97' title='bbox 1924 1339 1981 1392; x_wconf 85' lang='lat' dir='ltr'><strong>in</strong></span> 
     </span>
    </p>
   </div>
   <div class='ocr_carea' id='block_1_13' title="bbox 394 1430 1983 1505">
    <p class='ocr_par' dir='ltr' id='par_1_13' title="bbox 394 1430 1983 1505">
     <span class='ocr_line' id='line_1_13' title="bbox 394 1430 1983 1505; baseline -0.005 -14"><span class='ocrx_word' id='word_1_98' title='bbox 394 1453 620 1505; x_wconf 88' lang='lat' dir='ltr'><strong>corpore</strong></span> <span class='ocrx_word' id='word_1_99' title='bbox 661 1438 848 1491; x_wconf 85' lang='lat' dir='ltr'><strong>mortis</strong></span> <span class='ocrx_word' id='word_1_100' title='bbox 886 1437 1061 1504; x_wconf 83' lang='lat' dir='ltr'><strong>hujus,</strong></span> <span class='ocrx_word' id='word_1_101' title='bbox 1090 1436 1157 1489; x_wconf 94' lang='lat' dir='ltr'><strong>de</strong></span> <span class='ocrx_word' id='word_1_102' title='bbox 1182 1450 1288 1505; x_wconf 91' lang='lat' dir='ltr'><strong>quo</strong></span> <span class='ocrx_word' id='word_1_103' title='bbox 1314 1431 1527 1487; x_wconf 87' lang='lat' dir='ltr'><strong>liberari</strong></span> <span class='ocrx_word' id='word_1_104' title='bbox 1554 1430 1800 1499; x_wconf 87' lang='lat' dir='ltr'><strong>cupiebat</strong></span> <span class='ocrx_word' id='word_1_105' title='bbox 1839 1430 1983 1498; x_wconf 89' lang='lat' dir='ltr'><strong>Apo-</strong></span> 
     </span>
    </p>
   </div>
   <div class='ocr_carea' id='block_1_14' title="bbox 396 1519 1979 1600">
    <p class='ocr_par' dir='ltr' id='par_1_14' title="bbox 396 1519 1979 1600">
     <span class='ocr_line' id='line_1_14' title="bbox 396 1519 1979 1600; baseline -0.006 -19"><span class='ocrx_word' id='word_1_106' title='bbox 396 1530 565 1582; x_wconf 88' lang='lat' dir='ltr'><strong>stolus</strong></span> <span class='ocrx_word' id='word_1_107' title='bbox 592 1528 769 1600; x_wconf 80' lang='lat' dir='ltr'><strong>(Rom.</strong></span> <span class='ocrx_word' id='word_1_108' title='bbox 801 1545 894 1594; x_wconf 85' lang='lat' dir='ltr'><strong>vn,</strong></span> <span class='ocrx_word' id='word_1_109' title='bbox 919 1527 1012 1600; x_wconf 71' lang='grc'><strong>24)</strong></span> <span class='ocrx_word' id='word_1_110' title='bbox 1039 1546 1050 1578; x_wconf 91' lang='lat'><strong>:</strong></span> <span class='ocrx_word' id='word_1_111' title='bbox 1083 1542 1180 1581; x_wconf 87' lang='lat' dir='ltr'><strong>nec</strong></span> <span class='ocrx_word' id='word_1_112' title='bbox 1204 1535 1317 1580; x_wconf 87' lang='lat' dir='ltr'><strong>erat</strong></span> <span class='ocrx_word' id='word_1_113' title='bbox 1339 1565 1354 1589; x_wconf 91' lang='lat'><strong>,</strong></span> <span class='ocrx_word' id='word_1_114' title='bbox 1399 1533 1489 1578; x_wconf 91' lang='lat' dir='ltr'><strong>aut</strong></span> <span class='ocrx_word' id='word_1_115' title='bbox 1519 1538 1622 1576; x_wconf 91' lang='lat' dir='ltr'><strong>non</strong></span> <span class='ocrx_word' id='word_1_116' title='bbox 1651 1521 1768 1575; x_wconf 88' lang='lat' dir='ltr'><strong>talis</strong></span> <span class='ocrx_word' id='word_1_117' title='bbox 1790 1527 1906 1575; x_wconf 90' lang='lat' dir='ltr'><strong>erat</strong></span> <span class='ocrx_word' id='word_1_118' title='bbox 1929 1519 1979 1573; x_wconf 89' lang='lat' dir='ltr'><strong>in</strong></span> 
     </span>
    </p>
   </div>
   <div class='ocr_carea' id='block_1_15' title="bbox 398 1610 1981 1686">
    <p class='ocr_par' dir='ltr' id='par_1_15' title="bbox 398 1610 1981 1686">
     <span class='ocr_line' id='line_1_15' title="bbox 398 1610 1981 1686; baseline -0.006 -15"><span class='ocrx_word' id='word_1_119' title='bbox 398 1634 621 1686; x_wconf 80' lang='lat' dir='ltr'><strong>Corpore</strong></span> <span class='ocrx_word' id='word_1_120' title='bbox 645 1620 762 1671; x_wconf 74' lang='lat' dir='ltr'><strong>vita:</strong></span> <span class='ocrx_word' id='word_1_121' title='bbox 785 1618 943 1683; x_wconf 91' lang='lat' dir='ltr'><strong>illius,</strong></span> <span class='ocrx_word' id='word_1_122' title='bbox 968 1633 1125 1685; x_wconf 91' lang='lat' dir='ltr'><strong>quam</strong></span> <span class='ocrx_word' id='word_1_123' title='bbox 1148 1614 1416 1684; x_wconf 76' lang='lat' dir='ltr'><strong>peccando</strong></span> <span class='ocrx_word' id='word_1_124' title='bbox 1438 1613 1666 1682; x_wconf 86' lang='lat' dir='ltr'><strong>perdidit</strong></span> <span class='ocrx_word' id='word_1_125' title='bbox 1688 1610 1868 1673; x_wconf 87' lang='lat' dir='ltr'><strong>homo,</strong></span> <span class='ocrx_word' id='word_1_126' title='bbox 1891 1610 1981 1678; x_wconf 88' lang='lat' dir='ltr'><strong>qui</strong></span> 
     </span>
    </p>
   </div>
   <div class='ocr_carea' id='block_1_16' title="bbox 400 1699 1982 1774">
    <p class='ocr_par' dir='ltr' id='par_1_16' title="bbox 400 1699 1982 1774">
     <span class='ocr_line' id='line_1_16' title="bbox 400 1699 1982 1774; baseline -0.005 -15"><span class='ocrx_word' id='word_1_127' title='bbox 400 1706 566 1761; x_wconf 65' lang='lat' dir='ltr'><strong>ﬂictus</strong></span> <span class='ocrx_word' id='word_1_128' title='bbox 605 1716 687 1761; x_wconf 89' lang='lat' dir='ltr'><strong>est</strong></span> <span class='ocrx_word' id='word_1_129' title='bbox 724 1716 900 1759; x_wconf 83' lang='lat' dir='ltr'><strong>rectus</strong></span> <span class='ocrx_word' id='word_1_130' title='bbox 940 1704 1133 1772; x_wconf 85' lang='lat' dir='ltr'><strong>(Eccle.</strong></span> <span class='ocrx_word' id='word_1_131' title='bbox 1180 1721 1271 1766; x_wconf 89' lang='lat' dir='ltr'><strong>vn,</strong></span> <span class='ocrx_word' id='word_1_132' title='bbox 1313 1703 1402 1774; x_wconf 75' lang='lat'><strong>59)</strong></span> <span class='ocrx_word' id='word_1_133' title='bbox 1440 1718 1451 1754; x_wconf 96' lang='lat'>:</span> <span class='ocrx_word' id='word_1_134' title='bbox 1488 1716 1584 1755; x_wconf 91' lang='lat' dir='ltr'><strong>nec</strong></span> <span class='ocrx_word' id='word_1_135' title='bbox 1628 1701 1763 1753; x_wconf 86' lang='lat' dir='ltr'><strong>sicut</strong></span> <span class='ocrx_word' id='word_1_136' title='bbox 1809 1699 1982 1767; x_wconf 89' lang='lat' dir='ltr'><strong>aliqua</strong></span> 
     </span>
    </p>
   </div>
   <div class='ocr_carea' id='block_1_17' title="bbox 398 1786 1980 1863">
    <p class='ocr_par' dir='ltr' id='par_1_17' title="bbox 398 1786 1980 1863">
     <span class='ocr_line' id='line_1_17' title="bbox 398 1786 1980 1863; baseline -0.004 -16"><span class='ocrx_word' id='word_1_137' title='bbox 398 1797 728 1859; x_wconf 80' lang='lat' dir='ltr'><strong>substantia,</strong></span> <span class='ocrx_word' id='word_1_138' title='bbox 779 1797 1013 1850; x_wconf 89' lang='lat' dir='ltr'><strong>liberatis</strong></span> <span class='ocrx_word' id='word_1_139' title='bbox 1066 1794 1429 1863; x_wconf 86' lang='lat' dir='ltr'><strong>separastique</strong></span> <span class='ocrx_word' id='word_1_140' title='bbox 1469 1792 1485 1822; x_wconf 85' lang='grc'>¹</span> <span class='ocrx_word' id='word_1_141' title='bbox 1532 1789 1685 1843; x_wconf 89' lang='lat' dir='ltr'><strong>nobis</strong></span> <span class='ocrx_word' id='word_1_142' title='bbox 1728 1786 1891 1841; x_wconf 86' lang='lat' dir='ltr'><strong>libido</strong></span> <span class='ocrx_word' id='word_1_143' title='bbox 1930 1787 1980 1840; x_wconf 90' lang='lat' dir='ltr'><strong>in</strong></span> 
     </span>
    </p>
   </div>
   <div class='ocr_carea' id='block_1_18' title="bbox 399 1876 1981 1955">
    <p class='ocr_par' dir='ltr' id='par_1_18' title="bbox 399 1876 1981 1955">
     <span class='ocr_line' id='line_1_18' title="bbox 399 1876 1981 1955; baseline -0.008 -14"><span class='ocrx_word' id='word_1_144' title='bbox 399 1889 558 1941; x_wconf 89' lang='lat' dir='ltr'><strong>alium</strong></span> <span class='ocrx_word' id='word_1_145' title='bbox 597 1888 769 1941; x_wconf 87' lang='lat' dir='ltr'><strong>locum</strong></span> <span class='ocrx_word' id='word_1_146' title='bbox 806 1888 826 1918; x_wconf 80' lang='grc'><strong><em>³</em></strong></span> <span class='ocrx_word' id='word_1_147' title='bbox 866 1898 948 1941; x_wconf 85' lang='lat' dir='ltr'><strong>est</strong></span> <span class='ocrx_word' id='word_1_148' title='bbox 984 1886 1302 1955; x_wconf 81' lang='lat' dir='ltr'><strong>migratum;</strong></span> <span class='ocrx_word' id='word_1_149' title='bbox 1336 1882 1429 1936; x_wconf 91' lang='lat' dir='ltr'><strong>sed</strong></span> <span class='ocrx_word' id='word_1_150' title='bbox 1468 1881 1603 1935; x_wconf 89' lang='lat' dir='ltr'><strong>sicut</strong></span> <span class='ocrx_word' id='word_1_151' title='bbox 1628 1878 1902 1932; x_wconf 86' lang='lat' dir='ltr'><strong>inﬁrmitas</strong></span> <span class='ocrx_word' id='word_1_152' title='bbox 1931 1876 1981 1929; x_wconf 90' lang='lat' dir='ltr'><strong>in</strong></span> 
     </span>
    </p>
   </div>
   <div class='ocr_carea' id='block_1_19' title="bbox 401 1965 1982 2043">
    <p class='ocr_par' dir='ltr' id='par_1_19' title="bbox 401 1965 1982 2043">
     <span class='ocr_line' id='line_1_19' title="bbox 401 1965 1982 2043; baseline -0.007 -14"><span class='ocrx_word' id='word_1_153' title='bbox 401 1987 599 2030; x_wconf 72' lang='lat' dir='ltr'><strong>nostra:</strong></span> <span class='ocrx_word' id='word_1_154' title='bbox 652 1976 839 2030; x_wconf 85' lang='lat' dir='ltr'><strong>salutis</strong></span> <span class='ocrx_word' id='word_1_155' title='bbox 888 1975 1213 2043; x_wconf 80' lang='lat' dir='ltr'><strong>perfectione</strong></span> <span class='ocrx_word' id='word_1_156' title='bbox 1271 1972 1505 2042; x_wconf 86' lang='lat' dir='ltr'><strong>peritura</strong></span> <span class='ocrx_word' id='word_1_157' title='bbox 1542 1986 1556 2024; x_wconf 88' lang='lat'><strong>:</strong></span> <span class='ocrx_word' id='word_1_158' title='bbox 1592 1968 1831 2038; x_wconf 79' lang='lat' dir='ltr'><strong>quamvis</strong></span> <span class='ocrx_word' id='word_1_159' title='bbox 1871 1965 1982 2035; x_wconf 89' lang='lat' dir='ltr'><strong>jam</strong></span> 
     </span>
    </p>
   </div>
   <div class='ocr_carea' id='block_1_20' title="bbox 400 2056 1981 2135">
    <p class='ocr_par' dir='ltr' id='par_1_20' title="bbox 400 2056 1981 2135">
     <span class='ocr_line' id='line_1_20' title="bbox 400 2056 1981 2135; baseline -0.007 -16"><span class='ocrx_word' id='word_1_160' title='bbox 400 2082 540 2120; x_wconf 87' lang='lat' dir='ltr'><strong>nunc</strong></span> <span class='ocrx_word' id='word_1_161' title='bbox 566 2081 686 2120; x_wconf 86' lang='lat' dir='ltr'><strong>esse</strong></span> <span class='ocrx_word' id='word_1_162' title='bbox 711 2066 912 2118; x_wconf 81' lang='lat' dir='ltr'><strong>desinat</strong></span> <span class='ocrx_word' id='word_1_163' title='bbox 941 2073 1059 2135; x_wconf 83' lang='lat' dir='ltr'><strong>post</strong></span> <span class='ocrx_word' id='word_1_164' title='bbox 1084 2063 1325 2132; x_wconf 87' lang='lat' dir='ltr'><strong>corporis</strong></span> <span class='ocrx_word' id='word_1_165' title='bbox 1352 2068 1599 2114; x_wconf 89' lang='lat' dir='ltr'><strong>mortem.</strong></span> <span class='ocrx_word' id='word_1_166' title='bbox 1625 2058 1806 2126; x_wconf 83' lang='lat' dir='ltr'><strong>Neque</strong></span> <span class='ocrx_word' id='word_1_167' title='bbox 1840 2056 1981 2110; x_wconf 88' lang='lat' dir='ltr'><strong>enim</strong></span> 
     </span>
    </p>
   </div>
   <div class='ocr_carea' id='block_1_21' title="bbox 401 2146 1984 2225">
    <p class='ocr_par' dir='ltr' id='par_1_21' title="bbox 401 2146 1984 2225">
     <span class='ocr_line' id='line_1_21' title="bbox 401 2146 1984 2225; baseline -0.008 -15"><span class='ocrx_word' id='word_1_168' title='bbox 401 2158 452 2210; x_wconf 90' lang='lat' dir='ltr'><strong>in</strong></span> <span class='ocrx_word' id='word_1_169' title='bbox 500 2172 726 2225; x_wconf 89' lang='lat' dir='ltr'><strong>corpore</strong></span> <span class='ocrx_word' id='word_1_170' title='bbox 766 2168 978 2209; x_wconf 82' lang='lat' dir='ltr'><strong>mortuo</strong></span> <span class='ocrx_word' id='word_1_171' title='bbox 1028 2155 1201 2207; x_wconf 87' lang='lat' dir='ltr'><strong>adhuc</strong></span> <span class='ocrx_word' id='word_1_172' title='bbox 1251 2160 1426 2221; x_wconf 84' lang='lat' dir='ltr'><strong>potest</strong></span> <span class='ocrx_word' id='word_1_173' title='bbox 1463 2164 1583 2204; x_wconf 84' lang='lat' dir='ltr'><strong>esse</strong></span> <span class='ocrx_word' id='word_1_174' title='bbox 1607 2187 1622 2214; x_wconf 93' lang='lat'><strong>,</strong></span> <span class='ocrx_word' id='word_1_175' title='bbox 1655 2163 1774 2217; x_wconf 71' lang='lat' dir='ltr'><strong>qua:</strong></span> <span class='ocrx_word' id='word_1_176' title='bbox 1800 2146 1984 2200; x_wconf 85' lang='lat' dir='ltr'><strong>nisi.in</strong></span> 
     </span>
    </p>
   </div>
   <div class='ocr_carea' id='block_1_22' title="bbox 399 2236 1983 2315">
    <p class='ocr_par' dir='ltr' id='par_1_22' title="bbox 399 2236 1983 2315">
     <span class='ocr_line' id='line_1_22' title="bbox 399 2236 1983 2315; baseline -0.009 -14"><span class='ocrx_word' id='word_1_177' title='bbox 399 2262 622 2315; x_wconf 85' lang='lat' dir='ltr'><strong>corpore</strong></span> <span class='ocrx_word' id='word_1_178' title='bbox 658 2246 844 2300; x_wconf 91' lang='lat' dir='ltr'><strong>mortis</strong></span> <span class='ocrx_word' id='word_1_179' title='bbox 884 2261 989 2299; x_wconf 86' lang='lat' dir='ltr'><strong>non</strong></span> <span class='ocrx_word' id='word_1_180' title='bbox 1034 2250 1207 2312; x_wconf 86' lang='lat' dir='ltr'><strong>potest</strong></span> <span class='ocrx_word' id='word_1_181' title='bbox 1248 2256 1367 2295; x_wconf 89' lang='lat' dir='ltr'><strong>esse</strong></span> <span class='ocrx_word' id='word_1_182' title='bbox 1408 2257 1421 2293; x_wconf 91' lang='lat'><strong>:</strong></span> <span class='ocrx_word' id='word_1_183' title='bbox 1472 2239 1567 2293; x_wconf 90' lang='lat' dir='ltr'><strong>sed</strong></span> <span class='ocrx_word' id='word_1_184' title='bbox 1601 2254 1718 2307; x_wconf 63' lang='lat' dir='ltr'><strong>quae</strong></span> <span class='ocrx_word' id='word_1_185' title='bbox 1750 2236 1983 2308; x_wconf 87' lang='lat' dir='ltr'><strong>peritura</strong></span> 
     </span>
    </p>
   </div>
   <div class='ocr_carea' id='block_1_23' title="bbox 401 2338 1986 2406">
    <p class='ocr_par' dir='ltr' id='par_1_23' title="bbox 401 2338 1986 2406">
     <span class='ocr_line' id='line_1_23' title="bbox 401 2338 1986 2406; baseline -0.009 -13"><span class='ocrx_word' id='word_1_186' title='bbox 401 2348 483 2393; x_wconf 89' lang='lat' dir='ltr'><strong>est</strong></span> <span class='ocrx_word' id='word_1_187' title='bbox 531 2339 581 2392; x_wconf 88' lang='lat' dir='ltr'><strong>in</strong></span> <span class='ocrx_word' id='word_1_188' title='bbox 629 2338 869 2406; x_wconf 88' lang='lat' dir='ltr'><strong>corporis</strong></span> <span class='ocrx_word' id='word_1_189' title='bbox 907 2345 1097 2397; x_wconf 89' lang='lat' dir='ltr'><strong>morte,</strong></span> <span class='ocrx_word' id='word_1_190' title='bbox 1141 2348 1247 2387; x_wconf 88' lang='lat' dir='ltr'><strong>non</strong></span> <span class='ocrx_word' id='word_1_191' title='bbox 1280 2340 1363 2387; x_wconf 86' lang='lat' dir='ltr'><strong>est</strong></span> <span class='ocrx_word' id='word_1_192' title='bbox 1405 2339 1767 2385; x_wconf 89' lang='lat' dir='ltr'><strong>resurrectura</strong></span> <span class='ocrx_word' id='word_1_193' title='bbox 1808 2342 1986 2382; x_wconf 88' lang='lat' dir='ltr'><strong>resur-</strong></span> 
     </span>
    </p>
   </div>
   <div class='ocr_carea' id='block_1_24' title="bbox 400 2415 1985 2499">
    <p class='ocr_par' dir='ltr' id='par_1_24' title="bbox 400 2415 1985 2499">
     <span class='ocr_line' id='line_1_24' title="bbox 400 2415 1985 2499; baseline -0.008 -15"><span class='ocrx_word' id='word_1_194' title='bbox 400 2440 555 2499; x_wconf 82' lang='lat' dir='ltr'><strong>gente</strong></span> <span class='ocrx_word' id='word_1_195' title='bbox 597 2442 820 2496; x_wconf 89' lang='lat' dir='ltr'><strong>corpore</strong></span> <span class='ocrx_word' id='word_1_196' title='bbox 849 2427 964 2481; x_wconf 90' lang='lat' dir='ltr'><strong>sine</strong></span> <span class='ocrx_word' id='word_1_197' title='bbox 992 2434 1181 2480; x_wconf 78' lang='lat' dir='ltr'><strong>meite.</strong></span> <span class='ocrx_word' id='word_1_198' title='bbox 1213 2422 1492 2490; x_wconf 82' lang='lat' dir='ltr'><strong>Quomodo</strong></span> <span class='ocrx_word' id='word_1_199' title='bbox 1526 2435 1653 2489; x_wconf 87' lang='lat' dir='ltr'><strong>ergo</strong></span> <span class='ocrx_word' id='word_1_200' title='bbox 1683 2418 1861 2488; x_wconf 87' lang='lat' dir='ltr'><strong>punita</strong></span> <span class='ocrx_word' id='word_1_201' title='bbox 1899 2415 1985 2471; x_wconf 85' lang='lat' dir='ltr'><strong>vel</strong></span> 
     </span>
    </p>
   </div>
   <div class='ocr_carea' id='block_1_25' title="bbox 404 2509 1984 2587">
    <p class='ocr_par' dir='ltr' id='par_1_25' title="bbox 404 2509 1984 2587">
     <span class='ocr_line' id='line_1_25' title="bbox 404 2509 1984 2587; baseline -0.008 -17"><span class='ocrx_word' id='word_1_202' title='bbox 404 2519 657 2587; x_wconf 74' lang='lat' dir='ltr'><strong>impunita</strong></span> <span class='ocrx_word' id='word_1_203' title='bbox 689 2517 786 2570; x_wconf 89' lang='lat' dir='ltr'><strong>erit</strong></span> <span class='ocrx_word' id='word_1_204' title='bbox 811 2557 825 2580; x_wconf 91' lang='lat'><strong>,</strong></span> <span class='ocrx_word' id='word_1_205' title='bbox 856 2531 974 2584; x_wconf 72' lang='lat' dir='ltr'><strong>qum</strong></span> <span class='ocrx_word' id='word_1_206' title='bbox 1006 2512 1276 2583; x_wconf 88' lang='lat' dir='ltr'><strong>pereundo</strong></span> <span class='ocrx_word' id='word_1_207' title='bbox 1305 2527 1410 2563; x_wconf 91' lang='lat' dir='ltr'><strong>non</strong></span> <span class='ocrx_word' id='word_1_208' title='bbox 1439 2509 1580 2564; x_wconf 90' lang='lat' dir='ltr'><strong>erit?</strong></span> <span class='ocrx_word' id='word_1_209' title='bbox 1603 2509 1772 2561; x_wconf 84' lang='lat' dir='ltr'><strong>Erunt</strong></span> <span class='ocrx_word' id='word_1_210' title='bbox 1808 2514 1984 2561; x_wconf 88' lang='lat' dir='ltr'><strong>autem</strong></span> 
     </span>
    </p>
   </div>
   <div class='ocr_carea' id='block_1_26' title="bbox 402 2600 1984 2677">
    <p class='ocr_par' dir='ltr' id='par_1_26' title="bbox 402 2600 1984 2677">
     <span class='ocr_line' id='line_1_26' title="bbox 402 2600 1984 2677; baseline -0.007 -14"><span class='ocrx_word' id='word_1_211' title='bbox 402 2609 668 2677; x_wconf 87' lang='lat' dir='ltr'><strong>impuniti,</strong></span> <span class='ocrx_word' id='word_1_212' title='bbox 697 2607 786 2676; x_wconf 89' lang='lat' dir='ltr'><strong>qui</strong></span> <span class='ocrx_word' id='word_1_213' title='bbox 816 2607 930 2676; x_wconf 86' lang='lat' dir='ltr'><strong>ejus</strong></span> <span class='ocrx_word' id='word_1_214' title='bbox 972 2615 1121 2660; x_wconf 88' lang='lat' dir='ltr'><strong>reatu</strong></span> <span class='ocrx_word' id='word_1_215' title='bbox 1162 2604 1442 2673; x_wconf 86' lang='lat' dir='ltr'><strong>congcnito</strong></span> <span class='ocrx_word' id='word_1_216' title='bbox 1466 2600 1866 2672; x_wconf 80' lang='lat' dir='ltr'><strong>regeneratione</strong></span> <span class='ocrx_word' id='word_1_217' title='bbox 1893 2614 1984 2652; x_wconf 87' lang='lat' dir='ltr'><strong>ca-</strong></span> 
     </span>
    </p>
   </div>
   <div class='ocr_carea' id='block_1_27' title="bbox 402 2689 1986 2767">
    <p class='ocr_par' dir='ltr' id='par_1_27' title="bbox 402 2689 1986 2767">
     <span class='ocr_line' id='line_1_27' title="bbox 402 2689 1986 2767; baseline -0.008 -14"><span class='ocrx_word' id='word_1_218' title='bbox 402 2707 639 2762; x_wconf 77' lang='lat' dir='ltr'><strong>ruerunt,</strong></span> <span class='ocrx_word' id='word_1_219' title='bbox 674 2699 894 2767; x_wconf 82' lang='lat' dir='ltr'><strong>ejusque</strong></span> <span class='ocrx_word' id='word_1_220' title='bbox 923 2695 1264 2765; x_wconf 82' lang='lat' dir='ltr'><strong>surgentibus</strong></span> <span class='ocrx_word' id='word_1_221' title='bbox 1302 2702 1357 2748; x_wconf 91' lang='lat' dir='ltr'><strong>et</strong></span> <span class='ocrx_word' id='word_1_222' title='bbox 1404 2690 1712 2761; x_wconf 80' lang='lat' dir='ltr'><strong>urgentibus</strong></span> <span class='ocrx_word' id='word_1_223' title='bbox 1755 2689 1986 2743; x_wconf 86' lang='lat' dir='ltr'><strong>motibus</strong></span> 
     </span>
    </p>
   </div>
   <div class='ocr_carea' id='block_1_28' title="bbox 401 2780 1985 2857">
    <p class='ocr_par' dir='ltr' id='par_1_28' title="bbox 401 2780 1985 2857">
     <span class='ocr_line' id='line_1_28' title="bbox 401 2780 1985 2857; baseline -0.008 -14"><span class='ocrx_word' id='word_1_224' title='bbox 401 2790 467 2844; x_wconf 89' lang='lat' dir='ltr'><strong>ad</strong></span> <span class='ocrx_word' id='word_1_225' title='bbox 502 2790 680 2843; x_wconf 88' lang='lat' dir='ltr'><strong>illicita</strong></span> <span class='ocrx_word' id='word_1_226' title='bbox 712 2786 1028 2857; x_wconf 83' lang='lat' dir='ltr'><strong>perﬁcienda</strong></span> <span class='ocrx_word' id='word_1_227' title='bbox 1053 2801 1155 2839; x_wconf 89' lang='lat' dir='ltr'><strong>non</strong></span> <span class='ocrx_word' id='word_1_228' title='bbox 1183 2783 1405 2847; x_wconf 89' lang='lat' dir='ltr'><strong>cedunt;</strong></span> <span class='ocrx_word' id='word_1_229' title='bbox 1436 2791 1490 2835; x_wconf 93' lang='lat' dir='ltr'><strong>et</strong></span> <span class='ocrx_word' id='word_1_230' title='bbox 1515 2782 1557 2835; x_wconf 92' lang='lat' dir='ltr'><strong>si</strong></span> <span class='ocrx_word' id='word_1_231' title='bbox 1581 2780 1704 2850; x_wconf 90' lang='lat' dir='ltr'><strong>quid</strong></span> <span class='ocrx_word' id='word_1_232' title='bbox 1730 2794 1833 2833; x_wconf 88' lang='lat' dir='ltr'><strong>non</strong></span> <span class='ocrx_word' id='word_1_233' title='bbox 1860 2794 1985 2848; x_wconf 85' lang='lat' dir='ltr'><strong>pro-</strong></span> 
     </span>
    </p>
   </div>
   <div class='ocr_carea' id='block_1_29' title="bbox 402 2869 1986 2948">
    <p class='ocr_par' dir='ltr' id='par_1_29' title="bbox 402 2869 1986 2948">
     <span class='ocr_line' id='line_1_29' title="bbox 402 2869 1986 2948; baseline -0.006 -16"><span class='ocrx_word' id='word_1_234' title='bbox 402 2890 517 2948; x_wconf 91' lang='lat' dir='ltr'><strong>ptcr</strong></span> <span class='ocrx_word' id='word_1_235' title='bbox 538 2879 737 2947; x_wconf 82' lang='lat' dir='ltr'><strong>prolem</strong></span> <span class='ocrx_word' id='word_1_236' title='bbox 761 2878 824 2930; x_wconf 87' lang='lat' dir='ltr'><strong>de</strong></span> <span class='ocrx_word' id='word_1_237' title='bbox 846 2877 978 2944; x_wconf 91' lang='lat' dir='ltr'><strong>ipsa,</strong></span> <span class='ocrx_word' id='word_1_238' title='bbox 994 2875 1087 2930; x_wconf 89' lang='lat' dir='ltr'><strong>sed</strong></span> <span class='ocrx_word' id='word_1_239' title='bbox 1111 2883 1326 2944; x_wconf 85' lang='lat' dir='ltr'><strong>propter</strong></span> <span class='ocrx_word' id='word_1_240' title='bbox 1344 2872 1510 2943; x_wconf 88' lang='lat' dir='ltr'><strong>ipsam</strong></span> <span class='ocrx_word' id='word_1_241' title='bbox 1533 2885 1652 2924; x_wconf 91' lang='lat' dir='ltr'><strong>cum</strong></span> <span class='ocrx_word' id='word_1_242' title='bbox 1673 2869 1986 2939; x_wconf 84' lang='lat' dir='ltr'><strong>conjugibus</strong></span> 
     </span>
    </p>
   </div>
   <div class='ocr_carea' id='block_1_30' title="bbox 404 2960 1986 3035">
    <p class='ocr_par' dir='ltr' id='par_1_30' title="bbox 404 2960 1986 3035">
     <span class='ocr_line' id='line_1_30' title="bbox 404 2960 1986 3035; baseline -0.004 -14"><span class='ocrx_word' id='word_1_243' title='bbox 404 2969 620 3031; x_wconf 88' lang='lat' dir='ltr'><strong>faciunt,</strong></span> <span class='ocrx_word' id='word_1_244' title='bbox 647 2968 801 3022; x_wconf 89' lang='lat' dir='ltr'><strong>venia</strong></span> <span class='ocrx_word' id='word_1_245' title='bbox 831 2967 1190 3035; x_wconf 87' lang='lat' dir='ltr'><strong>subsequente</strong></span> <span class='ocrx_word' id='word_1_246' title='bbox 1216 2972 1490 3017; x_wconf 88' lang='lat' dir='ltr'><strong>sanantur.</strong></span> <span class='ocrx_word' id='word_1_247' title='bbox 1515 2960 1666 3028; x_wconf 86' lang='lat' dir='ltr'><strong>Quod</strong></span> <span class='ocrx_word' id='word_1_248' title='bbox 1695 2974 1822 3014; x_wconf 81' lang='lat' dir='ltr'><strong>vero</strong></span> <span class='ocrx_word' id='word_1_249' title='bbox 1846 2960 1986 3014; x_wconf 87' lang='lat' dir='ltr'><strong>Deus</strong></span> 
     </span>
    </p>
   </div>
   <div class='ocr_carea' id='block_1_31' title="bbox 400 3051 1983 3126">
    <p class='ocr_par' dir='ltr' id='par_1_31' title="bbox 400 3051 1983 3126">
     <span class='ocr_line' id='line_1_31' title="bbox 400 3051 1983 3126; baseline -0.006 -15"><span class='ocrx_word' id='word_1_250' title='bbox 400 3059 468 3113; x_wconf 87' lang='lat' dir='ltr'><strong>de</strong></span> <span class='ocrx_word' id='word_1_251' title='bbox 507 3058 712 3126; x_wconf 78' lang='lat' dir='ltr'><strong>origine</strong></span> <span class='ocrx_word' id='word_1_252' title='bbox 752 3058 940 3111; x_wconf 88' lang='lat' dir='ltr'><strong>merito</strong></span> <span class='ocrx_word' id='word_1_253' title='bbox 979 3066 1032 3110; x_wconf 89' lang='lat' dir='ltr'><strong>et</strong></span> <span class='ocrx_word' id='word_1_254' title='bbox 1065 3056 1205 3123; x_wconf 87' lang='lat' dir='ltr'><strong>justc</strong></span> <span class='ocrx_word' id='word_1_255' title='bbox 1234 3055 1482 3107; x_wconf 89' lang='lat' dir='ltr'><strong>damnata</strong></span> <span class='ocrx_word' id='word_1_256' title='bbox 1513 3051 1758 3120; x_wconf 89' lang='lat' dir='ltr'><strong>parvulos</strong></span> <span class='ocrx_word' id='word_1_257' title='bbox 1796 3057 1983 3115; x_wconf 79' lang='lat' dir='ltr'><strong>creat,</strong></span> 
     </span>
    </p>
   </div>
   <div class='ocr_carea' id='block_1_32' title="bbox 402 3139 1986 3219">
    <p class='ocr_par' dir='ltr' id='par_1_32' title="bbox 402 3139 1986 3219">
     <span class='ocr_line' id='line_1_32' title="bbox 402 3139 1986 3219; baseline -0.005 -15"><span class='ocrx_word' id='word_1_258' title='bbox 402 3150 597 3204; x_wconf 88' lang='lat' dir='ltr'><strong>bonum</strong></span> <span class='ocrx_word' id='word_1_259' title='bbox 646 3158 728 3204; x_wconf 91' lang='lat' dir='ltr'><strong>est</strong></span> <span class='ocrx_word' id='word_1_260' title='bbox 767 3150 879 3218; x_wconf 90' lang='lat' dir='ltr'><strong>ipse</strong></span> <span class='ocrx_word' id='word_1_261' title='bbox 920 3148 1062 3219; x_wconf 89' lang='lat' dir='ltr'><strong>quod</strong></span> <span class='ocrx_word' id='word_1_262' title='bbox 1096 3139 1421 3216; x_wconf 43' lang='lat' dir='ltr'><strong>creatrqnia</strong></span> <span class='ocrx_word' id='word_1_263' title='bbox 1455 3144 1698 3198; x_wconf 86' lang='lat' dir='ltr'><strong>homines</strong></span> <span class='ocrx_word' id='word_1_264' title='bbox 1724 3151 1889 3209; x_wconf 89' lang='lat' dir='ltr'><strong>creat,</strong></span> <span class='ocrx_word' id='word_1_265' title='bbox 1930 3150 1986 3196; x_wconf 84' lang='lat' dir='ltr'><strong>et</strong></span> 
     </span>
    </p>
   </div>
   <div class='ocr_carea' id='block_1_33' title="bbox 402 3236 1983 3307">
    <p class='ocr_par' dir='ltr' id='par_1_33' title="bbox 402 3236 1983 3307">
     <span class='ocr_line' id='line_1_33' title="bbox 402 3236 1983 3307; baseline -0.005 -12"><span class='ocrx_word' id='word_1_266' title='bbox 402 3241 648 3296; x_wconf 85' lang='lat' dir='ltr'><strong>homines</strong></span> <span class='ocrx_word' id='word_1_267' title='bbox 677 3241 836 3296; x_wconf 74' lang='lat' dir='ltr'><strong>ctiam</strong></span> <span class='ocrx_word' id='word_1_268' title='bbox 867 3241 991 3294; x_wconf 89' lang='lat' dir='ltr'><strong>mali</strong></span> <span class='ocrx_word' id='word_1_269' title='bbox 1018 3241 1214 3293; x_wconf 86' lang='lat' dir='ltr'><strong>bonum</strong></span> <span class='ocrx_word' id='word_1_270' title='bbox 1240 3237 1436 3307; x_wconf 81' lang='lat' dir='ltr'><strong>aliquid</strong></span> <span class='ocrx_word' id='word_1_271' title='bbox 1470 3244 1613 3300; x_wconf 86' lang='lat' dir='ltr'><strong>sunt,</strong></span> <span class='ocrx_word' id='word_1_272' title='bbox 1650 3236 1699 3288; x_wconf 88' lang='lat' dir='ltr'><strong>in</strong></span> <span class='ocrx_word' id='word_1_273' title='bbox 1728 3245 1983 3305; x_wconf 87' lang='lat' dir='ltr'><strong>quantum</strong></span> 
     </span>
    </p>
   </div>
   <div class='ocr_carea' id='block_1_34' title="bbox 402 3327 1983 3391">
    <p class='ocr_par' dir='ltr' id='par_1_34' title="bbox 402 3327 1983 3391">
     <span class='ocr_line' id='line_1_34' title="bbox 402 3327 1983 3391; baseline -0.004 -4"><span class='ocrx_word' id='word_1_274' title='bbox 402 3333 645 3389; x_wconf 86' lang='lat' dir='ltr'><strong>homines</strong></span> <span class='ocrx_word' id='word_1_275' title='bbox 670 3342 794 3386; x_wconf 89' lang='lat' dir='ltr'><strong>sunt</strong></span> <span class='ocrx_word' id='word_1_276' title='bbox 822 3351 833 3386; x_wconf 96' lang='lat'>:</span> <span class='ocrx_word' id='word_1_277' title='bbox 867 3347 967 3387; x_wconf 89' lang='lat' dir='ltr'><strong>nec</strong></span> <span class='ocrx_word' id='word_1_278' title='bbox 991 3333 1205 3387; x_wconf 90' lang='lat' dir='ltr'><strong>cohibet</strong></span> <span class='ocrx_word' id='word_1_279' title='bbox 1222 3331 1290 3385; x_wconf 89' lang='lat' dir='ltr'><strong>ab</strong></span> <span class='ocrx_word' id='word_1_280' title='bbox 1313 3332 1393 3385; x_wconf 91' lang='lat' dir='ltr'><strong>eis</strong></span> <span class='ocrx_word' id='word_1_281' title='bbox 1419 3329 1708 3383; x_wconf 90' lang='lat' dir='ltr'><strong>bonitatem</strong></span> <span class='ocrx_word' id='word_1_282' title='bbox 1742 3327 1983 3391; x_wconf 90' lang='lat' dir='ltr'><strong>creandi,</strong></span> 
     </span>
    </p>
   </div>
   <div class='ocr_carea' id='block_1_35' title="bbox 400 3406 1986 3491">
    <p class='ocr_par' dir='ltr' id='par_1_35' title="bbox 400 3406 1986 3491">
     <span class='ocr_line' id='line_1_35' title="bbox 400 3406 1986 3491; baseline -0.004 -16"><span class='ocrx_word' id='word_1_283' title='bbox 400 3438 533 3491; x_wconf 87' lang='lat' dir='ltr'><strong>quos</strong></span> <span class='ocrx_word' id='word_1_284' title='bbox 563 3406 825 3490; x_wconf 63' lang='lat' dir='ltr'><strong>pixeseivit</strong></span> <span class='ocrx_word' id='word_1_285' title='bbox 849 3436 967 3476; x_wconf 87' lang='lat' dir='ltr'><strong>esse</strong></span> <span class='ocrx_word' id='word_1_286' title='bbox 996 3420 1347 3483; x_wconf 85' lang='lat' dir='ltr'><strong>damnandos,</strong></span> <span class='ocrx_word' id='word_1_287' title='bbox 1376 3420 1483 3473; x_wconf 90' lang='lat' dir='ltr'><strong>imo</strong></span> <span class='ocrx_word' id='word_1_288' title='bbox 1522 3419 1622 3473; x_wconf 90' lang='lat' dir='ltr'><strong>scit</strong></span> <span class='ocrx_word' id='word_1_289' title='bbox 1656 3417 1986 3486; x_wconf 82' lang='lat' dir='ltr'><strong>originaliter</strong></span> 
     </span>
    </p>
   </div>
   <div class='ocr_carea' id='block_1_36' title="bbox 398 3508 2008 3592">
    <p class='ocr_par' dir='ltr' id='par_1_36' title="bbox 398 3508 2008 3592">
     <span class='ocr_line' id='line_1_36' title="bbox 398 3508 2008 3592; baseline -0.004 -25"><span class='ocrx_word' id='word_1_290' title='bbox 398 3515 506 3582; x_wconf 86' lang='lat' dir='ltr'><strong>jam</strong></span> <span class='ocrx_word' id='word_1_291' title='bbox 524 3529 642 3592; x_wconf 81' lang='lat' dir='ltr'><strong>esse</strong></span> <span class='ocrx_word' id='word_1_292' title='bbox 659 3513 971 3575; x_wconf 89' lang='lat' dir='ltr'><strong>damnatos;</strong></span> <span class='ocrx_word' id='word_1_293' title='bbox 996 3512 1135 3565; x_wconf 88' lang='lat' dir='ltr'><strong>unde</strong></span> <span class='ocrx_word' id='word_1_294' title='bbox 1157 3510 1525 3580; x_wconf 85' lang='lat' dir='ltr'><strong>gratulandum</strong></span> <span class='ocrx_word' id='word_1_295' title='bbox 1556 3516 1638 3562; x_wconf 92' lang='lat' dir='ltr'><strong>est</strong></span> <span class='ocrx_word' id='word_1_296' title='bbox 1661 3515 1765 3560; x_wconf 89' lang='lat' dir='ltr'><strong>tam</strong></span> <span class='ocrx_word' id='word_1_297' title='bbox 1792 3508 2008 3574; x_wconf 39' lang='lat' dir='ltr'><strong>multos,</strong></span> 
     </span>
    </p>
   </div>
   <div class='ocr_carea' id='block_1_37' title="bbox 405 3598 1980 3671">
    <p class='ocr_par' dir='ltr' id='par_1_37' title="bbox 405 3598 1980 3671">
     <span class='ocr_line' id='line_1_37' title="bbox 405 3598 1980 3671; baseline -0.004 -14"><span class='ocrx_word' id='word_1_298' title='bbox 405 3618 590 3657; x_wconf 88' lang='lat' dir='ltr'><strong>eorum</strong></span> <span class='ocrx_word' id='word_1_299' title='bbox 616 3618 645 3655; x_wconf 92' lang='lat' dir='ltr'><strong>a</strong></span> <span class='ocrx_word' id='word_1_300' title='bbox 666 3603 841 3657; x_wconf 90' lang='lat' dir='ltr'><strong>debita</strong></span> <span class='ocrx_word' id='word_1_301' title='bbox 875 3617 1030 3671; x_wconf 76' lang='lat' dir='ltr'><strong>pmna</strong></span> <span class='ocrx_word' id='word_1_302' title='bbox 1056 3616 1152 3670; x_wconf 91' lang='lat' dir='ltr'><strong>per</strong></span> <span class='ocrx_word' id='word_1_303' title='bbox 1177 3600 1466 3655; x_wconf 90' lang='lat' dir='ltr'><strong>iudcbitam</strong></span> <span class='ocrx_word' id='word_1_304' title='bbox 1498 3599 1721 3668; x_wconf 78' lang='lat' dir='ltr'><strong>gratiam</strong></span> <span class='ocrx_word' id='word_1_305' title='bbox 1744 3598 1980 3652; x_wconf 89' lang='lat' dir='ltr'><strong>liberari.</strong></span> 
     </span>
    </p>
   </div>
   <div class='ocr_carea' id='block_1_38' title="bbox 401 3688 1981 3758">
    <p class='ocr_par' dir='ltr' id='par_1_38' title="bbox 401 3688 1981 3758">
     <span class='ocr_line' id='line_1_38' title="bbox 401 3688 1981 3758; baseline -0.003 -10"><span class='ocrx_word' id='word_1_306' title='bbox 401 3693 454 3748; x_wconf 91' lang='lat' dir='ltr'><strong>Si</strong></span> <span class='ocrx_word' id='word_1_307' title='bbox 482 3703 658 3748; x_wconf 89' lang='lat' dir='ltr'><strong>autem</strong></span> <span class='ocrx_word' id='word_1_308' title='bbox 684 3692 898 3747; x_wconf 89' lang='lat' dir='ltr'><strong>crudele</strong></span> <span class='ocrx_word' id='word_1_309' title='bbox 925 3707 1045 3747; x_wconf 90' lang='lat' dir='ltr'><strong>esse</strong></span> <span class='ocrx_word' id='word_1_310' title='bbox 1069 3690 1423 3757; x_wconf 86' lang='lat' dir='ltr'><strong>arbitramini,</strong></span> <span class='ocrx_word' id='word_1_311' title='bbox 1450 3689 1688 3744; x_wconf 89' lang='lat' dir='ltr'><strong>damnari</strong></span> <span class='ocrx_word' id='word_1_312' title='bbox 1714 3688 1981 3758; x_wconf 85' lang='lat' dir='ltr'><strong>parvulos,</strong></span> 
     </span>
    </p>
   </div>
   <div class='ocr_carea' id='block_1_39' title="bbox 402 3780 1985 3852">
    <p class='ocr_par' dir='ltr' id='par_1_39' title="bbox 402 3780 1985 3852">
     <span class='ocr_line' id='line_1_39' title="bbox 402 3780 1985 3852; baseline -0.001 -17"><span class='ocrx_word' id='word_1_313' title='bbox 402 3798 535 3852; x_wconf 90' lang='lat' dir='ltr'><strong>quos</strong></span> <span class='ocrx_word' id='word_1_314' title='bbox 557 3783 815 3852; x_wconf 78' lang='lat' dir='ltr'><strong>originale</strong></span> <span class='ocrx_word' id='word_1_315' title='bbox 846 3792 1121 3852; x_wconf 90' lang='lat' dir='ltr'><strong>peccatum</strong></span> <span class='ocrx_word' id='word_1_316' title='bbox 1147 3782 1358 3837; x_wconf 90' lang='lat' dir='ltr'><strong>trahere</strong></span> <span class='ocrx_word' id='word_1_317' title='bbox 1388 3796 1491 3835; x_wconf 90' lang='lat' dir='ltr'><strong>non</strong></span> <span class='ocrx_word' id='word_1_318' title='bbox 1520 3780 1748 3850; x_wconf 87' lang='lat' dir='ltr'><strong>putatis;</strong></span> <span class='ocrx_word' id='word_1_319' title='bbox 1771 3780 1985 3851; x_wconf 89' lang='lat' dir='ltr'><strong>crudele</strong></span> 
     </span>
    </p>
   </div>
   <div class='ocr_carea' id='block_1_40' title="bbox 401 3874 1983 3945">
    <p class='ocr_par' dir='ltr' id='par_1_40' title="bbox 401 3874 1983 3945">
     <span class='ocr_line' id='line_1_40' title="bbox 401 3874 1983 3945; baseline 0.001 -19"><span class='ocrx_word' id='word_1_320' title='bbox 401 3875 553 3928; x_wconf 85' lang='lat' dir='ltr'><strong>vobis</strong></span> <span class='ocrx_word' id='word_1_321' title='bbox 582 3875 844 3941; x_wconf 91' lang='lat' dir='ltr'><strong>videatur,</strong></span> <span class='ocrx_word' id='word_1_322' title='bbox 871 3890 975 3928; x_wconf 89' lang='lat' dir='ltr'><strong>non</strong></span> <span class='ocrx_word' id='word_1_323' title='bbox 1005 3875 1118 3945; x_wconf 88' lang='lat' dir='ltr'><strong>rapi</strong></span> <span class='ocrx_word' id='word_1_324' title='bbox 1146 3890 1214 3929; x_wconf 82' lang='lat' dir='ltr'><strong>ex</strong></span> <span class='ocrx_word' id='word_1_325' title='bbox 1246 3874 1346 3931; x_wconf 88' lang='lat' dir='ltr'><strong>hac</strong></span> <span class='ocrx_word' id='word_1_326' title='bbox 1371 3874 1474 3928; x_wconf 89' lang='lat' dir='ltr'><strong>vita</strong></span> <span class='ocrx_word' id='word_1_327' title='bbox 1498 3874 1767 3942; x_wconf 86' lang='lat' dir='ltr'><strong>parvulos,</strong></span> <span class='ocrx_word' id='word_1_328' title='bbox 1790 3888 1983 3929; x_wconf 87' lang='lat' dir='ltr'><strong>secun-</strong></span> 
     </span>
    </p>
   </div>
   <div class='ocr_carea' id='block_1_41' title="bbox 399 3963 1984 4033">
    <p class='ocr_par' dir='ltr' id='par_1_41' title="bbox 399 3963 1984 4033">
     <span class='ocr_line' id='line_1_41' title="bbox 399 3963 1984 4033; baseline -0.001 -14"><span class='ocrx_word' id='word_1_329' title='bbox 399 3964 525 4019; x_wconf 88' lang='lat' dir='ltr'><strong>dum</strong></span> <span class='ocrx_word' id='word_1_330' title='bbox 556 3980 670 4029; x_wconf 82' lang='lat' dir='ltr'><strong>vos,</strong></span> <span class='ocrx_word' id='word_1_331' title='bbox 704 3966 905 4018; x_wconf 88' lang='lat' dir='ltr'><strong>nullum</strong></span> <span class='ocrx_word' id='word_1_332' title='bbox 946 3963 1202 4019; x_wconf 83' lang='lat' dir='ltr'><strong>habentes</strong></span> <span class='ocrx_word' id='word_1_333' title='bbox 1246 3964 1464 4017; x_wconf 92' lang='lat' dir='ltr'><strong>omnino</strong></span> <span class='ocrx_word' id='word_1_334' title='bbox 1501 3972 1813 4033; x_wconf 91' lang='lat' dir='ltr'><strong>peccatum,</strong></span> <span class='ocrx_word' id='word_1_335' title='bbox 1850 3977 1984 4033; x_wconf 85' lang='lat' dir='ltr'><strong>quos</strong></span> 
     </span>
    </p>
   </div>
   <div class='ocr_carea' id='block_1_42' title="bbox 402 4052 1986 4123">
    <p class='ocr_par' dir='ltr' id='par_1_42' title="bbox 402 4052 1986 4123">
     <span class='ocr_line' id='line_1_42' title="bbox 402 4052 1986 4123; baseline 0.001 -16"><span class='ocrx_word' id='word_1_336' title='bbox 402 4052 542 4109; x_wconf 90' lang='lat' dir='ltr'><strong>Deus</strong></span> <span class='ocrx_word' id='word_1_337' title='bbox 567 4054 746 4123; x_wconf 90' lang='lat' dir='ltr'><strong>utique</strong></span> <span class='ocrx_word' id='word_1_338' title='bbox 773 4054 919 4108; x_wconf 88' lang='lat' dir='ltr'><strong>novit</strong></span> <span class='ocrx_word' id='word_1_339' title='bbox 944 4055 996 4107; x_wconf 90' lang='lat' dir='ltr'><strong>in</strong></span> <span class='ocrx_word' id='word_1_340' title='bbox 1033 4054 1215 4109; x_wconf 88' lang='lat' dir='ltr'><strong>multis</strong></span> <span class='ocrx_word' id='word_1_341' title='bbox 1242 4053 1552 4123; x_wconf 80' lang='lat' dir='ltr'><strong>magnisque</strong></span> <span class='ocrx_word' id='word_1_342' title='bbox 1597 4053 1828 4122; x_wconf 88' lang='lat' dir='ltr'><strong>peccatis</strong></span> <span class='ocrx_word' id='word_1_343' title='bbox 1868 4053 1986 4109; x_wconf 88' lang='lat' dir='ltr'><strong>sine</strong></span> 
     </span>
    </p>
   </div>
   <div class='ocr_carea' id='block_1_43' title="bbox 401 4144 1983 4200">
    <p class='ocr_par' dir='ltr' id='par_1_43' title="bbox 401 4144 1983 4200">
     <span class='ocr_line' id='line_1_43' title="bbox 401 4144 1983 4200; baseline -0.001 -1"><span class='ocrx_word' id='word_1_344' title='bbox 401 4145 508 4199; x_wconf 87' lang='lat' dir='ltr'><strong>ulla</strong></span> <span class='ocrx_word' id='word_1_345' title='bbox 552 4147 604 4198; x_wconf 93' lang='lat' dir='ltr'><strong>in</strong></span> <span class='ocrx_word' id='word_1_346' title='bbox 642 4145 833 4200; x_wconf 91' lang='lat' dir='ltr'><strong>melius</strong></span> <span class='ocrx_word' id='word_1_347' title='bbox 859 4149 1151 4199; x_wconf 86' lang='lat' dir='ltr'><strong>mutatione</strong></span> <span class='ocrx_word' id='word_1_348' title='bbox 1177 4145 1465 4198; x_wconf 89' lang='lat' dir='ltr'><strong>morituros</strong></span> <span class='ocrx_word' id='word_1_349' title='bbox 1494 4162 1507 4196; x_wconf 90' lang='lat'><strong>:</strong></span> <span class='ocrx_word' id='word_1_350' title='bbox 1545 4159 1667 4197; x_wconf 90' lang='lat' dir='ltr'><strong>nam</strong></span> <span class='ocrx_word' id='word_1_351' title='bbox 1691 4144 1983 4199; x_wconf 89' lang='lat' dir='ltr'><strong>secundum</strong></span> 
     </span>
    </p>
   </div>
   <div class='ocr_carea' id='block_1_44' title="bbox 401 4233 1984 4300">
    <p class='ocr_par' dir='ltr' id='par_1_44' title="bbox 401 4233 1984 4300">
     <span class='ocr_line' id='line_1_44' title="bbox 401 4233 1984 4300; baseline 0 -11"><span class='ocrx_word' id='word_1_352' title='bbox 401 4236 832 4290; x_wconf 87' lang='lat' dir='ltr'><strong>ratiocinationes</strong></span> <span class='ocrx_word' id='word_1_353' title='bbox 865 4235 1123 4288; x_wconf 88' lang='lat' dir='ltr'><strong>humanas</strong></span> <span class='ocrx_word' id='word_1_354' title='bbox 1142 4275 1158 4300; x_wconf 94' lang='lat'><strong>,</strong></span> <span class='ocrx_word' id='word_1_355' title='bbox 1198 4233 1466 4288; x_wconf 90' lang='lat' dir='ltr'><strong>crudelius</strong></span> <span class='ocrx_word' id='word_1_356' title='bbox 1491 4233 1699 4288; x_wconf 86' lang='lat' dir='ltr'><strong>videtur</strong></span> <span class='ocrx_word' id='word_1_357' title='bbox 1727 4250 1829 4288; x_wconf 92' lang='lat' dir='ltr'><strong>non</strong></span> <span class='ocrx_word' id='word_1_358' title='bbox 1854 4235 1984 4290; x_wconf 89' lang='lat' dir='ltr'><strong>libe-</strong></span> 
     </span>
    </p>
   </div>
   <div class='ocr_carea' id='block_1_45' title="bbox 400 4323 2021 4395">
    <p class='ocr_par' dir='ltr' id='par_1_45' title="bbox 400 4323 2021 4395">
     <span class='ocr_line' id='line_1_45' title="bbox 400 4323 2021 4395; baseline -0.004 -16"><span class='ocrx_word' id='word_1_359' title='bbox 400 4340 521 4380; x_wconf 89' lang='lat' dir='ltr'><strong>rare</strong></span> <span class='ocrx_word' id='word_1_360' title='bbox 547 4341 665 4380; x_wconf 91' lang='lat' dir='ltr'><strong>cum</strong></span> <span class='ocrx_word' id='word_1_361' title='bbox 705 4325 893 4395; x_wconf 86' lang='lat' dir='ltr'><strong>possit,</strong></span> <span class='ocrx_word' id='word_1_362' title='bbox 925 4325 1088 4379; x_wconf 88' lang='lat' dir='ltr'><strong>nullis</strong></span> <span class='ocrx_word' id='word_1_363' title='bbox 1114 4323 1441 4394; x_wconf 90' lang='lat' dir='ltr'><strong>inquinatum</strong></span> <span class='ocrx_word' id='word_1_364' title='bbox 1472 4325 1647 4392; x_wconf 86' lang='lat' dir='ltr'><strong>parvis</strong></span> <span class='ocrx_word' id='word_1_365' title='bbox 1674 4326 1985 4394; x_wconf 88' lang='lat' dir='ltr'><strong>magnisque</strong></span> <span class='ocrx_word' id='word_1_366' title='bbox 2016 4368 2021 4373; x_wconf 89' lang='lat'><strong>.</strong></span> 
     </span>
    </p>
   </div>
   <div class='ocr_carea' id='block_1_46' title="bbox 400 4413 1982 4485">
    <p class='ocr_par' dir='ltr' id='par_1_46' title="bbox 400 4413 1982 4485">
     <span class='ocr_line' id='line_1_46' title="bbox 400 4413 1982 4485; baseline -0.002 -15"><span class='ocrx_word' id='word_1_367' title='bbox 400 4417 632 4485; x_wconf 83' lang='lat' dir='ltr'><strong>peceatis</strong></span> <span class='ocrx_word' id='word_1_368' title='bbox 648 4457 665 4483; x_wconf 93' lang='lat'><strong>,</strong></span> <span class='ocrx_word' id='word_1_369' title='bbox 688 4431 844 4485; x_wconf 87' lang='lat' dir='ltr'><strong>quam</strong></span> <span class='ocrx_word' id='word_1_370' title='bbox 867 4415 1121 4470; x_wconf 89' lang='lat' dir='ltr'><strong>damnare</strong></span> <span class='ocrx_word' id='word_1_371' title='bbox 1143 4414 1449 4484; x_wconf 76' lang='lat' dir='ltr'><strong>progeniem</strong></span> <span class='ocrx_word' id='word_1_372' title='bbox 1473 4413 1785 4481; x_wconf 88' lang='lat' dir='ltr'><strong>peccatoris.</strong></span> <span class='ocrx_word' id='word_1_373' title='bbox 1815 4414 1982 4467; x_wconf 83' lang='lat' dir='ltr'><strong>Porro</strong></span> 
     </span>
    </p>
   </div>
   <div class='ocr_carea' id='block_1_47' title="bbox 399 4505 1978 4576">
    <p class='ocr_par' dir='ltr' id='par_1_47' title="bbox 399 4505 1978 4576">
     <span class='ocr_line' id='line_1_47' title="bbox 399 4505 1978 4576; baseline 0 -16"><span class='ocrx_word' id='word_1_374' title='bbox 399 4522 518 4560; x_wconf 87' lang='lat' dir='ltr'><strong>cuni</strong></span> <span class='ocrx_word' id='word_1_375' title='bbox 552 4507 676 4560; x_wconf 90' lang='lat' dir='ltr'><strong>illud</strong></span> <span class='ocrx_word' id='word_1_376' title='bbox 702 4508 902 4575; x_wconf 84' lang='lat' dir='ltr'><strong>justum</strong></span> <span class='ocrx_word' id='word_1_377' title='bbox 940 4521 1060 4574; x_wconf 83' lang='lat' dir='ltr'><strong>esse</strong></span> <span class='ocrx_word' id='word_1_378' title='bbox 1081 4547 1095 4574; x_wconf 91' lang='lat'><strong>,</strong></span> <span class='ocrx_word' id='word_1_379' title='bbox 1126 4522 1229 4576; x_wconf 90' lang='lat' dir='ltr'><strong>qua</strong></span> <span class='ocrx_word' id='word_1_380' title='bbox 1267 4505 1490 4575; x_wconf 84' lang='lat' dir='ltr'><strong>potestis</strong></span> <span class='ocrx_word' id='word_1_381' title='bbox 1513 4520 1673 4568; x_wconf 84' lang='lat' dir='ltr'><strong>voce,</strong></span> <span class='ocrx_word' id='word_1_382' title='bbox 1698 4506 1978 4572; x_wconf 85' lang='lat' dir='ltr'><strong>clametis;</strong></span> 
     </span>
    </p>
   </div>
   <div class='ocr_carea' id='block_1_48' title="bbox 399 4596 1664 4667">
    <p class='ocr_par' dir='ltr' id='par_1_48' title="bbox 399 4596 1664 4667">
     <span class='ocr_line' id='line_1_48' title="bbox 399 4596 1664 4667; baseline 0 -17"><span class='ocrx_word' id='word_1_383' title='bbox 399 4596 502 4650; x_wconf 89' lang='lat' dir='ltr'><strong>hoc</strong></span> <span class='ocrx_word' id='word_1_384' title='bbox 522 4612 641 4651; x_wconf 88' lang='lat' dir='ltr'><strong>esse</strong></span> <span class='ocrx_word' id='word_1_385' title='bbox 663 4598 934 4666; x_wconf 73' lang='lat' dir='ltr'><strong>injustam,</strong></span> <span class='ocrx_word' id='word_1_386' title='bbox 967 4614 1070 4667; x_wconf 90' lang='lat' dir='ltr'><strong>qua</strong></span> <span class='ocrx_word' id='word_1_387' title='bbox 1103 4596 1280 4652; x_wconf 86' lang='lat' dir='ltr'><strong>fronte</strong></span> <span class='ocrx_word' id='word_1_388' title='bbox 1302 4596 1664 4652; x_wconf 88' lang='lat' dir='ltr'><strong>contenditis?</strong></span> 
     </span>
    </p>
   </div>
   <div class='ocr_carea' id='block_1_49' title="bbox 472 4687 1980 4759">
    <p class='ocr_par' dir='ltr' id='par_1_49' title="bbox 472 4687 1980 4759">
     <span class='ocr_line' id='line_1_49' title="bbox 472 4687 1980 4759; baseline 0.001 -17"><span class='ocrx_word' id='word_1_389' title='bbox 472 4687 610 4742; x_wconf 76' lang='lat' dir='ltr'><strong>XIV.</strong></span> <span class='ocrx_word' id='word_1_390' title='bbox 644 4687 762 4742; x_wconf 69' lang='lat' dir='ltr'><strong>Jun.</strong></span> <span class='ocrx_word' id='word_1_391' title='bbox 806 4689 932 4742; x_wconf 79' lang='lat' dir='ltr'><strong>Post</strong></span> <span class='ocrx_word' id='word_1_392' title='bbox 971 4688 1084 4743; x_wconf 63' lang='lat' dir='ltr'><strong>haec</strong></span> <span class='ocrx_word' id='word_1_393' title='bbox 1124 4689 1249 4741; x_wconf 93' lang='lat' dir='ltr'><strong>illud</strong></span> <span class='ocrx_word' id='word_1_394' title='bbox 1279 4696 1502 4745; x_wconf 88' lang='lat' dir='ltr'><strong>conatur</strong></span> <span class='ocrx_word' id='word_1_395' title='bbox 1524 4690 1809 4755; x_wconf 76' lang='lat' dir='ltr'><strong>incessere,</strong></span> <span class='ocrx_word' id='word_1_396' title='bbox 1842 4688 1980 4759; x_wconf 91' lang='lat' dir='ltr'><strong>quod</strong></span> 
     </span>
    </p>
   </div>
   <div class='ocr_carea' id='block_1_50' title="bbox 310 4778 1981 4850">
    <p class='ocr_par' dir='ltr' id='par_1_50' title="bbox 310 4778 1981 4850">
     <span class='ocr_line' id='line_1_50' title="bbox 310 4778 1981 4850; baseline 0.001 -16"><span class='ocrx_word' id='word_1_397' title='bbox 310 4836 314 4840; x_wconf 20' lang='grc' dir='ltr'><strong>Α</strong></span> <span class='ocrx_word' id='word_1_398' title='bbox 401 4795 497 4834; x_wconf 75' lang='lat' dir='ltr'><strong>nos</strong></span> <span class='ocrx_word' id='word_1_399' title='bbox 554 4778 779 4847; x_wconf 86' lang='lat' dir='ltr'><strong>apostoli</strong></span> <span class='ocrx_word' id='word_1_400' title='bbox 828 4778 973 4832; x_wconf 84' lang='lat' dir='ltr'><strong>Pauli</strong></span> <span class='ocrx_word' id='word_1_401' title='bbox 1023 4779 1325 4832; x_wconf 80' lang='lat' dir='ltr'><strong>testimonio</strong></span> <span class='ocrx_word' id='word_1_402' title='bbox 1349 4781 1830 4848; x_wconf 82' lang='lat' dir='ltr'><strong>comprobavimus,</strong></span> <span class='ocrx_word' id='word_1_403' title='bbox 1861 4782 1981 4850; x_wconf 85' lang='lat' dir='ltr'><strong>quia</strong></span> 
     </span>
    </p>
   </div>
   <div class='ocr_carea' id='block_1_51' title="bbox 400 4868 1982 4942">
    <p class='ocr_par' dir='ltr' id='par_1_51' title="bbox 400 4868 1982 4942">
     <span class='ocr_line' id='line_1_51' title="bbox 400 4868 1982 4942; baseline 0.001 -18"><span class='ocrx_word' id='word_1_404' title='bbox 400 4872 539 4924; x_wconf 79' lang='lat' dir='ltr'><strong>Deus</strong></span> <span class='ocrx_word' id='word_1_405' title='bbox 584 4869 851 4924; x_wconf 87' lang='lat' dir='ltr'><strong>hominem</strong></span> <span class='ocrx_word' id='word_1_406' title='bbox 890 4868 957 4922; x_wconf 88' lang='lat' dir='ltr'><strong>de</strong></span> <span class='ocrx_word' id='word_1_407' title='bbox 1001 4869 1291 4924; x_wconf 87' lang='lat' dir='ltr'><strong>seminibus</strong></span> <span class='ocrx_word' id='word_1_408' title='bbox 1321 4879 1590 4937; x_wconf 77' lang='lat' dir='ltr'><strong>operetur.</strong></span> <span class='ocrx_word' id='word_1_409' title='bbox 1633 4874 1982 4942; x_wconf 80' lang='lat' dir='ltr'><strong>Argumenta-</strong></span> 
     </span>
    </p>
   </div>
   <div class='ocr_carea' id='block_1_52' title="bbox 400 4960 1980 5031">
    <p class='ocr_par' dir='ltr' id='par_1_52' title="bbox 400 4960 1980 5031">
     <span class='ocr_line' id='line_1_52' title="bbox 400 4960 1980 5031; baseline 0.002 -17"><span class='ocrx_word' id='word_1_410' title='bbox 400 4971 589 5031; x_wconf 79' lang='lat' dir='ltr'><strong>turquc</strong></span> <span class='ocrx_word' id='word_1_411' title='bbox 618 4961 922 5017; x_wconf 68' lang='lat' dir='ltr'><strong>me&#39;fecisse</strong></span> <span class='ocrx_word' id='word_1_412' title='bbox 957 4960 1218 5025; x_wconf 88' lang='lat' dir='ltr'><strong>fraudem,</strong></span> <span class='ocrx_word' id='word_1_413' title='bbox 1264 4962 1354 5031; x_wconf 92' lang='lat' dir='ltr'><strong>qui</strong></span> <span class='ocrx_word' id='word_1_414' title='bbox 1396 4960 1520 5017; x_wconf 89' lang='lat' dir='ltr'><strong>huic</strong></span> <span class='ocrx_word' id='word_1_415' title='bbox 1564 4962 1681 5016; x_wconf 91' lang='lat' dir='ltr'><strong>loco</strong></span> <span class='ocrx_word' id='word_1_416' title='bbox 1715 4964 1801 5017; x_wconf 87' lang='lat' dir='ltr'><strong>illa</strong></span> <span class='ocrx_word' id='word_1_417' title='bbox 1841 4963 1980 5017; x_wconf 87' lang='lat' dir='ltr'><strong>dicta</strong></span> 
     </span>
    </p>
   </div>
   <div class='ocr_carea' id='block_1_53' title="bbox 400 5050 1980 5123">
    <p class='ocr_par' dir='ltr' id='par_1_53' title="bbox 400 5050 1980 5123">
     <span class='ocr_line' id='line_1_53' title="bbox 400 5050 1980 5123; baseline 0.001 -20"><span class='ocrx_word' id='word_1_418' title='bbox 400 5053 658 5105; x_wconf 77' lang='lat' dir='ltr'><strong>voluerim</strong></span> <span class='ocrx_word' id='word_1_419' title='bbox 684 5062 950 5120; x_wconf 86' lang='lat' dir='ltr'><strong>coaptare,</strong></span> <span class='ocrx_word' id='word_1_420' title='bbox 985 5068 1103 5121; x_wconf 79' lang='lat' dir='ltr'><strong>qua:</strong></span> <span class='ocrx_word' id='word_1_421' title='bbox 1126 5052 1192 5105; x_wconf 89' lang='lat' dir='ltr'><strong>de</strong></span> <span class='ocrx_word' id='word_1_422' title='bbox 1221 5050 1496 5106; x_wconf 78' lang='lat' dir='ltr'><strong>frumentis</strong></span> <span class='ocrx_word' id='word_1_423' title='bbox 1529 5055 1730 5123; x_wconf 85' lang='lat' dir='ltr'><strong>prolata</strong></span> <span class='ocrx_word' id='word_1_424' title='bbox 1768 5064 1980 5107; x_wconf 86' lang='lat' dir='ltr'><strong>consta-</strong></span> 
     </span>
    </p>
   </div>
   <div class='ocr_carea' id='block_1_54' title="bbox 400 5128 1981 5212">
    <p class='ocr_par' dir='ltr' id='par_1_54' title="bbox 400 5128 1981 5212">
     <span class='ocr_line' id='line_1_54' title="bbox 400 5128 1981 5212; baseline 0.001 -17"><span class='ocrx_word' id='word_1_425' title='bbox 400 5141 526 5204; x_wconf 76' lang='lat' dir='ltr'><strong>bat;</strong></span> <span class='ocrx_word' id='word_1_426' title='bbox 560 5128 704 5208; x_wconf 75' lang='lat' dir='ltr'><strong>quasi</strong></span> <span class='ocrx_word' id='word_1_427' title='bbox 735 5156 832 5211; x_wconf 80' lang='lat' dir='ltr'><strong>rgo</strong></span> <span class='ocrx_word' id='word_1_428' title='bbox 868 5150 959 5195; x_wconf 90' lang='lat' dir='ltr'><strong>aut</strong></span> <span class='ocrx_word' id='word_1_429' title='bbox 1002 5143 1071 5196; x_wconf 92' lang='lat' dir='ltr'><strong>ibi</strong></span> <span class='ocrx_word' id='word_1_430' title='bbox 1118 5141 1362 5212; x_wconf 85' lang='lat' dir='ltr'><strong>Apostoli</strong></span> <span class='ocrx_word' id='word_1_431' title='bbox 1410 5142 1761 5204; x_wconf 89' lang='lat' dir='ltr'><strong>sententiam,</strong></span> <span class='ocrx_word' id='word_1_432' title='bbox 1795 5152 1852 5196; x_wconf 89' lang='lat' dir='ltr'><strong>nt</strong></span> <span class='ocrx_word' id='word_1_433' title='bbox 1893 5143 1981 5196; x_wconf 78' lang='lat' dir='ltr'><strong>hic</strong></span> 
     </span>
    </p>
   </div>
   <div class='ocr_carea' id='block_1_55' title="bbox 398 5235 1983 5308">
    <p class='ocr_par' dir='ltr' id='par_1_55' title="bbox 398 5235 1983 5308">
     <span class='ocr_line' id='line_1_55' title="bbox 398 5235 1983 5308; baseline -0.002 -15"><span class='ocrx_word' id='word_1_434' title='bbox 398 5238 656 5300; x_wconf 77' lang='lat' dir='ltr'><strong>:cstimat,</strong></span> <span class='ocrx_word' id='word_1_435' title='bbox 678 5235 947 5308; x_wconf 53' lang='lat' dir='ltr'><strong>dividuum</strong></span> <span class='ocrx_word' id='word_1_436' title='bbox 980 5236 1193 5291; x_wconf 80' lang='lat' dir='ltr'><strong>fecerim</strong></span> <span class='ocrx_word' id='word_1_437' title='bbox 1219 5278 1233 5302; x_wconf 91' lang='lat'><strong>,</strong></span> <span class='ocrx_word' id='word_1_438' title='bbox 1279 5245 1372 5291; x_wconf 85' lang='lat' dir='ltr'><strong>aut</strong></span> <span class='ocrx_word' id='word_1_439' title='bbox 1416 5248 1633 5306; x_wconf 87' lang='lat' dir='ltr'><strong>propter</strong></span> <span class='ocrx_word' id='word_1_440' title='bbox 1662 5237 1801 5290; x_wconf 76' lang='lat' dir='ltr'><strong>aiiud</strong></span> <span class='ocrx_word' id='word_1_441' title='bbox 1835 5237 1983 5290; x_wconf 82' lang='lat' dir='ltr'><strong>testi-</strong></span> 
     </span>
    </p>
   </div>
   <div class='ocr_carea' id='block_1_56' title="bbox 400 5324 1978 5395">
    <p class='ocr_par' dir='ltr' id='par_1_56' title="bbox 400 5324 1978 5395">
     <span class='ocr_line' id='line_1_56' title="bbox 400 5324 1978 5395; baseline -0.002 -15"><span class='ocrx_word' id='word_1_442' title='bbox 400 5327 561 5380; x_wconf 84' lang='lat' dir='ltr'><strong>monii</strong></span> <span class='ocrx_word' id='word_1_443' title='bbox 591 5324 899 5380; x_wconf 87' lang='lat' dir='ltr'><strong>recordatus</strong></span> <span class='ocrx_word' id='word_1_444' title='bbox 939 5326 1037 5378; x_wconf 92' lang='lat' dir='ltr'><strong>sim</strong></span> <span class='ocrx_word' id='word_1_445' title='bbox 1074 5341 1231 5394; x_wconf 89' lang='lat' dir='ltr'><strong>quam</strong></span> <span class='ocrx_word' id='word_1_446' title='bbox 1265 5334 1322 5379; x_wconf 90' lang='lat' dir='ltr'><strong>ut</strong></span> <span class='ocrx_word' id='word_1_447' title='bbox 1365 5326 1480 5395; x_wconf 87' lang='lat' dir='ltr'><strong>ejus</strong></span> <span class='ocrx_word' id='word_1_448' title='bbox 1525 5326 1682 5378; x_wconf 86' lang='lat' dir='ltr'><strong>finem</strong></span> <span class='ocrx_word' id='word_1_449' title='bbox 1718 5335 1978 5378; x_wconf 77' lang='lat' dir='ltr'><strong>monstra-</strong></span> 
     </span>
    </p>
   </div>
   <div class='ocr_carea' id='block_1_57' title="bbox 401 5414 1977 5485">
    <p class='ocr_par' dir='ltr' id='par_1_57' title="bbox 401 5414 1977 5485">
     <span class='ocr_line' id='line_1_57' title="bbox 401 5414 1977 5485; baseline 0 -16"><span class='ocrx_word' id='word_1_450' title='bbox 401 5431 512 5471; x_wconf 87' lang='lat' dir='ltr'><strong>rem</strong></span> <span class='ocrx_word' id='word_1_451' title='bbox 529 5415 548 5445; x_wconf 88' lang='grc'>³</span> <span class='ocrx_word' id='word_1_452' title='bbox 565 5416 904 5470; x_wconf 83' lang='lat' dir='ltr'><strong>iormatorcm</strong></span> <span class='ocrx_word' id='word_1_453' title='bbox 927 5414 1189 5469; x_wconf 88' lang='lat' dir='ltr'><strong>seminum</strong></span> <span class='ocrx_word' id='word_1_454' title='bbox 1212 5419 1447 5470; x_wconf 89' lang='lat' dir='ltr'><strong>omnium</strong></span> <span class='ocrx_word' id='word_1_455' title='bbox 1467 5417 1628 5471; x_wconf 88' lang='lat' dir='ltr'><strong>Deum</strong></span> <span class='ocrx_word' id='word_1_456' title='bbox 1647 5415 1790 5468; x_wconf 90' lang='lat' dir='ltr'><strong>credi</strong></span> <span class='ocrx_word' id='word_1_457' title='bbox 1817 5430 1977 5485; x_wconf 89' lang='lat' dir='ltr'><strong>opor-</strong></span> 
     </span>
    </p>
   </div>
   <div class='ocr_carea' id='block_1_58' title="bbox 467 5545 1221 5609">
    <p class='ocr_par' dir='ltr' id='par_1_58' title="bbox 467 5545 1221 5609">
     <span class='ocr_line' id='line_1_58' title="bbox 467 5545 1221 5609; baseline -0.001 -13"><span class='ocrx_word' id='word_1_458' title='bbox 467 5548 484 5609; x_wconf 55' lang='lat' dir='ltr'><strong>l</strong></span> <span class='ocrx_word' id='word_1_459' title='bbox 518 5547 676 5596; x_wconf 79' lang='lat' dir='ltr'><strong>Codex</strong></span> <span class='ocrx_word' id='word_1_460' title='bbox 702 5555 845 5604; x_wconf 77' lang='lat' dir='ltr'><strong>rort.,</strong></span> <span class='ocrx_word' id='word_1_461' title='bbox 872 5545 1221 5609; x_wconf 71' lang='lat' dir='ltr'><strong>reparatisque.</strong></span> 
     </span>
    </p>
   </div>
   <div class='ocr_carea' id='block_1_59' title="bbox 465 5607 1483 5663">
    <p class='ocr_par' dir='ltr' id='par_1_59' title="bbox 465 5607 1483 5663">
     <span class='ocr_line' id='line_1_59' title="bbox 465 5607 1483 5663; baseline 0.005 -9"><span class='ocrx_word' id='word_1_462' title='bbox 465 5608 486 5638; x_wconf 75' lang='grc'><strong><em>³</em></strong></span> <span class='ocrx_word' id='word_1_463' title='bbox 519 5609 592 5656; x_wconf 78' lang='lat' dir='ltr'><strong>sic</strong></span> <span class='ocrx_word' id='word_1_464' title='bbox 606 5616 709 5656; x_wconf 76' lang='lat' dir='ltr'><strong>Mss.</strong></span> <span class='ocrx_word' id='word_1_465' title='bbox 737 5609 852 5656; x_wconf 69' lang='grc' dir='ltr'><strong>ιιιΞίιὶ</strong></span> <span class='ocrx_word' id='word_1_466' title='bbox 889 5623 1023 5663; x_wconf 68' lang='lat' dir='ltr'><strong>vero,</strong></span> <span class='ocrx_word' id='word_1_467' title='bbox 1044 5607 1093 5656; x_wconf 78' lang='lat' dir='ltr'><strong>in</strong></span> <span class='ocrx_word' id='word_1_468' title='bbox 1116 5607 1294 5659; x_wconf 79' lang='lat' dir='ltr'><strong>malum</strong></span> <span class='ocrx_word' id='word_1_469' title='bbox 1312 5609 1483 5661; x_wconf 83' lang='lat' dir='ltr'><strong>locum.</strong></span> 
     </span>
    </p>
   </div>
   <div class='ocr_carea' id='block_1_60' title="bbox 468 5666 1977 5735">
    <p class='ocr_par' dir='ltr' id='par_1_60' title="bbox 468 5666 1977 5735">
     <span class='ocr_line' id='line_1_60' title="bbox 468 5666 1977 5735; baseline 0.002 -21"><span class='ocrx_word' id='word_1_470' title='bbox 468 5666 810 5735; x_wconf 38' lang='lat' dir='ltr'><strong>{Fortetﬁde</strong></span> <span class='ocrx_word' id='word_1_471' title='bbox 848 5678 1256 5718; x_wconf 64' lang='lat' dir='ltr'><strong>monstrarem.-~</strong></span> <span class='ocrx_word' id='word_1_472' title='bbox 1295 5674 1470 5735; x_wconf 80' lang='lat' dir='ltr'><strong>Morel,</strong></span> <span class='ocrx_word' id='word_1_473' title='bbox 1519 5672 1751 5722; x_wconf 80' lang='lat' dir='ltr'><strong>t-‘lement.</strong></span> <span class='ocrx_word' id='word_1_474' title='bbox 1800 5671 1977 5728; x_wconf 84' lang='lat' dir='ltr'><strong>Critic.,</strong></span> 
     </span>
    </p>
   </div>
   <div class='ocr_carea' id='block_1_61' title="bbox 404 5728 1245 5793">
    <p class='ocr_par' dir='ltr' id='par_1_61' title="bbox 404 5728 1245 5793">
     <span class='ocr_line' id='line_1_61' title="bbox 404 5728 1245 5793; baseline -0.001 -12"><span class='ocrx_word' id='word_1_475' title='bbox 404 5732 513 5781; x_wconf 73' lang='grc' dir='ltr'><strong>βίιὲ-</strong></span> <span class='ocrx_word' id='word_1_476' title='bbox 542 5728 647 5791; x_wconf 64' lang='lat' dir='ltr'><strong>itit),</strong></span> <span class='ocrx_word' id='word_1_477' title='bbox 667 5728 765 5793; x_wconf 70' lang='lat' dir='ltr'><strong>[ine</strong></span> <span class='ocrx_word' id='word_1_478' title='bbox 793 5737 1120 5781; x_wconf 80' lang='lat' dir='ltr'><strong>monstrarem.</strong></span> <span class='ocrx_word' id='word_1_479' title='bbox 1188 5738 1245 5780; x_wconf 77' lang='lat' dir='ltr'><strong>tu.</strong></span> 
     </span>
    </p>
   </div>
   <div class='ocr_carea' id='block_1_62' title="bbox 1072 315 3222 389">
    <p class='ocr_par' dir='ltr' id='par_1_62' title="bbox 1072 315 3222 389">
     <span class='ocr_line' id='line_1_62' title="bbox 1072 315 3222 389; baseline -0.003 -7"><span class='ocrx_word' id='word_1_480' title='bbox 1072 323 1313 381; x_wconf 74' lang='lat' dir='ltr'><strong>OPERIS</strong></span> <span class='ocrx_word' id='word_1_481' title='bbox 1352 317 1758 376; x_wconf 73' lang='lat' dir='ltr'><strong>IMPERFECTI</strong></span> <span class='ocrx_word' id='word_1_482' title='bbox 1795 316 2068 374; x_wconf 72' lang='lat' dir='ltr'><strong>CONTRA</strong></span> <span class='ocrx_word' id='word_1_483' title='bbox 2105 315 2466 389; x_wconf 73' lang='lat' dir='ltr'><strong>JULIANUM,</strong></span> <span class='ocrx_word' id='word_1_484' title='bbox 2497 320 2554 380; x_wconf 88' lang='lat' dir='ltr'><strong>S.</strong></span> <span class='ocrx_word' id='word_1_485' title='bbox 2595 319 2959 382; x_wconf 80' lang='lat' dir='ltr'><strong>AUGUSTINI</strong></span> <span class='ocrx_word' id='word_1_486' title='bbox 3192 350 3222 376; x_wconf 78' lang='grc' dir='ltr'><strong>,ι</strong></span> 
     </span>
    </p>
   </div>
   <div class='ocr_carea' id='block_1_63' title="bbox 3515 330 3657 389">
    <p class='ocr_par' dir='ltr' id='par_1_63' title="bbox 3515 330 3657 389">
     <span class='ocr_line' id='line_1_63' title="bbox 3515 330 3657 389; baseline 0.021 -3"><span class='ocrx_word' id='word_1_487' title='bbox 3515 330 3657 389; x_wconf 71' lang='lat' dir='ltr'><strong>HN</strong></span> 
     </span>
    </p>
   </div>
   <div class='ocr_carea' id='block_1_64' title="bbox 2094 433 3671 509">
    <p class='ocr_par' dir='ltr' id='par_1_64' title="bbox 2094 433 3671 509">
     <span class='ocr_line' id='line_1_64' title="bbox 2094 433 3671 509; baseline 0.009 -24"><span class='ocrx_word' id='word_1_488' title='bbox 2094 442 2223 487; x_wconf 92' lang='lat' dir='ltr'><strong>tere.</strong></span> <span class='ocrx_word' id='word_1_489' title='bbox 2251 433 2440 490; x_wconf 83' lang='lat' dir='ltr'><strong>Beatus</strong></span> <span class='ocrx_word' id='word_1_490' title='bbox 2459 436 2599 490; x_wconf 88' lang='lat' dir='ltr'><strong>enim</strong></span> <span class='ocrx_word' id='word_1_491' title='bbox 2614 436 2809 493; x_wconf 87' lang='lat' dir='ltr'><strong>Paulus</strong></span> <span class='ocrx_word' id='word_1_492' title='bbox 2832 447 3111 509; x_wconf 87' lang='lat' dir='ltr'><strong>postquam</strong></span> <span class='ocrx_word' id='word_1_493' title='bbox 3139 445 3294 493; x_wconf 78' lang='lat' dir='ltr'><strong>tidem</strong></span> <span class='ocrx_word' id='word_1_494' title='bbox 3316 443 3671 499; x_wconf 53' lang='lat' dir='ltr'><strong>resurrectio.</strong></span> 
     </span>
    </p>
   </div>
   <div class='ocr_carea' id='block_1_65' title="bbox 2070 524 3664 601">
    <p class='ocr_par' dir='ltr' id='par_1_65' title="bbox 2070 524 3664 601">
     <span class='ocr_line' id='line_1_65' title="bbox 2070 524 3664 601; baseline 0.008 -26"><span class='ocrx_word' id='word_1_495' title='bbox 2070 524 2171 591; x_wconf 36' lang='lat' dir='ltr'><strong>.nis</strong></span> <span class='ocrx_word' id='word_1_496' title='bbox 2190 563 2205 587; x_wconf 92' lang='lat'><strong>,</strong></span> <span class='ocrx_word' id='word_1_497' title='bbox 2254 524 2703 593; x_wconf 89' lang='lat' dir='ltr'><strong>multiplicatiouis</strong></span> <span class='ocrx_word' id='word_1_498' title='bbox 2729 527 2935 581; x_wconf 71' lang='lat' dir='ltr'><strong>diurna:</strong></span> <span class='ocrx_word' id='word_1_499' title='bbox 2960 530 2975 559; x_wconf 91' lang='grc'>¹</span> <span class='ocrx_word' id='word_1_500' title='bbox 3001 528 3302 583; x_wconf 87' lang='lat' dir='ltr'><strong>conciliavit</strong></span> <span class='ocrx_word' id='word_1_501' title='bbox 3327 532 3348 561; x_wconf 84' lang='grc'><strong><em>²</em></strong></span> <span class='ocrx_word' id='word_1_502' title='bbox 3370 532 3664 601; x_wconf 82' lang='lat' dir='ltr'><strong>exemplis;</strong></span> 
     </span>
    </p>
   </div>
   <div class='ocr_carea' id='block_1_66' title="bbox 2090 613 3667 693">
    <p class='ocr_par' dir='ltr' id='par_1_66' title="bbox 2090 613 3667 693">
     <span class='ocr_line' id='line_1_66' title="bbox 2090 613 3667 693; baseline 0.01 -28"><span class='ocrx_word' id='word_1_503' title='bbox 2090 613 2263 667; x_wconf 89' lang='lat' dir='ltr'><strong>intulit</strong></span> <span class='ocrx_word' id='word_1_504' title='bbox 2299 615 2439 682; x_wconf 82' lang='lat' dir='ltr'><strong>quod</strong></span> <span class='ocrx_word' id='word_1_505' title='bbox 2468 617 2762 671; x_wconf 84' lang='lat' dir='ltr'><strong>universam</strong></span> <span class='ocrx_word' id='word_1_506' title='bbox 2803 628 3043 674; x_wconf 87' lang='lat' dir='ltr'><strong>naturam</strong></span> <span class='ocrx_word' id='word_1_507' title='bbox 3088 622 3257 692; x_wconf 90' lang='lat' dir='ltr'><strong>possit</strong></span> <span class='ocrx_word' id='word_1_508' title='bbox 3282 624 3562 693; x_wconf 84' lang='lat' dir='ltr'><strong>attingere,</strong></span> <span class='ocrx_word' id='word_1_509' title='bbox 3586 625 3667 680; x_wconf 83' lang='lat' dir='ltr'><strong>di-</strong></span> 
     </span>
    </p>
   </div>
   <div class='ocr_carea' id='block_1_67' title="bbox 2086 703 3663 780">
    <p class='ocr_par' dir='ltr' id='par_1_67' title="bbox 2086 703 3663 780">
     <span class='ocr_line' id='line_1_67' title="bbox 2086 703 3663 780; baseline 0.006 -22"><span class='ocrx_word' id='word_1_510' title='bbox 2086 717 2234 767; x_wconf 86' lang='lat' dir='ltr'><strong>cens,</strong></span> <span class='ocrx_word' id='word_1_511' title='bbox 2258 703 2397 758; x_wconf 87' lang='lat' dir='ltr'><strong>Deus</strong></span> <span class='ocrx_word' id='word_1_512' title='bbox 2417 716 2584 760; x_wconf 80' lang='lat' dir='ltr'><strong>autem</strong></span> <span class='ocrx_word' id='word_1_513' title='bbox 2605 708 2681 760; x_wconf 86' lang='lat' dir='ltr'><strong>illi</strong></span> <span class='ocrx_word' id='word_1_514' title='bbox 2708 708 2795 761; x_wconf 82' lang='lat' dir='ltr'><strong>dat</strong></span> <span class='ocrx_word' id='word_1_515' title='bbox 2821 726 3006 780; x_wconf 83' lang='lat' dir='ltr'><strong>corpus</strong></span> <span class='ocrx_word' id='word_1_516' title='bbox 3034 720 3182 780; x_wconf 86' lang='lat' dir='ltr'><strong>prout</strong></span> <span class='ocrx_word' id='word_1_517' title='bbox 3212 712 3339 775; x_wconf 83' lang='lat' dir='ltr'><strong>vult,</strong></span> <span class='ocrx_word' id='word_1_518' title='bbox 3384 722 3431 765; x_wconf 84' lang='lat' dir='ltr'><strong>et</strong></span> <span class='ocrx_word' id='word_1_519' title='bbox 3462 715 3663 768; x_wconf 76' lang='lat' dir='ltr'><strong>unicui-</strong></span> 
     </span>
    </p>
   </div>
   <div class='ocr_carea' id='block_1_68' title="bbox 2086 795 3672 868">
    <p class='ocr_par' dir='ltr' id='par_1_68' title="bbox 2086 795 3672 868">
     <span class='ocr_line' id='line_1_68' title="bbox 2086 795 3672 868; baseline 0.008 -23"><span class='ocrx_word' id='word_1_520' title='bbox 2086 810 2182 863; x_wconf 74' lang='lat' dir='ltr'><strong>qur</strong></span> <span class='ocrx_word' id='word_1_521' title='bbox 2222 795 2467 848; x_wconf 86' lang='lat' dir='ltr'><strong>seminum</strong></span> <span class='ocrx_word' id='word_1_522' title='bbox 2509 799 2769 865; x_wconf 85' lang='lat' dir='ltr'><strong>praprium</strong></span> <span class='ocrx_word' id='word_1_523' title='bbox 2812 815 2993 868; x_wconf 81' lang='lat' dir='ltr'><strong>corpus</strong></span> <span class='ocrx_word' id='word_1_524' title='bbox 3021 796 3113 854; x_wconf 86' lang='lat' dir='ltr'><strong>:id</strong></span> <span class='ocrx_word' id='word_1_525' title='bbox 3148 809 3258 864; x_wconf 88' lang='lat' dir='ltr'><strong>est,</strong></span> <span class='ocrx_word' id='word_1_526' title='bbox 3287 802 3432 855; x_wconf 90' lang='lat' dir='ltr'><strong>omni</strong></span> <span class='ocrx_word' id='word_1_527' title='bbox 3476 804 3672 858; x_wconf 79' lang='lat' dir='ltr'><strong>semini</strong></span> 
     </span>
    </p>
   </div>
   <div class='ocr_carea' id='block_1_69' title="bbox 2086 885 3665 958">
    <p class='ocr_par' dir='ltr' id='par_1_69' title="bbox 2086 885 3665 958">
     <span class='ocr_line' id='line_1_69' title="bbox 2086 885 3665 958; baseline 0.008 -24"><span class='ocrx_word' id='word_1_528' title='bbox 2086 897 2301 954; x_wconf 87' lang='lat' dir='ltr'><strong>corpus,</strong></span> <span class='ocrx_word' id='word_1_529' title='bbox 2333 885 2473 955; x_wconf 89' lang='lat' dir='ltr'><strong>quod</strong></span> <span class='ocrx_word' id='word_1_530' title='bbox 2503 888 2800 956; x_wconf 86' lang='lat' dir='ltr'><strong>proprietas</strong></span> <span class='ocrx_word' id='word_1_531' title='bbox 2826 890 2941 957; x_wconf 89' lang='lat' dir='ltr'><strong>ejus</strong></span> <span class='ocrx_word' id='word_1_532' title='bbox 2971 890 3222 958; x_wconf 85' lang='lat' dir='ltr'><strong>reposcit,</strong></span> <span class='ocrx_word' id='word_1_533' title='bbox 3255 892 3518 946; x_wconf 89' lang='lat' dir='ltr'><strong>attribuit.</strong></span> <span class='ocrx_word' id='word_1_534' title='bbox 3547 892 3665 947; x_wconf 84' lang='lat' dir='ltr'><strong>Non</strong></span> 
     </span>
    </p>
   </div>
   <div class='ocr_carea' id='block_1_70' title="bbox 2086 974 3671 1046">
    <p class='ocr_par' dir='ltr' id='par_1_70' title="bbox 2086 974 3671 1046">
     <span class='ocr_line' id='line_1_70' title="bbox 2086 974 3671 1046; baseline 0.006 -21"><span class='ocrx_word' id='word_1_535' title='bbox 2086 986 2213 1040; x_wconf 86' lang='lat' dir='ltr'><strong>ergo</strong></span> <span class='ocrx_word' id='word_1_536' title='bbox 2238 974 2378 1043; x_wconf 88' lang='lat' dir='ltr'><strong>quod</strong></span> <span class='ocrx_word' id='word_1_537' title='bbox 2404 974 2471 1029; x_wconf 89' lang='lat' dir='ltr'><strong>de</strong></span> <span class='ocrx_word' id='word_1_538' title='bbox 2495 974 2778 1031; x_wconf 82' lang='lat' dir='ltr'><strong>frumentis</strong></span> <span class='ocrx_word' id='word_1_539' title='bbox 2817 977 3018 1031; x_wconf 91' lang='lat' dir='ltr'><strong>dictum</strong></span> <span class='ocrx_word' id='word_1_540' title='bbox 3064 988 3177 1046; x_wconf 91' lang='lat' dir='ltr'><strong>est,</strong></span> <span class='ocrx_word' id='word_1_541' title='bbox 3225 978 3293 1033; x_wconf 90' lang='lat' dir='ltr'><strong>de</strong></span> <span class='ocrx_word' id='word_1_542' title='bbox 3330 978 3546 1034; x_wconf 88' lang='lat' dir='ltr'><strong>homine</strong></span> <span class='ocrx_word' id='word_1_543' title='bbox 3573 998 3671 1034; x_wconf 83' lang='lat' dir='ltr'><strong>vo-</strong></span> 
     </span>
    </p>
   </div>
   <div class='ocr_carea' id='block_1_71' title="bbox 2087 1063 3670 1140">
    <p class='ocr_par' dir='ltr' id='par_1_71' title="bbox 2087 1063 3670 1140">
     <span class='ocr_line' id='line_1_71' title="bbox 2087 1063 3670 1140; baseline 0.006 -24"><span class='ocrx_word' id='word_1_544' title='bbox 2087 1064 2156 1116; x_wconf 91' lang='lat' dir='ltr'><strong>lui</strong></span> <span class='ocrx_word' id='word_1_545' title='bbox 2180 1063 2200 1094; x_wconf 87' lang='grc'>³</span> <span class='ocrx_word' id='word_1_546' title='bbox 2228 1065 2446 1135; x_wconf 85' lang='lat' dir='ltr'><strong>intelligi</strong></span> <span class='ocrx_word' id='word_1_547' title='bbox 2483 1081 2496 1119; x_wconf 94' lang='lat'><strong>:</strong></span> <span class='ocrx_word' id='word_1_548' title='bbox 2529 1066 2620 1120; x_wconf 89' lang='lat' dir='ltr'><strong>sed</strong></span> <span class='ocrx_word' id='word_1_549' title='bbox 2653 1067 2752 1121; x_wconf 88' lang='lat' dir='ltr'><strong>hoc</strong></span> <span class='ocrx_word' id='word_1_550' title='bbox 2778 1067 2917 1136; x_wconf 92' lang='lat' dir='ltr'><strong>quod</strong></span> <span class='ocrx_word' id='word_1_551' title='bbox 2960 1068 3159 1122; x_wconf 90' lang='lat' dir='ltr'><strong>dictum</strong></span> <span class='ocrx_word' id='word_1_552' title='bbox 3200 1079 3282 1123; x_wconf 87' lang='lat' dir='ltr'><strong>est</strong></span> <span class='ocrx_word' id='word_1_553' title='bbox 3303 1068 3346 1135; x_wconf 76' lang='grc'><strong>⁸,</strong></span> <span class='ocrx_word' id='word_1_554' title='bbox 3380 1071 3670 1140; x_wconf 86' lang='lat' dir='ltr'><strong>unicuique</strong></span> 
     </span>
    </p>
   </div>
   <div class='ocr_carea' id='block_1_72' title="bbox 2086 1157 3667 1228">
    <p class='ocr_par' dir='ltr' id='par_1_72' title="bbox 2086 1157 3667 1228">
     <span class='ocr_line' id='line_1_72' title="bbox 2086 1157 3667 1228; baseline 0.005 -20"><span class='ocrx_word' id='word_1_555' title='bbox 2086 1157 2344 1209; x_wconf 88' lang='lat' dir='ltr'><strong>seminum</strong></span> <span class='ocrx_word' id='word_1_556' title='bbox 2370 1158 2639 1226; x_wconf 86' lang='lat' dir='ltr'><strong>preprium</strong></span> <span class='ocrx_word' id='word_1_557' title='bbox 2671 1173 2863 1228; x_wconf 90' lang='lat' dir='ltr'><strong>corpus</strong></span> <span class='ocrx_word' id='word_1_558' title='bbox 2892 1174 2919 1211; x_wconf 93' lang='lat' dir='ltr'><strong>a</strong></span> <span class='ocrx_word' id='word_1_559' title='bbox 2943 1159 3053 1214; x_wconf 91' lang='lat' dir='ltr'><strong>Deo</strong></span> <span class='ocrx_word' id='word_1_560' title='bbox 3074 1170 3292 1215; x_wconf 90' lang='lat' dir='ltr'><strong>auctore</strong></span> <span class='ocrx_word' id='word_1_561' title='bbox 3312 1161 3541 1215; x_wconf 85' lang='lat' dir='ltr'><strong>conferri</strong></span> <span class='ocrx_word' id='word_1_562' title='bbox 3565 1205 3580 1225; x_wconf 89' lang='lat'><strong>,</strong></span> <span class='ocrx_word' id='word_1_563' title='bbox 3611 1164 3667 1216; x_wconf 89' lang='lat' dir='ltr'><strong>in</strong></span> 
     </span>
    </p>
   </div>
   <div class='ocr_carea' id='block_1_73' title="bbox 2085 1234 3683 1323">
    <p class='ocr_par' dir='ltr' id='par_1_73' title="bbox 2085 1234 3683 1323">
     <span class='ocr_line' id='line_1_73' title="bbox 2085 1234 3683 1323; baseline 0.006 -24"><span class='ocrx_word' id='word_1_564' title='bbox 2085 1245 2498 1301; x_wconf 81' lang='lat' dir='ltr'><strong>destructionem</strong></span> <span class='ocrx_word' id='word_1_565' title='bbox 2520 1259 2767 1316; x_wconf 90' lang='lat' dir='ltr'><strong>vestram,</strong></span> <span class='ocrx_word' id='word_1_566' title='bbox 2802 1266 3026 1321; x_wconf 89' lang='lat' dir='ltr'><strong>quorum</strong></span> <span class='ocrx_word' id='word_1_567' title='bbox 3050 1252 3296 1322; x_wconf 81' lang='lat' dir='ltr'><strong>dogmate</strong></span> <span class='ocrx_word' id='word_1_568' title='bbox 3318 1252 3369 1307; x_wconf 88' lang='lat' dir='ltr'><strong>id</strong></span> <span class='ocrx_word' id='word_1_569' title='bbox 3400 1264 3623 1323; x_wconf 81' lang='lat' dir='ltr'><strong>negatur</strong></span> <span class='ocrx_word' id='word_1_570' title='bbox 3646 1234 3683 1309; x_wconf 39' lang='grc'><strong>.”</strong></span> 
     </span>
    </p>
   </div>
   <div class='ocr_carea' id='block_1_74' title="bbox 2086 1338 3671 1415">
    <p class='ocr_par' dir='ltr' id='par_1_74' title="bbox 2086 1338 3671 1415">
     <span class='ocr_line' id='line_1_74' title="bbox 2086 1338 3671 1415; baseline 0.007 -25"><span class='ocrx_word' id='word_1_571' title='bbox 2086 1339 2300 1406; x_wconf 89' lang='lat' dir='ltr'><strong>arripui.</strong></span> <span class='ocrx_word' id='word_1_572' title='bbox 2325 1338 2664 1410; x_wconf 89' lang='lat' dir='ltr'><strong>Nequaquam</strong></span> <span class='ocrx_word' id='word_1_573' title='bbox 2692 1342 2870 1412; x_wconf 78' lang='lat' dir='ltr'><strong>igitur,</strong></span> <span class='ocrx_word' id='word_1_574' title='bbox 2894 1344 3029 1398; x_wconf 92' lang='lat' dir='ltr'><strong>sicut</strong></span> <span class='ocrx_word' id='word_1_575' title='bbox 3059 1353 3113 1397; x_wconf 90' lang='lat' dir='ltr'><strong>tu</strong></span> <span class='ocrx_word' id='word_1_576' title='bbox 3141 1351 3312 1415; x_wconf 75' lang='lat' dir='ltr'><strong>putas,</strong></span> <span class='ocrx_word' id='word_1_577' title='bbox 3336 1360 3671 1414; x_wconf 77' lang='lat' dir='ltr'><strong>supervacuo</strong></span> 
     </span>
    </p>
   </div>
   <div class='ocr_carea' id='block_1_75' title="bbox 2087 1427 3665 1502">
    <p class='ocr_par' dir='ltr' id='par_1_75' title="bbox 2087 1427 3665 1502">
     <span class='ocr_line' id='line_1_75' title="bbox 2087 1427 3665 1502; baseline 0.008 -23"><span class='ocrx_word' id='word_1_578' title='bbox 2087 1427 2183 1481; x_wconf 82' lang='lat' dir='ltr'><strong>feci</strong></span> <span class='ocrx_word' id='word_1_579' title='bbox 2215 1428 2351 1482; x_wconf 91' lang='lat' dir='ltr'><strong>illius</strong></span> <span class='ocrx_word' id='word_1_580' title='bbox 2377 1431 2651 1485; x_wconf 75' lang='lat' dir='ltr'><strong>sententia:</strong></span> <span class='ocrx_word' id='word_1_581' title='bbox 2678 1433 3021 1499; x_wconf 89' lang='lat' dir='ltr'><strong>mentionem,</strong></span> <span class='ocrx_word' id='word_1_582' title='bbox 3052 1450 3148 1489; x_wconf 88' lang='lat' dir='ltr'><strong>nec</strong></span> <span class='ocrx_word' id='word_1_583' title='bbox 3174 1450 3235 1489; x_wconf 88' lang='lat' dir='ltr'><strong>ea</strong></span> <span class='ocrx_word' id='word_1_584' title='bbox 3275 1434 3665 1502; x_wconf 84' lang='lat' dir='ltr'><strong>fraudulenter,</strong></span> 
     </span>
    </p>
   </div>
   <div class='ocr_carea' id='block_1_76' title="bbox 2089 1513 3670 1582">
    <p class='ocr_par' dir='ltr' id='par_1_76' title="bbox 2089 1513 3670 1582">
     <span class='ocr_line' id='line_1_76' title="bbox 2089 1513 3670 1582; baseline 0.007 -14"><span class='ocrx_word' id='word_1_585' title='bbox 2089 1526 2144 1570; x_wconf 91' lang='lat' dir='ltr'><strong>ut</strong></span> <span class='ocrx_word' id='word_1_586' title='bbox 2181 1520 2440 1582; x_wconf 84' lang='lat' dir='ltr'><strong>mentiris,</strong></span> <span class='ocrx_word' id='word_1_587' title='bbox 2474 1535 2590 1574; x_wconf 88' lang='lat' dir='ltr'><strong>sum</strong></span> <span class='ocrx_word' id='word_1_588' title='bbox 2619 1513 2823 1576; x_wconf 87' lang='lat' dir='ltr'><strong>abusus</strong></span> <span class='ocrx_word' id='word_1_589' title='bbox 2857 1540 2869 1576; x_wconf 95' lang='lat'>:</span> <span class='ocrx_word' id='word_1_590' title='bbox 2905 1538 3001 1578; x_wconf 90' lang='lat' dir='ltr'><strong>nec</strong></span> <span class='ocrx_word' id='word_1_591' title='bbox 3036 1532 3089 1577; x_wconf 92' lang='lat' dir='ltr'><strong>tu</strong></span> <span class='ocrx_word' id='word_1_592' title='bbox 3125 1523 3193 1579; x_wconf 88' lang='lat' dir='ltr'><strong>de</strong></span> <span class='ocrx_word' id='word_1_593' title='bbox 3229 1524 3471 1579; x_wconf 90' lang='lat' dir='ltr'><strong>humanis</strong></span> <span class='ocrx_word' id='word_1_594' title='bbox 3500 1527 3670 1579; x_wconf 88' lang='lat' dir='ltr'><strong>semi-</strong></span> 
     </span>
    </p>
   </div>
   <div class='ocr_carea' id='block_1_77' title="bbox 2087 1608 3666 1683">
    <p class='ocr_par' dir='ltr' id='par_1_77' title="bbox 2087 1608 3666 1683">
     <span class='ocr_line' id='line_1_77' title="bbox 2087 1608 3666 1683; baseline 0.006 -23"><span class='ocrx_word' id='word_1_595' title='bbox 2087 1608 2244 1662; x_wconf 90' lang='lat' dir='ltr'><strong>nibus</strong></span> <span class='ocrx_word' id='word_1_596' title='bbox 2289 1609 2555 1666; x_wconf 88' lang='lat' dir='ltr'><strong>hominem</strong></span> <span class='ocrx_word' id='word_1_597' title='bbox 2597 1627 2626 1664; x_wconf 91' lang='lat' dir='ltr'><strong>a</strong></span> <span class='ocrx_word' id='word_1_598' title='bbox 2674 1612 2782 1666; x_wconf 90' lang='lat' dir='ltr'><strong>Deo</strong></span> <span class='ocrx_word' id='word_1_599' title='bbox 2828 1612 2961 1680; x_wconf 88' lang='lat' dir='ltr'><strong>fieri,</strong></span> <span class='ocrx_word' id='word_1_600' title='bbox 3003 1613 3138 1668; x_wconf 91' lang='lat' dir='ltr'><strong>sicut</strong></span> <span class='ocrx_word' id='word_1_601' title='bbox 3186 1615 3413 1683; x_wconf 89' lang='lat' dir='ltr'><strong>pejeras,</strong></span> <span class='ocrx_word' id='word_1_602' title='bbox 3454 1615 3666 1679; x_wconf 85' lang='lat' dir='ltr'><strong>credis;</strong></span> 
     </span>
    </p>
   </div>
   <div class='ocr_carea' id='block_1_78' title="bbox 2070 1697 3670 1774">
    <p class='ocr_par' dir='ltr' id='par_1_78' title="bbox 2070 1697 3670 1774">
     <span class='ocr_line' id='line_1_78' title="bbox 2070 1697 3670 1774; baseline 0.008 -26"><span class='ocrx_word' id='word_1_603' title='bbox 2070 1697 2228 1766; x_wconf 83' lang='lat' dir='ltr'><strong>quod</strong></span> <span class='ocrx_word' id='word_1_604' title='bbox 2259 1712 2365 1751; x_wconf 91' lang='lat' dir='ltr'><strong>non</strong></span> <span class='ocrx_word' id='word_1_605' title='bbox 2394 1699 2682 1768; x_wconf 88' lang='lat' dir='ltr'><strong>opinando,</strong></span> <span class='ocrx_word' id='word_1_606' title='bbox 2705 1701 2798 1756; x_wconf 89' lang='lat' dir='ltr'><strong>sed</strong></span> <span class='ocrx_word' id='word_1_607' title='bbox 2824 1701 2978 1757; x_wconf 81' lang='lat' dir='ltr'><strong>fidem</strong></span> <span class='ocrx_word' id='word_1_608' title='bbox 3003 1711 3146 1757; x_wconf 88' lang='lat' dir='ltr'><strong>tuam</strong></span> <span class='ocrx_word' id='word_1_609' title='bbox 3169 1703 3513 1774; x_wconf 84' lang='lat' dir='ltr'><strong>intelligendo</strong></span> <span class='ocrx_word' id='word_1_610' title='bbox 3537 1720 3670 1759; x_wconf 59' lang='lat' dir='ltr'><strong>cono</strong></span> 
     </span>
    </p>
   </div>
   <div class='ocr_carea' id='block_1_79' title="bbox 2087 1787 2264 1842">
    <p class='ocr_par' dir='ltr' id='par_1_79' title="bbox 2087 1787 2264 1842">
     <span class='ocr_line' id='line_1_79' title="bbox 2087 1787 2264 1842; baseline 0.006 -3"><span class='ocrx_word' id='word_1_611' title='bbox 2087 1787 2264 1842; x_wconf 83' lang='lat' dir='ltr'><strong>firmo.</strong></span> 
     </span>
    </p>
   </div>
   <div class='ocr_carea' id='block_1_80' title="bbox 2159 1878 3671 1952">
    <p class='ocr_par' dir='ltr' id='par_1_80' title="bbox 2159 1878 3671 1952">
     <span class='ocr_line' id='line_1_80' title="bbox 2159 1878 3671 1952; baseline 0.004 -21"><span class='ocrx_word' id='word_1_612' title='bbox 2159 1878 2294 1934; x_wconf 76' lang='lat' dir='ltr'><strong>Ave.</strong></span> <span class='ocrx_word' id='word_1_613' title='bbox 2328 1879 2604 1947; x_wconf 84' lang='lat' dir='ltr'><strong>Quomodo</strong></span> <span class='ocrx_word' id='word_1_614' title='bbox 2637 1883 2878 1950; x_wconf 90' lang='lat' dir='ltr'><strong>posueris</strong></span> <span class='ocrx_word' id='word_1_615' title='bbox 2903 1883 3251 1952; x_wconf 83' lang='lat' dir='ltr'><strong>apostolicum</strong></span> <span class='ocrx_word' id='word_1_616' title='bbox 3278 1884 3671 1952; x_wconf 78' lang='lat' dir='ltr'><strong>testimonium,</strong></span> 
     </span>
    </p>
   </div>
   <div class='ocr_carea' id='block_1_81' title="bbox 2088 1970 3672 2043">
    <p class='ocr_par' dir='ltr' id='par_1_81' title="bbox 2088 1970 3672 2043">
     <span class='ocr_line' id='line_1_81' title="bbox 2088 1970 3672 2043; baseline 0.006 -23"><span class='ocrx_word' id='word_1_617' title='bbox 2088 1983 2194 2037; x_wconf 92' lang='lat' dir='ltr'><strong>quo</strong></span> <span class='ocrx_word' id='word_1_618' title='bbox 2235 1970 2325 2024; x_wconf 87' lang='lat' dir='ltr'><strong>ille</strong></span> <span class='ocrx_word' id='word_1_619' title='bbox 2374 1986 2499 2026; x_wconf 89' lang='lat' dir='ltr'><strong>usus</strong></span> <span class='ocrx_word' id='word_1_620' title='bbox 2523 1981 2605 2026; x_wconf 89' lang='lat' dir='ltr'><strong>est</strong></span> <span class='ocrx_word' id='word_1_621' title='bbox 2649 1972 2716 2027; x_wconf 90' lang='lat' dir='ltr'><strong>de</strong></span> <span class='ocrx_word' id='word_1_622' title='bbox 2768 1973 3081 2037; x_wconf 79' lang='lat' dir='ltr'><strong>seminibus,</strong></span> <span class='ocrx_word' id='word_1_623' title='bbox 3109 1990 3227 2043; x_wconf 83' lang='lat' dir='ltr'><strong>qua:</strong></span> <span class='ocrx_word' id='word_1_624' title='bbox 3258 1975 3586 2029; x_wconf 89' lang='lat' dir='ltr'><strong>seminantur</strong></span> <span class='ocrx_word' id='word_1_625' title='bbox 3612 1977 3672 2029; x_wconf 86' lang='lat' dir='ltr'><strong>in</strong></span> 
     </span>
    </p>
   </div>
   <div class='ocr_carea' id='block_1_82' title="bbox 2090 2062 3670 2135">
    <p class='ocr_par' dir='ltr' id='par_1_82' title="bbox 2090 2062 3670 2135">
     <span class='ocr_line' id='line_1_82' title="bbox 2090 2062 3670 2135; baseline 0.004 -22"><span class='ocrx_word' id='word_1_626' title='bbox 2090 2068 2249 2127; x_wconf 88' lang='lat' dir='ltr'><strong>terra,</strong></span> <span class='ocrx_word' id='word_1_627' title='bbox 2277 2062 2400 2131; x_wconf 89' lang='lat' dir='ltr'><strong>quia</strong></span> <span class='ocrx_word' id='word_1_628' title='bbox 2427 2077 2531 2116; x_wconf 92' lang='lat' dir='ltr'><strong>non</strong></span> <span class='ocrx_word' id='word_1_629' title='bbox 2561 2063 2896 2118; x_wconf 87' lang='lat' dir='ltr'><strong>vivilicantur</strong></span> <span class='ocrx_word' id='word_1_630' title='bbox 2920 2064 3023 2117; x_wconf 89' lang='lat' dir='ltr'><strong>nisi</strong></span> <span class='ocrx_word' id='word_1_631' title='bbox 3051 2065 3349 2119; x_wconf 87' lang='lat' dir='ltr'><strong>moriantur</strong></span> <span class='ocrx_word' id='word_1_632' title='bbox 3370 2066 3492 2135; x_wconf 91' lang='lat' dir='ltr'><strong>(hoc</strong></span> <span class='ocrx_word' id='word_1_633' title='bbox 3518 2067 3670 2121; x_wconf 85' lang='lat' dir='ltr'><strong>enim</strong></span> 
     </span>
    </p>
   </div>
   <div class='ocr_carea' id='block_1_83' title="bbox 2089 2149 3676 2225">
    <p class='ocr_par' dir='ltr' id='par_1_83' title="bbox 2089 2149 3676 2225">
     <span class='ocr_line' id='line_1_83' title="bbox 2089 2149 3676 2225; baseline 0.005 -21"><span class='ocrx_word' id='word_1_634' title='bbox 2089 2149 2156 2205; x_wconf 91' lang='lat' dir='ltr'><strong>de</strong></span> <span class='ocrx_word' id='word_1_635' title='bbox 2185 2153 2578 2207; x_wconf 89' lang='lat' dir='ltr'><strong>resurrectione</strong></span> <span class='ocrx_word' id='word_1_636' title='bbox 2612 2168 2894 2223; x_wconf 88' lang='lat' dir='ltr'><strong>corporum</strong></span> <span class='ocrx_word' id='word_1_637' title='bbox 2916 2195 2932 2220; x_wconf 92' lang='lat'><strong>,</strong></span> <span class='ocrx_word' id='word_1_638' title='bbox 2966 2155 3017 2207; x_wconf 90' lang='lat' dir='ltr'><strong>in</strong></span> <span class='ocrx_word' id='word_1_639' title='bbox 3044 2170 3147 2225; x_wconf 86' lang='lat' dir='ltr'><strong>qua</strong></span> <span class='ocrx_word' id='word_1_640' title='bbox 3198 2157 3528 2222; x_wconf 73' lang='lat' dir='ltr'><strong>versabatur,</strong></span> <span class='ocrx_word' id='word_1_641' title='bbox 3560 2158 3676 2212; x_wconf 45' lang='lat' dir='ltr'><strong>dis.</strong></span> 
     </span>
    </p>
   </div>
   <div class='ocr_carea' id='block_1_84' title="bbox 2089 2244 3674 2319">
    <p class='ocr_par' dir='ltr' id='par_1_84' title="bbox 2089 2244 3674 2319">
     <span class='ocr_line' id='line_1_84' title="bbox 2089 2244 3674 2319; baseline 0.005 -24"><span class='ocrx_word' id='word_1_642' title='bbox 2089 2244 2290 2311; x_wconf 89' lang='lat' dir='ltr'><strong>putatio</strong></span> <span class='ocrx_word' id='word_1_643' title='bbox 2323 2245 2666 2314; x_wconf 87' lang='lat' dir='ltr'><strong>postulabat),</strong></span> <span class='ocrx_word' id='word_1_644' title='bbox 2719 2244 2809 2314; x_wconf 89' lang='lat' dir='ltr'><strong>qui</strong></span> <span class='ocrx_word' id='word_1_645' title='bbox 2841 2253 2926 2298; x_wconf 88' lang='lat' dir='ltr'><strong>tua</strong></span> <span class='ocrx_word' id='word_1_646' title='bbox 2966 2245 3057 2299; x_wconf 82' lang='lat' dir='ltr'><strong>illa</strong></span> <span class='ocrx_word' id='word_1_647' title='bbox 3102 2245 3260 2315; x_wconf 84' lang='lat' dir='ltr'><strong>legit,</strong></span> <span class='ocrx_word' id='word_1_648' title='bbox 3311 2246 3674 2319; x_wconf 84' lang='lat' dir='ltr'><strong>intelligenter</strong></span> 
     </span>
    </p>
   </div>
   <div class='ocr_carea' id='block_1_85' title="bbox 2088 2322 3674 2407">
    <p class='ocr_par' dir='ltr' id='par_1_85' title="bbox 2088 2322 3674 2407">
     <span class='ocr_line' id='line_1_85' title="bbox 2088 2322 3674 2407; baseline 0.004 -19"><span class='ocrx_word' id='word_1_649' title='bbox 2088 2335 2347 2399; x_wconf 86' lang='lat' dir='ltr'><strong>advertat,</strong></span> <span class='ocrx_word' id='word_1_650' title='bbox 2371 2343 2426 2390; x_wconf 85' lang='lat' dir='ltr'><strong>et</strong></span> <span class='ocrx_word' id='word_1_651' title='bbox 2449 2350 2567 2405; x_wconf 86' lang='lat' dir='ltr'><strong>quae</strong></span> <span class='ocrx_word' id='word_1_652' title='bbox 2599 2351 2696 2390; x_wconf 91' lang='lat' dir='ltr'><strong>nos</strong></span> <span class='ocrx_word' id='word_1_653' title='bbox 2722 2336 2777 2389; x_wconf 88' lang='lat' dir='ltr'><strong>in</strong></span> <span class='ocrx_word' id='word_1_654' title='bbox 2802 2335 2988 2392; x_wconf 88' lang='lat' dir='ltr'><strong>eodem</strong></span> <span class='ocrx_word' id='word_1_655' title='bbox 3007 2336 3148 2391; x_wconf 88' lang='lat' dir='ltr'><strong>libro</strong></span> <span class='ocrx_word' id='word_1_656' title='bbox 3176 2353 3331 2407; x_wconf 86' lang='lat' dir='ltr'><strong>quem</strong></span> <span class='ocrx_word' id='word_1_657' title='bbox 3361 2355 3503 2393; x_wconf 91' lang='lat' dir='ltr'><strong>nunc</strong></span> <span class='ocrx_word' id='word_1_658' title='bbox 3523 2322 3674 2395; x_wconf 77' lang='lat' dir='ltr'><strong>refu-</strong></span> 
     </span>
    </p>
   </div>
   <div class='ocr_carea' id='block_1_86' title="bbox 2090 2426 3675 2503">
    <p class='ocr_par' dir='ltr' id='par_1_86' title="bbox 2090 2426 3675 2503">
     <span class='ocr_line' id='line_1_86' title="bbox 2090 2426 3675 2503; baseline 0.004 -23"><span class='ocrx_word' id='word_1_659' title='bbox 2090 2426 2204 2481; x_wconf 84' lang='lat' dir='ltr'><strong>tare</strong></span> <span class='ocrx_word' id='word_1_660' title='bbox 2251 2428 2460 2481; x_wconf 86' lang='lat' dir='ltr'><strong>conaris</strong></span> <span class='ocrx_word' id='word_1_661' title='bbox 2501 2429 2591 2483; x_wconf 88' lang='lat' dir='ltr'><strong>tibi</strong></span> <span class='ocrx_word' id='word_1_662' title='bbox 2631 2428 2698 2483; x_wconf 83' lang='lat' dir='ltr'><strong>ad</strong></span> <span class='ocrx_word' id='word_1_663' title='bbox 2731 2429 2817 2483; x_wconf 90' lang='lat' dir='ltr'><strong>illa</strong></span> <span class='ocrx_word' id='word_1_664' title='bbox 2848 2430 3222 2499; x_wconf 91' lang='lat' dir='ltr'><strong>respondimus</strong></span> <span class='ocrx_word' id='word_1_665' title='bbox 3248 2429 3350 2503; x_wconf 85' lang='lat' dir='ltr'><strong>(De</strong></span> <span class='ocrx_word' id='word_1_666' title='bbox 3376 2430 3583 2502; x_wconf 80' lang='lat' dir='ltr'><strong>Nuptiis</strong></span> <span class='ocrx_word' id='word_1_667' title='bbox 3618 2442 3675 2487; x_wconf 73' lang='lat' dir='ltr'><strong>et</strong></span> 
     </span>
    </p>
   </div>
   <div class='ocr_carea' id='block_1_87' title="bbox 2091 2515 3668 2592">
    <p class='ocr_par' dir='ltr' id='par_1_87' title="bbox 2091 2515 3668 2592">
     <span class='ocr_line' id='line_1_87' title="bbox 2091 2515 3668 2592; baseline 0.004 -22"><span class='ocrx_word' id='word_1_668' title='bbox 2091 2515 2521 2588; x_wconf 84' lang='lat' dir='ltr'><strong>Concupisceutia,</strong></span> <span class='ocrx_word' id='word_1_669' title='bbox 2546 2519 2633 2573; x_wconf 83' lang='lat' dir='ltr'><strong>lib.</strong></span> <span class='ocrx_word' id='word_1_670' title='bbox 2660 2519 2715 2586; x_wconf 76' lang='lat'><strong>2,</strong></span> <span class='ocrx_word' id='word_1_671' title='bbox 2740 2536 2793 2572; x_wconf 92' lang='lat' dir='ltr'><strong>n.</strong></span> <span class='ocrx_word' id='word_1_672' title='bbox 2828 2517 2954 2591; x_wconf 74' lang='lat'><strong>28);</strong></span> <span class='ocrx_word' id='word_1_673' title='bbox 2984 2528 3037 2575; x_wconf 87' lang='lat' dir='ltr'><strong>et</strong></span> <span class='ocrx_word' id='word_1_674' title='bbox 3058 2521 3292 2575; x_wconf 87' lang='lat' dir='ltr'><strong>inveniet</strong></span> <span class='ocrx_word' id='word_1_675' title='bbox 3321 2531 3390 2587; x_wconf 90' lang='lat' dir='ltr'><strong>te,</strong></span> <span class='ocrx_word' id='word_1_676' title='bbox 3422 2523 3563 2592; x_wconf 87' lang='lat' dir='ltr'><strong>quod</strong></span> <span class='ocrx_word' id='word_1_677' title='bbox 3597 2523 3668 2577; x_wconf 88' lang='lat' dir='ltr'><strong>ad</strong></span> 
     </span>
    </p>
   </div>
   <div class='ocr_carea' id='block_1_88' title="bbox 2090 2609 3673 2679">
    <p class='ocr_par' dir='ltr' id='par_1_88' title="bbox 2090 2609 3673 2679">
     <span class='ocr_line' id='line_1_88' title="bbox 2090 2609 3673 2679; baseline 0.004 -18"><span class='ocrx_word' id='word_1_678' title='bbox 2090 2621 2204 2662; x_wconf 91' lang='lat' dir='ltr'><strong>rem</strong></span> <span class='ocrx_word' id='word_1_679' title='bbox 2234 2609 2526 2679; x_wconf 86' lang='lat' dir='ltr'><strong>pertineat,</strong></span> <span class='ocrx_word' id='word_1_680' title='bbox 2582 2625 2682 2664; x_wconf 92' lang='lat' dir='ltr'><strong>nec</strong></span> <span class='ocrx_word' id='word_1_681' title='bbox 2714 2609 2782 2663; x_wconf 92' lang='lat' dir='ltr'><strong>ibi</strong></span> <span class='ocrx_word' id='word_1_682' title='bbox 2808 2609 3007 2679; x_wconf 88' lang='lat' dir='ltr'><strong>aliquid</strong></span> <span class='ocrx_word' id='word_1_683' title='bbox 3051 2610 3288 2675; x_wconf 86' lang='lat' dir='ltr'><strong>dixisse,</strong></span> <span class='ocrx_word' id='word_1_684' title='bbox 3326 2620 3381 2664; x_wconf 89' lang='lat' dir='ltr'><strong>et</strong></span> <span class='ocrx_word' id='word_1_685' title='bbox 3406 2611 3492 2665; x_wconf 89' lang='lat' dir='ltr'><strong>hic</strong></span> <span class='ocrx_word' id='word_1_686' title='bbox 3533 2612 3673 2667; x_wconf 89' lang='lat' dir='ltr'><strong>nihil</strong></span> 
     </span>
    </p>
   </div>
   <div class='ocr_carea' id='block_1_89' title="bbox 2089 2698 3674 2771">
    <p class='ocr_par' dir='ltr' id='par_1_89' title="bbox 2089 2698 3674 2771">
     <span class='ocr_line' id='line_1_89' title="bbox 2089 2698 3674 2771; baseline 0.002 -18"><span class='ocrx_word' id='word_1_687' title='bbox 2089 2699 2291 2754; x_wconf 81' lang='lat' dir='ltr'><strong>dicere.</strong></span> <span class='ocrx_word' id='word_1_688' title='bbox 2323 2698 2412 2753; x_wconf 91' lang='lat' dir='ltr'><strong>Sic</strong></span> <span class='ocrx_word' id='word_1_689' title='bbox 2439 2701 2581 2754; x_wconf 87' lang='lat' dir='ltr'><strong>enim</strong></span> <span class='ocrx_word' id='word_1_690' title='bbox 2609 2714 2804 2770; x_wconf 79' lang='lat' dir='ltr'><strong>magno</strong></span> <span class='ocrx_word' id='word_1_691' title='bbox 2828 2700 2946 2754; x_wconf 92' lang='lat' dir='ltr'><strong>nisu</strong></span> <span class='ocrx_word' id='word_1_692' title='bbox 2972 2700 3178 2754; x_wconf 92' lang='lat' dir='ltr'><strong>moliris</strong></span> <span class='ocrx_word' id='word_1_693' title='bbox 3198 2701 3500 2761; x_wconf 86' lang='lat' dir='ltr'><strong>ostendere.</strong></span> <span class='ocrx_word' id='word_1_694' title='bbox 3528 2702 3674 2771; x_wconf 85' lang='lat' dir='ltr'><strong>quod</strong></span> 
     </span>
    </p>
   </div>
   <div class='ocr_carea' id='block_1_90' title="bbox 2092 2791 3677 2863">
    <p class='ocr_par' dir='ltr' id='par_1_90' title="bbox 2092 2791 3677 2863">
     <span class='ocr_line' id='line_1_90' title="bbox 2092 2791 3677 2863; baseline 0.002 -18"><span class='ocrx_word' id='word_1_695' title='bbox 2092 2791 2334 2846; x_wconf 89' lang='lat' dir='ltr'><strong>homines</strong></span> <span class='ocrx_word' id='word_1_696' title='bbox 2359 2792 2498 2846; x_wconf 92' lang='lat' dir='ltr'><strong>Deus</strong></span> <span class='ocrx_word' id='word_1_697' title='bbox 2523 2791 2591 2846; x_wconf 87' lang='lat' dir='ltr'><strong>de</strong></span> <span class='ocrx_word' id='word_1_698' title='bbox 2617 2792 2915 2847; x_wconf 82' lang='lat' dir='ltr'><strong>seminibus</strong></span> <span class='ocrx_word' id='word_1_699' title='bbox 2944 2801 3214 2862; x_wconf 87' lang='lat' dir='ltr'><strong>operetur,</strong></span> <span class='ocrx_word' id='word_1_700' title='bbox 3243 2793 3393 2863; x_wconf 85' lang='lat' dir='ltr'><strong>quasi</strong></span> <span class='ocrx_word' id='word_1_701' title='bbox 3424 2794 3527 2847; x_wconf 91' lang='lat' dir='ltr'><strong>hoc</strong></span> <span class='ocrx_word' id='word_1_702' title='bbox 3571 2803 3677 2848; x_wconf 80' lang='lat' dir='ltr'><strong>nc-</strong></span> 
     </span>
    </p>
   </div>
   <div class='ocr_carea' id='block_1_91' title="bbox 2089 2881 3675 2952">
    <p class='ocr_par' dir='ltr' id='par_1_91' title="bbox 2089 2881 3675 2952">
     <span class='ocr_line' id='line_1_91' title="bbox 2089 2881 3675 2952; baseline -0.001 -14"><span class='ocrx_word' id='word_1_703' title='bbox 2089 2894 2242 2952; x_wconf 88' lang='lat' dir='ltr'><strong>getur</strong></span> <span class='ocrx_word' id='word_1_704' title='bbox 2260 2898 2293 2937; x_wconf 87' lang='lat' dir='ltr'><strong>a</strong></span> <span class='ocrx_word' id='word_1_705' title='bbox 2320 2883 2473 2938; x_wconf 90' lang='lat' dir='ltr'><strong>nobis</strong></span> <span class='ocrx_word' id='word_1_706' title='bbox 2497 2900 2510 2947; x_wconf 88' lang='lat'><strong>;</strong></span> <span class='ocrx_word' id='word_1_707' title='bbox 2543 2892 2598 2938; x_wconf 92' lang='lat' dir='ltr'><strong>et</strong></span> <span class='ocrx_word' id='word_1_708' title='bbox 2626 2883 2850 2938; x_wconf 88' lang='lat' dir='ltr'><strong>adhibes</strong></span> <span class='ocrx_word' id='word_1_709' title='bbox 2876 2884 3192 2952; x_wconf 77' lang='lat' dir='ltr'><strong>Aposwlnm</strong></span> <span class='ocrx_word' id='word_1_710' title='bbox 3222 2892 3434 2945; x_wconf 89' lang='lat' dir='ltr'><strong>testem,</strong></span> <span class='ocrx_word' id='word_1_711' title='bbox 3460 2883 3551 2937; x_wconf 90' lang='lat' dir='ltr'><strong>ubi</strong></span> <span class='ocrx_word' id='word_1_712' title='bbox 3573 2881 3675 2936; x_wconf 86' lang='lat' dir='ltr'><strong>abs</strong></span> 
     </span>
    </p>
   </div>
   <div class='ocr_carea' id='block_1_92' title="bbox 2094 2972 3677 3043">
    <p class='ocr_par' dir='ltr' id='par_1_92' title="bbox 2094 2972 3677 3043">
     <span class='ocr_line' id='line_1_92' title="bbox 2094 2972 3677 3043; baseline 0.002 -17"><span class='ocrx_word' id='word_1_713' title='bbox 2094 2984 2144 3028; x_wconf 83' lang='lat' dir='ltr'><strong>te</strong></span> <span class='ocrx_word' id='word_1_714' title='bbox 2188 2974 2330 3028; x_wconf 90' lang='lat' dir='ltr'><strong>nulla</strong></span> <span class='ocrx_word' id='word_1_715' title='bbox 2361 2974 2653 3028; x_wconf 87' lang='lat' dir='ltr'><strong>necessitas</strong></span> <span class='ocrx_word' id='word_1_716' title='bbox 2701 2987 2874 3028; x_wconf 78' lang='lat' dir='ltr'><strong>causa:</strong></span> <span class='ocrx_word' id='word_1_717' title='bbox 2924 2972 3126 3043; x_wconf 80' lang='lat' dir='ltr'><strong>ﬂagitat</strong></span> <span class='ocrx_word' id='word_1_718' title='bbox 3176 2974 3544 3043; x_wconf 85' lang='lat' dir='ltr'><strong>probationem</strong></span> <span class='ocrx_word' id='word_1_719' title='bbox 3579 2985 3677 3029; x_wconf 82' lang='lat' dir='ltr'><strong>:et</strong></span> 
     </span>
    </p>
   </div>
   <div class='ocr_carea' id='block_1_93' title="bbox 2090 3063 3676 3134">
    <p class='ocr_par' dir='ltr' id='par_1_93' title="bbox 2090 3063 3676 3134">
     <span class='ocr_line' id='line_1_93' title="bbox 2090 3063 3676 3134; baseline -0.002 -15"><span class='ocrx_word' id='word_1_720' title='bbox 2090 3065 2230 3134; x_wconf 86' lang='lat' dir='ltr'><strong>quod</strong></span> <span class='ocrx_word' id='word_1_721' title='bbox 2274 3073 2356 3119; x_wconf 90' lang='lat' dir='ltr'><strong>est</strong></span> <span class='ocrx_word' id='word_1_722' title='bbox 2385 3064 2670 3128; x_wconf 82' lang='lat' dir='ltr'><strong>insulsius,</strong></span> <span class='ocrx_word' id='word_1_723' title='bbox 2707 3067 2788 3118; x_wconf 84' lang='lat' dir='ltr'><strong>vis</strong></span> <span class='ocrx_word' id='word_1_724' title='bbox 2828 3064 2994 3134; x_wconf 88' lang='lat' dir='ltr'><strong>accipi</strong></span> <span class='ocrx_word' id='word_1_725' title='bbox 3036 3063 3105 3120; x_wconf 91' lang='lat' dir='ltr'><strong>de</strong></span> <span class='ocrx_word' id='word_1_726' title='bbox 3153 3064 3444 3119; x_wconf 88' lang='lat' dir='ltr'><strong>seminibus</strong></span> <span class='ocrx_word' id='word_1_727' title='bbox 3496 3063 3676 3121; x_wconf 73' lang='lat' dir='ltr'><strong>homi—</strong></span> 
     </span>
    </p>
   </div>
   <div class='ocr_carea' id='block_1_94' title="bbox 2092 3155 3663 3227">
    <p class='ocr_par' dir='ltr' id='par_1_94' title="bbox 2092 3155 3663 3227">
     <span class='ocr_line' id='line_1_94' title="bbox 2092 3155 3663 3227; baseline 0 -18"><span class='ocrx_word' id='word_1_728' title='bbox 2092 3171 2255 3222; x_wconf 87' lang='lat' dir='ltr'><strong>num,</strong></span> <span class='ocrx_word' id='word_1_729' title='bbox 2305 3155 2446 3227; x_wconf 91' lang='lat' dir='ltr'><strong>quod</strong></span> <span class='ocrx_word' id='word_1_730' title='bbox 2490 3156 2581 3211; x_wconf 90' lang='lat' dir='ltr'><strong>ille</strong></span> <span class='ocrx_word' id='word_1_731' title='bbox 2624 3155 2760 3210; x_wconf 78' lang='lat' dir='ltr'><strong>dixit</strong></span> <span class='ocrx_word' id='word_1_732' title='bbox 2797 3155 2864 3210; x_wconf 91' lang='lat' dir='ltr'><strong>de</strong></span> <span class='ocrx_word' id='word_1_733' title='bbox 2902 3157 3196 3211; x_wconf 86' lang='lat' dir='ltr'><strong>seminibus</strong></span> <span class='ocrx_word' id='word_1_734' title='bbox 3248 3158 3663 3227; x_wconf 80' lang='lat' dir='ltr'><strong>frumentorum,</strong></span> 
     </span>
    </p>
   </div>
   <div class='ocr_carea' id='block_1_95' title="bbox 2091 3246 3674 3319">
    <p class='ocr_par' dir='ltr' id='par_1_95' title="bbox 2091 3246 3674 3319">
     <span class='ocr_line' id='line_1_95' title="bbox 2091 3246 3674 3319; baseline 0.001 -21"><span class='ocrx_word' id='word_1_735' title='bbox 2091 3248 2339 3317; x_wconf 87' lang='lat' dir='ltr'><strong>quoniam</strong></span> <span class='ocrx_word' id='word_1_736' title='bbox 2372 3247 2422 3301; x_wconf 91' lang='lat' dir='ltr'><strong>id</strong></span> <span class='ocrx_word' id='word_1_737' title='bbox 2447 3263 2604 3302; x_wconf 87' lang='lat' dir='ltr'><strong>causa</strong></span> <span class='ocrx_word' id='word_1_738' title='bbox 2631 3248 2918 3319; x_wconf 80' lang='lat' dir='ltr'><strong>poscebat;</strong></span> <span class='ocrx_word' id='word_1_739' title='bbox 2967 3257 3020 3304; x_wconf 90' lang='lat' dir='ltr'><strong>et</strong></span> <span class='ocrx_word' id='word_1_740' title='bbox 3046 3248 3182 3303; x_wconf 85' lang='lat' dir='ltr'><strong>dicis</strong></span> <span class='ocrx_word' id='word_1_741' title='bbox 3206 3249 3369 3303; x_wconf 85' lang='lat' dir='ltr'><strong>verba</strong></span> <span class='ocrx_word' id='word_1_742' title='bbox 3400 3249 3516 3317; x_wconf 86' lang='lat' dir='ltr'><strong>ejus</strong></span> <span class='ocrx_word' id='word_1_743' title='bbox 3540 3289 3557 3315; x_wconf 90' lang='lat'><strong>,</strong></span> <span class='ocrx_word' id='word_1_744' title='bbox 3590 3246 3674 3302; x_wconf 84' lang='lat' dir='ltr'><strong>Tn</strong></span> 
     </span>
    </p>
   </div>
   <div class='ocr_carea' id='block_1_96' title="bbox 2087 3336 3690 3408">
    <p class='ocr_par' dir='ltr' id='par_1_96' title="bbox 2087 3336 3690 3408">
     <span class='ocr_line' id='line_1_96' title="bbox 2087 3336 3690 3408; baseline 0.001 -19"><span class='ocrx_word' id='word_1_745' title='bbox 2087 3336 2224 3404; x_wconf 86' lang='lat' dir='ltr'><strong>quod</strong></span> <span class='ocrx_word' id='word_1_746' title='bbox 2256 3337 2474 3390; x_wconf 79' lang='lat' dir='ltr'><strong>seniinas</strong></span> <span class='ocrx_word' id='word_1_747' title='bbox 2501 3353 2600 3390; x_wconf 88' lang='lat' dir='ltr'><strong>non</strong></span> <span class='ocrx_word' id='word_1_748' title='bbox 2631 3337 2953 3405; x_wconf 84' lang='lat' dir='ltr'><strong>vivi/icatur;</strong></span> <span class='ocrx_word' id='word_1_749' title='bbox 2992 3345 3047 3392; x_wconf 90' lang='lat' dir='ltr'><strong>et</strong></span> <span class='ocrx_word' id='word_1_750' title='bbox 3086 3346 3227 3391; x_wconf 90' lang='lat' dir='ltr'><strong>taces</strong></span> <span class='ocrx_word' id='word_1_751' title='bbox 3252 3337 3395 3408; x_wconf 86' lang='lat' dir='ltr'><strong>quod</strong></span> <span class='ocrx_word' id='word_1_752' title='bbox 3436 3338 3526 3392; x_wconf 91' lang='lat' dir='ltr'><strong>ille</strong></span> <span class='ocrx_word' id='word_1_753' title='bbox 3551 3353 3690 3391; x_wconf 87' lang='lat' dir='ltr'><strong>con-</strong></span> 
     </span>
    </p>
   </div>
   <div class='ocr_carea' id='block_1_97' title="bbox 2091 3425 3675 3497">
    <p class='ocr_par' dir='ltr' id='par_1_97' title="bbox 2091 3425 3675 3497">
     <span class='ocr_line' id='line_1_97' title="bbox 2091 3425 3675 3497; baseline 0.002 -20"><span class='ocrx_word' id='word_1_754' title='bbox 2091 3425 2276 3489; x_wconf 90' lang='lat' dir='ltr'><strong>nectit,</strong></span> <span class='ocrx_word' id='word_1_755' title='bbox 2315 3426 2412 3479; x_wconf 83' lang='lat' dir='ltr'><strong>nisi</strong></span> <span class='ocrx_word' id='word_1_756' title='bbox 2441 3426 2704 3479; x_wconf 87' lang='lat' dir='ltr'><strong>moriatur.</strong></span> <span class='ocrx_word' id='word_1_757' title='bbox 2730 3426 2899 3480; x_wconf 85' lang='lat' dir='ltr'><strong>Taces</strong></span> <span class='ocrx_word' id='word_1_758' title='bbox 2921 3425 3080 3481; x_wconf 73' lang='lat' dir='ltr'><strong>etiam</strong></span> <span class='ocrx_word' id='word_1_759' title='bbox 3111 3427 3239 3481; x_wconf 90' lang='lat' dir='ltr'><strong>illud</strong></span> <span class='ocrx_word' id='word_1_760' title='bbox 3263 3428 3404 3497; x_wconf 88' lang='lat' dir='ltr'><strong>quod</strong></span> <span class='ocrx_word' id='word_1_761' title='bbox 3434 3426 3675 3497; x_wconf 82' lang='lat' dir='ltr'><strong>adjungit</strong></span> 
     </span>
    </p>
   </div>
   <div class='ocr_carea' id='block_1_98' title="bbox 2091 3514 3675 3588">
    <p class='ocr_par' dir='ltr' id='par_1_98' title="bbox 2091 3514 3675 3588">
     <span class='ocr_line' id='line_1_98' title="bbox 2091 3514 3675 3588; baseline 0.001 -17"><span class='ocrx_word' id='word_1_762' title='bbox 2091 3524 2143 3571; x_wconf 90' lang='lat' dir='ltr'><strong>et</strong></span> <span class='ocrx_word' id='word_1_763' title='bbox 2164 3516 2312 3580; x_wconf 90' lang='lat' dir='ltr'><strong>dicit,</strong></span> <span class='ocrx_word' id='word_1_764' title='bbox 2341 3514 2410 3569; x_wconf 87' lang='lat' dir='ltr'><strong>Et</strong></span> <span class='ocrx_word' id='word_1_765' title='bbox 2435 3516 2572 3588; x_wconf 85' lang='lat' dir='ltr'><strong>quod</strong></span> <span class='ocrx_word' id='word_1_766' title='bbox 2601 3517 2836 3583; x_wconf 80' lang='lat' dir='ltr'><strong>seminus,</strong></span> <span class='ocrx_word' id='word_1_767' title='bbox 2867 3534 2967 3571; x_wconf 87' lang='lat' dir='ltr'><strong>non</strong></span> <span class='ocrx_word' id='word_1_768' title='bbox 2992 3534 3176 3586; x_wconf 85' lang='lat' dir='ltr'><strong>corpus</strong></span> <span class='ocrx_word' id='word_1_769' title='bbox 3202 3518 3338 3586; x_wconf 83' lang='lat' dir='ltr'><strong>quod</strong></span> <span class='ocrx_word' id='word_1_770' title='bbox 3352 3518 3579 3586; x_wconf 71' lang='lat' dir='ltr'><strong>futurum</strong></span> <span class='ocrx_word' id='word_1_771' title='bbox 3599 3530 3675 3572; x_wconf 72' lang='lat' dir='ltr'><strong>ut</strong></span> 
     </span>
    </p>
   </div>
   <div class='ocr_carea' id='block_1_99' title="bbox 2088 3605 3675 3680">
    <p class='ocr_par' dir='ltr' id='par_1_99' title="bbox 2088 3605 3675 3680">
     <span class='ocr_line' id='line_1_99' title="bbox 2088 3605 3675 3680; baseline 0.002 -21"><span class='ocrx_word' id='word_1_772' title='bbox 2088 3607 2307 3660; x_wconf 80' lang='lat' dir='ltr'><strong>seminus</strong></span> <span class='ocrx_word' id='word_1_773' title='bbox 2331 3648 2344 3670; x_wconf 97' lang='lat'><strong>,</strong></span> <span class='ocrx_word' id='word_1_774' title='bbox 2394 3607 2484 3660; x_wconf 79' lang='lat' dir='ltr'><strong>sed</strong></span> <span class='ocrx_word' id='word_1_775' title='bbox 2510 3607 2700 3660; x_wconf 86' lang='lat' dir='ltr'><strong>nudum</strong></span> <span class='ocrx_word' id='word_1_776' title='bbox 2738 3605 2971 3676; x_wconf 73' lang='lat' dir='ltr'><strong>granum,</strong></span> <span class='ocrx_word' id='word_1_777' title='bbox 3003 3612 3107 3679; x_wconf 81' lang='lat' dir='ltr'><strong>[ere</strong></span> <span class='ocrx_word' id='word_1_778' title='bbox 3140 3608 3311 3673; x_wconf 80' lang='lat' dir='ltr'><strong>tritici,</strong></span> <span class='ocrx_word' id='word_1_779' title='bbox 3339 3617 3430 3660; x_wconf 88' lang='lat' dir='ltr'><strong>aut</strong></span> <span class='ocrx_word' id='word_1_780' title='bbox 3455 3608 3675 3680; x_wconf 75' lang='lat' dir='ltr'><strong>alicujus</strong></span> 
     </span>
    </p>
   </div>
   <div class='ocr_carea' id='block_1_100' title="bbox 2089 3696 3673 3765">
    <p class='ocr_par' dir='ltr' id='par_1_100' title="bbox 2089 3696 3673 3765">
     <span class='ocr_line' id='line_1_100' title="bbox 2089 3696 3673 3765; baseline 0.001 -16"><span class='ocrx_word' id='word_1_781' title='bbox 2089 3705 2383 3751; x_wconf 69' lang='lat' dir='ltr'><strong>ceterorum</strong></span> <span class='ocrx_word' id='word_1_782' title='bbox 2414 3710 2432 3750; x_wconf 91' lang='lat'><strong><em>:</em></strong></span> <span class='ocrx_word' id='word_1_783' title='bbox 2463 3696 2548 3750; x_wconf 91' lang='lat' dir='ltr'><strong>ubi</strong></span> <span class='ocrx_word' id='word_1_784' title='bbox 2583 3697 2712 3749; x_wconf 90' lang='lat' dir='ltr'><strong>satis</strong></span> <span class='ocrx_word' id='word_1_785' title='bbox 2741 3697 2913 3765; x_wconf 86' lang='lat' dir='ltr'><strong>aperit</strong></span> <span class='ocrx_word' id='word_1_786' title='bbox 2958 3697 3100 3752; x_wconf 89' lang='lat' dir='ltr'><strong>unde</strong></span> <span class='ocrx_word' id='word_1_787' title='bbox 3127 3697 3285 3752; x_wconf 89' lang='lat' dir='ltr'><strong>dicat.</strong></span> <span class='ocrx_word' id='word_1_788' title='bbox 3315 3696 3519 3765; x_wconf 86' lang='lat' dir='ltr'><strong>Quibus</strong></span> <span class='ocrx_word' id='word_1_789' title='bbox 3546 3700 3673 3751; x_wconf 90' lang='lat' dir='ltr'><strong>taci-</strong></span> 
     </span>
    </p>
   </div>
   <div class='ocr_carea' id='block_1_101' title="bbox 2091 3786 3675 3857">
    <p class='ocr_par' dir='ltr' id='par_1_101' title="bbox 2091 3786 3675 3857">
     <span class='ocr_line' id='line_1_101' title="bbox 2091 3786 3675 3857; baseline 0.001 -17"><span class='ocrx_word' id='word_1_790' title='bbox 2091 3788 2157 3841; x_wconf 86' lang='lat' dir='ltr'><strong>tis</strong></span> <span class='ocrx_word' id='word_1_791' title='bbox 2176 3828 2192 3854; x_wconf 95' lang='lat'><strong>,</strong></span> <span class='ocrx_word' id='word_1_792' title='bbox 2221 3787 2361 3856; x_wconf 64' lang='lat' dir='ltr'><strong>quod</strong></span> <span class='ocrx_word' id='word_1_793' title='bbox 2413 3788 2651 3855; x_wconf 82' lang='lat' dir='ltr'><strong>sequitur</strong></span> <span class='ocrx_word' id='word_1_794' title='bbox 2683 3786 2898 3856; x_wconf 80' lang='lat' dir='ltr'><strong>ingeris,</strong></span> <span class='ocrx_word' id='word_1_795' title='bbox 2932 3786 3066 3840; x_wconf 77' lang='lat' dir='ltr'><strong>Deus</strong></span> <span class='ocrx_word' id='word_1_796' title='bbox 3091 3798 3255 3840; x_wconf 81' lang='lat' dir='ltr'><strong>autent</strong></span> <span class='ocrx_word' id='word_1_797' title='bbox 3277 3788 3353 3841; x_wconf 84' lang='lat' dir='ltr'><strong>illi</strong></span> <span class='ocrx_word' id='word_1_798' title='bbox 3380 3788 3468 3840; x_wconf 85' lang='lat' dir='ltr'><strong>dat</strong></span> <span class='ocrx_word' id='word_1_799' title='bbox 3488 3804 3675 3857; x_wconf 77' lang='lat' dir='ltr'><strong>corpus</strong></span> 
     </span>
    </p>
   </div>
   <div class='ocr_carea' id='block_1_102' title="bbox 2088 3877 3670 3949">
    <p class='ocr_par' dir='ltr' id='par_1_102' title="bbox 2088 3877 3670 3949">
     <span class='ocr_line' id='line_1_102' title="bbox 2088 3877 3670 3949; baseline 0.002 -21"><span class='ocrx_word' id='word_1_800' title='bbox 2088 3878 2335 3944; x_wconf 84' lang='lat' dir='ltr'><strong>quomodo</strong></span> <span class='ocrx_word' id='word_1_801' title='bbox 2361 3878 2587 3940; x_wconf 84' lang='lat' dir='ltr'><strong>voluerit,</strong></span> <span class='ocrx_word' id='word_1_802' title='bbox 2612 3885 2657 3929; x_wconf 86' lang='lat' dir='ltr'><strong>ct</strong></span> <span class='ocrx_word' id='word_1_803' title='bbox 2680 3877 2945 3946; x_wconf 79' lang='lat' dir='ltr'><strong>unicuique</strong></span> <span class='ocrx_word' id='word_1_804' title='bbox 2967 3878 3213 3930; x_wconf 81' lang='lat' dir='ltr'><strong>seminum</strong></span> <span class='ocrx_word' id='word_1_805' title='bbox 3239 3879 3507 3949; x_wconf 87' lang='lat' dir='ltr'><strong>proprium</strong></span> <span class='ocrx_word' id='word_1_806' title='bbox 3552 3895 3670 3931; x_wconf 83' lang='lat' dir='ltr'><strong>cor-</strong></span> 
     </span>
    </p>
   </div>
   <div class='ocr_carea' id='block_1_103' title="bbox 2091 3967 3674 4039">
    <p class='ocr_par' dir='ltr' id='par_1_103' title="bbox 2091 3967 3674 4039">
     <span class='ocr_line' id='line_1_103' title="bbox 2091 3967 3674 4039; baseline 0.002 -19"><span class='ocrx_word' id='word_1_807' title='bbox 2091 3985 2184 4038; x_wconf 81' lang='lat' dir='ltr'><strong>pus</strong></span> <span class='ocrx_word' id='word_1_808' title='bbox 2210 3967 2250 4039; x_wconf 94' lang='lat' dir='ltr'><strong>(l</strong></span> <span class='ocrx_word' id='word_1_809' title='bbox 2279 3967 2398 4022; x_wconf 85' lang='lat' dir='ltr'><strong>Car.</strong></span> <span class='ocrx_word' id='word_1_810' title='bbox 2432 3984 2517 4032; x_wconf 83' lang='lat' dir='ltr'><strong>xv,</strong></span> <span class='ocrx_word' id='word_1_811' title='bbox 2552 3969 2743 4039; x_wconf 76' lang='lat'><strong>56—38)</strong></span> <span class='ocrx_word' id='word_1_812' title='bbox 2770 3984 2782 4021; x_wconf 89' lang='lat'>:</span> <span class='ocrx_word' id='word_1_813' title='bbox 2809 3977 2865 4023; x_wconf 89' lang='lat' dir='ltr'><strong>et</strong></span> <span class='ocrx_word' id='word_1_814' title='bbox 2909 3984 3014 4022; x_wconf 89' lang='lat' dir='ltr'><strong>non</strong></span> <span class='ocrx_word' id='word_1_815' title='bbox 3040 3970 3121 4022; x_wconf 74' lang='lat' dir='ltr'><strong>ris</strong></span> <span class='ocrx_word' id='word_1_816' title='bbox 3162 3969 3248 4023; x_wconf 89' lang='lat' dir='ltr'><strong>hic</strong></span> <span class='ocrx_word' id='word_1_817' title='bbox 3279 3968 3507 4039; x_wconf 77' lang='lat' dir='ltr'><strong>intelligi</strong></span> <span class='ocrx_word' id='word_1_818' title='bbox 3532 3984 3674 4039; x_wconf 83' lang='lat' dir='ltr'><strong>quo-</strong></span> 
     </span>
    </p>
   </div>
   <div class='ocr_carea' id='block_1_104' title="bbox 2089 4059 3679 4132">
    <p class='ocr_par' dir='ltr' id='par_1_104' title="bbox 2089 4059 3679 4132">
     <span class='ocr_line' id='line_1_104' title="bbox 2089 4059 3679 4132; baseline 0.002 -20"><span class='ocrx_word' id='word_1_819' title='bbox 2089 4075 2206 4113; x_wconf 87' lang='lat' dir='ltr'><strong>rum</strong></span> <span class='ocrx_word' id='word_1_820' title='bbox 2235 4060 2529 4125; x_wconf 88' lang='lat' dir='ltr'><strong>seminum,</strong></span> <span class='ocrx_word' id='word_1_821' title='bbox 2579 4059 2630 4112; x_wconf 87' lang='lat' dir='ltr'><strong>id</strong></span> <span class='ocrx_word' id='word_1_822' title='bbox 2671 4069 2787 4124; x_wconf 87' lang='lat' dir='ltr'><strong>est,</strong></span> <span class='ocrx_word' id='word_1_823' title='bbox 2839 4063 2944 4132; x_wconf 79' lang='lat' dir='ltr'><strong>fere</strong></span> <span class='ocrx_word' id='word_1_824' title='bbox 2980 4060 3165 4125; x_wconf 85' lang='lat' dir='ltr'><strong>tritici,</strong></span> <span class='ocrx_word' id='word_1_825' title='bbox 3194 4071 3281 4113; x_wconf 83' lang='lat' dir='ltr'><strong>aut</strong></span> <span class='ocrx_word' id='word_1_826' title='bbox 3323 4062 3543 4130; x_wconf 78' lang='lat' dir='ltr'><strong>alicujus</strong></span> <span class='ocrx_word' id='word_1_827' title='bbox 3574 4077 3679 4114; x_wconf 68' lang='grc' dir='ltr'><strong>εω-</strong></span> 
     </span>
    </p>
   </div>
   <div class='ocr_carea' id='block_1_105' title="bbox 2090 4153 3673 4222">
    <p class='ocr_par' dir='ltr' id='par_1_105' title="bbox 2090 4153 3673 4222">
     <span class='ocr_line' id='line_1_105' title="bbox 2090 4153 3673 4222; baseline 0.004 -20"><span class='ocrx_word' id='word_1_828' title='bbox 2090 4159 2307 4204; x_wconf 84' lang='lat' dir='ltr'><strong>terorum</strong></span> <span class='ocrx_word' id='word_1_829' title='bbox 2327 4192 2343 4217; x_wconf 94' lang='lat'><strong>,</strong></span> <span class='ocrx_word' id='word_1_830' title='bbox 2372 4166 2555 4205; x_wconf 58' lang='lat' dir='ltr'><strong>eorum</strong></span> <span class='ocrx_word' id='word_1_831' title='bbox 2587 4153 2825 4216; x_wconf 90' lang='lat' dir='ltr'><strong>scilicet,</strong></span> <span class='ocrx_word' id='word_1_832' title='bbox 2870 4168 2987 4222; x_wconf 69' lang='lat' dir='ltr'><strong>qua:</strong></span> <span class='ocrx_word' id='word_1_833' title='bbox 3028 4169 3147 4207; x_wconf 90' lang='lat' dir='ltr'><strong>cum</strong></span> <span class='ocrx_word' id='word_1_834' title='bbox 3179 4155 3533 4219; x_wconf 88' lang='lat' dir='ltr'><strong>seminantur,</strong></span> <span class='ocrx_word' id='word_1_835' title='bbox 3563 4170 3673 4209; x_wconf 87' lang='lat' dir='ltr'><strong>nou</strong></span> 
     </span>
    </p>
   </div>
   <div class='ocr_carea' id='block_1_106' title="bbox 2088 4241 3675 4313">
    <p class='ocr_par' dir='ltr' id='par_1_106' title="bbox 2088 4241 3675 4313">
     <span class='ocr_line' id='line_1_106' title="bbox 2088 4241 3675 4313; baseline 0.003 -19"><span class='ocrx_word' id='word_1_836' title='bbox 2088 4242 2420 4295; x_wconf 84' lang='lat' dir='ltr'><strong>viviticantnr</strong></span> <span class='ocrx_word' id='word_1_837' title='bbox 2466 4242 2565 4295; x_wconf 88' lang='lat' dir='ltr'><strong>nisi</strong></span> <span class='ocrx_word' id='word_1_838' title='bbox 2618 4243 2934 4297; x_wconf 81' lang='lat' dir='ltr'><strong>moriantur.</strong></span> <span class='ocrx_word' id='word_1_839' title='bbox 2978 4241 3042 4297; x_wconf 85' lang='lat' dir='ltr'><strong>Et</strong></span> <span class='ocrx_word' id='word_1_840' title='bbox 3088 4244 3282 4313; x_wconf 63' lang='lat' dir='ltr'><strong>quaeris</strong></span> <span class='ocrx_word' id='word_1_841' title='bbox 3325 4242 3428 4297; x_wconf 90' lang='lat' dir='ltr'><strong>hoc</strong></span> <span class='ocrx_word' id='word_1_842' title='bbox 3469 4243 3675 4298; x_wconf 88' lang='lat' dir='ltr'><strong>dictum</strong></span> 
     </span>
    </p>
   </div>
   <div class='ocr_carea' id='block_1_107' title="bbox 2089 4333 3675 4405">
    <p class='ocr_par' dir='ltr' id='par_1_107' title="bbox 2089 4333 3675 4405">
     <span class='ocr_line' id='line_1_107' title="bbox 2089 4333 3675 4405; baseline 0.002 -16"><span class='ocrx_word' id='word_1_843' title='bbox 2089 4336 2248 4389; x_wconf 88' lang='lat' dir='ltr'><strong>etiam</strong></span> <span class='ocrx_word' id='word_1_844' title='bbox 2322 4333 2385 4387; x_wconf 90' lang='lat' dir='ltr'><strong>ad</strong></span> <span class='ocrx_word' id='word_1_845' title='bbox 2449 4333 2655 4388; x_wconf 85' lang='lat' dir='ltr'><strong>semina</strong></span> <span class='ocrx_word' id='word_1_846' title='bbox 2731 4334 2960 4389; x_wconf 89' lang='lat' dir='ltr'><strong>humana</strong></span> <span class='ocrx_word' id='word_1_847' title='bbox 3006 4336 3433 4391; x_wconf 61' lang='lat' dir='ltr'><strong>transferreule</strong></span> <span class='ocrx_word' id='word_1_848' title='bbox 3477 4337 3675 4405; x_wconf 81' lang='lat' dir='ltr'><strong>quibus</strong></span> 
     </span>
    </p>
   </div>
   <div class='ocr_carea' id='block_1_108' title="bbox 2088 4425 3678 4496">
    <p class='ocr_par' dir='ltr' id='par_1_108' title="bbox 2088 4425 3678 4496">
     <span class='ocr_line' id='line_1_108' title="bbox 2088 4425 3678 4496; baseline 0.002 -17"><span class='ocrx_word' id='word_1_849' title='bbox 2088 4426 2333 4496; x_wconf 88' lang='lat' dir='ltr'><strong>quamvis</strong></span> <span class='ocrx_word' id='word_1_850' title='bbox 2361 4427 2623 4480; x_wconf 87' lang='lat' dir='ltr'><strong>veraciter</strong></span> <span class='ocrx_word' id='word_1_851' title='bbox 2651 4425 2755 4487; x_wconf 88' lang='lat' dir='ltr'><strong>dici</strong></span> <span class='ocrx_word' id='word_1_852' title='bbox 2808 4427 3017 4495; x_wconf 91' lang='lat' dir='ltr'><strong>possit,</strong></span> <span class='ocrx_word' id='word_1_853' title='bbox 3073 4427 3213 4495; x_wconf 90' lang='lat' dir='ltr'><strong>quod</strong></span> <span class='ocrx_word' id='word_1_854' title='bbox 3268 4428 3369 4480; x_wconf 90' lang='lat' dir='ltr'><strong>illis</strong></span> <span class='ocrx_word' id='word_1_855' title='bbox 3413 4428 3550 4482; x_wconf 88' lang='lat' dir='ltr'><strong>Deus</strong></span> <span class='ocrx_word' id='word_1_856' title='bbox 3578 4428 3678 4482; x_wconf 83' lang='lat' dir='ltr'><strong>det</strong></span> 
     </span>
    </p>
   </div>
   <div class='ocr_carea' id='block_1_109' title="bbox 2090 4516 3676 4588">
    <p class='ocr_par' dir='ltr' id='par_1_109' title="bbox 2090 4516 3676 4588">
     <span class='ocr_line' id='line_1_109' title="bbox 2090 4516 3676 4588; baseline 0.001 -17"><span class='ocrx_word' id='word_1_857' title='bbox 2090 4532 2283 4585; x_wconf 90' lang='lat' dir='ltr'><strong>corpus</strong></span> <span class='ocrx_word' id='word_1_858' title='bbox 2323 4516 2593 4586; x_wconf 90' lang='lat' dir='ltr'><strong>quomodo</strong></span> <span class='ocrx_word' id='word_1_859' title='bbox 2638 4518 2887 4582; x_wconf 83' lang='lat' dir='ltr'><strong>voluerit,</strong></span> <span class='ocrx_word' id='word_1_860' title='bbox 2918 4527 2971 4570; x_wconf 90' lang='lat' dir='ltr'><strong>et</strong></span> <span class='ocrx_word' id='word_1_861' title='bbox 3004 4519 3288 4587; x_wconf 72' lang='lat' dir='ltr'><strong>unicuique</strong></span> <span class='ocrx_word' id='word_1_862' title='bbox 3323 4534 3508 4572; x_wconf 89' lang='lat' dir='ltr'><strong>eorum</strong></span> <span class='ocrx_word' id='word_1_863' title='bbox 3539 4534 3676 4588; x_wconf 87' lang='lat' dir='ltr'><strong>pro-</strong></span> 
     </span>
    </p>
   </div>
   <div class='ocr_carea' id='block_1_110' title="bbox 2066 4601 3681 4679">
    <p class='ocr_par' dir='ltr' id='par_1_110' title="bbox 2066 4601 3681 4679">
     <span class='ocr_line' id='line_1_110' title="bbox 2066 4601 3681 4679; baseline 0.003 -18"><span class='ocrx_word' id='word_1_864' title='bbox 2066 4601 2262 4676; x_wconf 88' lang='lat' dir='ltr'><strong>prium</strong></span> <span class='ocrx_word' id='word_1_865' title='bbox 2300 4622 2530 4678; x_wconf 89' lang='lat' dir='ltr'><strong>corpus;</strong></span> <span class='ocrx_word' id='word_1_866' title='bbox 2561 4623 2667 4661; x_wconf 88' lang='lat' dir='ltr'><strong>non</strong></span> <span class='ocrx_word' id='word_1_867' title='bbox 2704 4617 2876 4662; x_wconf 86' lang='lat' dir='ltr'><strong>tamen</strong></span> <span class='ocrx_word' id='word_1_868' title='bbox 2908 4608 3012 4663; x_wconf 89' lang='lat' dir='ltr'><strong>dici</strong></span> <span class='ocrx_word' id='word_1_869' title='bbox 3050 4618 3256 4679; x_wconf 89' lang='lat' dir='ltr'><strong>potest,</strong></span> <span class='ocrx_word' id='word_1_870' title='bbox 3302 4610 3445 4679; x_wconf 89' lang='lat' dir='ltr'><strong>quod</strong></span> <span class='ocrx_word' id='word_1_871' title='bbox 3484 4625 3681 4666; x_wconf 86' lang='lat' dir='ltr'><strong>semen</strong></span> 
     </span>
    </p>
   </div>
   <div class='ocr_carea' id='block_1_111' title="bbox 2091 4701 3685 4771">
    <p class='ocr_par' dir='ltr' id='par_1_111' title="bbox 2091 4701 3685 4771">
     <span class='ocr_line' id='line_1_111' title="bbox 2091 4701 3685 4771; baseline 0.002 -17"><span class='ocrx_word' id='word_1_872' title='bbox 2091 4701 2319 4755; x_wconf 86' lang='lat' dir='ltr'><strong>hominis</strong></span> <span class='ocrx_word' id='word_1_873' title='bbox 2339 4742 2354 4766; x_wconf 88' lang='lat'><strong>,</strong></span> <span class='ocrx_word' id='word_1_874' title='bbox 2381 4701 2591 4769; x_wconf 87' lang='lat' dir='ltr'><strong>quando</strong></span> <span class='ocrx_word' id='word_1_875' title='bbox 2636 4702 2840 4771; x_wconf 87' lang='lat' dir='ltr'><strong>gremio</strong></span> <span class='ocrx_word' id='word_1_876' title='bbox 2868 4701 3084 4757; x_wconf 83' lang='lat' dir='ltr'><strong>feminae</strong></span> <span class='ocrx_word' id='word_1_877' title='bbox 3112 4701 3425 4769; x_wconf 88' lang='lat' dir='ltr'><strong>infunditur,</strong></span> <span class='ocrx_word' id='word_1_878' title='bbox 3455 4717 3560 4757; x_wconf 88' lang='lat' dir='ltr'><strong>non</strong></span> <span class='ocrx_word' id='word_1_879' title='bbox 3592 4703 3685 4757; x_wconf 81' lang='lat' dir='ltr'><strong>vi-</strong></span> 
     </span>
    </p>
   </div>
   <div class='ocr_carea' id='block_1_112' title="bbox 2089 4792 3682 4863">
    <p class='ocr_par' dir='ltr' id='par_1_112' title="bbox 2089 4792 3682 4863">
     <span class='ocr_line' id='line_1_112' title="bbox 2089 4792 3682 4863; baseline 0.002 -17"><span class='ocrx_word' id='word_1_880' title='bbox 2089 4793 2330 4846; x_wconf 88' lang='lat' dir='ltr'><strong>vilicatnr</strong></span> <span class='ocrx_word' id='word_1_881' title='bbox 2357 4792 2457 4845; x_wconf 84' lang='lat' dir='ltr'><strong>nisi</strong></span> <span class='ocrx_word' id='word_1_882' title='bbox 2505 4793 2782 4847; x_wconf 87' lang='lat' dir='ltr'><strong>moriatur.</strong></span> <span class='ocrx_word' id='word_1_883' title='bbox 2814 4794 2921 4847; x_wconf 83' lang='lat' dir='ltr'><strong>Sed</strong></span> <span class='ocrx_word' id='word_1_884' title='bbox 2950 4795 3103 4863; x_wconf 89' lang='lat' dir='ltr'><strong>plane</strong></span> <span class='ocrx_word' id='word_1_885' title='bbox 3130 4794 3199 4849; x_wconf 89' lang='lat' dir='ltr'><strong>de</strong></span> <span class='ocrx_word' id='word_1_886' title='bbox 3240 4809 3463 4863; x_wconf 86' lang='lat' dir='ltr'><strong>corpore</strong></span> <span class='ocrx_word' id='word_1_887' title='bbox 3492 4797 3682 4849; x_wconf 82' lang='lat' dir='ltr'><strong>homi-</strong></span> 
     </span>
    </p>
   </div>
   <div class='ocr_carea' id='block_1_113' title="bbox 2089 4885 3677 4955">
    <p class='ocr_par' dir='ltr' id='par_1_113' title="bbox 2089 4885 3677 4955">
     <span class='ocr_line' id='line_1_113' title="bbox 2089 4885 3677 4955; baseline 0.001 -16"><span class='ocrx_word' id='word_1_888' title='bbox 2089 4886 2172 4939; x_wconf 90' lang='lat' dir='ltr'><strong>nis</strong></span> <span class='ocrx_word' id='word_1_889' title='bbox 2220 4885 2324 4939; x_wconf 89' lang='lat' dir='ltr'><strong>dici</strong></span> <span class='ocrx_word' id='word_1_890' title='bbox 2356 4893 2562 4953; x_wconf 87' lang='lat' dir='ltr'><strong>potest;</strong></span> <span class='ocrx_word' id='word_1_891' title='bbox 2617 4899 2720 4937; x_wconf 90' lang='lat' dir='ltr'><strong>non</strong></span> <span class='ocrx_word' id='word_1_892' title='bbox 2766 4887 2907 4938; x_wconf 89' lang='lat' dir='ltr'><strong>enim</strong></span> <span class='ocrx_word' id='word_1_893' title='bbox 2954 4895 3196 4955; x_wconf 87' lang='lat' dir='ltr'><strong>resurget</strong></span> <span class='ocrx_word' id='word_1_894' title='bbox 3223 4885 3323 4939; x_wconf 88' lang='lat' dir='ltr'><strong>nisi</strong></span> <span class='ocrx_word' id='word_1_895' title='bbox 3364 4886 3631 4940; x_wconf 87' lang='lat' dir='ltr'><strong>moriatur</strong></span> <span class='ocrx_word' id='word_1_896' title='bbox 3659 4927 3677 4953; x_wconf 95' lang='lat'><strong>,</strong></span> 
     </span>
    </p>
   </div>
   <div class='ocr_carea' id='block_1_114' title="bbox 2090 4973 3681 5045">
    <p class='ocr_par' dir='ltr' id='par_1_114' title="bbox 2090 4973 3681 5045">
     <span class='ocr_line' id='line_1_114' title="bbox 2090 4973 3681 5045; baseline 0.001 -16"><span class='ocrx_word' id='word_1_897' title='bbox 2090 4986 2303 5045; x_wconf 89' lang='lat' dir='ltr'><strong>propter</strong></span> <span class='ocrx_word' id='word_1_898' title='bbox 2326 4975 2467 5044; x_wconf 89' lang='lat' dir='ltr'><strong>quod</strong></span> <span class='ocrx_word' id='word_1_899' title='bbox 2500 4984 2668 5028; x_wconf 91' lang='lat' dir='ltr'><strong>totum</strong></span> <span class='ocrx_word' id='word_1_900' title='bbox 2697 4973 2828 5028; x_wconf 88' lang='lat' dir='ltr'><strong>illud</strong></span> <span class='ocrx_word' id='word_1_901' title='bbox 2856 4974 2922 5029; x_wconf 90' lang='lat' dir='ltr'><strong>de</strong></span> <span class='ocrx_word' id='word_1_902' title='bbox 2953 4976 3245 5030; x_wconf 89' lang='lat' dir='ltr'><strong>seminibus</strong></span> <span class='ocrx_word' id='word_1_903' title='bbox 3276 4974 3681 5030; x_wconf 80' lang='lat' dir='ltr'><strong>frumentorum</strong></span> 
     </span>
    </p>
   </div>
   <div class='ocr_carea' id='block_1_115' title="bbox 2086 5065 3681 5136">
    <p class='ocr_par' dir='ltr' id='par_1_115' title="bbox 2086 5065 3681 5136">
     <span class='ocr_line' id='line_1_115' title="bbox 2086 5065 3681 5136; baseline -0.004 -12"><span class='ocrx_word' id='word_1_904' title='bbox 2086 5068 2217 5124; x_wconf 83' lang='lat' dir='ltr'><strong>dixit</strong></span> <span class='ocrx_word' id='word_1_905' title='bbox 2248 5066 2549 5135; x_wconf 85' lang='lat' dir='ltr'><strong>Apostolus.</strong></span> <span class='ocrx_word' id='word_1_906' title='bbox 2573 5065 2688 5120; x_wconf 84' lang='lat' dir='ltr'><strong>Non</strong></span> <span class='ocrx_word' id='word_1_907' title='bbox 2718 5067 2894 5136; x_wconf 90' lang='lat' dir='ltr'><strong>itaque</strong></span> <span class='ocrx_word' id='word_1_908' title='bbox 2924 5067 3190 5121; x_wconf 89' lang='lat' dir='ltr'><strong>immerito</strong></span> <span class='ocrx_word' id='word_1_909' title='bbox 3215 5066 3344 5120; x_wconf 90' lang='lat' dir='ltr'><strong>mihi</strong></span> <span class='ocrx_word' id='word_1_910' title='bbox 3370 5066 3538 5121; x_wconf 70' lang='lat' dir='ltr'><strong>visum</strong></span> <span class='ocrx_word' id='word_1_911' title='bbox 3560 5079 3681 5133; x_wconf 74' lang='lat' dir='ltr'><strong>esu,</strong></span> 
     </span>
    </p>
   </div>
   <div class='ocr_carea' id='block_1_116' title="bbox 2089 5157 3683 5225">
    <p class='ocr_par' dir='ltr' id='par_1_116' title="bbox 2089 5157 3683 5225">
     <span class='ocr_line' id='line_1_116' title="bbox 2089 5157 3683 5225; baseline -0.001 -12"><span class='ocrx_word' id='word_1_912' title='bbox 2089 5159 2208 5213; x_wconf 90' lang='lat' dir='ltr'><strong>idco</strong></span> <span class='ocrx_word' id='word_1_913' title='bbox 2234 5168 2283 5211; x_wconf 89' lang='lat' dir='ltr'><strong>te</strong></span> <span class='ocrx_word' id='word_1_914' title='bbox 2312 5158 2361 5211; x_wconf 92' lang='lat' dir='ltr'><strong>in</strong></span> <span class='ocrx_word' id='word_1_915' title='bbox 2388 5157 2488 5210; x_wconf 91' lang='lat' dir='ltr'><strong>hoc</strong></span> <span class='ocrx_word' id='word_1_916' title='bbox 2519 5157 2826 5211; x_wconf 89' lang='lat' dir='ltr'><strong>testimonio</strong></span> <span class='ocrx_word' id='word_1_917' title='bbox 2864 5172 2926 5210; x_wconf 89' lang='lat' dir='ltr'><strong>ea</strong></span> <span class='ocrx_word' id='word_1_918' title='bbox 2963 5157 3125 5213; x_wconf 87' lang='lat' dir='ltr'><strong>verba</strong></span> <span class='ocrx_word' id='word_1_919' title='bbox 3149 5158 3400 5223; x_wconf 86' lang='lat' dir='ltr'><strong>tacuisse,</strong></span> <span class='ocrx_word' id='word_1_920' title='bbox 3432 5172 3525 5225; x_wconf 73' lang='lat' dir='ltr'><strong>rer</strong></span> <span class='ocrx_word' id='word_1_921' title='bbox 3545 5173 3683 5225; x_wconf 67' lang='lat' dir='ltr'><strong>qum</strong></span> 
     </span>
    </p>
   </div>
   <div class='ocr_carea' id='block_1_117' title="bbox 2086 5248 3685 5319">
    <p class='ocr_par' dir='ltr' id='par_1_117' title="bbox 2086 5248 3685 5319">
     <span class='ocr_line' id='line_1_117' title="bbox 2086 5248 3685 5319; baseline 0 -16"><span class='ocrx_word' id='word_1_922' title='bbox 2086 5258 2368 5319; x_wconf 83' lang='lat' dir='ltr'><strong>appareret</strong></span> <span class='ocrx_word' id='word_1_923' title='bbox 2396 5249 2461 5303; x_wconf 94' lang='lat' dir='ltr'><strong>de</strong></span> <span class='ocrx_word' id='word_1_924' title='bbox 2495 5249 2686 5318; x_wconf 80' lang='lat' dir='ltr'><strong>quibus</strong></span> <span class='ocrx_word' id='word_1_925' title='bbox 2714 5248 3008 5303; x_wconf 89' lang='lat' dir='ltr'><strong>seminibus</strong></span> <span class='ocrx_word' id='word_1_926' title='bbox 3036 5248 3361 5318; x_wconf 90' lang='lat' dir='ltr'><strong>loqueretur,</strong></span> <span class='ocrx_word' id='word_1_927' title='bbox 3396 5263 3551 5319; x_wconf 89' lang='lat' dir='ltr'><strong>quem</strong></span> <span class='ocrx_word' id='word_1_928' title='bbox 3585 5258 3685 5304; x_wconf 78' lang='lat' dir='ltr'><strong>te-</strong></span> 
     </span>
    </p>
   </div>
   <div class='ocr_carea' id='block_1_118' title="bbox 2084 5338 3685 5409">
    <p class='ocr_par' dir='ltr' id='par_1_118' title="bbox 2084 5338 3685 5409">
     <span class='ocr_line' id='line_1_118' title="bbox 2084 5338 3685 5409; baseline -0.001 -13"><span class='ocrx_word' id='word_1_929' title='bbox 2084 5351 2221 5397; x_wconf 87' lang='lat' dir='ltr'><strong>stem</strong></span> <span class='ocrx_word' id='word_1_930' title='bbox 2250 5339 2571 5404; x_wconf 90' lang='lat' dir='ltr'><strong>adhibuisti,</strong></span> <span class='ocrx_word' id='word_1_931' title='bbox 2605 5354 2671 5392; x_wconf 93' lang='lat' dir='ltr'><strong>nc</strong></span> <span class='ocrx_word' id='word_1_932' title='bbox 2703 5347 2881 5393; x_wconf 89' lang='lat' dir='ltr'><strong>mente</strong></span> <span class='ocrx_word' id='word_1_933' title='bbox 2910 5338 3055 5409; x_wconf 87' lang='lat' dir='ltr'><strong>vigili</strong></span> <span class='ocrx_word' id='word_1_934' title='bbox 3085 5340 3252 5394; x_wconf 88' lang='lat' dir='ltr'><strong>lector</strong></span> <span class='ocrx_word' id='word_1_935' title='bbox 3290 5339 3685 5396; x_wconf 79' lang='lat' dir='ltr'><strong>admoneretur</strong></span> 
     </span>
    </p>
   </div>
   <div class='ocr_carea' id='block_1_119' title="bbox 2088 5428 3675 5504">
    <p class='ocr_par' dir='ltr' id='par_1_119' title="bbox 2088 5428 3675 5504">
     <span class='ocr_line' id='line_1_119' title="bbox 2088 5428 3675 5504; baseline -0.001 -19"><span class='ocrx_word' id='word_1_936' title='bbox 2088 5431 2155 5504; x_wconf 80' lang='lat' dir='ltr'><strong>(si</strong></span> <span class='ocrx_word' id='word_1_937' title='bbox 2187 5438 2361 5485; x_wconf 88' lang='lat' dir='ltr'><strong>tamen</strong></span> <span class='ocrx_word' id='word_1_938' title='bbox 2386 5429 2485 5484; x_wconf 92' lang='lat' dir='ltr'><strong>hoc</strong></span> <span class='ocrx_word' id='word_1_939' title='bbox 2519 5428 2811 5498; x_wconf 68' lang='lat' dir='ltr'><strong>prrevidcre</strong></span> <span class='ocrx_word' id='word_1_940' title='bbox 2830 5429 3094 5501; x_wconf 87' lang='lat' dir='ltr'><strong>potuisti),</strong></span> <span class='ocrx_word' id='word_1_941' title='bbox 3115 5429 3184 5485; x_wconf 78' lang='lat' dir='ltr'><strong>ita</strong></span> <span class='ocrx_word' id='word_1_942' title='bbox 3213 5430 3264 5483; x_wconf 89' lang='lat' dir='ltr'><strong>in</strong></span> <span class='ocrx_word' id='word_1_943' title='bbox 3291 5429 3535 5502; x_wconf 88' lang='lat' dir='ltr'><strong>paradiso</strong></span> <span class='ocrx_word' id='word_1_944' title='bbox 3562 5446 3675 5500; x_wconf 87' lang='lat' dir='ltr'><strong>po-</strong></span> 
     </span>
    </p>
   </div>
   <div class='ocr_carea' id='block_1_120' title="bbox 2152 5538 2955 5597">
    <p class='ocr_par' dir='ltr' id='par_1_120' title="bbox 2152 5538 2955 5597">
     <span class='ocr_line' id='line_1_120' title="bbox 2152 5538 2955 5597; baseline 0 -8"><span class='ocrx_word' id='word_1_945' title='bbox 2152 5543 2168 5574; x_wconf 73' lang='grc' dir='ltr'><strong>ι</strong></span> <span class='ocrx_word' id='word_1_946' title='bbox 2203 5540 2359 5589; x_wconf 72' lang='lat' dir='ltr'><strong>Codex</strong></span> <span class='ocrx_word' id='word_1_947' title='bbox 2396 5546 2669 5597; x_wconf 84' lang='lat' dir='ltr'><strong>Portarum,</strong></span> <span class='ocrx_word' id='word_1_948' title='bbox 2695 5538 2955 5589; x_wconf 66' lang='lat' dir='ltr'><strong>diuturnae.</strong></span> 
     </span>
    </p>
   </div>
   <div class='ocr_carea' id='block_1_121' title="bbox 2150 5598 2676 5663">
    <p class='ocr_par' dir='ltr' id='par_1_121' title="bbox 2150 5598 2676 5663">
     <span class='ocr_line' id='line_1_121' title="bbox 2150 5598 2676 5663; baseline -0.002 -14"><span class='ocrx_word' id='word_1_949' title='bbox 2150 5605 2170 5633; x_wconf 84' lang='grc'>¹</span> <span class='ocrx_word' id='word_1_950' title='bbox 2205 5602 2340 5659; x_wconf 79' lang='lat' dir='ltr'><strong>Editi,</strong></span> <span class='ocrx_word' id='word_1_951' title='bbox 2366 5598 2676 5663; x_wconf 80' lang='lat' dir='ltr'><strong>conﬁrmavit.</strong></span> 
     </span>
    </p>
   </div>
   <div class='ocr_carea' id='block_1_122' title="bbox 2152 5659 2837 5724">
    <p class='ocr_par' dir='ltr' id='par_1_122' title="bbox 2152 5659 2837 5724">
     <span class='ocr_line' id='line_1_122' title="bbox 2152 5659 2837 5724; baseline 0.003 -15"><span class='ocrx_word' id='word_1_952' title='bbox 2152 5664 2174 5695; x_wconf 80' lang='grc'>³</span> <span class='ocrx_word' id='word_1_953' title='bbox 2203 5666 2275 5711; x_wconf 69' lang='lat' dir='ltr'><strong>Sic</strong></span> <span class='ocrx_word' id='word_1_954' title='bbox 2297 5670 2399 5710; x_wconf 72' lang='lat' dir='ltr'><strong>Mss.</strong></span> <span class='ocrx_word' id='word_1_955' title='bbox 2426 5659 2473 5710; x_wconf 84' lang='grc' dir='ltr'><strong>ιιί</strong></span> <span class='ocrx_word' id='word_1_956' title='bbox 2498 5664 2653 5724; x_wconf 70' lang='lat' dir='ltr'><strong>Vigu.,</strong></span> <span class='ocrx_word' id='word_1_957' title='bbox 2678 5659 2837 5712; x_wconf 78' lang='lat' dir='ltr'><strong>voluit.</strong></span> 
     </span>
    </p>
   </div>
   <div class='ocr_carea' id='block_1_123' title="bbox 2154 5724 3082 5785">
    <p class='ocr_par' dir='ltr' id='par_1_123' title="bbox 2154 5724 3082 5785">
     <span class='ocr_line' id='line_1_123' title="bbox 2154 5724 3082 5785; baseline -0.002 -13"><span class='ocrx_word' id='word_1_958' title='bbox 2154 5733 2174 5754; x_wconf 72' lang='grc'><strong>⁸</strong></span> <span class='ocrx_word' id='word_1_959' title='bbox 2205 5724 2362 5773; x_wconf 78' lang='lat' dir='ltr'><strong>Codex</strong></span> <span class='ocrx_word' id='word_1_960' title='bbox 2387 5730 2506 5773; x_wconf 68' lang='lat' dir='ltr'><strong>Fort.</strong></span> <span class='ocrx_word' id='word_1_961' title='bbox 2527 5758 2542 5783; x_wconf 92' lang='lat'><strong>,</strong></span> <span class='ocrx_word' id='word_1_962' title='bbox 2559 5726 2683 5785; x_wconf 78' lang='lat' dir='ltr'><strong>quod</strong></span> <span class='ocrx_word' id='word_1_963' title='bbox 2707 5724 2975 5773; x_wconf 77' lang='lat' dir='ltr'><strong>subdictwn</strong></span> <span class='ocrx_word' id='word_1_964' title='bbox 2996 5730 3082 5774; x_wconf 68' lang='grc' dir='ltr'><strong>ω.</strong></span> 
     </span>
    </p>
   </div>
  </div>
