3934 6178
225 344 341 403 ιιιδ

224 459 363 513 tuisse
387 451 631 507 seminari
665 449 905 505 homines
930 448 985 504 in
1027 446 1166 503 arvis
1197 446 1514 518 genitalibus
1544 446 1766 501 femina-

224 562 322 602 rum
347 559 434 614 per
473 540 709 597 membra
753 541 997 611 genitalia
1037 540 1389 594 masculorum
1419 581 1432 603 ,
1482 539 1617 591 sicut
1654 537 1765 592 fru-

222 645 372 692 menta
398 633 446 687 in
478 633 633 687 terris
657 632 1005 702 agricolarum
1036 631 1277 685 manibus
1318 629 1683 694 seminantur;
1714 638 1771 682 ut

220 730 285 782 sic
308 724 367 780 ad
408 723 677 777 hominem
709 721 992 777 serendum
1035 722 1280 776 stimulus
1309 722 1485 774 nullus
1528 719 1767 774 libidinis

219 818 468 880 incitaret,
518 815 963 884 quemadmodum
1015 814 1081 868 ad
1129 814 1399 868 hominem
1455 814 1768 882 pariendum

219 909 370 963 nullus
396 906 550 961 dolor
580 915 810 976 urgeret.
834 906 1036 973 Quibus
1069 905 1182 959 lucc
1210 904 1564 973 tranquillitas
1592 903 1772 973 displi-

218 1008 314 1060 cet,
336 1013 487 1067 rogo,
528 996 651 1066 quid
673 997 750 1051 eis
781 997 832 1050 in
861 1010 1043 1058 carne,
1064 996 1175 1067 .uisi
1206 994 1346 1064 quod
1375 995 1535 1064 pudet
1560 994 1771 1064 placet?

217 1087 306 1143 Nec
332 1103 454 1141 sane
485 1087 927 1155 concupiscentiae
948 1085 1177 1140 carnalis
1208 1084 1449 1153 puderet,
1480 1085 1524 1137 si
1548 1084 1649 1137 hoc
1679 1099 1770 1137 so-

217 1179 307 1229 lum
336 1190 547 1229 carnem
590 1175 798 1241 liberet,
832 1174 972 1243 quod
1015 1188 1166 1231 mens
1192 1173 1405 1242 juberet
1428 1212 1441 1238 ,
1472 1180 1527 1226 et
1551 1172 1791 1242 quando

215 1267 384 1319 liberet
409 1266 448 1330 ¹,
481 1276 535 1319 ει
561 1275 811 1334 quantum
835 1265 1064 1334 juberct.
1088 1263 1240 1317 Nunc
1267 1277 1396 1332 ergo
1426 1263 1673 1332 quoniam
1690 1271 1771 1315 ta-

213 1359 267 1412 lis
306 1367 531 1421 nonest,
579 1373 674 1411 cur
718 1359 765 1411 ci
807 1366 989 1411 contra
1023 1371 1120 1410 nos
1150 1354 1511 1425 suffragamini
1535 1395 1548 1415 ,
1580 1362 1634 1408 et
1666 1369 1771 1406 non

210 1465 312 1504 eam
362 1449 537 1518 potius
578 1448 852 1502 nobiscum
896 1445 1128 1501 fatemini
1172 1456 1264 1501 aut
1303 1446 1370 1501 de
1415 1455 1636 1517 peccato
1682 1462 1776 1498 na-

215 1549 330 1603 tam,
355 1547 439 1592 aut
473 1550 689 1608 peccato
716 1554 836 1594 esse
861 1537 1141 1592 vitiatam?

273 1627 379 1683 XV.
408 1628 528 1683 Jun.
556 1628 671 1683 Jam
696 1645 822 1683 vero
848 1628 966 1698 quis
992 1628 1155 1682 risum
1185 1635 1361 1681 teneat
1386 1624 1724 1695 prudentium
1756 1666 1771 1691 ,

210 1733 314 1771 cum
342 1717 402 1772 ad
436 1720 550 1773 lucc
586 1734 705 1788 qum
730 1717 1006 1772 subdidisti
1035 1717 1280 1786 exempla
1309 1715 1653 1786 pervenerit?
1684 1716 1776 1769 Ais

211 1809 337 1861 enim
364 1828 375 1859 :
406 1807 485 1863 De
536 1811 658 1880 ipsis
686 1809 845 1864 verbis
874 1808 1102 1877 Apostoli
1130 1809 1440 1877 refutaretur
1461 1849 1476 1873 ,
1510 1824 1609 1859 non
1650 1806 1772 1859 refi-

208 1899 348 1968 gioste
376 1900 665 1964 voluntatis,
698 1900 786 1953 sed
815 1898 1094 1953 libidinoste
1136 1898 1404 1967 voluptatis
1449 1897 1640 1966 pudens
1680 1912 1774 1947 no-

207 1989 430 2052 minator,
466 2000 516 2042 et
554 1990 819 2059 impudens
860 1989 1180 2058 prwdicalor.
1213 1984 1287 2040 De
1324 1987 1446 2057 ipsis
1473 1986 1656 2055 quippe
1693 2000 1775 2038 se-

204 2080 410 2134 minibus
434 2123 450 2147 ,
494 2097 606 2150 qua:
648 2082 701 2133 in
730 2081 865 2150 agris
892 2079 1128 2150 agricola:
1166 2079 1414 2132 seminam
1438 2116 1454 2141 ,
1486 2086 1643 2145 potest
1688 2076 1780 2127 iste

202 2171 454 2242 redargui.
474 2169 573 2222 (.‘ur
598 2172 730 2224 enim
752 2187 850 2223 non
871 2168 1156 2234 credamus,
1181 2167 1344 2220 Deum
1375 2167 1593 2235 potuisse
1615 2166 1665 2217 in
1690 2181 1780 2232 pa-

200 2260 364 2313 radiso
391 2260 661 2313 concedere
682 2260 874 2312 homini
894 2259 1035 2312 beato
1061 2259 1122 2311 de
1146 2274 1238 2312 suo
1272 2257 1476 2321 semine,
1506 2254 1640 2325 quod
1660 2270 1781 2307 con-

200 2366 385 2402 cessum
412 2349 641 2402 videmus
666 2350 903 2419 agricolis
929 2349 988 2402 de
1013 2349 1165 2401 tritici
1193 2349 1419 2409 semine;
1460 2356 1513 2399 ut
1541 2362 1598 2399 eo
1626 2346 1776 2399 modo

202 2439 320 2491 illud
344 2451 617 2502 sereretur,
647 2440 776 2492 sicut
820 2439 913 2492 Itoc
942 2441 1145 2503 seritur,
1193 2438 1302 2490 sine
1323 2438 1429 2490 ulla
1458 2436 1695 2504 pudenda

201 2527 361 2580 bidine
387 2526 490 2598 (De
528 2525 763 2595 Nuptiis,
806 2527 895 2580 lib.
935 2525 989 2591 2,
1044 2544 1095 2578 η.
1138 2525 1272 2596 29)?
1325 2526 1493 2589 Quam
1557 2534 1781 2578 venuste

206 2617 401 2686 pudens
426 2617 733 2669 nominator
758 2623 816 2669 et
844 2614 1127 2683 impudens
1155 2613 1472 2681 praedicator
1498 2613 1589 2666 dat
1607 2613 1782 2666 omni-

208 2723 267 2758 no
293 2706 670 2775 incompositos
686 2713 883 2768 motus,
908 2711 961 2757 et
982 2705 1355 2757 eirculatorum
1378 2703 1613 2756 carmina
1632 2703 1776 2757 dicit.

206 2796 452 2852 Seo‘illud
505 2796 647 2851 aliud
680 2797 779 2851 nisi
816 2796 1089 2851 laetissime
1118 2796 1218 2864 legi
1251 2811 1356 2848 non
1390 2804 1566 2863 potest
1606 2811 1778 2865 :quo-

208 2890 336 2941 niam
358 2889 401 2942 si
431 2904 538 2942 non
569 2897 844 2958 peccasset
872 2887 1064 2952 Adam,
1097 2886 1173 2939 sic
1202 2886 1371 2954 potuit
1400 2885 1610 2952 mulier,
1642 2886 1782 2939 sicut

207 2992 367 3049 seges,
417 2979 483 3033 ad
516 2979 896 3034 fecunditatem
945 2975 1318 3048 parari:forte
1371 2985 1428 3029 ut
1469 2992 1565 3045 per
1592 2991 1780 3031 omnes

208 3073 445 3127 articulos
474 3089 541 3126 ac
570 3088 665 3143 per
695 3074 924 3126 minutas
943 3084 1230 3138 corporum
1259 3068 1483 3130 fistulas,
1507 3084 1636 3135 quas
1667 3082 1782 3121 me-

211 3162 301 3217 dici
329 3174 495 3235 πόρυυς
524 3174 751 3228 vocant,
780 3162 941 3230 spica:
969 3167 1311 3228 erumperent
1333 3158 1593 3221 filiorum;
1623 3164 1783 3227 atque

210 3252 273 3307 ita
306 3255 559 3308 omnibus
589 3253 709 3307 Izeta
734 3254 755 3283 ¹
788 3250 1055 3321 partibus,
1104 3257 1288 3319 partus
1330 3263 1431 3318 pro
1484 3246 1739 3316 pediculis
1760 3244 1783 3279 ³

208 3345 495 3398 exsudaret.
525 3343 633 3399 Sed
664 3344 707 3398 si
753 3342 914 3412 aliqui
945 3350 1000 3396 et
1039 3354 1135 3410 per
1172 3340 1357 3395 oculos
1395 3346 1779 3407 erumperent,

207 3436 531 3491 auferrentur
560 3435 763 3493 lumina,
790 3432 1016 3503 parienti
1040 3474 1054 3495 ,
1086 3440 1139 3486 et
1174 3431 1218 3484 si
1246 3430 1561 3500 pupularum
1588 3431 1780 3511 globuf

210 3524 265 3578 lis
281 3529 521 3581 examina
557 3527 754 3596 galeata
780 3523 1088 3595 prodirent,
1121 3523 1504 3590 imprecaretur
1533 3521 1646 3574 sine
1670 3519 1774 3573 du-

207 3617 283 3671 bio
304 3620 516 3673 carcitas
551 3616 854 3670 orbitatem.
879 3614 986 3669 Nec
1006 3612 1284 3667 difficulter
1306 3626 1454 3671 sane,
1476 3626 1580 3663 non
1608 3618 1777 3679 parta,

213 3707 296 3761 sed
325 3709 513 3763 sudata
549 3706 762 3761 soboles
793 3712 1072 3758 necaretur
1092 3743 1108 3769 ,
1130 3712 1288 3771 atque
1318 3701 1602 3755 haberetur
1626 3715 1779 3769 gens,

210 3805 258 3851 nt
293 3800 425 3867 apud
502 3778 719 3853 fabulas
762 3794 1180 3867 Myrmidonum,
1224 3793 1295 3845 ita
1341 3790 1480 3861 apud
1509 3790 1781 3844 Manichmi

208 3886 467 3958 dogmata,
500 3888 598 3943 vel
648 3886 967 3957 pedicularia
990 3926 1005 3949 ,
1037 3882 1122 3937 vel
1161 3881 1474 3952 publicaria.
1528 3880 1633 3935 Sed
1667 3880 1782 3934 lucc

207 3991 333 4034 esset
355 3981 528 4035 fetura
562 3978 841 4033 mulieris:
869 3976 949 4029 vir
967 3983 1141 4028 autem
1172 3971 1297 4040 quid
1331 3981 1507 4040 posset
1529 3970 1782 4026 efficere?

210 4070 520 4127 Admoveret
572 4070 822 4125 nimirum
852 4082 960 4121 non
993 4064 1263 4129 membra,
1291 4062 1386 4117 scd
1419 4062 1737 4116 ferramenta
1762 4102 1777 4127 ,

207 4171 254 4214 et
296 4165 607 4231 genitalium
647 4176 844 4216 vacuus
885 4159 1217 4227 imprimeret
1254 4169 1499 4209 vomeres
1544 4168 1608 4206 ac
1647 4152 1780 4221 ligo-

210 4268 311 4309 nos.
348 4255 544 4311 Grates
574 4269 701 4324 ergo
732 4261 784 4307 et
811 4248 1154 4319 amplissima:
1180 4245 1476 4317 primorum
1507 4244 1780 4298 hominum

211 4343 450 4401 debentur
477 4345 656 4401 errori
683 4385 698 4409 ,
731 4355 837 4411 quo
876 4349 981 4394 tam
1012 4338 1181 4393 beatae
1212 4345 1416 4390 natura:
1464 4342 1727 4388 tormenta
1759 4331 1782 4364 δ

211 4435 354 4490 vitata
398 4449 544 4491 sunt.
581 4434 752 4488 Matius
781 4440 962 4502 partus
989 4429 1096 4498 agit
1137 4441 1258 4481 cum
1305 4424 1536 4485 feminis,
1575 4432 1629 4476 et
1667 4436 1781 4475 ma—

213 4526 355 4593 ritus,
382 4544 545 4598 quam
577 4524 621 4580 si
651 4532 742 4578 aut
784 4530 957 4576 aratra
1003 4519 1265 4573 sentirent
1288 4557 1301 4579 ,
1352 4524 1441 4568 aut
1473 4514 1777 4581 importuna

213 4632 295 4684 per
320 4629 483 4673 totum
513 4630 714 4687 corpus
730 4612 1047 4669 fecunditate
1076 4609 1437 4663 silvcscerent.
1464 4603 1785 4674 lmpleantur

212 4705 619 4763 Manichreorum
651 4706 809 4759 facies
836 4699 1122 4772 ignominia
1156 4699 1177 4730 ⁵
1202 4738 1217 4764 ,
1246 4706 1298 4751 ει
1320 4704 1560 4765 quaerant
1590 4708 1782 4748 nomen

214 4808 369 4863 tuum,
406 4797 653 4852 Domine.
686 4795 730 4849 0
757 4799 1000 4863 portenta
1045 4787 1440 4843 criminantium
1470 4786 1783 4839 innocentes

211 4899 256 4940 et
282 4888 470 4955 Deum,
503 4886 756 4956 suffragia
785 4891 1218 4953 argumentorum
1248 4887 1299 4931 et
1325 4874 1780 4931 testimoniorum!

213 4980 310 5034 Cur
333 5023 346 5046 ,
372 4982 566 5052 inquit,
594 4995 700 5035 non
725 4976 1005 5033 credamus
1027 4974 1147 5044 quia
1180 4971 1349 5041 potuit
1376 4971 1528 5025 aliter
1554 4968 1668 5023 fieri
1692 4982 1786 5020 na-

269 5157 293 5248 ί
771 5213 851 5280 hic
874 5219 926 5261 ει
946 5210 1070 5280 infra
1095 5211 1157 5280 ,ίιι
1181 5208 1429 5280 “lt-3959"?
1464 5206 1785 5280 “iw-“i9”

213 5286 484 5344 constanter
524 5279 707 5344 habent
724 5310 740 5334 ,
771 5267 1469 5344 ιὶιᾳεξειιψιὶιιειερῖιί,ιωξςς,
1496 5268 1543 5344 id
1567 5270 1784 5344 estldtet'f

214 5339 339 5411 illis.
350 5340 551 5423 videtur
564 5330 986 5423 Ialinudere'ad'illud
1001 5330 1197 5395 Virgilii,
1213 5339 1387 5397 Georg.
1404 5330 1556 5409 libat,
1576 5341 1704 5381 vers.
1729 5330 1750 5377 1
1768 5343 1781 5378 :

222 5417 243 5442 ι
261 5401 376 5457 Quid
400 5401 543 5451 faciat
564 5400 697 5448 laetas
726 5405 946 5460 segetes.
970 5413 994 5441 ι
1129 5454 1140 5464 θ
1496 5402 1505 5409 ‘

275 5460 295 5525 ξ
326 5468 379 5525 tu
392 5462 606 5525 antiquis
624 5460 886 5525 codicibus,
913 5454 1180 5520 peducufts.
1227 5459 1281 5503 Et
1306 5451 1448 5516 paulo
1473 5458 1608 5514 post,
1630 5451 1786 5513 pedu-

214 5520 395 5585 cularia
407 5536 426 5583 ;
448 5518 560 5585 pro,
581 5518 893 5585 pediculum.

274 5583 295 5646 ξ
325 5581 523 5633 Sic
546 5581 593 5631 In
611 5591 769 5645 \‘tgn.,
786 5581 1033 5646 fermento.
1256 5636 1266 5646 l
1365 5642 1371 5646 η
1506 5634 1516 5646 ⁸

273 5644 295 5675 ⁸
324 5647 487 5708 podex
512 5633 906 5708 t’ort,,'_repetito
931 5642 1082 5708 verbo
1105 5654 1118 5690 :
1147 5636 1452 5701 Impletmtur,
1498 5633 1786 5699 impletottur

218 5700 586 5757 xanirhazormn
605 5700 1043 5768 facies'ignomimu.

1536 335 1731 391 UBER
1765 336 2078 403 QUINTUS.

3318 356 3455 410 {iiii

1875 458 1990 505 tura
2015 492 2030 517 ,
2061 467 2219 522 quam
2259 452 2395 509 facta
2439 456 2807 525 conspicitur?
2836 458 2997 526 Quasi
3026 474 3297 531 quaeratur
3322 467 3450 536 quid

1875 542 2125 607 potuerit.
2154 551 2208 597 et
2234 558 2337 598 non
2368 545 2493 613 quid
2549 547 2837 602 instituerit
2869 550 3025 603 Deus.
3054 553 3108 607 Si
3141 553 3269 609 libet
3293 571 3355 611 ea
3385 557 3455 611 li-

1874 629 2054 686 bidine
2100 633 2349 702 opinandi
2378 651 2495 703 quae
2525 646 2650 690 sunt
2677 637 2815 692 facta
2843 641 3257 709 reprehendere,
3289 656 3345 700 ut
3367 647 3455 702 di-

1876 736 2093 790 camus,
2127 725 2248 794 quia
2293 726 2409 780 fieri
2464 728 2620 782 aliter
2671 740 2996 798 potuerunt,
3030 734 3149 789 ideo
3186 751 3304 804 quze
3333 748 3456 792 sunt

1874 814 2114 870 instituta
2166 832 2270 871 non
2321 819 2550 873 reddunt
2604 830 2807 877 natura:
2851 823 3005 878 bonze
3054 828 3451 894 testimonium;

1875 910 2279 975 pronuntiemus
2328 911 2449 979 quia
2485 914 2654 980 potuit
2678 916 2816 969 Deus
2852 917 3090 985 hitipites
3118 922 3288 975 facere
3315 939 3459 976 mor-

1876 997 2043 1063 tales,
2086 999 2207 1054 ideo
2255 1002 2534 1071 unicipites
2564 1043 2579 1067 ,
2634 1013 2687 1058 et
2739 1007 2825 1075 qui
2887 1008 3108 1076 pedibus
3152 1011 3458 1067 insisterent

1879 1088 2015 1141 male
2043 1098 2167 1143 sunt
2195 1090 2317 1144 facti
2345 1109 2358 1155 ;
2405 1091 2520 1146 fieri
2549 1094 2688 1147 enim
2717 1096 2929 1163 capitati
2960 1099 3027 1152 ab
3056 1108 3278 1167 utraque
3309 1114 3458 1170 parte

1878 1188 2212 1245 potuerunt:
2243 1196 2360 1250 qua:
2409 1181 2577 1236 forma
2610 1185 2661 1237 in
2703 1185 3015 1253 quibusdam
3047 1190 3182 1242 solet
3200 1205 3459 1258 apparere

1878 1271 2199 1337 vermiculis,
2230 1288 2459 1341 quorum
2496 1274 2670 1329 alvum
2717 1286 2898 1331 vertex
2926 1278 3257 1332 ambifariam
3303 1292 3458 1335 natus

1879 1358 2098 1413 includit
2123 1401 2137 1423 ,
2168 1370 2223 1413 ut
2251 1362 2318 1415 ab
2341 1371 2565 1432 utroque
2591 1364 2903 1435 incipientes
2931 1383 2993 1420 ex
3025 1366 3266 1433 humero,
3299 1371 3456 1424 finem

1881 1449 2074 1505 habere
2104 1452 2465 1523 intelligantur
2486 1456 2539 1508 in
2576 1456 2773 1510 medio.
2803 1458 3163 1512 Admanntur
3191 1460 3287 1513 ista
3319 1462 3457 1516 ludi-

1846 1559 1853 1567 ν
1879 1539 1990 1594 bria
2013 1583 2028 1607 ,
2067 1552 2119 1596 et
2147 1544 2264 1612 quis
2291 1545 2394 1598 erit
2424 1545 2686 1623 delirandi
2730 1549 2892 1602 finis?
2920 1550 3094 1604 Potuit
3126 1567 3253 1620 ergo
3287 1553 3459 1606 facere

1881 1630 2046 1696 Deus,
2076 1640 2133 1685 ut
2155 1632 2221 1688 de
2244 1643 2383 1689 terra
2404 1650 2522 1689 cum
2544 1636 2765 1691 floribus
2792 1638 3036 1693 homines
3061 1643 3455 1709 gertninarent:

1883 1730 2137 1789 quantum
2171 1724 2236 1776 ad
2259 1725 2506 1779 virtutem
2533 1767 2550 1793 ,
2584 1730 2819 1796 potuisse
2857 1746 2963 1783 non
2989 1732 3198 1794 abnuo;
3231 1734 3322 1785 sed
3355 1748 3455 1787 no-

1880 1811 1975 1865 luit
2002 1813 2100 1867 nisi
2130 1826 2186 1867 ut
2213 1814 2279 1868 de
2309 1816 2527 1871 sexibus
2573 1828 2942 1873 nascerentur.
2970 1820 3121 1875 Nunc
3148 1837 3276 1890 ergo
3305 1839 3458 1891 qua:-

1880 1902 2015 1957 rilur
2037 1904 2163 1973 quid
2198 1904 2423 1972 fecerit,
2455 1922 2559 1960 non
2589 1908 2711 1976 quid
2749 1911 2998 1976 potuerit.
3027 1911 3082 1964 lu
3110 1928 3214 1980 quo
3237 1914 3352 1965 loco
3382 1914 3461 1966 fu-

1883 1994 2021 2048 rios-t
2054 1997 2336 2063 responsio
2360 2006 2463 2063 est,
2494 2008 2553 2051 ut
2580 1999 2807 2065 dicatur,
2841 2000 3032 2054 Malum
3063 2002 3305 2071 estquod
3332 2014 3414 2057 est
3440 2044 3456 2067 ,

1881 2083 2002 2151 quia
2037 2086 2206 2151 potuit
2233 2086 2372 2139 Deus
2392 2087 2549 2141 aliter
2586 2087 2792 2153 facere;
2827 2089 2928 2142 hoc
2959 2099 3038 2144 cst
3074 2092 3215 2143 cuitu
3249 2094 3463 2148 laudare

1887 2174 2049 2227 Deum
2085 2175 2135 2227 in
2169 2176 2611 2246 vituperationem
2652 2180 2771 2243 sui,
2805 2190 2857 2234 et
2901 2181 2951 2234 in
2993 2184 3253 2243 maculam
3282 2186 3462 2239 consi-

1884 2264 1938 2316 lii
1968 2264 2082 2333 ejus
2108 2266 2546 2333 omnipotentiam
2593 2269 2901 2338 prmdicare.
2930 2270 3044 2325 Non
3095 2274 3269 2327 solum
3316 2275 3463 2330 nulla

1886 2355 2141 2423 laudatio,
2191 2372 2378 2411 verum
2410 2360 2567 2411 etiam
2600 2360 2787 2430 ingens
2835 2364 3154 2418 contumelia
3184 2376 3284 2428 est,
3335 2367 3466 2422 dare

1884 2450 2088 2504 viribus
2114 2450 2252 2519 quod
2284 2453 2558 2520 sapientite
2586 2451 2905 2518 detraxeris,
2939 2465 2991 2510 et
3020 2456 3199 2512 dicere
3224 2458 3461 2514 adfuisse

1885 2540 1997 2595 Deo
2030 2541 2425 2607 fortitudinem,
2469 2542 2563 2598 sed
2607 2544 2842 2599 defuisse
2868 2548 3167 2600 consilium.
3210 2548 3467 2619 l’ertiugit

1883 2632 2101 2684 omnino
2125 2632 2191 2684 ad
2221 2633 2556 2702 negationem
2608 2637 2877 2703 potentiae,
2910 2637 3254 2706 reprehensio
3281 2653 3467 2694 oonsu-

1884 2723 2065 2777 leutite
2099 2742 2112 2777 :
2148 2740 2253 2777 non
2286 2727 2463 2779 omnia
2494 2735 2688 2796 potest,
2720 2730 2765 2782 si
2805 2730 3055 2783 ordinare
3079 2731 3214 2786 bene
3236 2748 3341 2785 non
3367 2748 3465 2801 po-

1884 2821 2007 2869 test.
2036 2815 2145 2869 lmo
2180 2817 2223 2870 si
2254 2818 2527 2886 sapientia:
2550 2820 2567 2850 ί
2597 2820 2923 2875 sublimitate
2940 2822 3202 2888 deficitur,
3236 2824 3365 2877 nihil
3396 2824 3466 2878 do

1884 2909 2180 2963 reverentia
2211 2909 2502 2964 divinitatis
2541 2921 2771 2966 retentat
2807 2930 2820 2965 :
2854 2914 2992 2981 quod
3029 2916 3151 2984 quia
3202 2919 3465 2982 suspicari

1884 2996 2317 3063 profanissimum
2349 3008 2451 3063 est,
2485 3003 2715 3055 recurrit
2738 3002 2887 3067 illud,
2917 3019 3021 3072 quo
3069 3006 3256 3059 tradux
3288 3017 3462 3062 vestra

1880 3086 2173 3155 jugulatur.
2208 3091 2347 3145 Deus
2373 3093 2463 3161 qui
2494 3091 2618 3145 fecit
2647 3093 2823 3146 outnia
2854 3094 2989 3148 bona
3016 3096 3170 3151 valde
3194 3137 3208 3159 ,
3238 3098 3364 3150 nihil
3395 3099 3466 3152 ita

1885 3177 2133 3243 instituit,
2168 3181 2299 3234 utin
2336 3183 2427 3235 illo
2465 3197 2666 3251 genere
2695 3183 2836 3252 quod
2861 3184 3055 3237 factum
3078 3194 3181 3250 est,
3222 3186 3333 3245 fieri
3367 3205 3465 3257 po-

1888 3270 2052 3324 tuisse
2075 3279 2164 3324 aut
2195 3271 2368 3340 aptius
2387 3314 2402 3338 ,
2437 3281 2530 3325 aut
2569 3273 2972 3340 rationabilius,
3003 3276 3344 3344 approbetur.
3373 3277 3470 3332 Sa-

1884 3361 2082 3434 pientia
2110 3363 2306 3432 quippe
2347 3373 2403 3418 et
2445 3364 2831 3433 omnipotentia
2882 3381 2948 3422 ex
2997 3383 3153 3438 aequo
3217 3370 3468 3437 praeditus

1887 3464 1992 3504 non
2018 3449 2348 3515 institueret,
2376 3452 2518 3523 quod
2545 3454 2900 3510 homunculus
2944 3466 3124 3525 posset
3144 3458 3264 3526 jure
3284 3474 3472 3531 repre-

1886 3540 2139 3597 hcnderc.
2164 3543 2527 3615 Qutecumque
2561 3560 2689 3614 ergo
2717 3545 2771 3600 in
2801 3548 3048 3604 omnibus
3077 3552 3296 3605 omnino
3321 3568 3471 3608 crea-

1887 3635 2019 3688 turis
2064 3636 2325 3710 naturalia
2356 3636 2613 3691 docentur
2634 3678 2651 3704 ,
2680 3638 2755 3692 ita
2792 3654 3001 3694 summe
3031 3639 3168 3696 facta
3205 3652 3363 3708 sunt,
3400 3655 3459 3698 ut

1884 3724 2127 3780 affectata
2154 3727 2204 3780 in
2233 3726 2314 3781 his
2340 3729 2662 3794 emendatio,
2685 3731 2843 3785 stulta
2865 3741 2917 3786 et
2946 3732 3163 3800 profana
3193 3734 3465 3789 doceatur.

1800 3860 1811 3865 ι
1888 3814 1954 3871 Ut
1980 3832 2108 3885 ergo
2137 3816 2303 3872 forma
2341 3820 2496 3887 equi,
2527 3819 2695 3873 forma
2733 3821 2886 3875 bovis
2932 3821 3130 3877 habent
3165 3825 3378 3891 quidem
3415 3827 3466 3879 in

1885 3914 2067 3960 mutua
2096 3907 2384 3962 collatione
2404 3908 2732 3973 distantiam,
2758 3910 2809 3962 in
2840 3911 2953 3964 suis
2981 3920 3156 3967 tamen
3185 3916 3471 3982 generibus

1885 4005 2061 4066 aptam
2080 4013 2145 4052 ex
2188 3998 2332 4051 omni
2366 4008 2516 4067 parte
2536 3998 2932 4053 concinentiam
2977 4000 3048 4055 ita
3075 4003 3278 4056 sortita:
3305 4014 3427 4060 sunt
3450 4047 3466 4069 ,

1885 4097 2061 4142 utnec
2080 4087 2341 4150 debuerit,
2370 4103 2471 4143 nec
2494 4089 2725 4158 potuerit
2749 4097 2770 4127 ³
2790 4101 2881 4144 aut
2907 4105 3076 4160 equus
3105 4102 3197 4147 aut
3224 4095 3340 4158 bos,
3387 4110 3472 4150 sc-

1885 4192 1979 4232 cus
2004 4193 2161 4249 quarti
2191 4177 2451 4234 formatus
2489 4179 2700 4234 videtur
2723 4221 2739 4247 ,
2779 4181 2981 4235 institui
3014 4181 3147 4252 (qua
3188 4186 3368 4253 regula
3403 4185 3469 4238 li-

1886 4278 1974 4323 ε,;ι
1996 4271 2170 4322 omnia
2194 4271 2448 4335 natantia,
2480 4273 2741 4339 repentia,
2788 4273 3103 4342 gradientia,
3150 4271 3422 4330 volitantia
3452 4317 3469 4340 ,

1887 4367 2158 4428 postremo
2194 4360 2431 4416 aetherca
2482 4361 2826 4431 caelestiaque
2885 4378 3237 4432 percurrere;
3271 4368 3470 4423 nullius

1886 4448 2057 4505 forma
2089 4452 2283 4521 quippe
2309 4452 2499 4506 melius
2518 4493 2531 4513 ,
2555 4468 2713 4520 quam
2739 4452 2812 4506 illi
2835 4453 2928 4506 cui
2950 4454 3237 4521 parabatur
3256 4459 3466 4527 generi,

1893 4541 2094 4595 institui
2126 4542 2361 4612 potuisse
2385 4541 2754 4610 convincitur)
2784 4559 2796 4594 :
2823 4542 2893 4596 ita
2921 4552 2979 4597 et
3005 4543 3167 4609 homo
3195 4563 3353 4615 quem
3381 4564 3473 4603 su-

1889 4648 1982 4702 pra
2003 4633 2114 4702 jam
2136 4633 2486 4702 gradientium
2511 4633 2832 4714 generalitas
2859 4634 3137 4703 indicavit,
3163 4639 3240 4693 sic
3266 4648 3348 4695 est
3376 4656 3474 4709 per

1890 4727 2133 4780 universa
2183 4724 2439 4780 formatus
2462 4766 2478 4789 ,
2522 4734 2582 4780 ut
2630 4725 2820 4781 melius
2843 4742 2872 4779 a
2902 4728 3046 4782 nullo
3076 4728 3197 4799 fingi
3244 4740 3425 4799 posset
3453 4748 3467 4784 :

1890 4820 1980 4887 qui
2010 4818 2215 4886 accepit
2241 4816 2535 4886 prudenter
2566 4818 2615 4871 in
2640 4833 2864 4888 corpore
2892 4829 2948 4873 et
2974 4820 3120 4874 locos
3143 4821 3354 4875 decoris
3380 4863 3395 4887 ,
3418 4830 3473 4876 et

1893 4912 2038 4965 locus
2066 4909 2304 4979 pudoris,
2339 4918 2395 4963 ut
2422 4910 2474 4963 in
2507 4924 2566 4965 se
2595 4909 2711 4978 ipso
2746 4921 2801 4964 et
2832 4911 3203 4965 verecundiam
3226 4919 3283 4967 et
3300 4914 3471 4967 confi-

1893 5002 2125 5058 dentiam
2148 5001 2381 5055 disceret
2405 5019 2419 5066 ;
2461 5016 2529 5055 ne
2555 5009 2610 5056 et
2635 5000 2892 5056 deformis
2917 5001 3220 5067 videretur,
3258 5005 3305 5060 si
3331 5016 3475 5060 esset

1895 5108 1991 5162 per
2008 5100 2197 5146 cuneta
2221 5092 2455 5154 velatus;
2480 5099 2534 5145 ct
2558 5090 2715 5144 deses
2746 5090 3061 5146 redderetur
3086 5107 3149 5147 ac
3177 5095 3473 5164 negligens,

1894 5185 1937 5238 si
1971 5198 2183 5253 semper
2207 5190 2352 5237 esset
2377 5196 2473 5250 per
2500 5190 2689 5235 cuncta
2719 5182 2982 5251 vulgatus.
3014 5185 3090 5238 Ac
3116 5200 3213 5255 per
3260 5185 3359 5239 hoc
3388 5183 3469 5237 fe-

1894 5273 2137 5329 cunditas
2167 5272 2419 5335 humana,
2446 5286 2551 5324 non
2575 5270 2678 5325 alia
2699 5287 2855 5341 quam
2887 5288 3006 5342 qum
3044 5272 3237 5339 habet,
3272 5273 3471 5326 utrius-

1895 5389 2000 5446 que
2022 5388 2183 5429 sexus
2201 5370 2383 5428 debuit
2408 5369 2646 5425 membra
2673 5371 2971 5441 suscipere,
2996 5386 3100 5426 non
3118 5371 3275 5425 aliam
3306 5368 3471 5422 ratio-

1960 5515 1975 5542 ι
2010 5509 2160 5569 Editi,
2193 5505 2288 5558 imo
2325 5517 2418 5555 non
2758 5506 3056 5568 Castigantur
3101 5514 3165 5551 ex
3204 5501 3472 5549 manuscrio

1896 5582 2305 5683 ῐηιςῗῖἰίιιιειοῖίιίιιε
2360 5631 2790 5693 manuscriptorum
2840 5624 3139 5685 addidimus,
3189 5635 3274 5672 nec
3318 5632 3472 5686 potue-

1899 5699 1978 5747 rit.
