3954 6178
357 284 491 340 ΗΠ
1022 276 1263 336 OPERIS
1299 276 1710 335 IMPERFECTI
1746 277 2021 337 CONTRA
2060 281 2428 356 JULIANUM,
2461 286 2520 345 S.
2554 283 2930 345 AUGUSTINI
3116 272 3134 290 ⁶
3492 291 3626 350 11.18

358 407 479 449 nem
508 393 792 458 viscerum,
823 404 928 445 non
956 387 1089 442 alios
1137 402 1345 453 sensus,
1368 402 1474 443 non
1500 388 1658 443 aliam
1688 388 1935 460 volupta—

362 497 488 541 tem.
523 485 914 541 Admoneamus
942 482 1101 547 igitur
1124 477 1467 545 Manicbaaos,
1496 489 1551 535 ιιι
1581 480 1825 535 desinant
1845 495 1935 535 re-

357 577 689 647 prehendere
733 574 926 628 divinae
978 571 1115 627 facta
1169 572 1480 642 sapientim,
1510 579 1571 625 ut
1614 572 1929 641 opinionum

351 685 573 740 quarum
630 668 898 736 corrigant
926 665 1240 735 pravitatem
1271 664 1425 734 :quia
1452 678 1554 719 nec
1578 663 1644 718 ad
1684 663 1938 734 quaestio-

361 775 479 813 nem
527 758 715 811 attinet
745 758 762 788 ί
786 798 800 819 ,
848 756 893 810 si
930 756 1085 810 aliter
1128 755 1374 809 homines
1421 770 1581 825 quam
1616 755 1936 810 universitas

360 850 512 904 testis
530 858 629 910 est,
658 847 961 917 generaturi
992 846 1153 901 fuisse
1178 845 1456 910 dicantur;
1491 860 1589 899 nec
1622 845 1812 899 melius
1843 859 1936 899 eos

358 940 469 995 fieri
520 941 757 1009 potuisse
783 954 941 1008 quam
969 937 1093 991 facti
1136 944 1296 1001 sunt,
1326 945 1385 991 ut
1415 936 1573 1003 ratio,
1603 937 1674 991 ita
1703 945 1759 991 et
1794 935 1937 992 Scri-

358 1043 508 1102 ptura
542 1042 801 1098 testatur,
850 1047 969 1102 qua:
996 1031 1193 1085 clamat
1225 1030 1387 1085 Deum
1419 1045 1525 1084 non
1556 1030 1729 1085 solum
1756 1031 1893 1084 bona
1916 1072 1932 1096 ,

358 1123 452 1179 sed
498 1125 657 1177 etiam
710 1122 862 1177 valde
906 1124 1041 1178 bona
1079 1120 1269 1176 fecisse
1307 1122 1485 1175 omnia
1539 1120 1711 1192 (Gen.
1758 1138 1796 1186 t,
1826 1120 1933 1186 51;

363 1214 521 1269 Eccli.
554 1230 720 1270 χχχιχ
744 1256 759 1280 ,
790 1214 906 1283 21).
937 1215 1012 1268 Ac
1057 1229 1154 1283 per
1185 1213 1286 1267 hoc
1323 1221 1383 1267 ut
1431 1228 1525 1282 per
1565 1222 1732 1266 totum
1763 1226 1932 1282 Opus,

363 1307 448 1362 hic
476 1322 690 1378 quoque
724 1306 1137 1361 Manichaeorum
1188 1304 1378 1373 dogma
1423 1304 1715 1374 collapsum
1746 1311 1848 1357 est.
1876 1302 1935 1357 in

358 1397 538 1453 futuro
564 1404 743 1452 autem
787 1405 1028 1466 tempore
1071 1394 1386 1465 gloriosiora
1414 1408 1663 1463 corpora,
1693 1407 1791 1447 nec
1821 1392 1938 1461 opis

362 1491 570 1560 egentia
595 1532 609 1553 ,
644 1489 757 1545 fore
796 1490 1073 1543 beatorum
1124 1486 1372 1540 fatemur.
1403 1484 1509 1539 Sed
1544 1493 1598 1539 et
1638 1484 1739 1539 hoc
1764 1484 1936 1553 ipsum

360 1582 562 1650 optime
604 1580 905 1634 institutum
950 1587 1031 1633 est
1055 1592 1083 1631 τι
1119 1577 1226 1631 Deo
1249 1576 1545 1646 justissimo
1571 1590 1631 1629 ac
1658 1575 1938 1645 sapientis-

358 1672 515 1734 simo,
547 1680 604 1724 ιιι
635 1679 829 1724 statum
878 1669 1078 1738 praemii
1106 1667 1410 1736 neutiquam
1444 1676 1628 1720 natura
1659 1674 1935 1736 perverte-

359 1763 480 1816 ret’
508 1777 522 1824 ;
555 1759 648 1814 sed
697 1767 840 1814 esset
869 1758 1073 1827 primus
1109 1758 1301 1826 gratius
1327 1798 1341 1822 ,
1392 1757 1443 1810 in
1488 1773 1593 1826 quo
1620 1757 1937 1810 consisteret

360 1852 654 1921 ingenuitas
682 1848 957 1913 naturalis,
1002 1856 1056 1902 et
1088 1848 1153 1901 de
1180 1863 1285 1916 quo
1310 1889 1322 1909 ,
1351 1861 1447 1915 pro
1482 1847 1603 1916 jure
1632 1846 1835 1900 arbitrii
1869 1847 1936 1901 li-

358 1942 495 2003 beri,
527 1941 608 1994 vel
653 1940 716 1994 ad
748 1954 1026 2009 pmuarum
1054 1939 1157 1991 ima
1188 1937 1574 2000 descenderet,
1609 1938 1692 1991 vel
1722 1937 1787 1991 ad
1821 1936 1936 2008 glo-

357 2033 550 2085 riarum
578 2044 831 2085 cacumen
856 2044 951 2098 per
975 2043 1067 2084 eas
1092 2028 1224 2093 vias,
1249 2042 1381 2097 quas
1406 2027 1546 2083 Deus
1570 2028 1825 2096 instituit,
1855 2031 1939 2084 ni—

356 2135 572 2180 teretur.

423 2220 555 2272 Auc.
590 2216 842 2280 Prorsus,
884 2214 1122 2281 Juliane,
1164 2229 1270 2269 non
1301 2206 1494 2284 putasti
1520 2222 1574 2269 et
1613 2230 1727 2269 mea
1756 2223 1813 2269 et
1845 2223 1934 2272 tua

354 2310 598 2364 homines
619 2324 738 2364 esse
761 2308 1020 2371 lecturos;
1050 2305 1145 2361 sed
1167 2305 1245 2360 cis
1268 2305 1634 2360 tantummodo
1654 2305 1928 2374 scripsisti,

352 2401 441 2470 qui
482 2400 616 2454 meis
659 2399 912 2469 ignoratis
940 2398 1051 2450 sive
1089 2396 1378 2465 neglectis,
1408 2410 1508 2450 nec
1544 2393 1783 2464 utrisque
1811 2394 1935 2449 diti-

352 2501 542 2557 genter
572 2490 856 2560 inspectis,
886 2497 971 2542 tua
1002 2488 1115 2542 sola
1169 2487 1348 2558 legere
1372 2503 1435 2542 ac
1464 2502 1621 2542 nosse
1645 2497 1930 2553 curarent;

355 2595 452 2634 nec
481 2579 677 2633 dixisse
708 2593 793 2632 me
818 2577 1127 2641 crederent,
1160 2576 1258 2630 nisi
1287 2576 1428 2646 quod
1458 2592 1486 2629 a
1519 2585 1570 2631 te
1603 2592 1931 2632 commemo-

353 2679 523 2724 ratum
543 2712 557 2735 ,
591 2679 839 2739 tanquam
867 2671 934 2724 de
978 2669 1146 2733 meis,
1179 2669 1233 2722 in
1264 2670 1366 2723 tuis
1392 2668 1584 2724 litteris
1614 2670 1929 2727 invenirent.

355 2761 487 2814 llinc
520 2759 661 2814 enim
692 2759 884 2812 factum
932 2773 1050 2813 esse
1080 2757 1268 2822 video,
1301 2768 1358 2813 ut
1381 2759 1501 2828 quia
1532 2775 1630 2830 ego
1655 2759 1894 2815 dixeram
1915 2802 1930 2827 ,

359 2870 377 2902 ι
406 2852 514 2904 Cur
542 2851 682 2904 enim
714 2865 817 2903 non
845 2849 1125 2903 credamus
1150 2851 1312 2904 Deum
1341 2851 1574 2919 potuisse
1603 2851 1654 2905 in
1684 2851 1933 2921 paradiso

350 2941 643 3012 concedere
669 2940 867 2996 homini
899 2940 1052 2995 beato
1078 2940 1145 2994 de
1170 2956 1267 2995 suo
1289 2941 1512 3005 semine,
1545 2941 1686 3012 quod
1713 2957 1934 2997 conces-

353 2998 471 3090 sutit
502 3034 745 3088 videmus
771 3031 1019 3103 agricolis
1048 3031 1116 3086 de
1142 3031 1301 3086 tritici
1332 3032 1569 3097 semine,
1602 3041 1659 3087 ιιι
1684 3048 1749 3089 eo
1778 3033 1934 3088 modo

352 3125 475 3180 illud
518 3131 789 3179 screretur
830 3124 946 3178 sine
990 3122 1099 3177 ulla
1145 3121 1389 3192 pudenda
1431 3123 1731 3179 libidine?»
1768 3124 1934 3178 tubis

353 3217 532 3273 verbis
559 3217 693 3271 meis
723 3215 868 3271 velut
894 3214 1259 3285 reSpondcns,
1300 3223 1389 3268 tua
1419 3216 1719 3287 vaniloquia
1749 3216 1936 3271 dilata-

351 3323 460 3375 res,
493 3324 559 3363 eo
586 3323 753 3377 usque
798 3321 1109 3377 progressus
1133 3314 1189 3361 et
1212 3305 1467 3374 diffusus,
1510 3316 1561 3361 ut
1593 3323 1678 3363 me
1703 3307 1935 3364 sensisse

347 3399 596 3468 jactarcs.
631 3416 650 3448 ι
679 3398 722 3451 si
752 3412 856 3451 non
887 3406 1163 3466 peccasset
1194 3396 1358 3450 Atiam
1377 3438 1394 3464 ,
1421 3398 1499 3451 sic
1540 3401 1773 3467 potuisse
1814 3415 1933 3452 mu-

355 3489 538 3542 lierem
567 3487 633 3541 ad
677 3486 1052 3541 fecunditatem
1085 3487 1295 3556 parari,
1348 3486 1487 3542 forte
1530 3495 1587 3541 ut
1628 3503 1721 3557 per
1750 3503 1936 3543 omnes

352 3578 625 3641 articulos,
651 3593 714 3631 ac
736 3592 831 3645 per
851 3578 1081 3631 minutas
1101 3592 1386 3646 corporum
1415 3578 1641 3640 fistulas,
1672 3594 1804 3649 quas
1824 3595 1937 3634 me-

353 3668 456 3722 dici
489 3681 647 3737 poros
673 3676 882 3728 vocant,
912 3667 1073 3736 spicae
1103 3676 1447 3737 erumperent
1476 3667 1702 3723 ﬁliorum
1726 3712 1741 3735 ,
1778 3679 1937 3740 atque

355 3759 441 3811 illa
472 3756 716 3811 omnibus
749 3757 864 3810 laeta
896 3757 1171 3826 partibus,
1202 3767 1381 3827 partus
1409 3773 1504 3828 pro
1542 3758 1800 3828 pediculis
1844 3777 1938 3815 ex-

353 3850 591 3915 sudaret,
617 3867 636 3901 ι
660 3856 714 3904 et
738 3859 929 3904 cetera
956 3864 1075 3919 qua:
1102 3864 1524 3905 commemorare
1544 3865 1629 3904 me
1665 3850 1822 3906 tazdet
1840 3892 1855 3917 ,
1885 3861 1937 3907 te

354 3951 530 3997 autem
560 3956 663 3995 non
695 3939 881 4011 puduit
912 3955 1186 4011 aggerare.
1231 3940 1285 3995 lu
1314 3942 1506 4010 quibus
1538 3942 1698 3996 etiam
1728 3942 1796 3997 de
1825 3944 1937 3997 viro

354 4032 553 4098 dixisti,
581 4031 722 4102 quod
755 4046 774 4081 ι
803 4030 1113 4085 admoveret
1139 4031 1387 4085 nimirum
1417 4047 1520 4086 non
1553 4033 1810 4098 membra,
1841 4031 1937 4088 sed

355 4126 696 4190 ferramenta,
723 4132 778 4178 et
795 4122 1103 4193 genitalium
1128 4136 1327 4181 vacuus
1348 4123 1675 4192 imprimeret
1694 4139 1937 4180 vomeres

354 4224 408 4271 et
446 4215 668 4285 ligones.
700 4231 719 4265 ι
758 4214 882 4267 llaec
910 4222 1056 4266 certe
1096 4220 1255 4281 atque
1301 4213 1600 4281 hujusmodi
1631 4214 1785 4285 (qua:
1813 4229 1937 4269 cum

357 4306 429 4360 tui
450 4322 477 4372 ,'
498 4319 601 4359 non
631 4303 950 4374 quicumque
978 4302 1209 4356 lectores
1230 4343 1245 4370 ,
1276 4302 1368 4356 sed
1408 4302 1690 4360 dilectores
1721 4305 1934 4375 legunt,

357 4411 454 4467 pro
481 4406 566 4463 te,
597 4396 641 4449 si
672 4394 808 4449 ullus
848 4393 901 4447 in
943 4393 1023 4447 eis
1052 4392 1314 4446 humanus
1349 4406 1539 4448 sensus
1580 4403 1696 4460 est,
1737 4396 1937 4450 erube-

361 4489 558 4557 scunt),
589 4484 845 4557 numquid
876 4499 991 4539 mea
1020 4484 1180 4540 verba
1209 4484 1412 4554 garrire
1441 4494 1492 4541 te
1518 4485 1786 4553 sinerent,
1816 4503 1935 4558 qua:

357 4592 464 4632 non
492 4576 561 4631 ob
588 4575 729 4630 aliud
756 4575 1055 4645 prmteriisti
1084 4583 1245 4645 atque
1273 4576 1519 4644 tacuisti,
1552 4577 1650 4631 nisi
1678 4586 1735 4632 ut
1761 4579 1854 4634 tibi
1885 4580 1937 4634 in

359 4669 477 4723 istis
506 4667 693 4721 latiora
721 4667 983 4722 delirandi
1026 4668 1194 4738 spatia
1241 4668 1603 4739 praepararcs?
1642 4670 1754 4741 Ego
1794 4672 1934 4726 enim

356 4759 503 4825 dixi,
543 4758 649 4813 seri
697 4756 965 4812 hominem
1011 4758 1276 4827 potuisse,
1315 4759 1382 4814 ad
1412 4760 1701 4815 voluntatis
1748 4773 1933 4817 nutum

358 4851 613 4907 membris
642 4849 1059 4920 obscqueutibus
1087 4849 1406 4919 genitalibus
1434 4869 1448 4904 :
1491 4862 1546 4906 tu
1576 4862 1755 4914 autem
1783 4855 1936 4924 geni-

362 4943 481 4999 talia
514 4943 751 4999 membra
781 4941 1025 5007 tacuisti,
1068 4950 1127 4996 ut
1151 4942 1255 4997 ires
1284 4957 1381 5013 per
1406 4943 1644 5000 mulieris
1685 4945 1938 5001 articulos

361 5044 418 5091 et
441 5034 822 5089 minutissimas
849 5031 1052 5087 listulas
1081 5031 1216 5088 filios
1245 5047 1340 5103 per
1368 5036 1606 5104 corporis
1633 5050 1793 5105 poros
1823 5044 1938 5089 tan-

360 5142 519 5199 quam
551 5126 820 5196 pediculos
848 5125 1176 5192 exsudantis,
1204 5135 1258 5181 et
1286 5142 1381 5197 per
1412 5128 1685 5182 oculormn
1717 5128 1938 5199 pupulas

360 5220 600 5276 cmcitate
623 5225 980 5289 consequente
1007 5219 1282 5290 parientis.
1311 5218 1565 5284 Membra,
1591 5219 1823 5288 inquam,
1847 5234 1941 5289 ge-

361 5312 544 5368 nitalia
573 5310 801 5375 tacuisti,
828 5310 977 5380 quasi
1002 5326 1099 5366 nos
1128 5326 1212 5374 ea,
1235 5311 1277 5365 si
1306 5309 1474 5364 Adam
1503 5326 1608 5365 non
1640 5321 1933 5381 peccasset,

358 5403 604 5459 defutura
633 5401 936 5458 hominibus
977 5402 1312 5468 diceremus;
1360 5410 1417 5456 ut
1456 5416 1642 5472 posses
1682 5402 1936 5470 ridicula,

425 5535 448 5597 ἦ
478 5539 529 5584 ιιι
568 5533 711 5586 editis
731 5546 821 5597 pro
841 5533 1026 5584 verbo.
1070 5530 1267 5595 attinet;
1308 5541 1565 5590 perperam
1594 5531 1936 5597 substitutum,

359 5593 521 5644 altius.

427 5659 448 5687 ⁸
470 5664 624 5717 Forte,
650 5662 968 5720 pra'rct‘terct.

2062 418 2167 454 nun
2198 401 2527 468 urbanitate,
2543 402 2635 457 sed
2662 403 2967 474 nugacitate
2988 400 3187 467 dicere,
3218 419 3238 454 ι
3263 402 3408 472 quod
3434 404 3515 458 vir
3536 422 3621 476 ge-

2059 493 2306 547 nitalium
2332 508 2539 549 vacuus
2558 508 2800 549 vomeres
2822 497 2876 548 et
2898 494 3105 563 ligones
3154 493 3386 549 fetandte
3408 497 3619 564 conjngi

2056 585 2442 654 imprimeret.»
2469 578 2743 655 Numquid
2768 585 2834 640 de
2862 600 3088 641 numero
3113 588 3343 656 qumstio
3367 594 3470 651 est,
3500 584 3601 657 (ign

2053 691 2222 745 raque
2243 674 2642 743 lnembrorum;
2669 692 2789 746 quze
2810 676 2873 731 ad
2902 676 3271 748 generandum
3296 687 3480 732 creata
3507 694 3615 747 pos

2053 773 2173 818 sent
2203 764 2255 824 in
2287 764 2421 819 locis
2443 762 2558 819 suis
2580 763 2727 819 salva
2754 775 2806 820 et
2833 764 3063 836 integra,
3090 783 3189 822 nec
3218 766 3459 838 indigere
3484 768 3618 821 ἰηςὶ⁴

2048 859 2292 911 tamento
2323 856 2647 925 libidinis,et
2668 854 2871 914 servire
2910 860 3137 930 imperio
3155 861 3470 931 voluptatis?
3490 861 3619 927 Quze

2043 933 2163 988 ideo
2187 949 2216 986 a
2246 950 2332 989 me
2359 948 2769 994 commemorata
2792 952 3214 1001 commemorare
3235 947 3471 1016 noluisti,
3498 967 3614 1005 cum
3638 1008 3641 1011 _

2042 1023 2201 1077 verba
2233 1041 2347 1080 mea
2382 1043 2632 1097 ponercs,
2665 1046 2732 1086 ne
2761 1026 3027 1089 silentium
3062 1034 3152 1092 tibi
3197 1038 3532 1109 imponeres,
3564 1053 3617 1098 ct

2041 1112 2106 1166 ad
2138 1114 2223 1167 illa
2250 1130 2368 1184 quzc
2407 1116 2473 1171 de
2502 1118 2621 1172 filiis
2652 1135 2745 1189 per
2772 1130 2937 1176 totum
2969 1139 3160 1195 corpus
3187 1136 3433 1198 tanquam
3468 1126 3618 1200 pctli-

2041 1202 2172 1256 culis
2212 1206 2644 1273 erumpentibus,
2687 1220 2740 1263 et
2779 1210 2847 1264 de
2889 1212 3224 1270 ferramentis
3264 1212 3616 1288 agricolarum

2040 1293 2104 1346 ad
2136 1294 2555 1366 imprargnantias
2586 1300 2803 1357 feminas
2828 1304 3163 1371 adhibendis,
3195 1321 3315 1379 qna:
3345 1310 3434 1366 tibi
3467 1310 3621 1367 festié

2041 1381 2254 1438 vissima
2299 1386 2578 1445 dicacitate
2620 1407 2811 1447 sonare
2854 1394 3191 1465 videbantur,
3237 1416 3357 1455 cum
3387 1404 3620 1458 vanitate

2042 1472 2369 1542 ineptissima
2399 1478 2719 1544 dicerentur,
2750 1497 2812 1537 os
2840 1487 3049 1551 aperire
3080 1504 3183 1542 non
3225 1505 3429 1559 posses.
3466 1490 3620 1549 linde

2041 1577 2141 1617 nec
2163 1564 2288 1617 illud
2317 1581 2515 1633 meum,
2543 1570 2681 1638 quod
2708 1571 2759 1625 in
2790 1574 2976 1629 eodem
3002 1576 3141 1642 loco,
3174 1595 3329 1648 quem
3363 1580 3505 1635 velut
3532 1599 3619 1637 re-

2040 1653 2400 1721 dargueutlum
2431 1674 2776 1729 susceperas,
2816 1664 2883 1719 de
2911 1669 3313 1735 parturit-utinm
3346 1670 3621 1728 doloribus

2043 1746 2224 1814 posui,
2260 1750 2452 1816 putasti
2481 1765 2599 1806 eSse
2627 1754 2968 1824 tangendum.
3002 1758 3058 1812 Si
3090 1762 3229 1815 enim
3264 1763 3475 1817 femina:
3500 1766 3620 1820 sine

2042 1838 2402 1905 parturitiouis
2429 1842 2747 1897 cruciatibus
2774 1855 3050 1914 parerent,
3083 1864 3209 1919 puto
3237 1853 3375 1921 quod
3409 1872 3511 1909 non
3537 1857 3621 1911 eis

2041 1931 2277 1984 membra
2305 1932 2319 1962 ¹
2347 1933 2615 2003 genitalia,
2643 1937 2737 1990 sed
2767 1944 3024 1994 tormenta
3052 1945 3275 2011 poenalia
3301 1945 3623 2003 defuissent.

2042 2020 2207 2074 Porro
2225 2021 2496 2093 Scriptura
2518 2026 2691 2080 divina
2717 2026 2879 2100 (quod
2901 2046 3086 2087 omnes
3108 2037 3195 2102 qui
3221 2037 3397 2106 legunt
3418 2040 3617 2112 sciunt)

2040 2111 2107 2166 de
2135 2123 2350 2180 peccato
2378 2114 2503 2169 Evre
2534 2115 2634 2172 hoc
2666 2122 2914 2175 tormenti
2941 2138 3108 2192 genus
3135 2125 3185 2179 in
3214 2125 3495 2183 femineum
3523 2111 3622 2201 ge-

2042 2218 2141 2255 nus
2173 2206 2425 2261 transisse
2467 2215 2690 2262 testatur
2717 2208 2867 2280 (Gen.
2899 2230 2954 2267 ut
2977 2255 2993 2279 ,
3037 2215 3144 2286 16).
3188 2217 3297 2272 llnc
3327 2221 3456 2274 tuin
3487 2223 3624 2278 lucis

2040 2295 2217 2349 verbis
2249 2299 2518 2365 pra'terirc
2544 2317 2700 2369 quam
2734 2314 3055 2373 pertractare
3084 2310 3343 2378 maluisti,
3379 2328 3445 2367 ne
3473 2314 3625 2370 dice-

2040 2394 2190 2442 retur
2223 2387 2344 2453 tibi,
2394 2391 2462 2444 ita
2493 2392 2653 2447 salvis
2694 2404 2851 2466 atque
2897 2398 3113 2468 integris
3144 2404 3414 2473 utriusque
3456 2421 3624 2462 sexus

2038 2480 2357 2548 genitalibus
2384 2483 2433 2537 in
2463 2484 2548 2538 illa
2581 2486 2827 2543 felicitate
2855 2492 3082 2558 paradisi
3113 2497 3345 2563 potuiSse
3371 2500 3487 2553 sine
3514 2517 3620 2569 pu-

2039 2571 2211 2628 denda
2251 2570 2465 2629 libidine
2490 2579 2845 2634 concumbere
2875 2583 2895 2611 ²
2927 2583 3211 2654 conjttgcs,
3258 2589 3395 2643 sicut
3426 2601 3619 2660 potuc-

2038 2675 2162 2720 runt
2190 2665 2349 2722 salvis
2377 2674 2537 2737 atque
2568 2669 2783 2741 integris
2815 2671 3057 2729 femineis
3082 2678 3399 2746 genitalibus
3432 2698 3625 2751 parere

2039 2753 2155 2812 sine
2180 2759 2441 2827 gentcndo
2467 2759 2488 2790 ³
2517 2758 2702 2815 dolore
2730 2763 3001 2819 mulieres.
3044 2766 3148 2822 Sed
3179 2784 3271 2823 vos
3298 2786 3403 2825 non
3443 2773 3622 2830 solum

2039 2847 2302 2903 cruciatus
2328 2858 2380 2903 ct
2409 2852 2634 2921 gemitus
2653 2854 2993 2924 parientium,
3019 2872 3199 2912 verum
3225 2861 3383 2915 etiam
3407 2862 3623 2919 labores

2039 2938 2171 2993 alios
2198 2956 2568 3012 mrumnasque
2596 2945 2919 3009 mortalium,
2957 2964 3059 3003 tton
3089 2966 3117 3001 a
3149 2959 3386 3020 tempore.
3412 2955 3623 3011 arbitrii

2040 3030 2190 3087 liberi
2219 3050 2400 3087 eorum
2421 3076 2435 3098 ,
2469 3036 2564 3090 sed
2602 3051 2631 3089 a
2664 3036 2750 3091 die
2788 3040 2961 3093 exitus
3004 3040 3070 3097 de
3096 3054 3279 3099 ventre
3308 3048 3488 3100 matris
3521 3063 3624 3103 eo-

2039 3137 2178 3189 rum,
2204 3124 2453 3179 mavultis
2474 3126 2523 3179 in
2549 3126 2667 3181 loco
2691 3136 2849 3183 tanta:
2872 3131 3009 3185 illius
3029 3132 3364 3190 beatitudinis
3393 3153 3623 3206 ponere,

2039 3229 2194 3282 quam
2224 3214 2521 3284 pudendam
2561 3229 2864 3288 susceptam
2895 3235 3123 3277 vestram
3166 3225 3282 3295 ipso
3326 3228 3393 3281 ibi
3423 3230 3622 3284 saltem

2039 3304 2244 3375 pudore
2282 3323 2385 3362 non
2436 3324 2651 3378 ponere.
2702 3309 2772 3365 Et
2821 3321 2994 3368 tamen
3038 3315 3126 3384 qui
3174 3332 3339 3386 negas
3370 3319 3421 3372 in
3463 3320 3622 3374 istam

2042 3399 2413 3455 mortalitatem
2442 3412 2560 3471 post
2588 3413 2860 3472 peccatum
2881 3415 3131 3461 mutatam
3153 3407 3313 3462 fuisse
3340 3420 3623 3477 naturam;

2041 3487 2224 3543 fateris
2278 3500 2399 3560 post
2451 3493 2697 3547 meritum
2754 3495 2908 3549 bona:
2958 3497 3247 3553 voluntatis
3297 3500 3348 3553 in
3398 3501 3625 3569 gloriam

2041 3579 2210 3634 bcatze
2238 3580 2648 3637 immortalitatis
2673 3599 2794 3639 esse
2821 3587 3147 3641 mutandam.
3181 3588 3234 3642 in
3264 3591 3414 3659 cujus
3440 3592 3625 3661 gloria:

2041 3685 2294 3725 cacumen
2327 3673 2563 3741 parvuli,
2597 3674 2735 3745 quod
2768 3690 2871 3729 non
2904 3679 3122 3745 potestis
3151 3695 3344 3750 negare
3368 3722 3384 3747 ,
3415 3682 3629 3738 meritis

2044 3778 2149 3816 non
2187 3779 2324 3827 sum,
2375 3764 2467 3819 scd
2513 3766 2700 3821 aliena:
2743 3768 3027 3829 voluntatis
3067 3772 3359 3827 ascendunt
3385 3772 3439 3837 ‘;
3485 3789 3630 3843 quos

2041 3866 2147 3905 non
2194 3853 2356 3908 vultis
2396 3855 2616 3909 credere
2658 3857 2860 3912 meritis
2900 3861 3054 3914 make
3084 3862 3369 3916 voluntatis
3395 3863 3625 3929 alicna‘,

2042 3942 2135 3996 scd
2167 3952 2338 3997 tamen
2370 3944 2484 4013 ejus
2513 3946 2562 3998 in
2594 3946 2745 4015 cujus
2776 3947 2969 4003 lutnbis
3007 3950 3214 4007 ratione
3242 3954 3460 4009 seminis
3498 3953 3627 4009 fue-

2043 4043 2200 4102 runt,
2230 4035 2295 4089 ad
2325 4036 2580 4106 profunda
2616 4040 2948 4096 miseriarum
2976 4057 3109 4112 quas
3149 4045 3426 4111 novimus,
3457 4046 3629 4102 fuisse

2043 4128 2297 4196 dejectos.

2113 4217 2252 4275 XVI.
2281 4219 2399 4276 JUL.
2427 4221 2529 4277 Sed
2548 4221 2658 4293 jam
2687 4240 2968 4294 pergamus
2990 4227 3057 4282 ad
3084 4228 3307 4299 reliqua.
3332 4229 3623 4301 Postquam

2044 4327 2172 4382 ergo
2219 4313 2477 4375 Abrahae,
2520 4314 2661 4384 quod
2703 4331 2733 4370 a
2784 4333 2870 4371 me
2912 4320 3139 4388 positum
3192 4319 3393 4388 fuerat,
3434 4322 3631 4377 vitavit

2044 4403 2381 4473 exemplum;
2410 4414 2632 4460 conatus
2656 4414 2739 4460 est
2760 4421 3023 4474 asserere,
3054 4410 3360 4466 Abimeleclt
3386 4427 3624 4481 quoque,

2043 4495 2134 4566 qui
2163 4506 2348 4552 orante
2372 4496 2641 4551 Abraham
2670 4497 2712 4562 ⁸,
2742 4514 2864 4553 cum
2893 4500 3202 4557 mulieribus
3226 4503 3339 4557 suis
3370 4511 3629 4570 sanatus,

2044 4587 2292 4653 refertur,
2325 4596 2385 4642 ut
2421 4586 2487 4642 ad
2525 4589 2884 4659 generationis
2912 4606 3129 4660 operam
3150 4633 3165 4657 ,
3193 4608 3223 4647 a
3253 4608 3355 4663 qua
3383 4608 3478 4663 per
3507 4594 3630 4663 pla-

2043 4694 2163 4750 gam
2188 4689 2306 4736 erat
2328 4685 2620 4751 suspensus
2642 4723 2658 4749 ,
2691 4692 2873 4752 posset
2898 4684 3071 4739 redire
3094 4725 3110 4751 ,
3142 4700 3248 4740 non
3294 4685 3631 4743 detractione

2047 4770 2308 4836 libidinis,
2342 4772 2435 4826 sed
2470 4771 2655 4827 dolore
2682 4772 2861 4843 aliquo
2889 4788 3046 4844 posse
3074 4775 3297 4845 intelligi
3338 4776 3630 4832 mulierum

2047 4863 2256 4917 vulvam
2295 4863 2455 4919 fuisse
2480 4863 2785 4918 conclusam
2810 4862 2911 4933 (De
2939 4862 3177 4935 Nuptiis,
3205 4866 3295 4920 lib.
3324 4866 3380 4932 2,
3406 4882 3459 4919 ιι.
3488 4864 3579 4934 50)
3613 4885 3633 4922 :

2046 4956 2197 5026 quasi
2225 4971 2254 5009 a
2282 4956 2434 5011 nobis
2462 4965 2789 5010 asscrcrctur
2812 4955 3103 5024 impendio,
3129 4967 3188 5011 ut
3212 4958 3477 5027 appetitus
3503 4959 3580 5010 eis
3609 4959 3636 4990 ⁸

2048 5047 2303 5100 naturalis
2346 5045 2582 5101 redditus
2632 5044 2942 5100 videretur:
2992 5061 3114 5100 cum
3162 5062 3262 5117 ego
3307 5046 3637 5102 testimoniis

2110 5226 2128 5256 ί
2163 5225 2235 5273 sic
2257 5231 2361 5273 Mss.
2390 5229 2437 5271 ln
2461 5224 2619 5285 \‘ign.,
2643 5222 2886 5274 membris.

2109 5287 2130 5317 ⁸
2156 5286 2442 5351 vignierius,
2468 5283 2568 5351 stite
2620 5285 2849 5351 pudenda
3137 5286 3405 5351 conjuges:
3428 5288 3632 5351 animo,

2046 5346 2374 5413 concinitbere,
2399 5346 2526 5413 quod
2550 5346 2751 5413 verbum
2765 5347 3037 5397 restituitur
3055 5360 3118 5397 ex
3139 5346 3493 5413 mauu'Scriptis.

2112 5410 2133 5472 ﬁt
2164 5416 2319 5472 Forte,
2344 5406 2656 5472 gemeaundo.

2110 5469 2132 5539 ξ
2158 5471 2237 5539 sic
2260 5466 2365 5539 hjss'.
2391 5475 2447 5517 At
2470 5469 2629 5539 \‘ign.,
2649 5466 2998 5539 ascenderem.
3036 5526 3041 5531 ξ

2108 5533 2129 5563 ι
2157 5530 2425 5595 t'tgnierius
2441 5529 2617 5579 omittit
2639 5543 2834 5591 nomen,
2855 5529 3107 5593 Abraham,
3124 5531 3254 5595 quod
3275 5532 3540 5583 addidimus
3564 5543 3633 5583 ex

2050 5594 2302 5642 manuscrit
2312 5594 2402 5638 tis.

2116 5606 2402 5664 muscrqus.
2906 5652 2918 5663 O

2116 5656 2137 5685 ⁸
2174 5660 2462 5714 \tgmcrtus,
2485 5663 2603 5712 ejus.
2632 5660 2686 5702 At
2718 5659 2846 5711 1153.,
2871 5666 2956 5704 ets.
