3934 6178
246 330 365 391 1MP

243 449 334 502 illis
357 444 405 498 id
446 441 621 496 solum
666 436 892 507 probare
920 433 1108 489 t‘uerim
1140 440 1421 487 contentus
1442 471 1455 494 ,
1489 428 1802 500 impeditum

241 534 563 592 concubitum
584 571 600 594 ,
640 529 729 599 qui
755 527 871 582 sine
900 525 1116 581 libidine
1140 539 1260 578 esse
1291 537 1395 578 non
1442 531 1681 591 poterat,
1710 535 1806 590 per

244 631 360 683 iram
404 623 531 685 Dei,
576 618 950 687 redditumque
990 632 1084 686 per
1122 613 1501 684 indulgentiam
1533 611 1661 677 Dei,
1689 611 1808 664 sive

239 717 454 774 atnelitis
483 712 770 769 obstaculis
794 754 809 774 .
854 711 965 765 sive
998 707 1344 762 irritamentis
1369 703 1696 758 solemnibus
1718 716 1807 755 re-

240 812 452 873 stitutis;
487 819 663 863 tamen
694 803 1011 859 diabolicnm
1037 815 1143 854 non
1172 797 1377 861 dot-eri,
1404 794 1499 851 sed
1525 794 1685 849 etiam
1714 806 1810 862 per

240 908 331 959 hoc
359 901 425 955 ad
464 899 555 954 Dei
584 911 800 968 operam
842 893 1193 965 pertinentem
1215 933 1229 955 ,
1275 890 1367 961 qui
1406 889 1546 943 inter
1569 885 1810 957 corporis

239 998 579 1050 instrumenta
611 986 919 1051 mediocria,
952 984 1046 1040 sed
1074 983 1307 1048 innoxia,
1340 995 1446 1036 non
1470 979 1670 1050 specie,
1700 991 1807 1031 non

238 1086 408 1150 tnodo,
444 1098 626 1137 verum
654 1080 768 1135 sele
797 1087 1041 1149 peccaret
1065 1089 1308 1131 excessu.
1568 1070 1578 1079 ”

301 1180 433 1231 Ave.
466 1174 593 1242 Quis
628 1186 730 1224 non
760 1168 1039 1237 intelligat,
1068 1166 1114 1221 si
1144 1165 1253 1220 Dee
1282 1164 1587 1233 indignante
1616 1158 1810 1216 accidit

233 1267 422 1338 aliquid
450 1264 660 1334 corpori
694 1261 1031 1326 feminarum,
1074 1257 1213 1312 unde
1238 1255 1587 1327 impediretur
1609 1267 1811 1307 cencuo

235 1360 367 1413 bitus
387 1399 401 1417 .
434 1364 487 1411 et
514 1371 606 1423 per
637 1355 737 1407 hoc
766 1351 964 1422 proles,
992 1366 1109 1420 qua:
1137 1348 1318 1417 utique
1345 1361 1449 1401 non
1478 1352 1679 1415 posset,
1711 1343 1811 1397 nisi

233 1466 260 1503 a
285 1444 760 1503 cencnmbentibus
784 1441 1026 1511 concipi,
1065 1454 1131 1495 ee
1155 1448 1360 1493 remote
1391 1436 1775 1505 impedimento
1793 1474 1808 1499 ,

235 1542 386 1596 talem
435 1536 777 1593 concubitum
821 1533 1120 1595 redditum,
1164 1530 1335 1600 qualis
1379 1536 1463 1582 est
1493 1528 1545 1581 iu
1588 1539 1813 1595 corpore

234 1632 418 1687 mortis
446 1631 605 1698 hujus
624 1671 640 1696 ,
671 1627 723 1681 id
749 1637 860 1690 est,
900 1640 1020 1679 cum
1047 1620 1306 1677 libidine?
1335 1620 1390 1674 In
1437 1618 1594 1673 talem
1618 1618 1813 1687 quippe

233 1736 424 1779 statum
454 1731 772 1783 revocantur
815 1733 1076 1788 corpora,
1124 1730 1242 1771 cum
1290 1721 1567 1777 sanantur,
1599 1711 1810 1781 qualem

226 1817 330 1886 jam
361 1816 549 1870 sortita
581 1824 664 1870 est
693 1821 808 1882 post
833 1819 1108 1880 peccatum
1133 1817 1319 1862 natura
1346 1806 1669 1869 mortalium,
1692 1818 1812 1873 qua:

232 1910 345 1961 illos
370 1905 648 1975 compellit
670 1905 723 1958 in
751 1911 1001 1957 mortem.
1033 1898 1139 1955 Sed
1171 1899 1222 1952 in
1249 1911 1476 1966 corpore
1502 1896 1622 1950 vita:
1650 1894 1809 1959 illius,

231 2001 316 2054 ubi
345 2000 508 2053 homo
530 2038 545 2060 ,
579 1997 679 2052 nisi
711 2002 1011 2065 peccasset,
1043 2007 1150 2047 non
1181 1998 1297 2045 erat
1320 1988 1610 2043 moriturus
1629 2027 1643 2051 ,
1675 1986 1813 2039 alius

230 2091 410 2161 procul
434 2090 597 2145 dubio
623 2096 793 2142 status
821 2085 917 2139 fuit
943 2103 957 2140 :
987 2083 1125 2138 unde
1149 2092 1240 2138 aut
1263 2081 1408 2136 nulla
1432 2080 1524 2147 ibi,
1548 2087 1639 2133 aut
1669 2077 1810 2141 talis,

226 2183 402 2252 qualis
431 2195 574 2234 nunc
602 2189 704 2243 ρει,
737 2175 900 2231 libido
928 2190 1032 2229 non
1063 2171 1184 2236 fuit,
1215 2187 1317 2243 qua
1343 2186 1469 2226 care
1495 2177 1679 2224 contra
1705 2167 1815 2237 spi-

222 2272 388 2326 ritum
418 2269 853 2336 concupisceret;
902 2272 961 2317 nt
990 2262 1039 2318 ei
1078 2275 1296 2316 necesse
1336 2267 1483 2316 esset
1512 2270 1602 2312 aut
1629 2256 1814 2325 subju-

222 2364 373 2434 gari,
408 2371 501 2416 aut
530 2358 808 2420 reluctari;
839 2370 1061 2427 quorum
1091 2354 1314 2408 alterum
1348 2349 1647 2416 honestati,
1679 2349 1814 2403 alte-

224 2472 340 2510 rum
391 2453 506 2524 paci
552 2449 898 2507 beatitudinis
941 2448 1083 2502 illius
1124 2443 1415 2501 convenire
1460 2457 1564 2497 non
1611 2447 1810 2512 posset.

225 2547 337 2603 Noli
369 2560 498 2613 ergo
525 2543 659 2597 duas
684 2543 813 2595 istas
842 2540 980 2594 vitas
1015 2537 1263 2591 hmretica
1302 2532 1650 2604 perversitate
1677 2545 1809 2586 con-

226 2637 447 2693 fundere
471 2650 484 2689 :
513 2633 671 2688 aliter
693 2631 744 2686 in
771 2644 998 2700 corpore
1018 2625 1370 2697 corruptibili,
1398 2622 1540 2695 quod
1561 2630 1813 2694 aggravat

224 2731 458 2784 animam
489 2724 645 2798 (δαν.
679 2739 753 2787 tv,
784 2721 895 2792 {5),
938 2720 1135 2774 vivitur
1161 2719 1210 2784 ¹;
1252 2718 1409 2772 aliter
1447 2717 1501 2771 in
1540 2714 1808 2787 paradiso,

223 2819 265 2873 si
310 2815 696 2888 permansisset
739 2811 968 2866 hominis
1012 2808 1310 2874 rectitude,
1352 2807 1407 2862 in
1453 2822 1555 2877 qua
1601 2816 1812 2862 creatus

224 2912 422 2976 fuerat,
457 2911 743 2964 viveretur.
792 2906 948 2961 Esset
984 2917 1113 2974 ergo
1141 2911 1196 2957 et
1230 2902 1300 2957 ibi
1340 2909 1557 2971 propter
1590 2915 1812 2971 genera-

223 3006 420 3059 tionem
457 2999 770 3056 concubitus
799 2997 1115 3067 conjugum;
1149 2995 1244 3050 sed
1272 3006 1365 3049 aut
1388 2994 1640 3050 membris
1662 2993 1813 3065 geni-

222 3094 414 3149 talibus
466 3093 582 3147 sioe
629 3090 736 3144 ulla
783 3088 1003 3143 libidine
1051 3083 1409 3141 servientibus
1461 3084 1661 3149 menti,
1716 3092 1813 3139 aut

223 3189 381 3259 ipsius
402 3229 420 3253 ,
470 3187 515 3241 si
543 3185 648 3239 ulla
677 3190 850 3248 esset,
900 3179 1135 3236 libidinis
1164 3178 1395 3233 motibus
1424 3190 1692 3247 nunquam
1721 3189 1810 3233 re—

221 3277 579 3352 pugnantibus
619 3273 917 3330 voluntati:
948 3287 1065 3340 qua:
1103 3270 1148 3325 si
1186 3270 1306 3324 talis
1347 3277 1518 3334 esset,
1564 3266 1809 3338 pudenda

223 3388 319 3426 non
347 3378 529 3432 esset;
572 3381 670 3422 nec
697 3364 940 3436 corporis
968 3361 1204 3417 membra
1224 3402 1239 3427 ,
1270 3376 1388 3431 qua:
1418 3375 1518 3414 suo
1542 3360 1629 3414 vel
1658 3359 1809 3414 solli-

220 3464 402 3517 citaret
430 3461 656 3529 impetu,
689 3457 770 3511 vel
798 3463 1065 3519 moveret,
1097 3450 1341 3521 pudenda
1386 3450 1602 3521 proprie
1629 3449 1809 3505 vocari

225 3552 447 3617 faceret,
483 3549 753 3618 velarique
783 3544 1158 3614 compelleret;
1202 3542 1340 3612 quod
1372 3550 1487 3611 post
1534 3550 1808 3610 peccatum

223 3648 413 3702 factum
446 3658 591 3710 esse,
618 3655 718 3697 nec
743 3639 841 3693 nisi
870 3635 1072 3708 peccati
1090 3648 1254 3705 poma
1287 3633 1400 3686 ﬁeri
1425 3632 1680 3700 potuisse,
1711 3631 1805 3684 Dei

223 3738 375 3793 verba
401 3742 687 3791 testantur.
713 3731 857 3796 Quis,
884 3727 1073 3797 inquit,
1097 3723 1345 3779 nuntiavit
1371 3722 1476 3787 tibi,
1500 3723 1619 3792 quia
1641 3722 1810 3777 nudus

223 3802 301 3892 es,
328 3829 430 3883 nisi
458 3842 522 3880 ea:
545 3827 682 3898 ligno
707 3822 840 3894 quod
878 3833 1216 3891 prwceperam
1243 3814 1329 3868 tibi
1352 3823 1545 3867 tantum
1580 3830 1641 3867 ne
1665 3829 1728 3866 ea:
1753 3829 1809 3865 eo

224 3923 573 3981 utenducares,
603 3932 667 3971 ea:
686 3930 742 3969 eo
770 3911 1085 3968 mamlucasti
1118 3906 1269 3980 (Gen.
1298 3923 1376 3974 ιιι,
1407 3905 1496 3977 tt)
1516 3907 1541 3957 ’ἒ
1566 3905 1701 3970 Non,
1730 3905 1810 3958 in-

223 4013 357 4080 quit,
391 4010 493 4065 tibi
535 4008 770 4067 nuntiata
797 4012 940 4059 esset
983 4000 1194 4055 auditas
1218 4007 1305 4053 tua
1328 4039 1344 4065 ,
1386 3997 1485 4051 nisi
1513 4005 1655 4050 esset
1697 4010 1726 4049 a
1759 4004 1810 4049 te

224 4104 567 4173 pracvaricata
589 4100 673 4153 lex
696 4111 831 4151 mea.
857 4094 992 4162 Quid
1010 4099 1092 4148 est
1111 4100 1286 4145 autem
1311 4088 1523 4143 nuditas
1547 4088 1807 4148 nuntiata,

224 4198 302 4252 cui
329 4193 519 4266 procul
545 4191 708 4246 dubie
735 4190 910 4259 ignota
938 4200 1042 4240 non
1070 4193 1205 4247 erat,
1236 4181 1336 4236 nisi
1361 4197 1425 4235 ce
1451 4189 1596 4234 metu
1622 4179 1810 4234 stimu-

225 4290 387 4353 laute,
423 4295 484 4341 ut
522 4285 772 4340 inusitate
806 4288 1022 4350 aspectu
1047 4293 1105 4332 se
1137 4283 1350 4346 urgeret
1373 4272 1608 4335 adverti,
1637 4271 1809 4341 pudo-

225 4397 442 4452 remque
473 4372 773 4432 incnteret?
796 4371 1055 4441 Quoniam
1089 4376 1303 4437 peccato
1334 4363 1527 4420 factum
1568 4372 1717 4429 erat,
1752 4370 1812 4415 ut

226 4471 456 4525 hominis
495 4483 617 4540 pars
654 4464 873 4520 inferior
910 4468 1096 4515 contra
1138 4457 1500 4526 superiorem,
1546 4454 1647 4511 hoc
1689 4462 1806 4518 est,

224 4578 346 4618 care
385 4572 574 4617 contra
619 4557 862 4629 spiritum
907 4551 1332 4620 concupisceret.
1375 4546 1480 4602 Sed
1526 4556 1582 4599 tn
1621 4554 1808 4599 contra

223 4658 398 4711 omnia
426 4653 628 4710 claudis
668 4650 880 4711 oculos,
910 4655 961 4701 et
992 4646 1103 4700 Dee
1134 4643 1507 4697 manifestantc
1529 4640 1673 4710 quod
1703 4656 1805 4693 non

224 4747 643 4801 confunderetur
670 4741 831 4795 homo
855 4739 923 4793 de
951 4753 1045 4792 sua
1075 4735 1339 4795 nuditate,
1373 4734 1474 4787 nisi
1505 4742 1805 4802 peccasset,

225 4842 294 4895 ita
323 4840 491 4895 fuisse
519 4837 715 4892 asseris
753 4833 1049 4887 institutum
1072 4869 1087 4892 ,
1117 4837 1175 4882 ιιι
1202 4826 1412 4892 etiamsi
1454 4841 1555 4879 non
1586 4839 1805 4893 peccas-

222 4944 334 4999 set,
381 4931 610 5004 puderet
639 4942 758 4984 eum
808 4925 1060 4981 nuditatis
1096 4937 1229 4977 sum.
1275 4920 1413 4974 Deus
1443 4919 1583 4973 enim
1629 4918 1804 4973 dicit:

220 5026 351 5095 Quis
383 5023 644 5080 nuntiavit
687 5019 779 5076 tibi
832 5017 1121 5072 nuditatem
1154 5023 1329 5076 tuam,
1383 5011 1480 5065 nisi
1521 5010 1641 5079 quia
1681 5025 1806 5079 pec-

220 5117 394 5171 casti?
424 5115 489 5170 Et
534 5124 586 5168 tu
615 5111 749 5166 dicis
791 5108 884 5180 (ut
930 5107 1042 5176 ipsa
1084 5104 1245 5160 verba
1294 5111 1377 5156 tua
1424 5116 1647 5171 penam,
1689 5115 1808 5170 qua:

222 5209 384 5275 paulo
425 5216 547 5260 ante
574 5205 781 5259 loeutus
808 5197 929 5272 es):
966 5217 984 5250 ‹
1013 5197 1101 5253 Sic
1127 5205 1210 5252 est
1235 5194 1397 5249 homo
1430 5209 1523 5264 per
1559 5195 1808 5248 universa

224 5296 512 5362 formatus,
545 5305 601 5350 ut
625 5293 816 5349 melius
844 5309 873 5344 a
901 5291 1044 5345 nullo
1083 5288 1206 5358 ﬁngi
1235 5296 1416 5358 posset
1440 5304 1452 5338 :
1483 5287 1570 5357 qui
1599 5286 1809 5354 accepit

224 5388 516 5458 prudenter
545 5388 598 5442 in
623 5399 847 5455 corpore
872 5392 927 5438 et
963 5382 1112 5436 locos
1138 5379 1344 5435 decoris
1374 5388 1429 5434 et
1452 5378 1601 5433 locos
1635 5376 1807 5446 pudo-

224 5484 318 5547 ris,
350 5490 412 5536 ut
438 5481 488 5534 in
512 5495 570 5533 se
595 5476 709 5547 ipse
747 5485 802 5531 et
828 5472 1201 5528 verecundiam
1233 5479 1286 5526 et
1310 5468 1686 5525 conﬁdentiam
1724 5468 1807 5521 di-

222 5581 433 5636 sceret;
462 5585 528 5626 ne
547 5578 601 5624 ct
626 5566 880 5623 deformis
908 5564 1198 5627 videretur,
1237 5562 1280 5615 si
1307 5569 1450 5616 esset
1487 5574 1583 5631 per
1609 5569 1803 5614 cuncta

267 5754 286 5785 ⁸
305 5758 434 5812 Post,
450 5747 576 5814 quod
593 5748 822 5811 aggravet
839 5743 1066 5806 animam,
1075 5741 1378 5793 restituimus
1389 5752 1453 5791 ex
1469 5746 1598 5802 Mss,
1610 5738 1801 5791 vivitur.

502 5849 773 5910 PATROL.
807 5839 1000 5904 XLV.

1574 320 1773 376 LIBER
1811 318 2125 389 QUINTUS.

3356 328 3503 386 “50

1916 434 2149 500 velatus;
2175 442 2231 488 et
2266 434 2425 490 deses
2452 434 2764 494 redderetur
2780 451 2843 492 ac
2868 439 3141 511 negligens
3158 482 3174 505 ,
3200 440 3247 498 si
3273 455 3495 514 semper

1914 532 2059 577 esset
2086 538 2182 593 per
2219 536 2409 579 cuncta
2444 526 2705 596 vulgatus.
2737 546 2757 580 ι
2792 529 2870 585 Ae
2895 545 2990 600 per
3016 531 3144 599 hoc,
3189 531 3486 589 secundum

1916 625 1969 670 te
1998 616 2151 687 longe
2180 617 2366 672 melior
2395 619 2662 687 peccando
2691 618 2859 676 factus
2884 632 2966 677 est
2990 621 3187 678 homo:
3217 623 3319 679 nisi
3342 624 3489 679 enim

1916 701 2205 785 peccasset,
2222 724 2380 779 quem
2402 711 2541 766 Deus
2563 710 2796 768 fecerat‘
2813 724 3014 769 rectum
3039 714 3233 784 (Eccle.
3255 732 3344 782 vn,
3372 718 3488 787 50),

1915 800 2117 855 viveret
2142 800 2503 869 imprudenter
2540 818 2646 857 non
2672 802 3034 875 dignoscende
3059 806 3111 861 in
3140 822 3369 877 corpore
3390 822 3491 864 suo

1916 891 2060 945 locus
2085 891 2294 946 deceris
2319 902 2373 946 et
2406 892 2553 948 locos
2582 893 2827 963 pudoris,
2874 907 2931 951 et
2975 897 3311 967 impudenter
3347 900 3491 954 nulla

1915 982 2161 1048 vetando,
2184 993 2238 1038 et
2262 984 2587 1056 negligenter
2613 997 2800 1042 cuncta
2824 990 3087 1061 vulgande
3110 1009 3123 1045 :
3153 1007 3324 1063 neque
3343 994 3486 1047 enim

1916 1076 2106 1129 vitaret
2128 1076 2242 1131 hcce
2265 1078 2408 1139 vitia.
2436 1079 2533 1133 nisi
2563 1079 2633 1144 ei,
2665 1081 2786 1151 quia
2815 1092 3153 1151 peccaverat,
3186 1099 3280 1139 sua
3305 1084 3492 1142 fuisset

1917 1166 2127 1221 nuditas
2154 1170 2415 1224 nuntiata.

1989 1257 2148 1312 XVII.
2179 1258 2298 1315 Jun.
2335 1262 2406 1317 De
2444 1277 2550 1332 quo
2590 1264 2839 1333 quoniam
2879 1267 3008 1322 satis
3044 1277 3220 1324 actum
3255 1280 3372 1335 est,
3418 1272 3486 1326 ad

1917 1352 2003 1407 illa
2035 1368 2401 1423 properemus,
2429 1372 2548 1428 qua:
2576 1374 2736 1429 super
2760 1363 2982 1417 naturali
3006 1364 3146 1418 male
3165 1364 3487 1421 Manichzens

1917 1444 2041 1497 olim
2067 1454 2241 1511 acute,
2268 1447 2384 1513 sed,
2411 1455 2469 1501 ιιι
2497 1449 2751 1517 probabo,
2775 1452 3119 1522 perplexitate
3145 1456 3496 1525 quaestionum

1918 1532 2174 1601 deceptus
2200 1535 2416 1605 ebjecit.
2450 1537 2691 1594 Breviter
2730 1549 2905 1596 tamen
2936 1544 3081 1613 prius
3101 1585 3117 1613 ,
3161 1545 3290 1616 quid
3320 1548 3502 1616 Angu-

1918 1623 2089 1679 SIinus
2112 1632 2299 1678 contra
2327 1627 2566 1695 Apestoli
2599 1630 2959 1686 testimonium
2986 1636 3247 1702 retulerit,
3277 1637 3501 1694 ventile-

1918 1725 2055 1766 mus.
2102 1713 2214 1783 Ego
2250 1728 2378 1786 ergo
2414 1730 2533 1771 cum
2564 1727 2742 1774 notam
2788 1723 2940 1777 istam
2969 1739 3186 1794 operam
3214 1741 3438 1783 sexuum
3468 1744 3501 1784 a

1919 1802 2028 1857 Dee
2051 1814 2269 1860 auctore
2295 1820 2579 1877 corporum
2620 1810 2912 1868 institutam
2933 1854 2948 1879 ,
2976 1815 3136 1871 etiam
3175 1817 3312 1873 beati
3345 1819 3498 1875 I'anli

1918 1894 2222 1950 testimonio
2246 1899 2581 1967 apertissime
2604 1901 2856 1959 dixissem
2886 1907 3119 1975 probari,
3141 1910 3230 1979 qui
3254 1911 3496 1967 invectus

1918 1987 1969 2040 in
1998 1986 2190 2057 ﬂagitia
2220 2004 2427 2058 eorum,
2453 2006 2587 2062 ques
2611 1994 2665 2048 in
2689 1995 2850 2051 virilis
2870 2012 3083 2067 quoque
3109 2014 3270 2055 sexus
3297 2015 3498 2057 conen-

1917 2076 2085 2130 bitum
2116 2079 2471 2149 praecipitaret
2513 2084 2712 2137 insania
2734 2127 2750 2150 ,
2782 2087 2888 2153 ait,
2927 2087 3120 2143 Relicto
3148 2091 3372 2145 naturali
3406 2109 3504 2148 usu

1919 2168 2151 2236 femime,
2199 2172 2396 2225 accensi
2428 2184 2544 2228 sum
2585 2175 2638 2229 in
2681 2175 2933 2232 desideria
2970 2196 3063 2234 sua
3093 2180 3267 2250 (Rom.
3292 2199 3345 2250 ι,
3374 2185 3505 2254 9.7);

1919 2257 2070 2312 intuli
2098 2256 2360 2329 Apostele
2390 2271 2525 2319 teste
2545 2307 2559 2330 ,
2592 2267 2873 2335 approbari
2923 2284 3075 2325 usum
3106 2271 3318 2327 fetnina:
3348 2284 3505 2329 natu-

1920 2343 2105 2405 riliter
2129 2351 2449 2408 institutum.
2472 2354 2551 2409 Ad
2575 2355 2676 2411 hoc
2693 2372 2820 2429 ergo
2845 2359 2943 2416 iste
2970 2362 3270 2418 rcscribcns
3294 2382 3309 2419 :
3340 2383 3360 2417 ο
3388 2366 3503 2421 Non

1919 2437 2084 2505 dixit,
2115 2458 2136 2493 ι
2178 2441 2374 2512 inquit,
2419 2462 2440 2495 ε
2470 2445 2758 2513 Apostolus
2800 2450 3135 2520 eenjugalcm
3180 2469 3362 2522 nsum,
3408 2455 3504 2511 sed

1918 2532 2244 2600 naturalem,
2290 2549 2412 2589 eum
2452 2536 2637 2592 volens
2676 2538 2894 2612 intelligi
2939 2543 3027 2612 qui
3074 2545 3412 2609 titmentbris
3436 2549 3502 2601 ad
3594 2564 3603 2569 ·
3660 2548 3667 2561 ’

1920 2620 2021 2676 hec
2047 2624 2272 2690 creatis,
2323 2634 2382 2679 ut
2424 2642 2520 2696 per
2553 2644 2614 2683 ea
2653 2631 2819 2699 possit
2856 2632 2922 2687 ad
2946 2635 3311 2704 generandum
3341 2651 3503 2693 sexus

1918 2723 2141 2786 uterque
2179 2718 2431 2773 misceri:
2464 2734 2526 2775 ac
2563 2735 2661 2789 per
2690 2723 2824 2790 hoc,
2858 2739 2979 2780 cum
3009 2725 3211 2782 eisdem
3252 2729 3506 2785 membris

1917 2809 2076 2864 etiam
2103 2811 2373 2866 meretrici
2403 2813 2627 2883 quisque
2653 2815 2927 2883 miscetur,
2960 2819 3216 2874 naturalis
3242 2830 3323 2875 est
3353 2834 3502 2887 ttStts,

1919 2913 2021 2954 nec
2049 2908 2225 2955 tamen
2250 2901 2559 2967 laudabitis,
2603 2904 2697 2958 sed
2737 2906 3037 2976 culpabilis.
3080 2908 3193 2963 Non
3232 2925 3361 2980 ergo
3402 2911 3504 2965 isto

1918 2991 2167 3056 nomine,
2200 2992 2251 3046 id
2279 3002 2394 3060 est,
2441 3011 2534 3048 usu
2561 2998 2814 3061 naturali,
2862 2999 3156 3070 conjngalis
3183 3012 3265 3056 est
3297 3003 3503 3057 laudata

1918 3081 2261 3143 commixtio:
2305 3083 2399 3139 sed
2442 3084 2793 3141 immundiera
2837 3097 2893 3143 et
2933 3091 3272 3145 sceleratiora
3307 3092 3501 3164 ﬂagitia

1919 3172 2168 3228 denotata
2210 3183 2363 3241 sunt,
2399 3191 2557 3245 quam
2597 3178 2641 3231 si
2688 3177 2872 3234 illicite
2902 3178 3144 3246 feminis,
3189 3183 3282 3237 scd
3326 3194 3502 3238 tamen

1919 3265 2232 3322 naturaliter
2269 3275 2546 3322 uterentur
2581 3288 2600 3320 ι
2636 3268 2736 3342 (De
2764 3270 2970 3341 Nuptiis
2996 3283 3044 3327 et
3080 3273 3377 3346 Cattt‘ttpisc.
3411 3278 3501 3331 lib.

1918 3355 1974 3423 ἓ,
2004 3373 2057 3410 η.
2091 3357 2201 3428 55).
2228 3357 2282 3413 ld
2307 3367 2415 3423 est,
2447 3358 2533 3415 hic
2557 3375 2687 3416 usus
2712 3361 2921 3417 fentina:
2948 3379 3107 3434 quem
3146 3368 3502 3435 pronuntiavit

1918 3447 2204 3517 Apostolus
2239 3450 2531 3506 naturalem
2554 3493 2569 3519 ,
2603 3468 2708 3507 non
2750 3454 3059 3526 intelligitur
3086 3457 3409 3529 eenjugalis,
3445 3473 3502 3514 nt

1918 3540 2089 3596 bonus
2116 3542 2395 3613 licitasque
2415 3542 2713 3600 doceatur:
2742 3547 2836 3602 scd
2855 3548 2996 3615 ideo,
3017 3549 3205 3621 inquit,
3236 3551 3407 3608 dictus
3420 3565 3501 3609 est

1919 3632 2176 3687 naturalis
2195 3674 2208 3697 ,
2225 3634 2345 3702 quia
2366 3634 2727 3692 diversitatem
2743 3651 2903 3694 sexus
2932 3639 2998 3693 ad
3021 3640 3121 3697 hoc
3138 3642 3332 3699 indicat
3349 3644 3501 3697 insn-

1918 3731 2108 3787 tutam,
2124 3733 2249 3779 utet
2264 3727 2573 3781 commixtui
2593 3740 2869 3798 pararetur
2880 3741 2933 3786 et
2951 3734 3146 3801 partui.
3165 3734 3327 3803 Qneis
3347 3737 3499 3790 moli~

1918 3813 2149 3868 tionibus
2184 3829 2306 3870 cum
2329 3815 2611 3885 jnvaretur
2638 3819 2803 3887 nihil,
2835 3836 2933 3876 cur
2960 3832 3160 3878 tantum
3190 3826 3500 3882 inlitteratus

1917 3905 2034 3960 est?
2056 3905 2300 3963 Profecto
2327 3907 2396 3963 ob
2420 3908 2521 3964 hoc
2543 3911 2738 3977 solum,
2757 3921 2815 3966 nt
2840 3912 2893 3966 hi
2920 3916 3009 3983 qui
3035 3929 3155 3970 eum
3186 3929 3498 3987 sequuntur,

1916 3999 2144 4052 solutum
2177 4007 2361 4068 putent
2378 4001 2520 4070 quod
2546 4002 2775 4057 viderint
2805 4003 2967 4060 fuisse
2980 4016 3281 4063 contactum
3302 4027 3315 4062 :
3335 4020 3497 4066 caete-

1915 4108 2033 4145 rum
2064 4107 2221 4163 quam
2254 4091 2382 4148 nihil
2408 4094 2631 4163 dixerit,
2663 4096 2840 4153 brevis
2876 4098 3164 4169 disputatio
3201 4102 3373 4171 palam
3415 4103 3497 4157 fa-

1914 4186 2037 4239 ciet.
2077 4184 2278 4255 Nempe
2322 4187 2607 4255 Apostolus
2647 4188 2857 4243 tentinze
2897 4205 3048 4244 nsum
3075 4192 3147 4245 ait
3185 4194 3498 4248 naturaliter

1918 4277 2233 4342 institutum,
2268 4293 2366 4332 nec
2394 4279 2791 4334 commendavit
2818 4281 3039 4336 alteram
3066 4277 3495 4338 connnixtienem

1918 4367 2160 4436 primitus
2187 4367 2518 4426 ordinatam:
2549 4370 2643 4425 sed
2672 4370 2740 4425 de
2767 4385 2834 4426 eo
2859 4384 2956 4425 usu
2981 4371 3276 4442 disputans,
3313 4373 3364 4428 in
3390 4390 3497 4445 quo

1917 4458 2186 4513 libidinem
2213 4461 2418 4516 eunetis
2446 4471 2665 4515 neverat
2695 4462 2924 4533 viguisse
2953 4464 3307 4535 temporibus,
3339 4477 3495 4521 natu-

1917 4551 2079 4606 ralem
2109 4552 2250 4605 illam
2279 4553 2505 4607 vocavit.

1986 4645 2121 4698 Ave.
2155 4642 2294 4699 Usus
2325 4644 2536 4699 feminze
2575 4645 2829 4700 naturalis
2857 4657 2958 4711 est,
2987 4662 3107 4702 catn
3134 4649 3251 4718 ejus
3280 4664 3494 4704 mascu-

1916 4733 1999 4788 lus
2026 4734 2121 4787 ille
2147 4734 2390 4790 membro
2407 4733 2590 4801 utitur,
2623 4751 2729 4805 quo
2767 4746 2953 4792 natura
3000 4738 3242 4808 ejusdem
3281 4742 3493 4809 generis

1915 4825 2260 4880 animantium
2294 4837 2648 4897 propagatur:
2680 4838 2897 4898 propter
2936 4830 3079 4899 qtted
3127 4831 3286 4886 etiam
3320 4832 3490 4902 ipsmu

1915 4914 2211 4969 membrum
2256 4924 2443 4969 natura
2506 4917 2718 4985 proprie
2755 4916 2861 4971 dici
2897 4917 3037 4972 solet
3068 4935 3082 4970 :
3111 4919 3250 4974 unde
3306 4920 3497 4976 Cicero

1913 5005 2005 5072 ait,
2036 5006 2311 5062 nndiercm
2336 5007 2534 5063 vidisse
2553 5021 2614 5063 se
2640 5008 2692 5062 in
2714 5007 2920 5063 senmis
2974 5010 3344 5082 prmsiguatam
3394 5014 3491 5069 ha-

1914 5098 2040 5154 bere
2066 5109 2306 5155 naturam
2363 5099 2476 5172 (De
2502 5099 2843 5164 Divinatione,
2873 5101 2961 5156 lib.
2988 5101 3066 5174 Ξ).
3126 5103 3263 5162 Usus
3320 5107 3494 5175 itaque

1916 5190 2171 5245 naturalis
2199 5200 2254 5246 et
2282 5190 2455 5245 licitus
2468 5199 2572 5256 est,
2603 5190 2741 5245 sicut
2771 5191 2822 5245 in
2852 5191 3100 5264 coniugio
3125 5210 3140 5260 ;
3168 5204 3225 5250 et
3253 5195 3489 5257 illicitas,

1911 5283 2047 5336 sicut
2077 5283 2128 5336 in
2151 5281 2413 5337 adulterio
2444 5297 2458 5333 :
2489 5290 2674 5336 contra
2704 5292 2946 5337 naturam
2974 5299 3101 5339 vero
3146 5297 3361 5351 semper
3386 5282 3490 5335 illi-

1910 5375 2067 5436 citas,
2097 5385 2147 5427 et
2180 5373 2359 5443 procul
2384 5372 2546 5426 dubie
2574 5370 2883 5443 ﬂagitiosior
2897 5384 3056 5444 atque
3091 5373 3309 5442 turpior;
3329 5387 3489 5440 quem

1910 5476 2124 5522 sanctus
2154 5467 2439 5536 Apostolus
2463 5474 2518 5521 et
2544 5466 2595 5521 in
2624 5467 2831 5521 tetninis
2847 5476 2902 5521 et
2932 5467 2982 5521 in
3026 5465 3275 5520 masculis
3296 5479 3490 5535 argue-

1910 5557 2019 5625 bat,
2042 5557 2454 5612 damnabiliores
2471 5557 2652 5637 volens
2698 5557 2940 5627 intelligi,
2995 5560 3154 5625 quam
3202 5553 3250 5608 si
3293 5555 3346 5610 in
3388 5569 3489 5615 usu

1972 5740 1990 5771 ι
2023 5737 2097 5788 sie
2112 5743 2215 5787 uss.
2241 5741 2293 5787 tn
2314 5736 2472 5800 vign.,
2495 5735 2691 5800 Iaceret.

2617 5791 2994 5897 (Quarantea
3003 5816 3169 5894 six.)
