3934 6178
394 305 536 361 ’1⁷451

402 416 658 481 naturali,
689 413 773 469 vel
796 409 1167 475 adulterando,
1191 409 1275 464 vel
1321 408 1634 465 fornicando
1680 416 1982 477 pecearent.

404 508 548 565 Usus
574 509 750 577 itaque
772 502 1236 560 concumbentium
1265 501 1520 556 naturalis
1547 500 1793 569 idemque
1818 498 1989 554 incul-

408 599 623 668 pabilis,
645 597 774 654 etin
816 593 1062 666 paradiso
1089 608 1209 648 esse
1240 592 1502 662 potuisset
1528 631 1544 655 ,
1581 590 1789 645 etiamsi
1834 603 1991 645 nemo

408 696 705 760 peccasset;
733 702 839 741 non
865 685 1010 741 enim
1054 684 1210 761 aliter
1259 682 1326 737 ad
1379 682 1669 736 humanum
1697 696 1862 752 genus
1907 697 1994 735 se-

411 781 646 837 cundum
690 778 1118 836 benedictionem
1158 775 1250 831 Dei
1282 772 1736 844 multiplicandum
1776 772 1870 827 filii
1908 772 1990 843 gi-

407 880 732 943 gnerentur:
759 869 855 925 sed
875 884 995 924 eum
1023 876 1266 922 vocatum
1296 880 1417 921 esse
1453 865 1520 919 ab
1546 864 1803 932 Apostolo
1838 878 1991 918 usum

409 964 730 1030 naturalem,
760 962 812 1017 in
837 976 945 1032 quo
971 960 1248 1017 libidinem
1274 958 1481 1013 cunctis
1504 966 1728 1012 noverat
1762 955 1993 1024 viguisse

410 1057 756 1128 temporibus,
789 1056 907 1126 quis
936 1054 1027 1108 tibi
1050 1050 1201 1114 dixit,
1226 1050 1325 1106 nisi
1354 1049 1576 1104 hmrcsis
1597 1046 1810 1102 vestra?
1840 1046 1994 1101 Absit

418 1150 548 1202 enim
575 1157 631 1203 ut
661 1144 947 1216 Aantolus
972 1143 1133 1199 etiam
1165 1142 1255 1197 illo
1285 1150 1528 1211 tempore
1558 1139 1832 1193 hominum
1871 1152 1991 1192 ere-

413 1239 561 1294 deret
630 1235 928 1307 pudendam
976 1233 1205 1303 viguisse
1248 1230 1556 1296 libidinem,
1613 1227 1824 1299 quando
1869 1227 1993 1282 nudi

411 1337 580 1393 erant,
610 1338 790 1384 etnon
812 1324 1045 1397 pudebat
1074 1336 1189 1378 eos.
1217 1321 1597 1377 Verumtamen
1618 1319 1827 1373 etiamsi
1850 1318 1993 1387 Apo-

415 1421 589 1475 stolus
605 1420 829 1482 diceret,
859 1417 1001 1488 quod
1031 1417 1143 1484 ipse
1163 1412 1363 1475 dixisti,
1399 1431 1418 1465 t
1457 1413 1508 1465 in
1539 1425 1637 1466 usu
1667 1410 1873 1466 fctninm
1897 1425 1994 1464 na-

415 1514 574 1567 turali
601 1513 806 1567 cunctis
834 1509 1163 1580 temporibus
1180 1506 1411 1575 viguisse
1444 1503 1739 1567 libidinem;
1784 1521 1802 1553 ι
1836 1503 1888 1556 in
1915 1501 1997 1555 his

414 1618 622 1674 quoque
650 1602 825 1658 verbis
854 1599 1107 1655 haberem
1150 1596 1290 1668 quod
1336 1606 1481 1652 recte
1530 1594 1899 1664 intelligerem,
1930 1609 1998 1647 nc

414 1694 711 1764 pudendam
734 1701 1036 1761 susceptam
1074 1700 1218 1745 tuam
1249 1688 1300 1743 in
1328 1688 1471 1741 illius
1514 1687 1683 1742 beatae
1727 1687 1849 1740 vitae
1874 1700 1994 1740 cor-

414 1786 656 1854 poribus,
684 1800 805 1855 qua:
834 1781 1067 1838 nondum
1089 1778 1296 1833 fuerant
1322 1792 1545 1847 corpora
1581 1775 1768 1830 mortis
1808 1774 1997 1844 hujus,

414 1878 555 1931 sicut
582 1884 637 1929 tn
656 1876 804 1942 facis,
825 1882 1003 1928 mente
1030 1871 1359 1934 stultissima,
1383 1870 1559 1940 lingua
1581 1867 1955 1939 loquacissima
1978 1910 1994 1935 ,

412 1965 588 2021 fronte
615 1963 1106 2035 impudentissima,
1141 1961 1482 2017 eolloearem.
1534 1959 1753 2015 Cunctis
1805 1958 2001 2028 quippe

417 2055 746 2125 temporibus
771 2070 835 2111 ex
856 2069 962 2124 quo
986 2052 1265 2122 utriusque
1315 2065 1482 2107 sexus
1528 2049 1642 2104 fieri
1687 2050 2001 2105 concubitus

418 2150 604 2216 C(Bpil,
633 2148 818 2217 precnl
845 2146 1011 2201 dubio
1027 2160 1154 2201 usus
1179 2143 1389 2199 femina:
1436 2143 1693 2198 naturalis
1738 2143 1854 2198 sine
1901 2142 2002 2198 hac

418 2240 660 2309 pudenda
688 2239 910 2295 libidine
935 2251 1055 2293 esse
1081 2251 1185 2290 non
1208 2233 1379 2307 potuit
1413 2250 1426 2288 :
1452 2234 1560 2303 jam
1583 2232 1752 2289 enlm-
1783 2248 1890 2288 non
1916 2230 2000 2286 vi-

412 2342 482 2384 tae
515 2331 672 2393 illius,
695 2329 791 2386 sed
817 2328 1007 2383 mortis
1036 2325 1196 2398 hujus
1224 2324 1492 2380 habebant
1514 2339 1710 2394 corpus
1729 2365 1745 2390 ,
1788 2322 2002 2393 quando

418 2433 537 2490 post
590 2428 866 2490 peccatum
894 2420 963 2474 de
993 2417 1237 2488 paradiso
1285 2415 1518 2486 egressi,
1553 2414 1898 2470 masculuset
1928 2412 2003 2468 fe-

422 2514 864 2581 miuautrumque
882 2524 1070 2565 sexum
1109 2508 1426 2563 naturaliter
1479 2506 1722 2576 primitus
1770 2506 2001 2561 miscue-

423 2611 564 2657 runt.
597 2601 748 2670 Quod
771 2602 813 2655 si
838 2608 964 2655 ante
994 2599 1247 2664 facerent,
1271 2597 1342 2652 ibi
1373 2596 1536 2652 libido
1565 2596 1649 2652 vel
1674 2596 1814 2650 nulla
1836 2607 1999 2662 esset,

419 2696 500 2750 vel
530 2692 774 2763 pudenda
798 2707 907 2746 non
935 2699 1077 2747 esset
1107 2708 1125 2746 :
1154 2700 1261 2745 non
1315 2688 1457 2743 enim
1506 2688 1817 2743 sollicitaret
1863 2688 2002 2743 invi-

420 2794 610 2849 tum,et
637 2798 934 2854 repugnare
959 2781 1061 2837 sibi
1080 2787 1295 2851 cogeret
1323 2787 1527 2835 castum
1555 2796 1571 2845 ;
1600 2778 1696 2834 sed
1741 2786 1833 2833 aut
1884 2778 2002 2835 sine

427 2877 513 2930 illa
537 2876 771 2932 officium
802 2890 955 2930 suum
986 2872 1235 2944 genitalia
1256 2871 1510 2943 ,jubcnte
1539 2882 1716 2926 mente
1740 2912 1755 2938 ,
1781 2882 2002 2942 perage-

418 2979 559 3036 rent;
587 2979 680 3024 aut
708 2968 796 3023 illa
847 2969 890 3022 si
917 2974 1097 3032 esset,
1126 2980 1246 3021 cum
1286 2980 1421 3034 opus
1448 2973 1624 3031 esset,
1655 2978 1957 3035 assurgeret
1981 3004 1999 3032 ,

420 3063 913 3134 tranquillissimum
945 3071 1129 3116 nutum
1178 3060 1510 3130 subsequens
1561 3059 1870 3127 voluntatis,
1903 3074 2002 3115 nec

415 3156 729 3225 opprimeus
751 3152 1130 3223 cegitatiouem
1184 3151 1490 3207 turbulento
1531 3150 1735 3222 impetu
1763 3153 2005 3223 volupta-

419 3248 504 3302 tis.
536 3246 720 3303 Talem
748 3262 806 3302 se
835 3246 993 3301 modo
1022 3260 1127 3301 non
1156 3259 1299 3308 esse,
1330 3245 1512 3300 multis
1545 3245 1655 3299 suis
1683 3246 2002 3318 importunis

418 3348 473 3394 et
527 3339 842 3395 coercendis
888 3340 1120 3395 motibus
1165 3338 1640 3409 contitctur:ergo
1677 3349 1768 3393 aut
1817 3338 2001 3401 vitium

418 3442 560 3494 esse,
591 3436 683 3483 aut
703 3430 937 3482 vitiatam
987 3442 1048 3482 se
1091 3442 1209 3482 esse
1238 3436 1478 3482 teStatur.
1522 3428 1659 3483 Ecce
1690 3428 1831 3484 unde
1857 3428 2002 3484 dicc-

389 3520 507 3573 ibat
540 3520 847 3588 Apostolus,
878 3519 1000 3574 Scio
1029 3519 1149 3590 quia
1200 3536 1301 3573 non
1330 3518 1521 3573 habitat
1550 3519 1602 3573 in
1630 3536 1725 3583 me,
1754 3521 1808 3574 id
1852 3533 1922 3576 est
1948 3524 2001 3576 in

416 3626 569 3666 carne
597 3627 728 3676 mea,
754 3610 940 3665 bonum
969 3609 1144 3683 (Rom.
1179 3626 1274 3677 vn,
1299 3609 1409 3685 18).
1435 3610 1575 3667 Ecce
1605 3612 1747 3669 unde
1777 3613 2003 3668 trahitur

417 3717 446 3755 a
466 3702 801 3758 nascentibus
814 3701 1072 3772 originale
1089 3711 1382 3772 peccatum.
1405 3701 1517 3758 lloe
1533 3702 1674 3758 malo
1689 3702 1824 3759 bene
1840 3707 2004 3760 utitur

411 3794 669 3863 pudicitia
694 3792 990 3865 eonjugalis
1014 3810 1029 3847 :
1052 3793 1155 3850 hoc
1174 3793 1316 3849 malo
1333 3793 1525 3850 melius
1555 3810 1660 3851 non
1689 3796 1854 3850 utitur
1874 3797 1998 3851 reli-

415 3890 562 3959 giosa
573 3888 897 3944 continentia
913 3887 1249 3955 vidualis,vel
1260 3902 1407 3943 sacra
1421 3887 1695 3959 integritas
1706 3889 1997 3958 virginalis.

490 3982 677 4037 Xl’lll.
707 3981 826 4038 ειη..
858 3981 973 4039 Hoc
992 3996 1091 4038 nos
1116 3982 1503 4047 intelleximus,
1531 3998 1761 4054 cumque
1787 3982 1857 4038 de
1902 3998 2000 4036 na-

418 4085 552 4131 tura:
591 4075 928 4131 institutione
979 4075 1341 4144 loqueremur,
1395 4074 1447 4129 id
1492 4075 1806 4144 protulimus
1857 4074 1999 4144 quod

419 4165 727 4235 Apostolum
741 4164 975 4221 sensisse
997 4165 1295 4220 constabat.
1345 4164 1426 4219 Tu
1456 4164 1614 4235 igitur
1631 4164 1757 4236 quid
1782 4179 1998 4234 promo-

414 4256 560 4323 visti,
580 4266 633 4310 ut
656 4256 883 4312 referres
899 4269 1014 4310 non
1040 4254 1109 4309 ab
1127 4270 1192 4310 co
1218 4269 1373 4309 usum
1398 4254 1758 4325 conjugalem,
1787 4255 1885 4310 sed
1908 4270 2002 4309 na-

420 4349 641 4405 turalem
674 4347 898 4406 vocari?
939 4348 1046 4402 Ant
1098 4361 1204 4416 quo
1238 4361 1339 4404 ore
1384 4346 1658 4416 subjungis
1684 4387 1699 4411 ,
1749 4347 1999 4416 quoniam

423 4461 442 4494 ι
477 4456 598 4497 cum
618 4440 816 4497 iisdem
843 4439 1097 4496 membris
1134 4438 1401 4495 meretrici
1449 4439 1673 4509 quisque
1726 4440 1998 4503 miscetur,

420 4534 673 4587 naturalis
690 4542 771 4588 est
819 4547 969 4600 usus,
998 4547 1097 4588 nec
1127 4544 1301 4588 tamen
1332 4532 1608 4591 laudabilis
1641 4571 1656 4597 ,
1687 4531 1781 4587 sed
1819 4533 2003 4603 culpa-

421 4626 575 4680 bilis?
615 4644 632 4676 ι
667 4625 736 4681 Ut
763 4626 906 4681 enim
931 4626 1094 4680 etiam
1128 4626 1213 4680 hic
1261 4625 1606 4682 ostendamus
1630 4666 1645 4691 ,
1700 4626 1842 4696 quod
1891 4626 2001 4682 fre-

414 4729 645 4788 quenter
672 4716 1001 4786 aperuimus,
1030 4731 1190 4770 unam
1215 4731 1245 4769 a
1274 4726 1325 4770 te
1343 4719 1529 4771 saltem
1553 4719 1871 4772 sententiam
1898 4735 2001 4775 non

421 4806 668 4877 proferri,
699 4821 817 4876 quae
846 4820 951 4860 non
983 4805 1267 4861 adversum
1295 4815 1348 4862 te
1375 4807 1658 4876 plurimum
1701 4808 1874 4864 valeat
1906 4827 1920 4864 :
1958 4810 2002 4864 si

422 4912 551 4953 usus
568 4898 938 4954 fornicationis
990 4897 1269 4964 naturalis,
1314 4912 1414 4953 nec
1450 4911 1623 4955 tamen
1677 4900 1955 4957 laudabilis
1984 4943 1999 4968 ,

419 4987 514 5042 sed
541 4989 819 5059 cnlpabilis
844 4988 1056 5055 dicitur,
1099 4988 1170 5043 ob
1221 4987 1323 5044 hoc
1354 4990 1482 5060 quia
1536 4992 1831 5047 meretricis
1876 5008 2004 5049 usus

420 5084 524 5141 est;
552 5078 669 5133 sine
697 5078 859 5135 dubio
881 5079 1214 5150 conjugalem
1234 5120 1249 5144 ,
1277 5080 1397 5150 quia
1441 5079 1724 5137 honestum
1751 5092 1910 5154 atque
1937 5084 2003 5139 li-

418 5171 601 5237 citum,
632 5186 738 5226 non
764 5172 1103 5241 culpabilem,
1131 5172 1227 5228 sed
1257 5171 1578 5229 laudabilem
1609 5175 1965 5244 profitebet‘is.

494 5263 626 5317 Anc.
657 5258 773 5315 Non
801 5260 924 5330 quia
952 5261 1067 5317 sine
1094 5262 1235 5316 malo
1263 5272 1367 5329 est,
1397 5264 1491 5318 sed
1520 5265 1642 5334 quia
1658 5265 1796 5321 bene
1841 5266 2005 5322 utitur

420 5353 585 5418 malo,
616 5349 910 5421 eonjugalis
935 5351 1246 5408 concubitus
1294 5354 1486 5408 merito
1515 5354 2003 5425 inculpabilisdici-

415 5453 528 5499 tur.
560 5442 648 5499 Sic
674 5443 816 5499 enim
844 5442 1137 5499 bonumest
1158 5442 1294 5500 bene
1331 5445 1406 5499 uti
1438 5445 1579 5500 malo
1606 5487 1621 5509 ,
1651 5447 2002 5517 quemadmo-

414 5539 545 5592 dum
576 5539 771 5595 malum
788 5547 867 5593 est
899 5537 1039 5592 male
1067 5537 1142 5592 nti
1172 5538 1331 5593 bono.
1360 5539 1448 5595 Sic
1467 5553 1596 5611 ergo
1625 5538 1761 5595 bene
1789 5551 2005 5597 utuntur

426 5632 695 5700 conjngati
747 5630 981 5686 libidinis
1031 5631 1201 5696 ma!o,
1267 5631 1539 5702 quomodo
1599 5634 1737 5688 male
1787 5644 2005 5689 utuntur

400 5722 644 5805 adulteri
692 5725 933 5795 corporis
986 5723 1145 5783 bono.
1192 5724 1306 5780 iloc
1351 5724 1459 5795 jam
1489 5740 1596 5782 non
1644 5726 1810 5784 semel
1852 5727 1958 5784 dixi
1985 5771 2001 5799 ,

1070 300 1313 358 OPERIS
1354 297 1762 355 IMPERFECTI
1800 298 2069 354 CONTRA
2111 298 2465 367 JULMNUM,
2508 303 2565 359 S.
2611 302 2970 365 AUGUSTINI

3530 313 3664 370 “54

2095 416 2147 461 et
2172 411 2364 481 azepius
2392 429 2477 468 me
2506 414 2681 471 dicere
2711 433 2815 473 non
2862 417 3091 489 pigebit,
3134 420 3386 490 quamdiu
3436 432 3487 477 te
3535 428 3671 485 veris

2095 501 2459 571 contradicere
2489 520 2592 560 non
2623 506 2840 575 pudebit
2870 510 2912 565 ¹.

2166 589 2454 648 ΧΙΧ..1υι..
2502 595 2568 649 Et
2619 597 2708 651 ubi
2752 606 2835 653 est
2882 598 3085 654 crimen
3131 609 3278 654 tuum
3314 601 3668 674 diabolicum,

2096 682 2237 752 quod
2266 683 2336 738 illi
2362 698 2674 756 argumento
2719 688 2936 757 pudoris
2964 690 3221 747 nitebaris
3248 693 3465 764 affigere
3488 697 3513 751 ?
3562 697 3670 755 Non

2096 776 2237 829 enim
2258 777 2369 845 jam
2400 778 2561 833 libido
2590 780 2999 851 reprehenditur
3018 823 3032 847 ,
3058 797 3179 853 quas
3216 794 3269 839 et
3321 786 3372 839 in
3413 788 3673 855 prohibito

2096 872 2152 919 et
2180 865 2231 918 in
2261 880 2517 922 concesso
2538 883 2656 935 usu,
2684 879 2885 925 natura:
2913 871 3077 941 ipsius
3097 873 3404 930 conditione
3425 879 3675 942 sentitur,

2098 955 2143 1010 si
2169 955 2480 1026 depravatio
2508 959 2644 1029 ejus,
2667 961 2734 1014 ad
2760 962 2809 1015 id
2841 962 2982 1033 quod
3012 978 3116 1018 non
3140 965 3334 1020 licebat
3361 983 3670 1036 excurrens,

2098 1048 2207 1104 sola
2238 1049 2501 1120 culpatur.

2169 1139 2306 1197 Anc.
2334 1139 2446 1197 Non
2474 1142 2585 1197 sola
2624 1161 2645 1194 ι
2681 1144 2929 1214 culpatur
2970 1146 3277 1217 depravatio
3327 1150 3561 1208 libidinis
3617 1156 3675 1210 ad

2101 1227 2151 1281 id
2179 1230 2317 1299 quod
2347 1248 2450 1284 non
2475 1233 2663 1288 licebat
2683 1249 2972 1290 excurrens
2998 1255 3012 1292 :
3051 1256 3072 1291 ι
3098 1239 3191 1293 sed
3234 1248 3320 1295 tua
3351 1257 3541 1312 magna
3594 1245 3678 1299 de-

2102 1322 2338 1388 pravatio
2367 1331 2468 1388 est,
2502 1339 2622 1378 cum
2651 1340 2682 1380 a
2703 1335 2753 1381 te
2795 1343 2899 1380 non
2928 1328 3169 1396 culpatur
3209 1329 3275 1384 ad
3306 1330 3355 1384 id
3384 1333 3525 1402 quod
3581 1351 3675 1389 non

2102 1411 2295 1467 licebat
2344 1414 2646 1484 impellens.
2703 1416 2927 1485 Quando
2990 1421 3132 1475 enim
3174 1421 3240 1476 ad
3288 1423 3337 1476 id
3382 1425 3522 1495 quod
3580 1442 3676 1482 non

2101 1502 2225 1560 licet
2253 1505 2493 1576 impellit,
2526 1507 2765 1576 profecto
2800 1511 2899 1563 nisi
2926 1511 3169 1580 pravitati
3195 1513 3311 1581 ejus
3362 1529 3681 1585 repugnetnr

2102 1594 2361 1649 excurrit.
2395 1595 2462 1650 Et
2491 1596 2606 1652 hmc
2633 1606 2715 1653 est
2761 1602 3194 1670 concupiscentia
3222 1605 3421 1671 carnis,
3450 1622 3557 1675 qua
3594 1622 3677 1661 ca-

2102 1698 2164 1738 ro
2208 1685 2537 1755 concupiscit
2578 1686 2836 1744 adversus
2890 1691 3173 1759 spiritum;
3225 1693 3482 1750 adversus
3527 1714 3677 1766 quain

2105 1785 2383 1843 prepterea
2411 1778 2739 1847 concupiscit
2762 1787 2817 1834 et
2831 1778 3071 1850 spiritus,
3097 1797 3166 1838 ne
3194 1800 3299 1853 quo
3327 1785 3559 1855 impellit
3586 1804 3676 1843 ex-

2103 1874 2301 1921 currat.
2331 1866 2522 1922 Malum
2554 1878 2635 1925 est
2663 1863 2886 1942 ergo,et
2912 1873 3053 1943 quod
3080 1875 3303 1946 impellit
3348 1880 3398 1933 in
3440 1881 3678 1936 malum:

2103 1953 2200 2009 sed
2227 1956 2270 2009 si
2319 1972 2427 2011 non
2477 1959 2749 2026 excurrit,
2783 1976 3110 2034 repugnante
3162 1966 3265 2022 sibi
3313 1970 3533 2039 Spiritu,
3584 1989 3679 2029 non

2106 2045 2337 2101 vincitur
2362 2047 2522 2104 homo
2545 2064 2575 2103 a
2601 2051 2760 2105 malo.
2793 2052 2943 2109 Tunc
2972 2065 3151 2111 autem
3169 2059 3314 2113 omni
3363 2062 3505 2116 malo
3534 2078 3681 2119 care-

2106 2135 2203 2203 bit,
2233 2138 2444 2206 quando
2465 2140 2549 2195 cui
2572 2151 2832 2213 repugnet
2866 2160 2968 2200 non
3017 2146 3142 2202 erit.
3189 2148 3370 2220 Neque
3415 2151 3521 2208 hoc
3569 2170 3682 2209 cum

2108 2226 2215 2291 fiet,
2244 2239 2451 2297 natura,
2476 2232 2613 2288 sicut
2640 2233 2962 2292 llanichams
2984 2237 3199 2308 insanit,
3226 2256 3256 2295 a
3280 2243 3435 2300 nobis
3469 2260 3683 2318 separa-

2108 2318 2251 2373 bitur
2274 2320 2588 2388 aliena,sed
2642 2326 2917 2381 sanabitur
2964 2339 3167 2385 nostra.
3220 2329 3349 2399 Quae
3401 2350 3591 2406 nunc,
3641 2339 3685 2393 si

2106 2412 2552 2485 quemadmodum
2574 2418 2977 2487 regenerationc
3005 2431 3062 2477 et
3084 2424 3403 2482 remissione
3442 2439 3685 2498 peccato-

2107 2517 2226 2556 rum
2257 2515 2479 2560 sanatur
2505 2523 2532 2559 a
2558 2516 2730 2576 reatu,
2777 2510 2856 2567 sic
2913 2512 2983 2567 ab
3032 2515 3177 2569 omni
3209 2525 3354 2573 esset
3386 2518 3687 2576 infirmitate

2102 2590 2212 2660 jam
2242 2608 2391 2658 sana;
2427 2610 2531 2651 non
2552 2610 2735 2654 contra
2764 2616 2980 2657 carnem
3014 2606 3234 2674 spiritus
3262 2612 3684 2680 concupisceret,

2108 2691 2164 2735 nt
2178 2699 2281 2747 non
2300 2699 2644 2756 operaremur
2661 2690 2760 2746 nisi
2777 2692 3002 2760 licitum;
3021 2696 3114 2751 sed
3132 2698 3198 2751 ita
3213 2713 3338 2754 caro
3350 2702 3560 2771 spiritui
3575 2720 3690 2760 con-

2105 2775 2349 2842 Sentiret,
2374 2774 2429 2833 ut
2460 2779 2588 2834 nihil
2626 2791 2809 2837 contra
2846 2784 2993 2840 illum
3035 2791 3504 2862 concupisceretur
3538 2797 3687 2851 illici-

2107 2873 2239 2920 tum.

2177 2955 2297 3012 XX.
2328 2958 2443 3016 JCL.
2476 2961 2646 3034 thue
2690 2980 2875 3036 presse
2913 2968 3301 3044 interrogemus
3330 2985 3385 3029 et
3411 2978 3644 3033 breviter
3671 2998 3685 3033 :

2108 3053 2407 3121 apostolum
2432 3055 2652 3113 Paulum
2684 3101 2700 3124 ,
2754 3075 2876 3116 cum
2935 3066 3228 3120 naturalem
3279 3082 3430 3123 usum
3481 3072 3691 3126 femina:

2109 3154 2462 3215 nuncuparet,
2495 3149 2897 3217 possibilitatem
2929 3155 3006 3211 rei
3032 3164 3087 3210 et
3114 3157 3468 3229 honestatem,
3497 3178 3565 3216 an
3600 3179 3688 3217 so-

2109 3235 2212 3292 lam
2250 3240 2655 3306 possibilitatem
2696 3244 2963 3303 indicasse
3006 3250 3315 3306 arbitraris?
3360 3253 3410 3307 id
3450 3264 3553 3320 est,
3591 3257 3690 3311 hoc

2108 3328 2344 3398 nomine,
2375 3331 2619 3401 naturali,
2644 3334 2936 3408 intelligere
2963 3355 3061 3394 nos
3082 3342 3413 3398 voluitusnm
3445 3349 3534 3416 qui
3572 3347 3686 3401 fieri

2109 3429 2317 3489 poterat
2341 3430 2393 3475 et
2423 3422 2668 3491 debebat;
2690 3429 2874 3498 angui
2900 3439 3125 3498 poterat,
3160 3432 3253 3486 sed
3293 3449 3398 3489 non
3420 3436 3689 3493 debebat?

2106 3511 2162 3567 Si
2192 3513 2411 3581 dixeris,
2434 3515 2534 3583 Qui
2566 3527 2793 3587 poterat,
2841 3521 2966 3577 licet
2995 3539 3100 3577 non
3130 3524 3367 3593 deberet,
3424 3530 3595 3598 qualis
3636 3529 3685 3583 in

2108 3607 2366 3665 adulteris
2388 3611 2601 3680 agitur:
2637 3626 2766 3683 ergo
2814 3623 2867 3668 et
2906 3615 3032 3670 illud
3085 3616 3228 3672 aliud
3284 3619 3537 3690 flagitium
3586 3636 3690 3676 non

2107 3701 2209 3754 erit
2236 3710 2420 3756 contra
2448 3713 2712 3772 naturam,
2736 3705 2858 3775 quia
2878 3707 2899 3739 ¹
2943 3709 3196 3764 membris
3225 3712 3399 3781 agitur
3435 3714 3689 3767 naturali-

2108 3793 2225 3848 bus.
2260 3793 2315 3850 Si
2342 3804 2520 3850 antem
2546 3811 2913 3868 expavescens
2940 3800 3206 3864 retuleris,
3237 3802 3378 3870 quod
3405 3811 3461 3857 ct
3497 3805 3693 3858 veritas

2108 3882 2288 3950 habet,
2317 3885 2629 3954 Apostolum
2659 3902 2814 3941 usum
2842 3902 3062 3945 vocasse
3106 3892 3422 3959 naturalem,
3452 3894 3539 3962 qui
3572 3892 3692 3947 feti-

2108 3974 2207 4030 bus
2240 3974 2538 4031 destinatus
2587 3976 2813 4034 honeste
2869 3981 2984 4050 agi,
3034 3982 3231 4054 quippe
3274 3986 3611 4050 naturaliter,
3637 3998 3697 4039 ιιι

2109 4074 2315 4134 poterat
2338 4075 2392 4121 et
2420 4067 2666 4132 debebat,
2702 4068 2752 4123 id
2776 4079 2879 4137 est,
2913 4072 2964 4124 in
2983 4055 3298 4143 corporibtis
3337 4076 3423 4131 vel
3454 4076 3694 4147 singula-

2110 4173 2226 4212 rum
2264 4157 2346 4212 vel
2374 4158 2602 4228 plurium
2634 4159 2947 4217 feminarum
2976 4204 2993 4225 ,
3046 4172 3344 4234 temporum
3394 4176 3574 4223 tamen
3614 4184 3693 4221 ra-

2110 4251 2254 4305 tione
2279 4251 2549 4307 concessis
2581 4271 2594 4306 :
2622 4252 2872 4309 fateberis
2899 4256 3013 4311 sine
3026 4255 3186 4312 dubio
3211 4259 3387 4328 inepte
3406 4274 3697 4328 argumen-

2110 4347 2277 4393 tatum
2332 4337 2538 4405 fuisse;
2584 4341 2903 4415 beatumque
2930 4346 3145 4401 Paulum
3192 4349 3405 4405 nomine
3433 4352 3696 4403 naturalis

2109 4447 2257 4500 usus,
2290 4448 2393 4487 non
2425 4431 2849 4503 fornicationem,
2881 4437 3019 4492 sicut
3062 4446 3115 4492 tu
3155 4449 3438 4509 putaveras
3461 4484 3475 4504 ,
3504 4442 3609 4497 sed
3642 4454 3699 4498 et

2109 4523 2389 4580 honestum
2416 4534 2472 4580 et
2499 4526 2820 4597 legitimum,
2850 4529 2939 4599 qui
2972 4529 3279 4586 fecunditati
3328 4542 3545 4601 paratus
3587 4546 3692 4598 est,

2108 4631 2394 4687 corporum
2424 4617 2687 4674 indicasse
2706 4620 3072 4675 commixtum.
3104 4620 3213 4677 Nos
3233 4639 3362 4694 ergo
3381 4626 3573 4680 merito
3600 4642 3698 4695 ge-

2110 4709 2363 4764 neraliter
2389 4709 2756 4778 defendimus,
2813 4713 2955 4784 quod
2996 4713 3322 4772 Manichacus
3366 4719 3700 4789 generaliter

2098 4800 2380 4870 arguebat.
2404 4799 2501 4854 'Tu
2550 4801 2693 4856 enim
2747 4801 2882 4856 dicis
2926 4806 3360 4862 commixtionem
3417 4808 3554 4863 hanc
3610 4825 3703 4864 se-

2111 4906 2271 4945 xuum
2297 4905 2417 4946 cum
2444 4891 2729 4963 voluptate,
2757 4908 2852 4964 per
2876 4894 3146 4951 diabolum
3194 4899 3491 4955 institutam
3515 4943 3530 4967 ,
3563 4916 3704 4957 cau-

2109 4996 2223 5036 sam
2250 4981 2520 5052 originalis
2541 4997 2662 5039 esse
2694 4988 2916 5053 peccati,
2947 4995 3003 5043 et
3030 4989 3405 5046 necessitatem
3452 4992 3706 5048 omnium

2109 5072 2427 5138 criminum;
2459 5086 2523 5127 ac
2550 5088 2647 5144 per
2701 5073 2802 5130 hoc
2852 5075 3021 5145 ipsam
3071 5078 3373 5136 criminaris
3402 5092 3657 5137 naturam
3691 5099 3706 5135 :

2112 5178 2210 5218 nos
2242 5163 2366 5235 quid
2418 5166 2831 5236 conscquentius
2875 5168 3051 5226 facere
3093 5170 3365 5240 potuimus
3395 5216 3410 5239 ,
3448 5190 3617 5244 quam
3656 5185 3717 5231 ut

2113 5261 2247 5310 teste
2268 5252 2515 5325 Magistro
2540 5252 2809 5322 Gentium,
2835 5268 3040 5314 natura:
3063 5261 3413 5331 generalitate
3440 5263 3715 5320 defende-

2113 5361 2293 5401 rcmus
2320 5353 2375 5401 et
2393 5345 2818 5403 adscriberemus
2846 5364 2996 5419 operi
3026 5350 3115 5404 Dei
3140 5391 3156 5418 ,
3179 5351 3321 5423 quod
3352 5359 3409 5408 tu
3437 5355 3715 5409 naturali-

2114 5447 2194 5493 ter
2222 5438 2417 5494 malum
2450 5439 2726 5495 vocabas?
2750 5438 3075 5514 Factumque
3104 5452 3186 5499 est
3224 5452 3283 5500 ut
3307 5446 3449 5518 quod
3475 5454 3530 5500 tu
3566 5448 3720 5504 dicis

2112 5528 2462 5591 diabolicum,
2496 5545 2593 5586 nos
2624 5529 2690 5584 ad
2710 5530 3059 5588 refellendum
3088 5543 3141 5592 te
3162 5535 3506 5606 probaremus
3540 5551 3719 5596 ηα-ῖυο

2181 5681 2197 5747 ξ
2230 5680 2304 5747 sic
2325 5687 2441 5747 Mss.
2456 5686 2505 5728 In
2522 5681 2679 5744 \‘ign.,
2705 5680 2901 5747 pigebit.

2178 5744 2198 5774 '
2234 5742 2524 5804 \‘lgnierius,
2546 5742 2643 5804 qua
2686 5742 2808 5807 Mss,
2839 5744 2969 5810 quia.
