3934 6178
264 263 285 317 1
297 259 387 315 453

264 371 426 426 raliter
449 366 465 397 ¹
501 361 820 417 institutum.
852 355 952 412 Ista
968 365 1048 412 est
1072 356 1268 426 quippe
1302 354 1539 425 legitima
1588 363 1643 409 et
1691 369 1816 409 ern-

261 460 358 513 dita
383 452 676 521 responsio,
699 448 915 520 utquod
938 448 989 501 in
1017 447 1193 517 specie
1233 454 1532 510 accusatur,
1559 443 1822 499 defenda-

265 557 339 600 tur
361 544 409 596 in
437 540 648 610 specie;
678 548 734 594 et
760 538 903 608 quod
929 537 1224 607 ingencre
1266 536 1527 606 arguitur,
1581 534 1819 589 vindice-

262 646 342 692 tur
381 634 434 688 in
481 645 699 703 genere.
751 627 901 697 Quod
957 629 1117 683 etiam
1159 626 1483 682 Manicharus
1524 626 1824 691 intellexit,

262 742 405 800 quem
436 736 490 780 tu
511 736 695 794 inquas
725 720 982 786 crimine,
1034 717 1133 775 sed
1184 733 1292 773 non
1341 730 1521 788 aequas
1571 716 1823 789 ingenio:

262 821 375 877 ideo
402 817 492 873 ille
536 829 749 870 omnem
794 809 1145 866 substantiam
1202 823 1486 877 corporum
1527 804 1830 861 transcribit

262 908 483 971 diabolo;
502 915 558 960 tu
577 913 754 960 autem
781 916 886 957 non
914 901 1237 962 universam,
1270 899 1385 963 sed,
1407 898 1545 953 sicut
1573 897 1627 951 in
1654 895 1831 965 priore

263 1000 387 1054 libro
412 996 667 1061 diximus,
686 993 980 1048 meliorem.
1026 988 1401 1060 Triumpbavit
1451 1002 1580 1059 ergo
1631 985 1828 1041 veritas

259 1088 414 1145 sacris
441 1087 635 1157 stipata
661 1082 941 1154 praesidiis,
977 1095 1098 1150 qua:
1124 1094 1219 1150 per
1237 1079 1550 1149 Apostolum
1600 1075 1833 1147 probans

259 1177 490 1233 naturale
506 1174 787 1244 conjugum
804 1169 1097 1241 negotium,
1113 1177 1169 1224 et
1184 1182 1280 1236 per
1297 1168 1399 1223 hoc
1408 1166 1474 1221 ad
1489 1166 1655 1221 Deum
1672 1164 1833 1235 perti-

258 1284 381 1324 nere
399 1267 489 1338 qui
521 1273 664 1322 esset
688 1272 875 1318 auctor
900 1271 1127 1325 natura),
1155 1268 1334 1315 vestra
1366 1259 1615 1328 ligmenta
1660 1256 1834 1311 disru-

260 1360 352 1430 pit,
391 1356 483 1428 qui
537 1356 589 1410 id
637 1347 1162 1426 praevaricatorium,
1201 1363 1310 1403 non
1358 1347 1602 1402 naturale
1621 1345 1834 1417 juratis.

325 1452 456 1505 Auc.
487 1446 601 1501 Jam
622 1445 780 1499 etiam
807 1456 967 1513 supra
989 1441 1121 1495 satis
1162 1438 1393 1494 diximus
1447 1452 1605 1507 quem
1645 1435 1840 1491 dixerit

260 1538 544 1609 Apostolus
572 1550 724 1591 usum
763 1532 972 1588 feminae
997 1528 1325 1595 naturalem,
1348 1535 1403 1581 et
1454 1541 1550 1581 cur
1605 1522 1838 1596 appella-

256 1633 386 1685 verit
410 1626 727 1690 naturalem,
754 1624 805 1679 id
827 1631 930 1690 est,
976 1634 1099 1676 cum
1153 1620 1212 1674 lit
1239 1618 1318 1674 eis
1360 1617 1618 1673 membris
1641 1616 1841 1671 utrius-

256 1738 358 1793 que
399 1736 565 1778 sexns
587 1760 602 1787 ,
623 1734 742 1789 qua:
772 1716 837 1771 ad
870 1711 1263 1786 propagandam
1302 1721 1428 1765 sunt
1482 1708 1719 1764 instituta
1749 1722 1843 1761 na-

258 1825 453 1880 turam;
485 1814 600 1867 sive
629 1810 749 1865 talis
778 1822 905 1864 usus
930 1816 1095 1874 esset,
1126 1798 1302 1876 qualis
1349 1803 1400 1858 in
1433 1802 1679 1873 paradiso
1720 1814 1842 1856 esse

254 1907 537 1976 potuisset,
570 1903 718 1959 nullo
745 1901 948 1957 scilicet
974 1907 1129 1955 utens
1178 1896 1339 1962 malo,
1391 1896 1478 1951 vel
1523 1894 1667 1950 nulla
1719 1892 1839 1949 exi-

252 2008 451 2065 stente,
481 1997 563 2052 vel
589 1993 802 2052 nonnisi
845 2001 1031 2048 nutum
1063 1988 1351 2046 voluntatis
1398 1987 1756 2057 subsequente
1778 1985 1845 2038 li-

252 2089 463 2153 bidiue;
487 2089 601 2144 sive
620 2085 794 2156 qualis
814 2090 1060 2138 nuncest
1101 2095 1170 2136 ex
1224 2093 1331 2150 quo
1378 2092 1498 2132 esse
1546 2075 1729 2146 coepit,
1766 2074 1849 2128 vel

249 2178 436 2233 licitus
457 2177 598 2231 sicut
619 2175 674 2228 in
704 2171 972 2242 conjugio,
998 2170 1136 2224 bene
1162 2175 1317 2222 utens
1343 2172 1401 2220 et
1435 2164 1679 2233 corporis
1708 2161 1851 2217 bono

246 2278 303 2324 et
334 2267 578 2324 libidinis
608 2264 771 2331 malo;
800 2262 886 2317 vel
912 2261 1128 2315 illicitus
1154 2258 1293 2313 sicut
1317 2256 1370 2310 in
1398 2253 1663 2310 adulterio
1683 2293 1700 2318 ,
1732 2267 1850 2307 ma-

251 2362 303 2418 le
335 2369 506 2418 utens
522 2368 576 2414 et
605 2359 696 2412 illo
727 2356 867 2411 bono
889 2363 944 2410 et
968 2353 1063 2407 illo
1109 2349 1284 2416 malo;
1309 2362 1408 2404 nec
1460 2350 1640 2400 tamen
1689 2347 1851 2400 etiam

253 2454 372 2523 ipse
399 2448 691 2505 discedens
721 2446 787 2501 ab
812 2444 891 2500 eis
931 2442 1184 2497 membris
1208 2480 1224 2507 ,
1279 2454 1399 2510 qua:
1449 2445 1653 2492 naturae
1691 2435 1851 2490 etiam

254 2541 482 2597 nomine
499 2536 716 2609 proprie
772 2540 1169 2601 nuncupantur.
1220 2527 1361 2584 Nihil
1407 2532 1494 2583 est
1532 2525 1710 2594 itaque
1758 2537 1855 2578 cur

256 2644 473 2701 presse,
499 2636 549 2681 ut
578 2625 742 2691 dicis,
772 2638 836 2679 ac
866 2620 1098 2678 breviter
1144 2620 1462 2687 interroges,
1492 2625 1672 2671 utrum
1710 2615 1856 2684 Apo-

258 2720 435 2775 stolas
462 2719 515 2771 in
540 2731 606 2772 eo
632 2713 773 2785 quod
803 2712 878 2767 ait
904 2710 1203 2766 naturalem
1232 2721 1391 2763 usum
1412 2747 1428 2770 ,
1459 2720 1581 2760 eum
1629 2704 1857 2761 voluerit

264 2810 524 2881 intelligi,
550 2807 642 2878 qui
664 2806 777 2861 tieri
803 2814 858 2861 et
903 2811 1111 2873 poterat
1137 2809 1192 2856 et
1214 2799 1478 2864 debebat;
1525 2812 1594 2852 an
1630 2797 1720 2868 qui
1744 2796 1856 2852 ﬁeri

258 2911 504 2973 poterat,
525 2899 618 2957 scd
637 2914 742 2953 nou
763 2896 993 2953 debebat
1021 2911 1036 2948 :
1067 2907 1173 2949 non
1196 2890 1340 2948 enim
1375 2898 1435 2945 ut
1478 2889 1581 2947 hoc
1607 2889 1809 2944 diceret
1835 2927 1855 2955 ,

258 2995 468 3065 aliquid
493 2993 681 3048 borum
707 2989 1015 3044 intuebatur
1035 2984 1343 3057 Apostolus,
1366 2981 1462 3039 sed
1481 2981 1717 3037 membra
1740 2989 1859 3035 tan-

262 3082 551 3140 tummodo
582 3082 856 3150 utriusquc
880 3091 1042 3134 sexus
1089 3074 1388 3146 genitaliter
1433 3071 1717 3137 naturalia,
1754 3070 1859 3126 hoc

260 3186 361 3240 eat,
396 3173 471 3228 ad
501 3170 858 3242 generandam
885 3175 1063 3223 creata
1083 3167 1105 3198 '
1136 3162 1550 3220 naturam.Nam
1580 3162 1699 3232 quis
1716 3162 1866 3232 igno-

269 3279 369 3332 rat,
404 3264 560 3338 quod
587 3264 763 3319 licitus
789 3274 916 3315 usus
951 3259 1161 3315 feminae
1214 3255 1329 3310 fieri
1374 3263 1428 3309 et
1460 3253 1630 3324 possit
1666 3262 1721 3307 et
1770 3251 1866 3308 de-

265 3361 407 3424 beat;
438 3356 662 3412 illicitus
686 3363 864 3408 autem
890 3350 1003 3405 fieri
1032 3347 1220 3419 possit.
1246 3360 1349 3402 nec
1393 3353 1574 3399 tamen
1629 3341 1862 3405 debeat;

265 3460 503 3520 uterque
523 3455 698 3501 autem
728 3444 800 3499 sit
827 3439 1105 3504 naturalis,
1137 3436 1259 3508 quia
1286 3435 1564 3504 utriusque
1592 3445 1753 3487 sexus
1798 3430 1866 3485 ad

269 3550 529 3593 naturam
560 3532 956 3606 propagaudam
1003 3528 1199 3584 creatis
1241 3524 1499 3581 membris
1549 3520 1868 3595 genitalibus

270 3630 326 3684 tit
344 3630 369 3682 ?
399 3624 896 3697 Tergiversatorias
918 3620 1070 3677 aufer
1094 3618 1344 3688 ambages
1368 3656 1385 3683 ,
1433 3629 1656 3670 remove
1680 3612 1869 3684 loqua-

271 3735 364 3776 ces
381 3729 441 3775 et
466 3717 688 3772 fallaces
710 3716 883 3768 fumos
908 3709 1161 3766 vanitatis
1214 3708 1337 3763 tute.
1386 3705 1572 3761 Libido
1617 3717 1867 3773 pecorum

274 3813 399 3868 ideo
422 3826 538 3866 non
571 3806 882 3871 cstvitium,
912 3803 1036 3874 quia
1089 3815 1194 3855 non
1252 3812 1314 3853 ea
1363 3810 1492 3854 caro
1542 3792 1871 3863 concupiscit

275 3903 549 3958 adversus
598 3897 843 3969 spiritum
883 3891 1064 3965 :quod
1108 3889 1428 3946 Manichacus
1476 3887 1522 3941 si
1565 3886 1875 3940 discernere

275 3993 546 4048 valuisset
579 3988 623 4055 ³,
648 4002 749 4043 nec
777 3998 1028 4057 pecorum
1056 3982 1123 4038 ab
1147 3980 1360 4051 opiﬁcio
1389 3978 1479 4033 Dei
1496 3977 1609 4033 veri
1645 3975 1875 4030 alienas-

278 4093 363 4138 set
398 4090 648 4144 naturas,
680 4092 782 4133 nec
830 4074 1104 4131 hominum
1154 4071 1281 4126 vitia
1331 4077 1541 4147 putaret
1581 4080 1704 4122 esse
1752 4063 1878 4119 sub-

275 4176 538 4230 stantias.
567 4171 649 4225 Tu
686 4177 863 4223 autem
905 4165 1006 4221 nisi
1052 4178 1176 4219 cum
1231 4160 1513 4217 Ambrosio
1565 4166 1620 4214 et
1670 4154 1880 4211 creteris

277 4263 586 4321 Catholicis
612 4259 849 4317 senseris
869 4266 1029 4327 atque
1058 4253 1316 4319 tenueris,
1344 4267 1442 4323 per
1486 4246 1881 4320 prmvaricatio-

279 4372 410 4412 nem
434 4354 599 4425 primi
629 4350 858 4405 hominis
884 4346 1066 4403 carnis
1114 4354 1168 4401 et
1220 4344 1439 4413 spiritus
1492 4340 1880 4395 dissensionem

284 4446 340 4499 in
405 4454 649 4500 nostram
701 4439 927 4495 vertisse
974 4443 1216 4491 naturam
1268 4431 1625 4506 (Ambrosius,
1657 4428 1884 4483 lib.7in

285 4534 420 4589 Luc.
457 4548 554 4595 xu,
576 4531 719 4604 55);
762 4526 1148 4600 quantumlibet
1179 4522 1499 4579 Mauichacos
1527 4518 1779 4575 detestari
1806 4519 1887 4571 vi-

284 4628 502 4691 dearis,
520 4638 701 4680 eorum
724 4619 1071 4677 dctestandus
1094 4615 1305 4685 adiutor
1331 4614 1450 4669 sine
1492 4612 1654 4667 dubio
1678 4625 1889 4682 peruia-

286 4720 477 4784 nehis;
508 4713 799 4771 asserendo
849 4725 969 4766 esse
990 4710 1213 4773 bonum,
1246 4705 1388 4775 quod
1429 4719 1550 4761 esse
1578 4704 1775 4758 clamat
1794 4715 1887 4756 ve-

286 4813 432 4864 ritas
465 4809 686 4871 malum;
742 4814 797 4859 et
850 4802 954 4859 hoc
992 4801 1192 4855 malum
1242 4796 1485 4868 negando
1508 4810 1577 4851 ex
1629 4794 1889 4864 deprava-

287 4906 452 4957 tione
482 4899 668 4954 venire
694 4904 913 4966 peccato
940 4892 1139 4947 vitiata:
1157 4898 1370 4944 natura:
1400 4896 1597 4942 nostra:
1622 4927 1640 4953 ,
1673 4894 1729 4939 ut
1780 4884 1892 4938 Ma-

291 4994 571 5053 nichacus.
598 5000 649 5045 te
690 4988 957 5057 adjutore,
1005 4980 1444 5038 commixtionem
1492 4977 1647 5032 nobis
1690 4983 1892 5029 naturae

292 5082 614 5140 introducat
630 5077 654 5113 ⁵
681 5078 887 5133 alicam.

370 5172 529 5230 XXI.
552 5171 668 5227 JuL.
696 5166 867 5225 Simili
891 5164 1134 5221 acumine
1160 5159 1290 5216 illud
1330 5171 1542 5229 quoque
1580 5151 1899 5209 labefactare

291 5242 529 5322 conaris
553 5305 567 5328 ,
587 5260 731 5333 quod
758 5260 865 5314 dixi
893 5300 909 5325 ,
939 5252 1252 5326 evangelico
1282 5247 1585 5306 testimonio
1606 5261 1673 5304 cx
1718 5248 1902 5301 t'rueti-

370 5422 390 5453 ³
432 5417 733 5481 )‘ignierius,
754 5411 1066 5470 creberrimis
1086 5407 1376 5481 institutum;
1386 5406 1579 5466 eruisse,
1597 5400 1901 5463 naturaliter,

290 5479 447 5545 quod
471 5478 566 5545 huc
585 5483 840 5545 revocatur
864 5486 925 5545 ex
965 5478 1312 5545 manuscriptis.

371 5547 395 5574 ι
426 5541 986 5603 ι’ἱεηὶοτίιιθενραιωηα.
1005 5541 1025 5578 \
1039 5540 1150 5582 etus
1172 5531 1329 5603 codex
1350 5537 1611 5589 Portamm,
1638 5531 1819 5578 creata.

375 5606 399 5636 ³
430 5593 595 5664 vagi...
616 5593 851 5664 ocima
878 5605 934 5664 At
958 5604 1092 5664 atss.,_
1109 5593 1348 5664 vetuisset.

376 5666 400 5695 δ
450 5654 522 5713 sti:
556 5654 659 5712 alss.
685 5660 735 5710 lu
769 5657 1041 5721 \‘ignierio,
1073 5654 1270 5706 iudicat.

1592 243 1790 298 LIBER
1829 237 2143 307 QUINTUS.

3386 228 3519 297 uss

1938 352 2035 406 bus
2079 352 2190 405 suis
2232 349 2476 405 arborem
2505 347 2700 403 debere
2727 347 3005 416 cognosci;
3045 354 3102 401 ιιι
3132 345 3469 401 ostenderem
3500 386 3516 410 ,

1935 443 2073 512 quod
2120 442 2320 497 clarum
2348 450 2462 505 est,
2494 439 2674 495 doceri
2703 440 2839 495 bona
2882 455 2987 493 non
3030 453 3186 509 posse
3232 440 3476 511 coniugia
3510 484 3526 506 ,

1936 535 2044 588 imu
2087 534 2252 604 ipsam
2304 541 2578 597 naturam,
2624 548 2743 602 qua:
2792 533 3157 602 conjugiornm
3210 535 3523 599 operatione

1935 623 2242 695 suppletur,
2280 638 2381 679 nec
2412 623 2502 679 Dei
2528 637 2685 693 posse
2703 636 2867 693 Opere
2911 624 2930 655 ί
2958 622 3248 689 vindicari,
3288 624 3333 678 si
3361 624 3430 680 de
3458 640 3519 681 ea

1936 716 2239 771 dicerentur
2252 715 2474 771 crimina
2496 715 2774 785 pullulare.
2800 715 2878 770 Ad
2895 715 2997 770 hoc
3022 730 3147 786 ergo
3163 716 3483 785 respondisti
3506 733 3521 770 :

1943 823 1962 857 ι
1998 805 2260 876 Numquid
2288 804 2544 860 Dominus
2571 805 2693 861 inde
2738 805 3081 875 loquebatur,
3127 817 3180 862 et
3209 822 3315 861 non
3346 805 3523 873 potius

1939 897 2007 953 de
2051 897 2259 953 duabus
2297 897 2659 954 voluntatibus
2704 896 3004 963 hominum,
3057 898 3195 952 bona
3240 899 3444 954 scilicet
3473 908 3529 953 ct

1941 990 2118 1054 mala;
2158 991 2313 1045 istam
2339 989 2533 1046 bonam
2558 1029 2575 1057 ,
2609 990 2753 1044 illam
2801 990 2992 1045 malam
3021 991 3268 1046 arborem
3297 991 3481 1047 dicens
3515 1008 3530 1054 ;

1941 1081 2063 1151 quia
2090 1080 2159 1137 de
2186 1082 2321 1138 bona
2369 1081 2642 1137 voluntate
2686 1096 2849 1151 opera
2901 1082 3041 1138 bona
3090 1092 3379 1138 nascuntur
3407 1125 3425 1149 ,
3479 1095 3535 1138 et

1943 1170 2079 1225 mala
2109 1171 2178 1226 de
2204 1172 2375 1226 mala?
2420 1171 2575 1241 Quod
2618 1172 2662 1228 si
2702 1172 2915 1242 nuptias
2950 1171 3200 1229 arborem
3226 1174 3421 1230 bonam
3446 1174 3532 1229 in-

1945 1259 2272 1331 telligamus,
2300 1261 2537 1330 profecto
2562 1275 2593 1316 e
2613 1261 2885 1316 contrario
2908 1261 3129 1331 posituri
3149 1277 3336 1318 sumus
3360 1262 3532 1319 forni-

1943 1352 2206 1406 cationem
2231 1351 2477 1407 arborem
2507 1352 2718 1407 malatn.
2748 1351 2913 1406 Porro
2934 1352 2977 1406 si
2995 1352 3212 1420 dixerit,
3240 1367 3346 1408 non
3380 1353 3492 1408 illic
3510 1355 3532 1384 ‘

1946 1441 2153 1497 arboris
2179 1441 2297 1498 loco
2321 1440 2625 1511 ponendum
2662 1456 2785 1497 esse
2834 1440 3154 1497 adulterium
3178 1484 3196 1510 ,
3243 1442 3339 1497 sed
3379 1451 3536 1498 natu-

1946 1548 2060 1586 ram
2089 1530 2375 1589 humanam
2396 1533 2465 1588 de
2493 1548 2596 1603 qua
2634 1533 2871 1589 nascitur
2895 1534 3056 1588 homo
3088 1552 3102 1588 :
3138 1535 3208 1588 ita
3234 1542 3289 1591 et
3309 1533 3396 1590 hic
3424 1550 3532 1589 non

1947 1625 2050 1679 erit
2082 1625 2240 1679 arbor
2289 1625 2647 1692 connubium,
2702 1626 2795 1682 sed
2828 1634 3013 1680 natura
3052 1625 3282 1681 humana
3327 1626 3398 1682 de
3431 1641 3535 1696 qua

1949 1716 2187 1770 nascitur
2215 1714 2373 1770 homo
2401 1735 2420 1768 ι
2451 1714 2550 1786 (De
2579 1714 2789 1786 Nuptiis
2814 1726 2862 1770 et
2892 1715 3338 1787 Concupisceutia,
3366 1717 3454 1771 lib.
3477 1714 3534 1778 2,

1950 1821 2004 1858 η.
2031 1805 2142 1875 45).
2202 1805 2460 1861 Falleris:
2491 1821 2596 1860 non
2626 1806 2696 1861 ibi
2725 1806 2979 1861 Dominus
3028 1806 3261 1877 loquitur
3305 1806 3373 1862 de
3402 1805 3537 1862 dua—

1951 1896 2051 1948 bus
2077 1895 2462 1962 voluntatibus,
2488 1894 2583 1949 sed
2611 1894 2678 1950 de
2718 1910 2944 1965 persona
2970 1910 3085 1951 sua.
3106 1896 3370 1963 Quoniam
3415 1912 3538 1953 curn

1954 1986 2208 2043 beneﬁcia
2234 1986 2435 2042 Iudaeis
2462 1994 2739 2057 prtestaret
2765 1987 3044 2042 innumera
3071 1986 3094 2019 ³
3118 2029 3133 2052 ,
3173 1988 3242 2043 ab
3265 1989 3382 2057 ejus
3411 1988 3545 2044 nihil

1956 2076 2416 2132 criminationibus
2429 2077 2764 2133 desinebant.
2786 2078 3049 2134 Caeterum
3075 2093 3193 2153 cum
3219 2095 3380 2148 opera
3401 2080 3540 2150 ejus,

1957 2182 2078 2238 quae
2118 2168 2277 2222 etiam
2307 2166 2706 2237 gloriﬁcabant,
2732 2182 2956 2239 arguere
2998 2183 3103 2243 non
3132 2170 3405 2235 valerent;
3460 2170 3544 2239 ip-

1958 2274 2076 2313 sum
2107 2270 2280 2313 tamen
2306 2258 2699 2315 Samaritanum
2721 2274 2783 2313 ac
2803 2259 3020 2329 plenum
3051 2260 3322 2316 dmmonio
3364 2269 3420 2317 et
3447 2260 3551 2316 Bc-

1961 2349 2249 2405 helzebnlis
2288 2349 2480 2419 spiritu
2526 2350 2884 2406 causabantur
2930 2350 3177 2407 illudere.
3226 2350 3378 2407 Tunc
3419 2368 3548 2422 ergo
3628 2406 3638 2415 ,

1960 2440 2217 2495 Dominus
2242 2440 2358 2494 ait:
2406 2442 2506 2495 Aut
2549 2441 2702 2512 facile
2744 2441 2973 2495 arborem
3013 2441 3226 2511 bonum,
3276 2453 3325 2497 et
3353 2445 3550 2513 [ructus

1959 2533 2070 2603 ejus
2106 2531 2300 2597 bonos;
2333 2542 2419 2585 aut
2442 2535 2595 2603 facile
2617 2532 2849 2587 arborem
2894 2534 3082 2588 malam
3101 2576 3117 2601 ,
3150 2545 3196 2589 et
3222 2536 3416 2605 fructus
3440 2537 3550 2607 ejus

1959 2621 2123 2677 "talos
2150 2622 2169 2677 ὲ
2193 2639 2256 2678 ea:
2278 2624 2522 2695 fructibus
2536 2624 2669 2678 enim
2697 2627 2803 2680 suis
2830 2625 2979 2679 arbor
3004 2626 3315 2698 dignoscitur
3334 2625 3547 2700 (.lfattli.

1962 2729 2076 2782 xu,
2103 2712 2216 2785 55).
2250 2714 2304 2769 ld
2324 2722 2441 2781 est,
2462 2716 2569 2769 Aut
2594 2730 2753 2785 opera
2777 2730 2893 2770 mea
2920 2716 3213 2787 vituperate
3233 2758 3250 2783 ,
3277 2734 3396 2788 quae
3413 2717 3551 2773 bona

1963 2819 2084 2861 esse
2106 2804 2437 2861 infirmitates
2458 2804 2624 2876 pulsae
2648 2815 2700 2861 et
2742 2807 3001 2861 restitutm
3028 2807 3283 2863 sanitates
3323 2808 3552 2879 loquun-

1967 2905 2087 2961 tur;
2131 2902 2189 2950 ut
2211 2895 2511 2965 improbum
2553 2910 2674 2961 me,
2710 2910 2930 2966 cperum
2961 2912 3206 2952 meorum
3248 2899 3553 2955 testimonio

1966 2984 2325 3056 comprobetis
2352 3002 2366 3040 :
2396 2993 2488 3039 aut
2508 2986 2551 3039 si
2581 2985 2696 3040 haec
2726 2993 2873 3041 tanta
2908 2987 3164 3042 beneﬁcia
3210 3003 3316 3042 non
3346 2989 3557 3045 audetis

1969 3089 2231 3146 arguere;
2262 3072 2469 3130 reddite
2506 3074 2659 3129 house
2679 3074 2887 3139 arbori,
2921 3075 3050 3129 mihi
3079 3076 3358 3143 videlicet,
3408 3079 3529 3132 testi

1972 3163 2207 3218 monium
2240 3163 2503 3219 fructuum
2531 3152 2770 3220 meorum
2797 3205 2813 3225 ,
2844 3171 2898 3217 ct
2926 3172 3099 3219 amate
3118 3163 3434 3230 beneficum,
3465 3168 3555 3237 qui

1971 3254 2223 3310 beneﬁcia
2250 3254 2571 3324 praedicatis.
2620 3253 2693 3309 lbi
2742 3269 2871 3325 ergo
2896 3270 3178 3325 personam
3205 3255 3273 3310 de
3310 3258 3559 3326 operibus

1972 3347 2085 3401 suis
2110 3346 2358 3402 Christus
2386 3346 2545 3417 jussit
2573 3338 2788 3418 agnosci
2819 3364 2833 3401 :
2861 3347 3004 3419 quod
3037 3348 3208 3415 \nobis
3231 3350 3352 3418 jure
3370 3349 3561 3404 suifra-

1971 3448 2149 3509 gatunt
2179 3447 2260 3493 est
2277 3478 2293 3504 ,
2321 3447 2379 3493 ut
2406 3438 2721 3494 doceremus
2743 3450 2985 3495 naturam
3009 3454 3222 3511 quoque
3247 3449 3407 3511 atque
3434 3456 3565 3496 con-

1970 3533 2114 3603 jugia
2142 3531 2211 3587 de
2238 3531 2658 3587 fructiﬁcationis
2678 3548 2790 3588 sua:
2809 3532 3063 3603 qualitate
3105 3534 3409 3599 censenda;
3439 3544 3497 3605 ut
3517 3535 3561 3587 si

1976 3624 2150 3679 dehis
2172 3624 2455 3679 criminum
2485 3625 2629 3679 virus
2651 3622 2882 3690 ﬂuebat,
2914 3625 3199 3679 criminosa
3227 3626 3388 3681 etiam
3411 3625 3563 3680 radix

1973 3715 2324 3788 judicaretur.
2355 3712 2488 3769 Vide
2516 3728 2646 3783 ergo
2664 3729 2821 3783 quam
2850 3714 2918 3769 ad
2948 3714 3346 3784 intelligendum
3387 3730 3566 3770 czccu-

1982 3810 2108 3875 tias,
2137 3807 2225 3877 qui
2252 3807 2427 3861 levare
2450 3815 2500 3859 te
2519 3805 2712 3873 objecti
2744 3807 2847 3860 mei
2878 3805 3087 3873 pondus
3116 3806 3349 3874 putasti,
3402 3805 3569 3860 forni-

1980 3904 2245 3956 cationem
2283 3899 2481 3965 nuptiis
2505 3912 2569 3951 cx
2594 3896 2822 3950 adverso
2854 3895 3113 3961 locando,
3160 3904 3219 3951 ut
3255 3897 3396 3953 sicut
3431 3896 3569 3952 bona

1983 3993 2144 4049 arbor
2170 3991 2365 4060 nuptia:
2384 4030 2401 4056 ,
2438 3990 2508 4043 ita
2529 3988 2665 4043 mala
2694 3986 2973 4043 fornicatio
2999 3986 3300 4052 videretur,
3330 3986 3398 4042 dc
3423 4002 3525 4056 qua
3553 4029 3569 4049 .

1986 4085 2038 4140 id
2060 4093 2162 4144 est.
2192 4081 2563 4147 fornicatione,
2590 4077 2883 4135 fecunditas
2908 4077 3047 4133 nulla
3076 4075 3298 4134 deberet
3319 4077 3589 4143 existere,

1987 4191 2056 4231 ne
2085 4174 2222 4229 mala
2253 4172 2665 4229 convinceretur
2683 4211 2699 4235 ,
2724 4170 2768 4225 si
2799 4169 2951 4224 bona:
2981 4166 3178 4238 nuptiae
3200 4167 3357 4223 bonis
3384 4168 3574 4223 fetibus

1988 4254 2373 4337 probarentur;
2414 4276 2535 4317 cum
2588 4263 2747 4317 homo
2771 4260 2885 4315 sive
2925 4258 2994 4314 de
3021 4257 3300 4329 conjugio,
3348 4258 3463 4313 sive
3506 4257 3575 4312 de

1990 4356 2252 4412 adulterio
2280 4354 2515 4410 nascitur
2536 4394 2553 4418 ,
2586 4366 2689 4406 non
2715 4350 2782 4405 de
2810 4350 3038 4419 ﬂagitio,
3065 4348 3159 4404 sed
3186 4349 3253 4405 dc
3275 4358 3463 4403 natura
3489 4362 3575 4405 se.

1993 4451 2195 4503 minum
2224 4448 2464 4525 prodeat.
2489 4443 2770 4517 Flagitium
2800 4440 2996 4510 quippe
3024 4440 3166 4510 quod
3193 4439 3573 4495 muachautium

1993 4542 2266 4596 voluntate
2284 4535 2667 4599 committitur,
2697 4532 3008 4588 substantiae
3052 4531 3292 4587 instituta
3335 4547 3442 4587 non
3469 4541 3580 4587 tur-

1995 4634 2085 4688 bat
2114 4650 2126 4686 :
2172 4644 2354 4685 verum
2382 4635 2597 4682 exercet
2625 4639 2686 4681 se
2706 4633 2893 4680 natura
2922 4638 3018 4693 per
3055 4624 3305 4679 materias
3326 4637 3484 4687 suas,
3526 4633 3581 4678 et

1998 4730 2215 4792 peccato
2235 4725 2545 4774 remanente
2571 4716 2710 4787 apud
2736 4715 2932 4771 illicita:
2956 4713 3247 4770 voluntatis
3269 4723 3543 4771 auctorem
3564 4756 3580 4778 ,

2000 4814 2136 4871 fetus
2180 4814 2441 4868 innocuus
2494 4809 2562 4864 de
2608 4824 2772 4880 opere
2796 4807 3101 4863 Conditoris
3140 4806 3394 4874 erumpit.
3429 4805 3585 4873 Quod

1999 4906 2211 4979 quidem
2250 4912 2306 4959 et
2331 4912 2387 4957 tu
2416 4901 2594 4957 vidisti
2637 4915 2757 4954 esse
2792 4897 3172 4953 referendum:
3212 4897 3307 4954 sed
3359 4900 3587 4969 qualiter

2000 5004 2222 5052 conatus
2268 4994 2343 5048 sis
2388 4990 2639 5053 eludere,
2690 4987 2922 5058 prudens
2980 4987 3147 5043 lector
3183 4990 3444 5045 attendat.
3493 4990 3588 5044 Ais

2003 5087 2144 5142 enim
2171 5102 2186 5141 :
2213 5101 2233 5136 ι
2268 5083 2325 5139 Si
2345 5080 2553 5137 arboris
2580 5080 2698 5133 loco
2725 5077 2797 5132 ibi
2839 5092 2946 5132 non
2971 5087 3054 5133 est
3081 5080 3387 5150 ponendum
3440 5079 3589 5133 adul-

2007 5177 2198 5235 terium
2216 5217 2233 5243 ,
2262 5173 2356 5230 sed
2385 5181 2568 5227 natura
2598 5169 2828 5224 humana
2855 5168 2923 5224 de
2951 5185 3054 5239 qua
3108 5170 3344 5227 nascitur
3386 5171 3548 5224 hoino
3576 5187 3589 5221 :

2008 5270 2078 5324 ita
2102 5278 2154 5323 et
2182 5266 2267 5321 hic
2298 5279 2401 5318 non
2429 5262 2532 5317 erit
2549 5261 2712 5317 arbor
2729 5260 2868 5316 bona
2890 5261 3216 5317 connubium
3240 5301 3259 5329 ,
3287 5260 3381 5316 sed
3404 5267 3589 5314 natura

2075 5463 2091 5493 ι
2134 5466 2183 5508 tu
2207 5466 2342 5515 διες..
2383 5453 2547 5519 aperi
2576 5456 2650 5519 sic
2672 5455 2867 5519 ipsimet
2891 5455 3008 5506 editi
3031 5460 3233 5518 postea,
3269 5464 3378 5519 cap.
3422 5452 3511 5516 25,
3545 5456 3596 5506 in

2010 5521 2338 5585 responsione
2360 5517 2622 5585 Augustini.

2078 5575 2112 5615 ι’
2133 5575 2590 5643 γίεηιῡτίιιεξίιζίιῳ.
2612 5586 2667 5643 At
2685 5584 2815 5643 “$3.,
2832 5575 2951 5627 illic.

2085 5646 2105 5677 ³
2137 5636 2213 5693 sic
2247 5650 2348 5690 stss.
2376 5636 2425 5688 tn
2449 5640 2691 5703 \‘iguierio
2726 5643 2731 5647 ’
2768 5636 3041 5688 buturum}
