3934 6178
424 322 567 377 1455

431 433 656 487 humum
686 430 753 486 de
782 447 880 501 qua
912 429 1143 483 nascitur
1172 427 1351 481 homo.
1393 446 1412 479 ι
1451 427 1561 481 lloc
1591 436 1668 481 est
1718 442 1845 497 ergo
1872 429 2012 497 quod

428 524 604 591 eloqui
639 531 860 575 conatus
881 533 940 574 es
968 536 981 571 :
1009 518 1156 572 Sicut
1191 534 1295 571 non
1328 520 1617 586 imputatur
1645 517 1805 571 homo
1843 516 2012 572 forni-

424 614 623 667 cationi
645 653 659 676 ,
702 611 793 665 sed
826 619 1027 664 natura:
1058 628 1070 663 :
1099 609 1168 663 ita
1198 619 1473 681 peccatum
1507 610 1648 679 quod
1676 610 1903 675 trahitur
1946 610 2015 666 de

431 705 735 773 parentibus
765 702 1030 773 legitimis.
1054 717 1159 756 non
1177 716 1297 755 esse
1324 701 1689 771 imputandum
1719 702 2008 769 connubio,

414 794 522 849 sed
556 804 755 849 naturai
795 793 1042 847 humana:
1062 833 1077 856 ,
1109 808 1265 862 quam
1296 792 1519 847 crimine
1561 792 1806 847 diabolus
1833 793 2015 848 infecit

426 886 665 954 antiquo.
714 884 771 939 In
811 882 1064 938 adulteris
1090 898 1217 952 ergo
1245 882 1467 952 culpasli
1498 882 1885 937 lascivientium
1913 897 2010 937 vo-

428 975 722 1040 luntatem;
754 973 847 1028 sed
891 972 1116 1027 laudasti
1168 972 1454 1027 humanam
1504 981 1783 1037 naturam,
1812 971 1877 1027 de
1905 989 2008 1043 qua

427 1069 588 1120 homo
615 1066 774 1120 etiam
828 1081 923 1135 per
949 1065 1158 1119 illicitos
1209 1063 1525 1120 concubitus
1566 1072 1911 1118 nasceretur:
1958 1064 2010 1118 in

425 1158 735 1228 parentibus
763 1166 939 1211 autem
990 1155 1237 1226 legitimis
1264 1155 1489 1211 laudasti
1523 1154 1847 1210 connubium
1873 1195 1888 1220 ,
1940 1154 2010 1209 de

423 1266 530 1318 quo
567 1266 669 1302 non
692 1248 825 1304 dicis
853 1248 1032 1302 venire
1057 1255 1329 1316 peceatum
1354 1264 1369 1311 ;
1399 1245 1494 1302 sed
1517 1246 1823 1317 vituperasti
1855 1253 2009 1300 natu-

325 1346 329 1351 ’
422 1356 536 1392 ram
562 1382 575 1400 ,
608 1339 674 1393 de
700 1353 801 1406 qua
823 1337 958 1392 dicis
987 1337 1190 1392 infundi
1212 1338 1415 1393 crimen
1443 1336 1790 1392 horrendum.
1818 1337 2011 1406 Vigilet

424 1430 511 1482 hic
540 1445 666 1497 ergo
700 1430 864 1483 let'lnt'
896 1445 1064 1483 meus.
1101 1428 1157 1483 Si
1186 1438 1425 1482 naturam
1456 1428 1741 1483 lmmanam
1772 1429 1822 1483 in
1845 1428 2013 1483 forni-

425 1522 634 1573 caliouc
666 1519 980 1576 laudabilem
1032 1520 1318 1582 censuisti,
1350 1534 1470 1589 qua:
1512 1533 1728 1574 causam
1773 1520 2009 1575 nascenti

425 1612 634 1677 ﬂagitiis
662 1611 967 1666 eneuntium
1009 1611 1339 1681 impollutam
1381 1612 1399 1642 ¹
1446 1610 1688 1675 fecisset;
1741 1611 2010 1680 quomodo

420 1704 558 1756 hanc
586 1704 752 1771 ipaam
788 1711 1028 1757 naturam
1057 1703 1109 1757 in
1135 1702 1386 1758 connubii
1429 1711 1579 1772 parte
1608 1702 1959 1770 reprehendis
1989 1743 2005 1769 ,

425 1810 581 1863 quant
609 1793 743 1847 dicis
773 1807 988 1847 causam
1011 1794 1237 1847 naturali
1261 1794 1469 1848 crimini
1492 1793 1839 1863 prtestitisse?
1866 1793 2008 1865 Ergo

423 1900 529 1935 non
552 1884 766 1953 quidem
813 1885 1171 1948 connubium,
1216 1885 1310 1939 sed
1351 1896 1593 1939 naturam
1622 1884 1906 1939 humanam
1956 1896 2011 1942 et

422 1990 666 2043 maguum
690 1974 885 2029 bonum
907 1983 962 2030 ct
982 1991 1231 2045 magnum
1255 1976 1449 2030 malum
1477 1990 1597 2030 esse
1630 1975 1900 2045 professus
1927 1992 2007 2033 es.

416 2063 549 2117 Nam
582 2064 704 2133 quid
732 2080 793 2119 ea
821 2065 1075 2135 nequius,
1103 2065 1147 2119 si
1187 2065 1390 2119 crimen
1433 2065 1710 2135 ingenuit?
1762 2066 1889 2135 quid
1917 2066 2011 2121 dc-

421 2155 747 2220 testabilius,
774 2156 819 2208 si
848 2169 878 2208 a
901 2154 1113 2209 diabolo
1139 2154 1482 2224 possidetur?
1504 2155 1637 2222 Quid
1661 2170 1789 2224 ergo
1816 2154 2011 2211 habeat

419 2246 551 2300 artis
603 2246 655 2300 in
695 2249 899 2301 semine
921 2286 937 2313 ,
970 2247 1080 2316 ipsa
1108 2247 1300 2301 viderit
1330 2265 1342 2299 :
1372 2247 1643 2317 qualitatis
1683 2248 1925 2313 interim,
1957 2250 2007 2304 in

419 2353 521 2404 qua
572 2338 770 2391 bonum
798 2353 958 2394 onme
984 2338 1064 2392 vel
1092 2338 1288 2392 malum
1313 2348 1426 2403 est,
1472 2338 1718 2408 pessima:
1760 2355 2008 2411 compro-

424 2432 578 2481 hnlttr
601 2469 617 2494 ,
641 2429 683 2481 si
708 2437 764 2483 et
784 2429 895 2499 ipsa
919 2445 1032 2493 rea,
1056 2437 1111 2484 et
1135 2444 1400 2499 generans
1420 2440 1627 2497 reatus,
1651 2439 1705 2486 et
1730 2431 2007 2490 diabolicae

417 2518 751 2573 convincitur
779 2520 1075 2590 tyrannidis
1096 2521 1334 2575 satelles.
1360 2521 1547 2576 Merito
1575 2538 1703 2593 ergo
1730 2524 1799 2577 de
1826 2524 2009 2580 fructi-

416 2610 516 2662 hns
543 2609 654 2662 suis
676 2606 836 2663 debet
855 2610 1014 2665 arbor
1042 2610 1291 2679 agnosci,
1319 2620 1375 2665 ut
1399 2627 1518 2681 qua:
1537 2626 1698 2667 causa
1725 2614 1847 2668 mali
1874 2624 1958 2670 cst
1987 2658 2002 2681 ,

419 2700 556 2755 mala
572 2703 693 2769 jure
715 2700 918 2769 optimo
946 2701 1268 2756 nominetur.

493 2792 628 2846 Anc.
673 2786 901 2846 Causam
950 2791 1077 2845 mali
1151 2792 1423 2861 originalis
1466 2833 1482 2859 ,
1534 2808 1633 2848 nec
1680 2793 1990 2867 coniugium

417 2894 572 2946 esse,
604 2896 702 2937 nec
744 2882 1097 2949 adulterium,
1143 2884 1275 2939 satis
1303 2898 1389 2938 res
1418 2884 1529 2954 ipsa
1569 2885 1840 2941 declarat:
1873 2904 2007 2958 quo-

417 2975 594 3039 niam,
630 2975 682 3031 id
727 2975 869 3046 quod
922 2976 1120 3031 bonum
1151 2979 1313 3032 estin
1346 2987 1530 3033 natura
1581 2979 1809 3035 hominis
1834 3022 1848 3045 ,
1896 2981 2005 3035 Deo

415 3073 634 3121 creante
661 3080 724 3120 ex
746 3065 962 3121 homine
994 3066 1262 3132 nascitur;
1294 3076 1349 3123 ct
1374 3068 1424 3123 id
1452 3069 1593 3139 quod
1626 3070 1818 3124 malum
1845 3070 2006 3126 habet

416 3165 634 3225 propter
678 3155 820 3225 quod
866 3157 1072 3212 renasci
1118 3157 1319 3222 debet,
1372 3174 1437 3214 ex
1487 3158 1703 3215 homine
1754 3161 2000 3215 trahitur.

415 3245 584 3302 Causa
601 3261 765 3317 porro
790 3246 948 3316 hujus
970 3247 1095 3301 mali
1130 3257 1242 3313 est,
1266 3249 1407 3319 quod
1436 3266 1524 3321 per
1564 3267 1720 3304 unum
1751 3250 2004 3305 hominem

416 3346 673 3408 peccatum
697 3339 901 3392 intravit
925 3339 979 3392 in
1016 3342 1256 3393 mundum
1279 3381 1294 3406 ,
1322 3351 1367 3394 et
1413 3358 1501 3412 per
1526 3351 1785 3412 peccatum
1826 3359 1961 3395 mors
1984 3358 2005 3405 ;

416 3436 461 3480 et
481 3428 551 3481 ita
578 3428 630 3480 in
659 3443 832 3481 omnes
861 3427 1085 3482 homines
1122 3430 1447 3498 pertransiit,
1477 3430 1530 3483 in
1553 3446 1651 3500 quo
1672 3448 1843 3485 omnes
1889 3449 2006 3501 pec-

416 3525 650 3569 caoerunt
676 3513 849 3587 (Rom.
882 3532 913 3568 v
938 3558 954 3583 ,
988 3514 1100 3585 12).
1146 3517 1200 3571 lu
1240 3518 1431 3587 quibus
1471 3520 1709 3588 Apostoli
1734 3522 1912 3576 verbis
1951 3523 2001 3577 in

417 3605 575 3658 aliam
632 3605 949 3660 sententiam
996 3606 1632 3678 detorquendis,quanta
1687 3608 2005 3680 loquacitate

419 3695 648 3750 inaniter
677 3696 1036 3761 laboraveris,
1076 3697 1256 3752 vident
1275 3699 1362 3768 qui
1398 3706 1482 3753 tua
1510 3709 1565 3755 et
1594 3711 1776 3756 nostra
1800 3702 2002 3757 intelli-

419 3796 607 3857 genter
637 3788 835 3859 legunt.
865 3789 1006 3857 Quid
1030 3800 1080 3844 te
1110 3790 1268 3861 igitur
1290 3790 1538 3861 adjuvat?
1563 3795 1746 3865 utquid
1785 3796 1882 3851 abs
1906 3806 1956 3852 te
1979 3838 1994 3863 ,

415 3893 617 3947 qua‘so,
633 3889 1106 3935 commemoratum
1129 3889 1210 3936 est
1229 3882 1591 3952 evangelicum
1612 3885 1995 3953 testimonium,

416 3968 557 4037 quod
583 3968 732 4022 arbor
747 3968 878 4023 bona
906 3969 1059 4024 bonos
1079 3974 1274 4041 fructus
1294 3972 1418 4043 facit
1440 4015 1455 4040 ,
1485 3988 1606 4028 cum
1638 3984 1691 4029 tu
1717 3974 1783 4030 de
1810 3977 1997 4047 conju-

416 4058 519 4126 gali
547 4058 841 4128 loquereris
871 4059 1012 4114 bono
1034 4100 1048 4123 ,
1077 4060 1302 4130 ejusque
1318 4060 1531 4118 “fructus
1558 4064 1723 4121 velles
1747 4079 1866 4121 esse
1905 4066 2003 4120 ho-

417 4149 626 4210 mines;
674 4158 925 4218 tanquam
978 4148 1101 4204 ideo
1146 4150 1521 4209 demonstrans
1564 4168 1659 4209 eos
1693 4154 1809 4211 sine
1863 4156 2002 4211 malo

420 4239 563 4292 nasci
589 4280 602 4301 ,
634 4241 753 4309 quia
797 4239 991 4294 bonum
1019 4248 1143 4294 sunt
1191 4241 1386 4310 nuptias
1412 4284 1427 4308 ,
1455 4252 1510 4298 et
1544 4260 1646 4299 non
1672 4254 1834 4317 potest
1855 4248 2005 4302 arbor

414 4328 548 4382 bona
572 4332 769 4399 fructus
808 4330 968 4383 malos
990 4327 1196 4399 facere;
1224 4345 1344 4385 cum
1387 4331 1632 4390 homines
1670 4347 1958 4393 nascuntur
1981 4342 2002 4372 ’

416 4435 481 4471 ex
516 4419 820 4474 hominibus
844 4460 859 4485 ,
888 4421 1001 4476 sive
1033 4436 1155 4476 cum
1199 4422 1443 4494 originali
1480 4439 1651 4491 noxa,
1693 4428 1834 4485 unde
1876 4431 2005 4487 dicit

419 4510 704 4578 Apostolus
724 4551 739 4576 ,
769 4510 965 4581 Corpus
994 4523 1247 4567 mortuum
1267 4524 1339 4568 est
1376 4526 1580 4587 propter
1600 4528 1857 4587 peccatum
1892 4521 2001 4593 (Id.

416 4616 554 4661 vin,
587 4600 711 4669 l0);
750 4601 861 4657 sive
910 4603 1028 4657 sine
1074 4604 1177 4658 ulla
1211 4619 1383 4671 noxa,
1434 4616 1491 4661 ut
1539 4623 1633 4663 vos
1680 4612 2003 4669 contenditis

412 4701 605 4744 contra
639 4692 951 4760 Apostulttm
974 4734 987 4757 ,
1018 4709 1122 4747 non
1153 4702 1328 4749 tamen
1354 4712 1448 4765 per
1472 4699 1778 4770 conjugales
1814 4703 1960 4758 solos
1984 4745 2000 4769 ,

421 4797 604 4835 verum
628 4782 790 4836 etiam
818 4797 915 4852 per
940 4784 1255 4840 concubitus
1283 4784 1608 4855 impudicos;
1642 4801 1695 4844 et
1719 4792 2003 4863 aliquando

422 4875 523 4928 sint
554 4874 752 4929 sterilia
779 4874 1020 4946 conjugia
1042 4918 1057 4937 ,
1089 4875 1316 4932 fecunda
1362 4878 1659 4935 adulteria?
1690 4881 1875 4937 Utrum
1911 4901 2006 4940 au-

424 4974 528 5017 tem
559 4965 812 5021 Dominus
837 4965 968 5019 duas
990 4967 1291 5022 voluntates
1311 5009 1325 5033 ,
1351 4970 1491 5023 sicut
1518 4986 1612 5026 uos
1639 4972 1865 5029 dicimus
1887 5017 1901 5041 ,
1951 4976 2003 5030 iu

421 5054 627 5107 duabus
655 5055 936 5111 arboribus
985 5056 1255 5114 insinuare
1285 5058 1511 5114 voluerit
1534 5104 1547 5126 ,
1580 5078 1736 5117 unam
1766 5064 1959 5119 bonam
1985 5109 2001 5131 ,

423 5161 525 5215 qna
574 5146 744 5200 bonus
770 5154 854 5201 cst
880 5146 1075 5214 homo,
1113 5165 1235 5219 qua:
1266 5164 1368 5203 non
1409 5161 1581 5221 potest
1624 5152 1799 5211 facere
1843 5172 2005 5229 opera

426 5238 564 5291 mala
591 5279 603 5301 ,
637 5237 687 5291 id
727 5246 806 5292 est
829 5277 844 5302 ,
891 5238 1091 5294 fruetus
1126 5241 1326 5306 malos;
1358 5243 1578 5298 alteram
1634 5247 1824 5302 malam
1851 5290 1865 5312 ,
1902 5265 2005 5318 qua

423 5333 597 5387 malus
613 5340 696 5386 est
720 5330 881 5386 homo
899 5372 915 5395 ,
944 5346 1069 5401 qua:
1098 5348 1201 5387 non
1226 5344 1401 5404 potest
1443 5336 1618 5393 facere
1639 5355 1798 5409 opera
1827 5341 1961 5395 bona
1987 5384 2002 5409 ,

426 5424 478 5477 id
502 5434 578 5477 est
595 5465 611 5489 ,
640 5421 843 5478 fructus
864 5424 1062 5483 bonos:
1089 5439 1156 5479 an
1185 5426 1319 5481 sicut
1341 5435 1394 5482 tu
1419 5427 1553 5485 dicis
1575 5429 1642 5486 de
1679 5447 1737 5487 se
1777 5432 1890 5502 ipso
1914 5434 2007 5489 Ju-

491 5639 505 5710 ξ
532 5640 658 5710 tum
676 5675 690 5698 ,
731 5638 997 5703 nupoltuta.
1027 5643 1190 5694 Codex
1223 5649 1333 5694 Mar.
1352 5683 1367 5709 ,
1397 5645 1709 5710 impollutmt.

485 5702 505 5732 ³
531 5704 686 5760 Forte,
700 5702 972 5754 nascantur.

1128 316 1373 372 OPEltlS
1414 314 1820 371 IMPERFECTI
1860 314 2131 371 CONTRA
2171 317 2529 387 JUIJANUM,
2562 321 2616 375 S.
2651 320 3022 378 AUCUSTINI

3572 330 3710 389 1456

2132 428 2260 483 dzeis
2285 430 2381 484 ista
2415 431 2618 487 locutus
2653 434 2757 501 sit,
2792 436 2877 504 qui
2914 452 3072 491 nosse
3100 437 3319 504 volunt,
3359 440 3706 512 Evangelium

2125 513 2342 584 legunt,
2369 524 2416 568 te
2449 518 2716 588 negligant
2747 520 2783 570 ¹.
2821 519 3071 574 Dominus
3106 521 3247 575 enim
3278 539 3398 577 cum
3441 530 3709 585 cavendus

2122 620 2242 661 esse
2264 617 2617 685 monstraret,
2650 612 2738 680 qui
2767 613 3008 667 venirent
3048 614 3097 667 in
3130 616 3324 670 vestitu
3355 617 3535 671 ovium
3558 661 3574 682 ,
3626 622 3707 673 in-

2123 699 2388 753 trinsecus
2410 710 2584 754 autem
2627 702 2735 771 lupi
2772 713 2954 757 essent
3000 719 3222 772 rapaces
3252 724 3264 761 :
3296 705 3376 760 Ex
3416 709 3701 778 fructibus,

2123 790 2326 859 inquit,
2353 808 2524 844 eorum
2568 794 2875 862 cognoscetis
2924 811 3027 848 eos.
3072 794 3338 865 Numquid
3373 800 3620 868 colligunt
3650 804 3711 855 de

2120 879 2281 947 spinis
2311 896 2433 935 uvas
2456 924 2471 946 ,
2503 892 2592 935 aut
2620 882 2682 935 de
2703 884 2901 938 tribulis
2916 885 3042 952 ﬁcus
3062 886 3088 940 ?
3114 885 3204 941 Sic
3225 889 3386 942 omnis
3409 890 3564 944 arbor
3582 892 3712 946 bona

2121 971 2315 1039 fructus
2358 973 2511 1027 bonos
2550 974 2711 1044 facit;
2751 974 2886 1028 mala
2923 986 3088 1029 autent
3126 977 3277 1031 arbor
3304 979 3501 1047 [metus
3550 984 3712 1035 malos

2120 1061 2261 1129 facit.
2286 1061 2407 1117 Non
2437 1073 2596 1133 potest
2617 1063 2765 1118 arbor
2791 1066 2919 1119 bona
2938 1070 3133 1138 fructus
3153 1066 3314 1123 malos
3342 1069 3527 1139 facere,
3555 1087 3712 1142 neque

2119 1150 2272 1205 arbor
2300 1154 2435 1206 mala
2474 1158 2671 1224 fructus
2700 1157 2853 1210 bonos
2890 1160 3057 1228 facere
3082 1157 3292 1231 (Matth.
3335 1177 3446 1227 vn,
3500 1163 3707 1235 16-18).

2122 1240 2188 1294 Et
2208 1243 2499 1297 secundum
2546 1245 2742 1300 Lucam
2774 1287 2789 1312 ,
2821 1263 2941 1302 cum
2987 1249 3275 1320 hypocrita:
3311 1264 3669 1323 arguerentur
3694 1298 3708 1319 ,

2118 1331 2241 1386 dine
2278 1335 2391 1389 iste
2412 1340 2633 1392 arbores
2659 1348 3096 1395 commemorata:
3134 1351 3289 1407 sunt,
3319 1353 3374 1398 et
3420 1360 3545 1400 mox
3596 1348 3708 1401 evi~

2118 1422 2309 1480 denter
2336 1428 2614 1494 exposite,
2644 1431 3002 1501 subsequente
3031 1433 3259 1489 Domino
3285 1446 3444 1507 atque
3460 1438 3706 1495 dicente:

2120 1514 2297 1571 Bonus
2323 1519 2472 1572 homo
2500 1522 2561 1573 de
2579 1521 2709 1576 bona
2738 1524 2973 1578 thesauro
2995 1526 3159 1581 cordis
3181 1529 3261 1581 sui
3276 1534 3467 1600 profert
3488 1531 3709 1593 bonum;

2118 1616 2165 1659 et
2188 1607 2354 1662 malus
2382 1610 2530 1664 homo
2556 1611 2621 1664 de
2639 1614 2774 1668 malo
2803 1616 2997 1682 profert
3042 1617 3234 1670 malum
3260 1633 3278 1671 :
3304 1635 3368 1673 ex
3394 1620 3708 1674 abundantia

2115 1700 2246 1752 enim
2267 1702 2434 1756 cordis
2455 1719 2511 1756 os
2552 1702 2771 1774 loquitur
2802 1705 2951 1776 (Luc.
2995 1724 3075 1773 vt,
3122 1710 3235 1780 45).
3260 1710 3359 1767 Ubi
3384 1722 3565 1767 autem
3593 1717 3703 1780 ait,

2115 1788 2215 1842 Aut
2240 1792 2393 1861 facile
2431 1792 2662 1848 arborem
2688 1795 2872 1849 bonam
2906 1807 2952 1851 et
2980 1798 3200 1866 fructum
3227 1802 3335 1867 ejus
3361 1803 3548 1857 bonum
3565 1845 3583 1870 ,
3622 1815 3709 1858 aut

2115 1878 2268 1947 facite
2294 1881 2523 1936 arborem
2549 1883 2735 1939 malam
2759 1896 2804 1938 et
2829 1886 3048 1956 fructum
3073 1890 3183 1961 ejus
3218 1892 3405 1946 malum
3456 1893 3623 1963 (quod
3654 1908 3707 1950 tu

2114 1986 2235 2026 eum
2264 1972 2332 2027 de
2357 1990 2415 2029 sc
2436 1974 2550 2044 ipso
2580 1977 2778 2032 dixisse
2816 1979 3111 2053 opinaris),
3164 1982 3306 2039 unde
3338 1984 3535 2041 dixerit
3585 2005 3704 2043 mox

2113 2066 2361 2134 aperit-ns
2394 2085 2406 2120 :
2440 2066 2701 2138 Siquidem
2730 2088 2793 2124 ea:
2828 2076 3031 2143 fructu,
3064 2074 3271 2144 inquit,
3321 2078 3473 2131 arbor
3522 2096 3707 2150 cogno-

2113 2155 2294 2210 scitur.
2316 2154 2591 2228 Progenies
2615 2160 2901 2231 viperarum
2925 2203 2939 2225 ,
2964 2164 3216 2231 quomodo
3242 2167 3447 2235 potestis
3477 2169 3608 2222 bona
3630 2172 3706 2223 lo-

2112 2246 2200 2317 qui
2219 2288 2233 2309 ,
2264 2263 2379 2300 cum
2402 2249 2511 2302 sitis
2532 2250 2700 2304 mali?
2722 2268 2785 2304 ea:
2810 2252 3123 2307 abundantia
3154 2255 3287 2309 enim
3316 2258 3488 2311 cordis
3528 2275 3586 2313 os
3626 2261 3702 2313 lo-

2112 2337 2304 2405 quitur.
2333 2337 2504 2394 Bonus
2532 2341 2681 2397 homo
2716 2343 2779 2396 de
2807 2343 2935 2398 bona
2961 2344 3196 2399 thesauro
3224 2351 3416 2419 profert
3446 2348 3619 2415 bona;
3653 2362 3701 2405 et

2113 2427 2279 2483 malus
2308 2430 2457 2484 homo
2487 2432 2550 2484 de
2574 2433 2707 2487 malo
2734 2434 2968 2490 thesauro
2987 2440 3182 2508 profert
3206 2438 3341 2492 mala
3363 2438 3581 2510 (Matth.
3610 2459 3698 2508 xu,

2113 2518 2317 2588 ,ὃὸ-55).
2355 2520 2587 2577 Videsne
2627 2530 2677 2578 te
2698 2524 2844 2590 falli,
2876 2542 2981 2580 non
3014 2529 3139 2582 me?
3168 2528 3302 2584 Redi
3332 2545 3463 2601 ergo
3492 2532 3559 2586 ad
3582 2548 3701 2588 cau-

2112 2622 2224 2662 sam
2269 2611 2446 2679 operis
2498 2612 2656 2679 mali,
2708 2624 2763 2669 et
2805 2615 3045 2672 invenies
3086 2618 3409 2675 voluntatem
3458 2624 3695 2677 malam:

2111 2696 2224 2751 redi
2249 2698 2313 2752 ad
2336 2714 2547 2755 causam
2569 2703 2843 2774 originalis
2872 2706 3030 2774 mali,
3061 2717 3117 2763 et
3142 2710 3380 2765 invenies
3411 2713 3570 2781 primi
3602 2717 3698 2767 ho-

2113 2786 2268 2842 minis
2312 2789 2638 2847 voluntatem
2682 2796 2911 2863 malam,
2968 2807 3021 2853 ct
3066 2813 3130 2853 ea
3173 2799 3407 2856 vitiatam
3457 2814 3699 2859 natuer

2116 2875 2331 2932 bonam.

2181 2964 2346 3022 XXII.
2376 2967 2495 3023 .1υι.⁸
2522 2969 2721 3027 Verum
2768 2972 2883 3029 huic
2911 2975 3211 3045 loquinmr,
3259 2988 3319 3035 ut
3356 2980 3479 3036 lidei
3512 2993 3699 3039 vestrae

2110 3056 2228 3125 quis
2248 3058 2317 3111 sit
2344 3058 2463 3113 linis
2491 3062 2769 3118 ostendam
2802 3082 2815 3118 :
2849 3074 3104 3122 caeterum
3135 3068 3263 3124 illud
3317 3071 3691 3129 inconcussum

2110 3142 2281 3211 valet,
2312 3148 2453 3217 quod
2483 3150 2934 3221 disputationibus
2964 3156 3391 3225 prtecedcntibus
3420 3160 3698 3218 fundatum

2108 3245 2190 3289 est
2213 3278 2228 3302 ,
2262 3252 2359 3291 nec
2384 3238 2667 3310 quidquam
2696 3243 2893 3298 malum
2934 3260 3053 3300 esse
3072 3287 3086 3306 .
3138 3257 3333 3317 pneter
3351 3264 3489 3320 opus
3510 3253 3696 3309 volun—

2112 3327 2232 3381 tstis
2247 3327 2386 3397 quod
2405 3330 2608 3397 justitia
2631 3331 2873 3401 prohibet
2897 3337 3286 3407 perpetrantis;
3314 3355 3415 3397 nec
3439 3342 3582 3411 quod
3608 3359 3696 3397 na-

2110 3417 2277 3472 turale
2322 3428 2440 3485 est,
2469 3435 2627 3492 posse
2674 3423 2874 3479 malum
2915 3426 3180 3482 convinci.
3225 3428 3403 3485 Manet
3428 3446 3559 3501 ergo
3584 3432 3695 3486 [nec

2110 3505 2422 3562 inconcussa
2448 3510 2610 3565 turris
2633 3551 2649 3576 ,
2678 3512 2747 3567 de
2791 3514 2945 3585 cujus
2967 3516 3111 3571 edito
3141 3518 3415 3575 latrocinia
3454 3522 3695 3578 diverso-

2108 3614 2223 3652 rum
2258 3601 2633 3671 propulsantur
2653 3620 2913 3661 errorum.

2181 3691 2313 3747 Anc.
2346 3692 2481 3758 Quid
2507 3704 2590 3748 est
2614 3695 2753 3765 quod
2780 3696 2948 3764 dicis;
3001 3708 3092 3753 aut
3115 3716 3233 3771 qua:
3263 3711 3387 3757 sunt
3427 3713 3532 3761 tua:
3558 3721 3695 3776 pra:-

2107 3780 2360 3838 cedentes
2384 3784 2772 3855 disputationes
2793 3831 2806 3855 ,
2840 3790 2943 3845 nisi
2973 3792 3361 3862 loquacissimze
3386 3800 3694 3854 vanitates?

2107 3874 2244 3943 Quid
2273 3886 2355 3931 est
2380 3880 2521 3949 quod
2568 3879 2700 3936 dicis
2723 3924 2739 3948 ,
2793 3901 2811 3935 ι
2846 3899 2945 3939 nec
2983 3886 3271 3956 quidquam
3301 3888 3499 3945 malum
3528 3907 3647 3947 esse
3675 3933 3689 3953 .

2109 3976 2303 4036 praeter
2330 3984 2465 4039 Opus
2490 3971 2783 4028 voluntatis
2810 3975 2949 4044 quod
2973 3976 3177 4047 justitia
3206 3979 3453 4048 prohibet
3502 3998 3692 4053 perpe-

2110 4060 2336 4115 trantis?
2372 4062 2565 4133 rErgo
2596 4064 2706 4135 ipsa
2738 4068 2983 4124 voluntas
3014 4070 3150 4125 mala
3181 4086 3285 4126 non
3315 4083 3399 4129 est
3451 4076 3647 4129 malum
3676 4117 3690 4139 ,

2107 4150 2285 4203 sinon
2326 4160 2409 4206 est
2434 4152 2720 4224 quidquam
2750 4157 2947 4214 malum
2995 4158 3095 4214 nisi
3148 4174 3284 4231 opus
3320 4163 3473 4232 ejus?
3511 4164 3695 4235 Neque

2108 4242 2249 4295 enim
2271 4252 2352 4297 est
2376 4257 2711 4314 consequens
2729 4287 2745 4313 ,
2774 4258 2831 4302 ut
2858 4250 2997 4304 mala
3031 4251 3278 4307 voluntas
3307 4252 3503 4309 habeat
3528 4257 3690 4309 etiam

2108 4334 2447 4404 perpetrandi
2472 4335 2650 4405 operis
2677 4338 2981 4395 facultatem
3011 4358 3024 4395 :
3054 4357 3119 4396 ac
3146 4357 3241 4412 per
3263 4342 3366 4398 hoc
3398 4353 3450 4400 te
3477 4355 3693 4400 auctore

2109 4442 2215 4480 non
2238 4426 2340 4481 erit
2372 4426 2566 4481 malum
2597 4426 2829 4484 hominis
2866 4432 3006 4488 male
3029 4434 3201 4500 vellc,
3228 4434 3444 4504 quando
3470 4452 3570 4490 non
3600 4452 3694 4505 po.

2110 4527 2212 4572 test
2247 4517 2445 4575 facere.
2474 4520 2604 4589 Quis
2630 4521 2783 4576 istam
2813 4523 2948 4579 ferat
2971 4524 3328 4592 insipientiam
3352 4568 3367 4593 ,
3403 4529 3489 4583 vel
3521 4530 3692 4597 potius

2108 4609 2434 4664 amentiam?
2457 4611 2553 4667 Ubi
2576 4612 2735 4666 etiam
2785 4615 3030 4683 ponimus
3048 4657 3065 4681 ,
3092 4616 3215 4686 quia
3244 4617 3289 4671 si
3338 4631 3445 4673 non
3470 4628 3551 4674 est
3573 4634 3692 4673 ma-

2109 4698 2219 4754 lum
2269 4701 2595 4771 quidquam,
2650 4704 2749 4759 nisi
2816 4721 2951 4776 opus
2976 4707 3262 4763 voluntatis
3316 4711 3460 4779 quod
3491 4711 3693 4781 justitia

2110 4792 2356 4863 prohibet
2387 4796 2771 4864 perpetrantis;
2819 4811 2926 4853 non
2965 4808 3123 4854 erunt
3170 4800 3306 4855 mala
3346 4817 3694 4873 qumcumquc

2111 4883 2353 4940 homines
2384 4885 2626 4941 nolentes
2656 4886 2769 4943 sive
2807 4897 3000 4965 agunt,
3052 4890 3165 4945 sive
3200 4891 3479 4960 patiuntur
3517 4909 3533 4946 :
3584 4908 3691 4947 non

2108 4976 2214 5031 erit
2246 4977 2442 5031 malum
2465 4978 2606 5046 quod
2637 4978 2830 5033 clamat
2874 4980 3192 5051 Apostolus,
3236 4979 3357 5035 Non
3402 4984 3531 5037 enim
3558 4984 3696 5053 quod

2109 5065 2221 5119 volo
2242 5106 2257 5130 ,
2285 5067 2420 5137 facio
2466 5067 2681 5130 bonum;
2710 5070 2799 5122 sed
2846 5070 2982 5136 quod
3028 5069 3147 5125 nolo
3176 5073 3369 5126 malum
3392 5116 3410 5141 ,
3462 5075 3554 5128 hoc
3597 5092 3695 5146 ego

2114 5157 2287 5230 (Rom.
2324 5174 2426 5222 vu,
2481 5158 2570 5228 19)
2604 5178 2617 5215 :
2651 5176 2756 5215 non
2809 5162 2912 5216 erit
2953 5163 3153 5218 malum
3197 5166 3514 5241 supplicium
3559 5168 3695 5238 ignis

2110 5250 2325 5313 a‘tcrui,
2357 5250 2444 5304 ubi
2471 5250 2573 5304 erit
2602 5249 2757 5306 ﬂetus
2781 5260 2833 5306 et
2858 5252 3058 5308 stridor
3082 5253 3318 5321 dentium
3347 5256 3688 5325 (Matth.vni,

2114 5340 2225 5410 19.);
2268 5342 2391 5412 quia
2422 5341 2474 5396 id
2501 5342 2688 5397 volens
2721 5358 2877 5399 nemo
2905 5345 3167 5414 patietur,
3208 5355 3394 5403 etnon
3436 5361 3515 5405 est
3558 5365 3699 5419 opus

2110 5430 2398 5486 voluntatis
2409 5431 2549 5501 quod
2566 5431 2767 5502 justitia
2782 5434 3025 5503 prohibet
3037 5439 3411 5505 perpetrantis,
3431 5439 3522 5494 sed
3540 5453 3696 5509 pana

2113 5521 2360 5578 nolentis.
2386 5522 2609 5590 Quando
2635 5524 2734 5580 ista
2772 5539 3010 5596 sapores,
3031 5527 3198 5582 sinon
3221 5530 3531 5586 mirabilizer
3553 5531 3696 5586 desi-

2194 5714 2205 5744 '
2233 5716 2380 5769 l'kliti.
2408 5725 2455 5769 et
2488 5718 2747 5784 negligant.
2780 5720 3099 5770 Fmendantur
3128 5735 3187 5772 ex
3214 5726 3564 5789 manuscriptts.
