3954 6178
252 265 368 320 i157

246 398 390 455 peros
412 384 448 446 ',
476 381 553 436 vel
587 379 759 449 potius
781 380 1041 433 insanires
1061 380 1085 433 ἲ
1106 376 1240 448 Quid
1261 384 1341 431 c.-t
1381 367 1700 441 etiamquod
1732 366 1812 421 di-

243 478 330 540 cis,
360 495 377 525 ι
412 490 507 529 nec
523 473 660 543 quod
691 472 928 526 naturale
948 482 1050 535 est,
1077 473 1269 523 malum
1296 483 1448 536 posse
1476 461 1757 518 convinci?
1787 480 1804 512 ι

243 566 376 620 Itane
396 566 619 631 vero(ut
667 560 1067 616 innumerabilia
1119 558 1375 613 naturalia
1418 557 1540 609 vitia
1568 553 1811 608 corporis

241 653 453 725 taceam)
480 655 672 707 malmn
696 662 902 707 nonest
928 652 1159 705 surditas
1186 649 1468 713 naturalis,
1495 664 1611 718 qua:
1640 648 1807 715 ipsam

237 762 463 816 quoque,
486 760 551 800 ex
577 759 677 814 qua
701 744 877 814 justus
905 743 1031 797 vivit
1057 741 1254 813 (Calat.
1284 757 1339 795 ιιι
1365 782 1378 800 .
1410 740 1497 807 II)
1519 780 1533 803 ,
1590 737 1809 806 impedit

239 841 385 893 tidem
407 881 420 899 ,
452 839 699 907 quoniam
732 836 864 890 ﬁdes
891 852 955 890 ex
1006 834 1188 889 auditu
1234 841 1315 886 est
1364 831 1540 902 (Rom.
1572 847 1638 896 ι,
1670 828 1758 897 17)
1784 828 1808 882 ?

234 928 331 982 Sed
361 941 479 986 vos.
515 925 614 979 nisi
663 925 808 980 surdi
836 924 976 978 intus
1013 926 1233 985 essetis,
1264 919 1519 990 Apostolo
1547 919 1756 975 dicente
1788 960 1802 984 ,

235 1015 439 1070 Fuimus
466 1017 596 1069 enim
624 1026 674 1069 et
712 1031 803 1068 nos
824 1004 1123 1068 naturaliter
1142 1013 1238 1082 lilii
1261 1013 1380 1074 iraa.
1407 1012 1534 1065 sicut
1556 1022 1604 1065 et
1632 1009 1807 1063 ueteri

231 1106 439 1177 (Ephes.
466 1123 499 1160 n
522 1149 535 1163 .
557 1108 650 1176 5);
680 1106 859 1161 cordis
880 1106 1097 1160 auribus
1126 1103 1403 1159 audiretis.
1449 1102 1554 1157 Sed
1602 1100 1805 1172 pergite

230 1199 391 1254 adhuc
410 1242 426 1265 ,
455 1210 507 1254 et
526 1200 776 1254 cordibus
801 1199 960 1254 caecis
981 1196 1263 1267 surdisque
1290 1197 1517 1251 clamate
1542 1238 1558 1261 ,
1585 1195 1700 1249 Non
1722 1203 1804 1248 est

229 1291 414 1344 malum
443 1290 754 1344 naturaliter
781 1304 901 1344 esse
938 1288 1253 1342 obliviosum
1274 1329 1290 1353 ,
1335 1286 1653 1341 naturaliter
1682 1300 1802 1340 esse

229 1381 504 1442 obtunsum
526 1423 542 1448 ,
594 1381 902 1437 naturaliter
928 1396 1048 1437 esse
1089 1381 1399 1435 iracundum
1421 1421 1438 1447 ,
1496 1378 1805 1433 naturaliter

228 1486 340 1526 esse
392 1471 753 1527 libidinosum.
795 1471 901 1525 Cur
928 1473 1068 1526 enim
1121 1488 1225 1526 non
1279 1471 1453 1525 securi
1505 1471 1648 1524 l'atua
1705 1468 1802 1522 ista

228 1561 379 1616 verba
393 1561 640 1632 jactatis,
671 1562 862 1633 quibus
898 1564 1090 1616 malum
1139 1578 1243 1615 non
1276 1574 1356 1617 est
1382 1562 1541 1617 etiam
1564 1562 1676 1631 ipsa
1722 1561 1801 1615 fa-

229 1653 378 1709 tuitas
415 1654 716 1710 naturalis?
761 1654 936 1724 Usque
959 1654 1094 1710 adeo
1121 1655 1312 1725 quippe
1346 1670 1503 1708 omne
1547 1653 1802 1725 originale

226 1746 413 1800 malum
472 1747 721 1803 meritum
782 1757 1073 1817 negantes,
1127 1758 1315 1803 cuncta
1364 1747 1619 1801 naturalia
1677 1747 1798 1801 vitia

225 1833 432 1890 laudare
459 1838 742 1908 cogimini,
794 1846 852 1893 ut
889 1854 993 1894 non
1021 1839 1190 1893 solum
1217 1853 1443 1907 corpore
1487 1836 1754 1892 deformes
1782 1879 1797 1902 ,

224 1925 420 1982 debiles
440 1969 454 1991 ,
488 1937 961 1998 moustruososque
984 1929 1119 1983 fetus
1144 1969 1159 1993 ,
1190 1944 1369 2005 verum
1401 1929 1560 1983 etiam
1592 1928 1762 1981 fatuos
1782 1968 1798 1992 ,

223 2017 262 2071 si
291 2034 449 2073 nemo
498 2019 568 2074 ibi
620 2029 922 2089 peccasset,
952 2029 1234 2075 exon-turos
1262 2021 1312 2073 in
1343 2019 1588 2087 paradiso
1614 2020 1801 2075 tuisse

221 2106 434 2173 dicatis;
467 2110 594 2163 dum
628 2119 802 2164 tamen
837 2109 1139 2183 pudendam
1186 2119 1490 2179 susceptam
1522 2116 1752 2163 vestram
1784 2149 1798 2173 ,

221 2214 313 2267 qua
345 2215 476 2253 caro
504 2200 832 2268 concupiscit
877 2199 1137 2255 adversus
1162 2200 1401 2269 spiritum
1427 2241 1441 2266 ,
1474 2199 1616 2253 inter
1659 2198 1798 2252 deli-

221 2290 318 2342 cias
347 2289 453 2342 loci
487 2290 626 2345 illius
654 2290 943 2345 beatissimi
974 2291 1265 2346 collocetis.

284 2380 477 2435 XXIII.
518 2381 636 2436 Juc.
681 2382 876 2437 Verum
906 2399 1070 2449 nunc,
1095 2383 1235 2452 quod
1261 2382 1409 2437 locus
1441 2381 1622 2452 exigit,
1658 2381 1799 2435 inse-

222 2489 457 2541 quamur.
504 2475 737 2542 Apparet
780 2482 852 2540 te,
898 2475 1239 2529 subtilissime
1275 2474 1589 2543 disputator,
1641 2488 1797 2527 unam

222 2563 561 2632 eamdemque
601 2579 737 2626 rem,
772 2574 1011 2618 naturam
1039 2564 1242 2618 scilicet
1269 2563 1556 2618 humanam
1593 2562 1799 2643 magnis

224 2653 465 2707 extulisse
503 2652 768 2718 laudibus,
814 2653 908 2708 sed
956 2653 1246 2723 majoribus
1283 2654 1580 2708 maculasse
1618 2655 1799 2708 crimi-

225 2742 367 2797 nibus
395 2761 408 2795 :
442 2743 586 2813 quod
613 2745 750 2800 sicut
783 2762 886 2799 uno
910 2753 1168 2814 tempore,
1198 2761 1303 2801 uno
1329 2747 1551 2815 opere’,
1583 2762 1798 2816 unoque

223 2835 433 2890 consilio
461 2836 677 2890 evenire
714 2836 870 2891 simul
899 2850 1001 2891 non
1032 2845 1238 2905 potest;
1271 2838 1339 2893 ita
1378 2839 1513 2891 ratio
1540 2836 1795 2892 naturalis

223 2938 546 2994 nequaquam
577 2925 717 2996 capit
763 2924 897 2994 hcce,
940 2928 1022 2981 vel
1044 2926 1143 2981 sub
1180 2926 1796 2983 alternatione'contra-

224 3011 324 3078 ria,
364 3013 456 3067 sed
517 3030 627 3069 uno
667 3031 881 3085 semper
910 3018 1086 3086 plena,
1125 3016 1175 3071 id
1218 3026 1320 3084 est,
1355 3019 1619 3074 taxatione
1646 3018 1793 3084 boni,

225 3115 474 3174 nunquam
509 3115 729 3175 propter
746 3109 965 3173 malum,
988 3108 1127 3178 quod
1158 3107 1273 3178 ejus
1294 3108 1531 3163 instituta
1554 3119 1797 3178 peracto-

225 3192 290 3247 ris
325 3194 401 3248 sui
444 3211 556 3250 non
600 3197 812 3265 capiunt
839 3196 1202 3268 dignitatem‘,
1242 3199 1340 3252 nisi
1384 3215 1414 3252 a
1443 3199 1796 3269 pollutissimo

225 3281 620 3340 Manichazorum
646 3286 806 3342 dente
830 3288 1124 3344 mordetur.
1154 3289 1260 3344 Sed
1288 3289 1389 3344 hoc
1415 3291 1647 3359 expleto,
1668 3289 1792 3344 illud

227 3372 434 3443 inquiro,
460 3392 602 3446 quos
633 3386 786 3446 putes
826 3380 1076 3433 connubii
1115 3379 1288 3436 fumos
1313 3380 1632 3451 sequendos.
1662 3381 1793 3435 Nam

227 3461 265 3517 Si
300 3466 623 3521 connubium
660 3465 841 3523 fateris
866 3483 972 3523 non
1002 3485 1121 3524 esse
1163 3485 1377 3525 causam
1406 3470 1657 3540 hominis,
1700 3471 1795 3527 sed

227 3564 475 3625 naturam;
526 3561 727 3628 peccati
764 3577 974 3631 quoque
1013 3578 1227 3617 causam
1275 3580 1380 3618 non
1427 3580 1545 3619 esse
1585 3581 1793 3620 conuu-

227 3644 374 3713 bium,
399 3649 491 3704 sed
538 3659 812 3716 naturam;
858 3652 959 3707 hoc
982 3654 1327 3719 conuubium,
1359 3656 1442 3709 cui
1473 3656 1679 3711 laudem
1708 3658 1794 3711 da-

203 3734 327 3800 ‘bas,
361 3748 529 3795 totum
563 3756 782 3811 prorsus
806 3743 1039 3798 evanuit.
1062 3743 1158 3798 Cui
1189 3760 1317 3815 ergo
1348 3746 1423 3799 rei
1451 3746 1791 3813 adscribitur,

227 3828 264 3880 si
296 3846 386 3886 nec
424 3834 554 3887 mali
600 3834 695 3898 tui,
738 3850 836 3890 nec
869 3835 992 3889 boni
1037 3837 1141 3889 mei
1180 3852 1337 3891 causa
1378 3832 1497 3892 est?
1523 3838 1577 3893 Si
1611 3838 1679 3892 ab
1708 3838 1796 3893 ho-

227 3930 408 3978 nestate
441 3925 697 3980 connubii
725 3925 992 3981 hominem
1031 3928 1339 3994 submoves,
1380 3945 1448 3985 ne
1475 3946 1597 3985 eum
1632 3930 1792 3987 etiam

227 4009 543 4071 fornicationi
575 4019 782 4087 cogaris
822 4019 1152 4086 adscribere;
1182 4036 1210 4074 a
1242 4024 1563 4078 necessitate
1590 4039 1793 4078 connu-

227 4100 288 4157 bii
314 4119 586 4173 peceatum
630 4125 891 4178 removes,
920 4128 987 4167 ne
1012 4114 1222 4182 nuptias
1245 4113 1500 4169 damnare
1527 4115 1788 4183 videaris;

226 4193 334 4258 quid
359 4199 614 4253 remansit
640 4200 795 4257 laude
818 4201 1035 4272 dignum
1074 4203 1123 4257 in
1165 4205 1500 4272 possessione
1526 4207 1793 4278 eonjugii?

227 4282 320 4337 Cur
344 4288 466 4344 illud
497 4292 658 4346 times
682 4292 879 4347 violare
907 4308 1173 4357 sermone,
1204 4294 1346 4365 quod
1372 4296 1584 4352 admota
1610 4298 1793 4369 dispu-

228 4376 405 4434 tatione
429 4380 671 4437 funditus
695 4383 985 4437 subruisti?
1022 4384 1184 4454 Cujus
1225 4401 1354 4456 ergo
1390 4389 1466 4442 rei
1493 4404 1648 4444 causa
1671 4404 1791 4446 esse

226 4461 428 4535 dicetur,
477 4472 525 4526 si
568 4488 667 4526 nec
709 4474 849 4526 malo
897 4489 995 4528 nec
1026 4475 1169 4530 bono
1214 4476 1491 4547 participat
1525 4481 1790 4535 naturali?

227 4551 346 4610 Nihil
381 4554 504 4631 ergo
530 4562 639 4630 jam
670 4564 780 4633 agit
819 4566 869 4617 in
912 4566 1070 4621 rebus
1115 4567 1359 4621 humanis
1402 4584 1595 4625 nomen
1627 4569 1792 4627 Itone-

227 4653 419 4718 stasqne
445 4654 714 4723 eonjugii?
741 4654 845 4710 Sed
879 4658 1110 4725 angeris,
1141 4667 1196 4712 et
1227 4657 1359 4713 dure
1385 4659 1597 4728 quidem
1624 4679 1638 4716 :
1666 4662 1792 4717 sub-

228 4740 522 4798 veniendum
569 4755 651 4801 est
699 4746 854 4817 igitur
892 4748 1085 4802 anhelo
1130 4751 1265 4803 seni.
1322 4750 1596 4808 Remansit
1647 4755 1789 4824 quod

226 4828 399 4883 cidare
430 4837 622 4901 possis,
656 4837 772 4891 sine
800 4852 905 4906 quo
934 4848 1107 4893 tamen
1150 4838 1278 4893 nihil
1308 4840 1449 4896 aliud
1476 4843 1742 4899 invenitur
1770 4863 1785 4900 :

228 4916 458 4977 videlicet
487 4933 543 4978 ut
570 4924 718 4981 dicas
756 4926 857 4982 hoc
884 4927 1205 4983 connubium
1248 4939 1391 4986 stare
1427 4948 1524 5003 pro
1564 4934 1784 5003 foribus,

226 5017 274 5060 ut
308 5011 368 5064 ad
394 5015 719 5085 voluptatem
760 5019 1065 5074 coeuntium
1102 5020 1300 5075 nullam
1339 5023 1683 5080 obscenitatis
1710 5025 1788 5080 fa-

227 5113 350 5154 tuam
393 5109 659 5173 permittat
697 5111 922 5176 irruere,
970 5112 1067 5167 sed
1116 5128 1216 5169 suo
1257 5115 1409 5170 titulo
1458 5119 1528 5171 illi
1576 5121 1789 5191 negotio

229 5189 542 5254 honestatem
590 5202 822 5258 vindicet
859 5214 911 5257 et
954 5203 1230 5274 pudorem.
1276 5206 1404 5263 Sine
1452 5225 1610 5265 causa
1650 5189 1788 5283 ergo

228 5286 460 5341 connubii
493 5289 648 5346 tidem
692 5293 912 5349 subdola
952 5309 1295 5367 corrumpere
1333 5298 1487 5354 laude
1529 5301 1738 5358 voluisti
1770 5322 1783 5357 :

282 5440 300 5527 ς
329 5441 480 5493 milex
507 5452 626 5516 Port.
647 5485 663 5506 ,
685 5448 729 5520 si
749 5461 843 5500 non
864 5448 1201 5503 miserabiliter
1218 5452 1475 5517 desiperes.

332 5508 454 5556 Mss.
480 5518 560 5556 um
580 5521 735 5556 oneri.

284 5521 300 5527 -
332 5521 454 5561 κει,
480 5521 560 5556 nm
580 5521 735 5570 operi.

284 5558 302 5628 ξ
331 5563 400 5611 sic
418 5573 518 5615 Mss.
539 5572 650 5621 miti
671 5585 804 5628 vero.
831 5571 1187 5625 sulmltemalio.

283 5618 300 5649 ⁸
323 5628 470 5687 Forte,
494 5641 578 5691 per
600 5618 811 5686 diem};
831 5618 1205 5701 ξᾶιῖίίὶῇἱιῆἶιᾶἱι
1224 5648 1317 5686 non
1339 5638 1551 5704 capiam.

1582 247 1782 305 LIBER
1821 246 1982 311 QI'IN
2001 246 2135 306 l‘US.

3360 264 3497 323 “58

1916 365 2045 420 milli
2087 376 2168 421 est
2206 367 2465 434 infestius,
2513 385 2669 440 quam
2698 371 2849 426 tibi'.
2881 371 2988 427 Vos
3030 374 3246 429 omnino
3279 388 3493 445 protur-

1917 455 2057 520 bat”,
2091 473 2188 513 nec
2226 458 2290 513 ad
2337 461 2710 516 lacerationem
2745 465 3138 520 commixtionis
3175 468 3351 523 tutela:
3383 485 3495 526 sua:

1914 548 2170 615 creditae,
2226 551 2631 607 Illaniclncorunt
2677 555 2881 625 linguas
2936 557 3192 625 permittit
3239 559 3490 629 irrepere.

1914 638 2139 700 llabent.
2176 642 2362 711 inquit,
2395 657 2492 697 suo
2519 643 2765 713 dogmate
2791 645 2948 715 digna
2980 649 3268 715 meritoria,
3300 650 3351 704 in
3381 654 3493 720 qni-

1912 733 2011 787 bus
2052 734 2325 788 nocturnis
2371 734 2517 788 horis
2560 736 2912 805 expleantur:
2944 738 3085 791 illam
3134 740 3494 795 verecundan-

1914 824 2043 878 tium
2075 825 2432 894 voluptatem’
2470 827 2719 882 connubii
2762 839 2975 884 tuentur
3016 832 3271 897 excubiae,
3305 849 3494 887 arcen-

1910 925 1997 969 tur
2020 916 2264 982 crimina,
2309 929 2358 972 et
2390 917 2560 972 honor
2586 919 2876 974 honestatis
2905 922 3199 977 admittitur
3228 943 3240 978 :
3277 927 3489 994 privile-

1908 1005 1993 1075 gia
2021 1007 2121 1061 sibi
2148 1008 2215 1063 ab
2246 1010 2497 1077 Apostolo
2520 1026 2774 1065 concessa
2798 1010 3122 1067 del‘endunt‘
3152 1014 3492 1071 honorabiles

1910 1100 2122 1168 nuptias
2165 1109 2218 1154 et
2260 1102 2442 1155 tboros
2486 1102 2887 1167 immaculatos;
2940 1103 3285 1161 fornicatores
3315 1121 3488 1163 autem

1908 1203 1963 1248 et
1987 1194 2256 1250 adulteros
2287 1194 2549 1263 judicabit
2593 1197 2731 1251 Deus
2761 1195 2945 1267 (Hebr.
2987 1214 3100 1262 xui,
3145 1201 3220 1270 4).
3268 1201 3365 1257 Ubi
3410 1215 3487 1257 e~t

1909 1300 2034 1354 ergo
2066 1286 2352 1340 criminosa
2392 1287 2720 1353 commixtio,
2764 1290 2805 1342 si
2835 1291 3044 1359 negotio
3070 1292 3184 1362 ejus
3220 1304 3377 1363 atque
3406 1312 3489 1350 se-

1908 1385 2053 1428 creto
2076 1376 2361 1430 auctoritas
2387 1378 2656 1445 connubii,
2681 1379 2819 1448 quod
2846 1380 3118 1446 laudabas,
3148 1382 3489 1454 obmquitur?

1977 1466 2111 1521 Acc.
2155 1464 2229 1519 Tu
2256 1466 2492 1536 quidem,
2525 1477 2580 1521 ut
2617 1485 2681 1523 ex
2714 1468 2968 1525 fruetibus
2996 1474 3104 1525 suis
3132 1476 3377 1543 cognoSvi
3407 1494 3490 1528 ar-

1906 1553 2090 1608 borem
2112 1555 2335 1622 diceres,
2366 1572 2470 1611 non
2501 1567 2701 1612 natura:
2732 1559 2832 1613 hoc
2857 1563 3216 1630 evangelicum
3251 1566 3487 1619 testimo-

1907 1643 2072 1710 nium,
2106 1645 2198 1699 scd
2244 1646 2439 1715 nuptiis
2479 1648 2737 1717 prolicere
2765 1649 2994 1704 volniSIi.
3024 1651 3154 1705 Nam
3199 1664 3281 1707 tua
3328 1656 3484 1709 verbi

1905 1732 2003 1786 ista
2034 1745 2155 1788 sunt
2186 1754 2197 1787 :
2237 1754 2255 1787 ι
2286 1737 2340 1791 Si
2364 1752 2492 1808 ergo
2515 1732 2761 1803 trahitur,
2790 1758 2808 1791 ι
2842 1741 3035 1811 inquis,
3070 1762 3089 1794 ί
3118 1753 3170 1797 et
3197 1743 3264 1798 de
3292 1746 3486 1814 nuptiis

1904 1823 2164 1894 originale
2211 1827 2431 1894 malum,
2477 1844 2636 1884 causa
2669 1832 2789 1885 mali
2835 1842 2916 1886 est
2960 1837 3243 1890 conventio
3277 1841 3483 1907 nuptia-

1906 1930 2044 1981 rum,
2072 1926 2124 1970 et
2160 1932 2382 1974 necesse
2423 1929 2507 1974 est
2537 1922 2729 1975 malum
2766 1938 2884 1978 esse
2912 1941 3004 1994 per
3032 1927 3173 1995 quod
3202 1939 3252 1982 ct
3281 1945 3347 1983 ex
3381 1947 3485 2000 quo

1904 2006 2076 2059 malus
2106 2006 2306 2062 l‘ructus
2344 2015 2606 2079 apparuit,
2637 2012 2843 2069 dicente
2873 2015 3095 2071 Domino
3142 2019 3191 2073 in
3241 2018 3481 2091 Evange-

1904 2095 1995 2160 lio,
2044 2094 2128 2150 Ex
2167 2098 2412 2166 fructibus
2447 2102 2550 2154 suis
2579 2103 2729 2156 arbor
2768 2106 3075 2175 agnoscitur.
3128 2109 3422 2174 Qumnodo,
3459 2133 3477 2161 ι

1904 2188 2098 2257 inquis,
2133 2207 2152 2241 ι
2186 2199 2239 2244 tu
2280 2192 2574 2247 audiendus
2605 2195 2825 2263 putaris,
2856 2197 2942 2266 qui
2970 2196 3101 2252 dicis
3130 2200 3323 2253 boomn
3368 2220 3485 2255 esse

1903 2280 2229 2350 coiijugium,
2276 2282 2344 2337 de
2369 2299 2473 2352 quo
2502 2285 2632 2339 nihil
2679 2287 2818 2341 aliud
2848 2304 3004 2358 quant
3047 2291 3239 2344 malum
3274 2293 3485 2361 prodire

1903 2368 2139 2425 deﬁnis?
2165 2372 2382 2427 Constat
2403 2374 2577 2444 igitur,
2618 2396 2636 2428 ι
2670 2376 2864 2447 inquis,
2901 2397 2918 2429 ι
2952 2396 3039 2435 rea
3062 2396 3180 2435 esse
3219 2382 3483 2451 conjugia,

1903 2459 1945 2512 si
1980 2470 2253 2528 peccatum
2290 2462 2414 2518 inde
2442 2465 2699 2535 originale
2726 2467 3024 2536 deducitur,
3074 2486 3177 2525 nec
3213 2487 3367 2540 posse
3393 2474 3485 2528 de-

1898 2547 2065 2617 lendi,
2093 2552 2196 2607 nisi
2244 2550 2446 2609 fructus
2485 2570 2670 2610 eorum
2716 2558 2969 2613 innocens
3006 2563 3328 2629 approbetur
3354 2582 3367 2617 :
3393 2564 3484 2617 de-

1902 2639 2188 2697 fenduntur
2203 2654 2401 2709 autem,
2430 2656 2485 2701 et
2511 2648 2645 2701 bona
2677 2652 3086 2720 pronuntiantur
3114 2671 3128 2707 τ
3166 2654 3362 2708 fructus
3386 2656 3484 2722 igi-

1903 2738 1988 2785 tur
2025 2733 2352 2800 approbatur
2387 2734 2663 2791 innocuus.
2701 2755 2720 2789 ι
2777 2737 2976 2809 Nempe
3024 2740 3105 2795 his
3162 2743 3340 2797 \crhis
3381 2747 3484 2798 tuis

1900 2822 2028 2877 satis
2053 2823 2258 2878 clarum
2289 2833 2390 2892 est,
2430 2826 2675 2881 arborem
2704 2837 2756 2883 te
2782 2829 2997 2901 intelligi
3038 2832 3266 2886 voluisse
3295 2835 3486 2900 conju-

1898 2912 2065 2981 gium,
2095 2923 2149 2968 et
2172 2912 2371 2970 fructus
2397 2917 2603 2972 arboris
2624 2933 2716 2972 eos
2738 2917 2875 2974 fctus
2899 2919 2987 2990 qui
3024 2921 3305 2994 conjogum
3333 2940 3483 2977 com-

1901 3005 2156 3061 mixtione
2209 3019 2518 3064 nascuntur.
2570 3009 2676 3065 Sed
2723 3012 2845 3081 quia
2894 3011 3018 3067 hinc
3065 3016 3270 3069 ratione
3319 3019 3485 3069 niani-

1899 3095 2184 3152 festissima
2210 3101 2459 3157 exclusus
2484 3116 2564 3168 es,
2613 3114 2667 3157 et
2695 3120 2757 3157 ex
2793 3103 3046 3160 adulteris
3071 3107 3212 3160 enim
3247 3108 3377 3161 tales
3405 3110 3483 3162 fe-

1902 3198 1986 3243 tus
2014 3188 2260 3248 oriuntur
2288 3209 2301 3246 :
2330 3192 2394 3247 ad
2425 3204 2665 3247 naturam
2700 3182 2892 3264 putasti
2922 3210 3042 3250 esse
3074 3195 3404 3267 fugiendum,
3431 3200 3481 3252 in

1899 3280 2051 3352 cujus
2076 3281 2354 3338 altitudine
2375 3284 2614 3338 latitarcs
2637 3285 2737 3350 ;de
2759 3302 2860 3356 qua
2893 3300 3000 3341 non
3029 3288 3244 3358 agebas,
3273 3289 3483 3358 quando

1900 3382 2117 3442 propter
2152 3374 2398 3429 connubii
2429 3374 2624 3429 bonum
2653 3373 2961 3446 fructusque
2990 3377 3107 3447 ejus
3136 3378 3304 3432 bonos
3330 3379 3484 3434 sinti-

1898 3464 2178 3520 litudinem
2219 3465 2425 3521 arboris
2454 3466 2775 3537 evangelicae
2820 3484 2994 3524 eiectis
3031 3469 3342 3525 adbibebas.
3381 3471 3485 3524 De-

1898 3553 2058 3610 fcnde
2101 3571 2229 3626 ergo
2269 3562 2511 3610 naturam
2542 3567 2726 3611 centra
2764 3559 3023 3629 originale
3055 3568 3327 3628 peccatum
3355 3578 3368 3613 :
3395 3579 3483 3617 re—

1899 3646 2082 3716 linque
2102 3645 2369 3717 eonjugia,
2399 3647 2569 3717 ipsam
2598 3648 2685 3702 dic
2711 3647 2904 3703 bonam
2932 3650 3199 3718 arborem,
3220 3652 3338 3722 quia
3367 3654 3484 3708 sive

1897 3735 1967 3791 de
1996 3734 2278 3805 coniugiis,
2308 3735 2420 3790 sive
2449 3736 2516 3791 de
2536 3736 2833 3805 adulteriis,
2866 3740 2976 3808 ipsa
3008 3741 3173 3810 gignit
3203 3741 3480 3807 homines;

1897 3842 2035 3897 quos
2071 3826 2191 3882 ideo
2227 3826 2363 3881 dicis
2388 3827 2589 3882 fructus
2624 3828 2793 3885 bonos
2835 3830 3042 3886 arboris
3070 3831 3242 3897 bona),
3276 3850 3343 3890 ne
3382 3837 3482 3888 ati—

1897 3935 2057 3990 quem
2097 3929 2300 3975 reatum
2341 3934 2405 3974 ex
2446 3920 2647 3990 origine
2673 3920 2958 3990 depravata
2991 3923 3281 3979 credantur
3306 3926 3483 3997 ‘g'ene-

1896 4012 2102 4068 ratione
2136 4012 2382 4080 traxisse,
2421 4013 2822 4083 regeneratione
2854 4013 3201 4080 solvendum;
3231 4035 3298 4073 ne
3338 4020 3476 4074 indi-

1895 4113 2055 4174 geant
2094 4104 2374 4169 salvatore,
2411 4120 2478 4159 ne
2512 4104 2564 4158 in
2595 4105 2943 4160 remissione"
2984 4117 3318 4177 peccatorum
3364 4109 3480 4165 fuso

1896 4196 2153 4267 sanguine
2182 4194 2528 4249 redimantur.
2566 4195 2674 4264 Age
2716 4194 2812 4249 ista
2856 4204 2913 4249 ut
2938 4196 3278 4254 detestandus
3305 4199 3477 4256 Incre-

1897 4286 2033 4339 ticns
2061 4303 2074 4340 :
2106 4284 2266 4355 imple
2289 4283 2591 4355 paradisum
2628 4284 2740 4350 Dei,
2761 4286 2968 4341 etiamsi
3000 4303 3157 4343 nemo
3184 4301 3473 4358 peccasset,

1897 4376 2202 4432 libidinibus
2231 4376 2743 4447 concupiscendum,
2785 4378 3164 4433 certaminibus
3199 4389 3381 4434 contra
3418 4380 3478 4434 li-

1896 4466 2102 4522 bidines
2139 4465 2529 4530 dimicantium,
2573 4465 2846 4520 doloribus
2879 4469 3305 4535 parturientimn,
3341 4470 3477 4524 ﬂeti-

1896 4557 1994 4612 bus
2020 4557 2360 4628 vegientium,
2407 4555 2607 4612 morbis
2633 4557 3019 4627 languentium,
3051 4558 3324 4616 funeribus
3362 4579 3478 4616 nio—

1896 4649 2169 4715 rientium,
2198 4663 2429 4704 mcerore
2459 4648 2772 4718 lugentium.
2803 4648 2893 4706 Sic
2918 4665 3036 4722 age,
3070 4650 3173 4706 hoc
3200 4662 3251 4707 te
3281 4653 3431 4710 decet
3459 4671 3473 4712 :

1898 4740 2030 4796 tales
2075 4740 2236 4805 enim,
2286 4753 2339 4795 te
2385 4748 2624 4805 auctore,
2665 4742 3057 4812 subsequuntur
3098 4759 3268 4813 paena:
3308 4744 3474 4800 bonos

1895 4833 2095 4889 fructus
2147 4832 2358 4889 arboris
2400 4833 2572 4900 boum,
2611 4843 2667 4889 et
2716 4835 2986 4890 insinuant
3030 4835 3332 4906 paradisum
3382 4838 3474 4893 de-

1896 4925 2159 4992 liciarum,
2206 4924 2301 4980 sed
2332 4923 2754 4995 Pelagianorum.
2787 4924 2922 4991 Quin
2954 4925 3113 4979 etiam
3161 4942 3331 4981 meam
3364 4929 3470 4980 dis'

1896 5015 2224 5084 putationem
2268 5013 2577 5069 dialecticus
2620 5024 2803 5068 acutus
2832 5015 3040 5078 irrides,
3075 5015 3277 5076 dicens.
3314 5036 3470 5075 unam

1894 5103 2244 5172 eamdemque
2290 5119 2425 5169 rem,
2468 5114 2705 5158 naturain
2740 5103 2977 5160 videlicet
3024 5104 3333 5176 humanam,
3371 5127 3471 5162 ma-
3520 5135 3522 5137 >

1957 5217 2275 5288 {Neriene
2317 5224 2495 5288 cLMs-
2518 5216 2660 5288 ειεῑιῖςι
2694 5215 2821 5288 mem:
2853 5230 2905 5288 es
2940 5216 3153 5282 Mem.
3181 5218 3472 5288 (littt'ttﬂti‘.

1895 5275 2206 5346 Melius'forte
2229 5283 2310 5326 Ms.
2358 5283 2489 5346 agar.)
2514 5277 2634 5328 nulli
2654 5286 2721 5329 est
2742 5277 2971 5344 infestius,
2990 5275 3149 5346 quam'
3183 5275 3286 5332 tibi.
3331 5275 3470 5338 [nulli

1892 5353 1943 5390 es
1961 5338 2177 5402 infestus,
2193 5352 2344 5402 quam
2356 5338 2480 5401 tibi]

1956 5401 1975 5466 ξ
2008 5400 2141 5466 Editi,
2162 5400 2423 5466 perturbat.
2451 5401 2612 5462 Attius
2636 5410 2714 5452 Ms.
2750 5402 2890 5463 Clam,
2914 5402 3175 5466 proturbat.

1956 5462 1977 5529 ξ
2001 5461 2133 5521 Editi,
2153 5460 2606 5529 wltmtatent.__Ctt_tts
2733 5460 3190 5529 l‘ort..'c'olupt_atem.

1956 5522 2093 5631 ⁸
2136 5530 2292 5581 νοτίου
2333 5522 2582 5585 Ρνέυίίίϊίέυ
2624 5524 2712 5575 δίὺὲ
2758 5527 2817 5573 lib
2854 5522 3080 5588 Αροςιὶριυ
3121 5536 3342 5573 (onerato
3376 5524 3460 5571 dc-

1956 5597 1971 5631 Ι
2010 5596 2025 5631 ι
2051 5617 2063 5630 .

1915 5591 2063 5634 'enmt.

1894 5584 2175 5706 Ῑεημιιεδιυιο,
2200 5643 2249 5695 in
2272 5644 2611 5697 remissionem.
