3954 6178
408 336 548 394 1459

409 451 527 516 gnis
561 447 815 504 extulisse
841 462 926 502 me
951 444 1223 511 laudibus,
1255 445 1351 501 sed
1383 445 1673 515 majoribus
1698 444 1987 499 maeulassc

351 527 360 545 ¹
414 538 746 594 criminibus.
798 537 909 606 Ego
946 550 1073 591 vero
1101 550 1206 590 non
1237 535 1580 591 Aristotelem
1622 534 1704 590 vel
1735 535 1995 607 Chrysip-

417 648 562 698 pum,
605 629 771 684 multo
816 629 989 683 minus
1019 642 1211 681 vanum
1245 642 1368 682 cum
1409 642 1504 681 sua
1549 623 1993 696 loquacitate‘Ju-

415 722 632 786 lianum,
676 719 984 789 magistrum
1025 717 1262 773 delector
1293 716 1522 781 habere;
1566 716 1660 771 sed
1700 714 1991 777 Christum,

412 813 501 882 qui
531 809 767 882 profecto
796 810 897 864 nisi
933 818 1118 864 natura
1164 810 1393 864 humana
1433 824 1680 880 magnum
1725 816 1867 863 esset
1893 807 1993 862 bo-

413 917 559 966 num,
589 916 694 955 non
726 915 823 970 pro
858 900 943 954 illa
971 899 1135 953 homo
1164 899 1335 963 fieret,
1358 914 1479 954 cum
1514 899 1655 954 Deus
1689 908 1867 963 esset;
1897 897 1997 953 nisi

412 1006 606 1061 magno
651 989 854 1060 peccati
883 988 1022 1042 maio
1052 998 1258 1042 mortua
1296 997 1459 1053 esset,
1488 1003 1595 1042 non
1640 1004 1739 1058 pro
1767 987 1857 1041 illa
1885 1001 1999 1041 mo-

412 1092 782 1147 reretur,cum
814 1081 929 1135 sine
957 1089 1172 1149 peccato
1210 1080 1323 1148 ipse
1352 1079 1583 1134 venisset
1614 1088 1669 1134 et
1695 1079 1996 1133 mansisset.

414 1172 621 1227 Rursus
666 1181 865 1236 tamen,
909 1172 1058 1240 quasi
1098 1186 1202 1225 non
1236 1170 1326 1225 tibi
1375 1181 1565 1225 natura
1603 1169 1833 1224 humana
1882 1169 1997 1224 sut-

415 1263 579 1330 ticiat,
628 1279 747 1334 qua:
799 1263 917 1317 talis
952 1262 1021 1318 de
1054 1262 1331 1326 adulteris,
1373 1263 1544 1332 qualis
1582 1262 1651 1317 de
1688 1261 2001 1333 conjugibus

415 1354 670 1420 nascitur,
716 1354 785 1410 de
833 1354 1067 1409 bonitate
1108 1368 1204 1407 nos
1255 1364 1407 1421 putas
1447 1351 1714 1423 urgendos
1750 1367 1870 1407 esse
1901 1368 1999 1406 nu-

418 1443 665 1511 ptiarum,
698 1457 945 1513 quaerens
972 1443 1097 1512 quid
1142 1452 1301 1511 agant
1330 1444 1382 1495 in
1427 1442 1590 1498 rebus
1635 1442 1904 1508 humanis,
1956 1441 2001 1495 si

419 1549 593 1602 neque
638 1534 836 1587 malum
875 1533 1005 1603 ipsis
1047 1532 1415 1602 imputandum
1463 1540 1566 1596 est,
1619 1531 1894 1602 quodnon
1935 1532 2005 1587 de

420 1624 549 1690 illis,
591 1625 686 1680 sed
727 1624 795 1680 de
831 1623 1012 1678 vitiata
1058 1640 1152 1693 per
1180 1633 1455 1693 peCeatum
1496 1623 1701 1693 origine
1742 1623 2000 1689 trahitur;

422 1729 596 1785 neque
622 1715 841 1778 bonum,
870 1716 991 1784 quia
1038 1714 1199 1769 homo
1243 1715 1404 1769 etiam
1432 1714 1501 1770 de
1547 1715 1804 1770 adulteris
1832 1716 2007 1770 nasci-

425 1816 529 1860 tur.
566 1806 633 1860 Et
657 1807 778 1876 quia
801 1807 1133 1862 honestatem
1163 1808 1416 1863 connubii
1443 1822 1473 1862 a
1495 1807 1812 1863 concubitus
1840 1808 2005 1863 illiciti

426 1898 752 1966 turpitudine
775 1899 1071 1955 invenimus
1100 1914 1219 1955 esse
1248 1900 1552 1964 discretam,
1586 1901 1709 1955 hinc
1735 1901 2007 1956 existimas

422 1987 633 2053 contici,
667 1989 867 2042 nullum
912 1989 1167 2060 originale
1210 1990 1408 2044 malum
1455 1990 1592 2045 trahi
1632 1991 1700 2046 de
1741 1991 2007 2062 conjugali

423 2080 737 2146 concubitu;
785 2082 1181 2147 non'intuens,
1237 2082 1380 2152 quod
1426 2083 1473 2138 si
1511 2083 1762 2138 connubii
1811 2084 2007 2139 bonum

424 2184 585 2225 causa
608 2181 753 2226 esset
797 2186 865 2226 ne
904 2172 1102 2227 malum
1144 2173 1438 2241 traherent,
1483 2175 1574 2245 qui
1600 2174 1669 2230 de
1694 2175 2008 2245 conjugibus

425 2274 772 2319 nascerentur
796 2280 811 2327 ;
846 2265 1084 2335 profecto
1102 2266 1348 2322 adulterii
1376 2266 1571 2322 malum
1599 2282 1760 2322 causa
1783 2276 1925 2322 esset
1953 2277 2011 2322 ut

427 2353 625 2408 malum
660 2353 954 2422 traherent,
993 2356 1081 2424 qui
1112 2356 1179 2410 de
1222 2356 1478 2412 adulteris
1510 2366 1874 2413 nascerentur.
1907 2357 2010 2411 Ha-

414 2444 555 2497 .bent
580 2442 738 2514 igitur
767 2445 819 2499 in
859 2445 1020 2501 rebus
1048 2446 1293 2502 humanis
1327 2446 1609 2503 honestum
1650 2449 1823 2503 locum
1854 2464 2011 2505 suum

428 2534 649 2602 nuptize,
690 2550 797 2588 non
833 2544 889 2588 ut
930 2536 1172 2591 homines
1220 2548 1526 2605 nascantur,
1574 2538 1663 2608 qui
1709 2540 1810 2594 etsi
1863 2540 2012 2594 nulla

428 2623 731 2693 nuptiarum
763 2625 902 2696 lege,
934 2628 1162 2681 naturali
1208 2643 1302 2682 usu
1344 2629 1540 2697 passim
1584 2643 1751 2685 sexus
1791 2640 2014 2701 uterque

428 2716 831 2784 concumberet,
872 2718 1054 2788 utique
1094 2729 1470 2787 nascerentur;
1520 2720 1617 2777 sed
1666 2730 1725 2776 ut
1769 2722 2013 2778 ordinata

429 2806 811 2877 prepagatione
864 2818 1188 2875 nascantur;
1244 2820 1300 2865 et
1344 2811 1796 2882 quemadmodum
1861 2822 2015 2883 partu

431 2907 591 2952 certae
629 2907 751 2954 sunt
779 2911 998 2965 matres,
1029 2900 1100 2955 ita
1146 2900 1250 2956 fide
1275 2900 1509 2974 conjugii
1549 2902 1846 2959 habeantur
1881 2904 2016 2959 certi

425 2996 487 3040 et
512 2996 691 3057 patres
719 3006 734 3042 :
767 2996 821 3044 et
853 3004 923 3045 ne
949 2998 1035 3044 tua
1064 2989 1308 3061 pudenda
1336 3000 1584 3063 suscepta
1624 3008 1720 3062 per
1756 2994 2019 3063 quaslibet

430 3078 657 3136 feminas
688 3090 833 3136 tanto
861 3083 1088 3153 turpius,
1125 3092 1325 3152 quanto
1366 3083 1584 3140 liberius
1609 3094 1881 3155 evagetur.
1909 3085 2017 3141 Sed

434 3188 541 3227 non
583 3173 704 3244 quia
745 3172 816 3230 de
859 3174 1058 3245 nuptiis
1096 3185 1247 3231 certo
1285 3176 1529 3247 genitore
1568 3175 1730 3233 homo
1759 3178 2016 3244 nascitur,

434 3263 557 3320 ideo
579 3280 682 3320 non
712 3264 912 3336 indiget
938 3266 1205 3323 salvatore
1241 3283 1336 3337 per
1361 3283 1519 3339 quem
1547 3281 1878 3335 renascatur,
1903 3276 2018 3325 uta

432 3356 577 3410 malo
610 3358 765 3411 cum‘
795 3373 903 3431 quo
941 3360 1199 3424 nascitur,
1240 3359 1512 3416 liberetur.
1554 3360 1670 3416 Non
1707 3372 1789 3416 est
1828 3361 2012 3431 itaque

434 3446 488 3499 iu
509 3446 807 3513 conuubiis,
849 3457 907 3501 ut
946 3463 1045 3502 nos
1087 3448 1267 3504 dicere
1321 3449 1687 3517 calumniaris,
1735 3450 2019 3506 criminosa

435 3536 779 3592 commixtio:
809 3538 903 3593 sed
955 3528 1073 3593 ideo
1109 3539 1372 3595 laudanda
1414 3549 1497 3595 est
1534 3539 1817 3610 conjugum
1860 3542 2019 3597 casti-

435 3631 539 3687 tas,
579 3625 702 3695 quia
739 3625 851 3684 sola
879 3636 1057 3697 potest
1090 3627 1230 3684 bene
1271 3628 1348 3684 uti
1379 3630 1540 3694 malo,
1578 3630 1719 3700 quod
1758 3641 1812 3688 tu
1841 3630 2019 3687 defor-

436 3715 594 3771 miter
620 3715 820 3771 laudas.

506 3802 696 3860 XXIV.
735 3805 855 3862 JUL.
897 3807 990 3863 llis
1011 3807 1168 3879 igitur
1187 3810 1442 3867 absolutis
1462 3812 1546 3868 vel
1577 3812 1814 3868 breviter
1837 3822 2019 3869 osten-

438 3894 582 3961 dam,
601 3912 759 3965 quam
784 3898 968 3969 jaceas
995 3899 1047 3957 in
1077 3899 1340 3970 profundo
1371 3900 1704 3973 ignorantiae,
1722 3902 1813 3973 qui
1843 3903 2022 3960 hacte-

438 4001 537 4042 nus
573 3986 953 4045 subtilissimus
997 4000 1051 4044 et
1087 3991 1427 4049 acutiSSimus
1457 3992 1742 4047 habebare.
1791 3993 1934 4048 Dicis
1971 4002 2022 4049 te

438 4085 643 4132 naturae
670 4078 975 4137 adscribere
998 4082 1223 4149 crimen,
1264 4083 1408 4153 quod
1436 4085 1624 4139 transit
1663 4084 1715 4141 in
1758 4084 2019 4151 sobolem,

440 4184 548 4225 non
593 4178 770 4227 tamen
815 4172 868 4228 in
915 4171 1146 4243 nuptiis’
1174 4174 1347 4229 :sicut
1385 4191 1415 4229 e
1458 4176 1706 4245 regione,
1748 4176 2021 4231 hominum

440 4272 645 4320 naturae
686 4265 941 4335 applicas,
975 4280 1081 4319 non
1120 4264 1338 4336 flagitio.
1374 4266 1439 4320 Et
1481 4267 1600 4322 ideo
1628 4268 1779 4337 lingis
1823 4279 1875 4324 te
1902 4268 2023 4340 qui-

440 4355 563 4411 dem
612 4355 827 4411 laudare
872 4355 1214 4421 connubium,
1269 4372 1338 4412 ne
1377 4366 1561 4426 aperte
1606 4358 2024 4427 deprehendaris

441 4444 796 4511 Manichaeus;
845 4444 940 4503 sed
988 4447 1256 4516 vituperas
1304 4455 1569 4510 naturam,
1610 4447 1693 4501 cui
1731 4457 1784 4501 et
1825 4448 2023 4503 malum

442 4534 639 4599 inesse,
668 4546 720 4589 et
749 4535 817 4591 de
849 4552 950 4607 qua
976 4537 1253 4607 prOpagari
1279 4538 1475 4592 malum
1503 4536 1702 4592 fateris.
1747 4536 2023 4608 Nunquam

444 4622 604 4692 igitur
633 4625 813 4680 audire
856 4627 1068 4694 potuisti
1092 4627 1465 4694 disputationis
1505 4628 1714 4698 regulas
1754 4638 1809 4683 et
1850 4629 2023 4684 sanis-

442 4712 591 4768 sinite
615 4714 900 4769 constituta
942 4717 1203 4771 rationis?
1234 4716 1289 4772 lu
1316 4720 1562 4775 omnibus
1592 4721 1732 4775 enim
1762 4720 2025 4793 praedira-

442 4805 636 4860 mentis
660 4804 777 4873 plus
801 4806 1192 4875 amplectuntur
1213 4823 1431 4877 genera,
1457 4826 1616 4880 quam
1638 4812 1878 4881 species;
1905 4811 2027 4867 inde

442 4905 622 4953 autem
667 4900 824 4953 etiam
875 4898 1007 4955 fiunt
1057 4915 1252 4971 genera
1290 4902 1593 4962 subalterna
1638 4906 1802 4973 :plus
1848 4914 2026 4961 autem

444 4992 673 5061 species,
699 5007 857 5063 quam
887 4992 1087 5060 atomi;
1119 5005 1350 5066 suntque
1375 5011 1569 5067 genera
1597 4999 1791 5065 quibus
1820 4999 2028 5068 species

443 5080 802 5145 continentur,
844 5075 1065 5152 species
1092 5093 1267 5140 autem
1312 5088 1570 5157 speciales
1598 5087 1791 5158 quibus
1829 5088 2025 5143 indivi-

443 5173 548 5227 dua
591 5172 996 5230 concluduntur.
1036 5175 1300 5231 Minorum
1348 5192 1475 5247 ergo
1522 5178 1812 5248 quassatio,
1862 5192 2028 5248 supe-

444 5266 585 5320 riora
620 5278 727 5320 non
753 5264 957 5335 quatit;
998 5265 1273 5337 superiora
1298 5282 1425 5322 vero
1450 5269 1661 5324 casibus
1685 5270 1797 5324 suis
1824 5270 2025 5337 omnia,

443 5372 563 5429 qu;e
598 5356 1110 5428 complectehantur,
1149 5358 1443 5414 involvunt.
1493 5360 1648 5415 \‘erbi
1676 5360 1862 5431 gratia,
1907 5360 2027 5413 ani-

524 5542 529 5565 ι
561 5534 855 5601 vtgnierius,
865 5541 917 5586 ut
953 5549 983 5585 α
1004 5535 1132 5587 malo
1152 5548 1245 5601 quo
1265 5535 1499 5600 nascitur;
1522 5537 1804 5598 addidimus,
1818 5550 1945 5597 cum,
1966 5550 2029 5586 ex

442 5594 540 5659 tlde
564 5594 1011 5659 manuscriptorum.

511 5658 533 5687 ³
563 5656 724 5726 codex
748 5656 898 5726 t‘o'rt...
934 5671 1028 5709 non
1061 5664 1217 5709 tamen
1240 5657 1311 5708 ‘in
1334 5659 1542 5726 nuptias.
1582 5667 1719 5711 Forte
1746 5658 2029 5724 legendum,

448 5726 542 5764 non
567 5722 722 5767 tanien
743 5719 939 5782 nuptiis.

1042 297 1049 304 ’
1081 330 1322 391 OPEPJS
1359 332 1770 388 IMPERFECTI
1809 332 2079 390 CONTRA
2118 330 2473 398 JULIANUM,
2513 334 2571 391 S.
2611 332 2979 392 AUGUSTINI

3557 332 3684 387 “bu

2102 444 2209 498 mal
2232 458 2399 513 genus
2431 455 2513 498 est
2540 462 2553 498 :
2584 444 2678 500 sed
2709 446 2983 500 latitudine
3011 460 3122 500 sua:
3164 446 3570 517 significationis
3601 442 3683 503 di-

2101 548 2282 590 versas
2323 537 2528 604 species
2566 536 2988 607 comprehendit,
3020 537 3223 592 scilicet
3250 538 3505 605 hominis,
3541 542 3681 610 equi,

2105 625 2273 690 bovis,
2315 634 2419 680 etc.
2449 625 2502 680 Si
2532 641 2659 697 ergo
2699 635 2884 696 pereat
2931 642 3032 681 una
3074 627 3302 697 species,
3347 643 3520 698 genus
3562 630 3686 685 illud

2105 732 2208 770 non
2239 716 2401 771 sentit
2427 716 2641 771 exitium
2674 734 2688 770 :
2718 714 2802 772 fac
2826 717 2966 771 enim
2994 727 3053 772 ut
3092 717 3160 772 de
3186 717 3366 782 rebus.
3398 719 3557 774 boum
3597 737 3686 774 na-

2106 818 2221 862 tura
2250 805 2497 873 deficiat;
2525 821 2690 877 genus
2729 807 2977 861 nimirum
3020 811 3397 878 interemptum
3436 825 3542 864 non
3584 821 3684 868 est.

2105 897 2327 951 aliorum
2361 897 2663 951 animalium
2690 908 3035 967 permanente
3072 908 3278 953 natura.
3310 900 3376 954 At
3406 909 3616 966 contra,
3642 899 3684 953 si

2105 988 2208 1042 hoc
2248 987 2390 1058 quod
2440 999 2522 1044 est
2568 987 2785 1054 animal,
2835 988 3105 1043 auferatur
3146 990 3214 1044 de
3261 990 3447 1054 rebus;
3501 1006 3689 1044 omnes

2105 1076 2223 1132 sine
2245 1076 2406 1131 dubio
2431 1078 2658 1147 species,
2690 1093 2809 1146 qua:
2853 1077 2956 1134 hoc
2980 1094 3179 1147 genere
3208 1081 3685 1147 concludebantur,

2107 1170 2410 1224 intereunt:
2437 1169 2578 1225 nulla
2620 1170 2761 1223 enim
2801 1170 3100 1235 remanebit
3136 1173 3343 1240 species
3378 1171 3688 1239 animantis,

2108 1261 2321 1315 animali
2360 1262 2568 1331 penitus
2596 1262 2933 1332 interempto.
2983 1263 3058 1317 Ea
3099 1278 3229 1334 ergo
3254 1279 3373 1333 qum
3415 1265 3691 1333 superiora

2109 1363 2252 1417 sunt,
2284 1362 2507 1407 eventus
2534 1368 2660 1408 suos
2679 1363 2839 1424 atque
2870 1354 3057 1409 merita
3083 1354 3381 1424 speciebus,
3410 1370 3547 1425 quas
3577 1370 3692 1409 am-

2111 1444 2431 1514 plectuntur,
2471 1446 2779 1514 impertiunt
2809 1462 2822 1498 :
2848 1460 2953 1500 non
2984 1455 3159 1500 tamen
3189 1444 3438 1511 recurrit,
3486 1456 3549 1501 ut
3570 1462 3692 1516 Spe-

2110 1536 2315 1591 cierum
2373 1551 2591 1591 suarum
2638 1535 2789 1606 quasi
2839 1536 3290 1591 necessitudinum
3343 1536 3692 1607 quarumdam

2110 1627 2456 1682 varietatibus
2484 1634 2870 1696 permutentur.
2901 1626 3073 1697 thue
3096 1626 3164 1681 ad
3191 1642 3408 1683 causam
3433 1627 3695 1682 referatur

2112 1717 2412 1785 exemplum
2456 1734 2469 1770 :
2513 1726 2714 1771 naturae
2759 1717 3002 1772 humana:
3037 1719 3360 1788 generalitas
3405 1720 3693 1774 institutio-

2114 1809 2276 1861 num‘
2303 1806 2437 1861 infra
2485 1822 2545 1863 se
2587 1808 2877 1862 locatarum
2921 1824 3091 1879 genus
3127 1808 3392 1878 quoddam
3438 1818 3557 1874 est;
3587 1809 3696 1865 [nec

2113 1896 2259 1952 velut
2294 1896 2500 1967 species
2526 1896 2707 1963 habet,
2738 1897 2792 1952 in
2835 1898 2960 1959 situ,
2996 1899 3048 1953 in
3093 1897 3367 1964 membris,
3401 1898 3452 1951 in
3493 1899 3697 1952 ordini-

2117 1987 2236 2055 bus,
2278 1988 2331 2042 in
2361 1988 2612 2055 motibus,
2642 1988 2725 2044 vel
2753 1989 2871 2044 aliis
2916 1988 2968 2044 id
3010 2004 3194 2059 genus.
3224 1988 3543 2056 Qualitatem
3573 2005 3698 2059 ergo

2114 2093 2264 2134 suam
2284 2079 2531 2134 omnibus
2548 2079 2836 2150 suppositis
2862 2080 3141 2149 speciebus
3167 2080 3409 2150 impertit
3437 2097 3450 2133 :
3484 2095 3594 2134 non
3623 2088 3699 2134 ta-

2116 2187 2237 2224 men
2266 2170 2643 2226 obnoxiaretur
2679 2171 2820 2236 sui’,
2854 2178 2911 2225 ut
2950 2170 3214 2225 minorum
3243 2186 3272 2223 a
3310 2185 3371 2225 se
3397 2185 3577 2224 rerum
3610 2185 3700 2238 pe-

2116 2261 2298 2318 riculis
2330 2262 2637 2317 misceatur.
2669 2261 2727 2317 Si
2754 2277 2883 2332 ergo
2919 2270 3109 2317 natura
3133 2262 3485 2330 vituperetur,
3526 2272 3582 2317 et
3609 2263 3703 2316 ub-

2120 2354 2280 2407 noxia
2322 2353 2537 2408 diabolo
2588 2368 2786 2423 reaque
2828 2352 3098 2420 credatur,
3142 2353 3445 2423 conjugium
3491 2369 3703 2423 quoque

2117 2446 2262 2515 quod
2291 2445 2393 2499 sub
2435 2444 2524 2499 illa
2562 2453 2665 2511 est,
2703 2454 2759 2499 et
2801 2444 3113 2512 fecunditas,
3163 2452 3221 2500 et
3262 2445 3557 2499 substantia
3597 2452 3705 2498 tota

2119 2538 2476 2593 damnabitur.
2524 2538 2643 2592 Non
2689 2548 2865 2609 potest
2904 2553 3032 2609 ergo
3080 2538 3280 2592 laudari
3333 2537 3700 2606 connubium,

2118 2630 2260 2700 quod
2298 2629 2356 2685 fit
2398 2631 2695 2687 secundum
2735 2641 3001 2697 naturam,
3048 2631 3094 2686 si
3134 2642 3324 2686 natura
3355 2632 3468 2701 ipsa
3521 2648 3707 2700 repre-

2120 2721 2387 2776 henditur.
2424 2721 2818 2777 Commoriatur
2859 2738 3078 2778 necesse
3118 2734 3200 2777 est
3239 2722 3401 2777 radici
3441 2737 3555 2776 sure
3577 2738 3706 2792 ger-

2123 2812 2324 2867 minum
2372 2814 2700 2868 succisorum
2728 2825 3013 2869 venustas:
3042 2824 3096 2869 et
3134 2824 3190 2869 ut
3238 2830 3348 2870 rem
3388 2817 3558 2884 ipsam
3597 2816 3707 2885 pla-

2122 2905 2242 2959 nius
2284 2906 2526 2975 eloquar,
2568 2921 2670 2960 non
2703 2914 2879 2975 potest
2921 2906 3023 2960 dici
3055 2907 3252 2961 bonum
3300 2908 3570 2976 negotium
3612 2924 3709 2961 nu-

2125 2996 2371 3066 ptiarum,
2413 2996 2457 3050 si
2497 2996 2806 3050 commixtio
2849 2997 3106 3051 naturalis
3143 2996 3408 3066 arguitur;
3450 2996 3707 3065 quoniam

2124 3086 2263 3156 quod
2304 3086 2635 3155 deprctiatur
2663 3086 2717 3141 in
2741 3103 2953 3158 genere,
2987 3088 3069 3143 cui
3113 3087 3500 3142 indivisibiliter
3527 3087 3712 3141 adlue-

2124 3185 2226 3243 ret,
2269 3176 2319 3229 in
2348 3174 2525 3244 specie
2568 3176 2751 3245 nequit
2793 3176 3061 3230 honorari.
3098 3176 3264 3231 Porro
3292 3190 3411 3229 cum
3439 3175 3579 3230 mala
3610 3192 3712 3229 vo—

2125 3263 2300 3322 luntas
2326 3267 2690 3320 instrumentis
2716 3266 3046 3323 naturalibus
3085 3265 3151 3321 ad
3178 3266 3373 3335 flagitia
3411 3266 3603 3332 utitur,
3629 3267 3712 3321 vis

2126 3354 2214 3409 illa
2250 3357 2536 3425 voluptatis
2559 3364 2617 3412 et
2656 3356 2896 3424 seminis,
2929 3374 3047 3427 quae
3076 3371 3347 3427 nunquam
3382 3371 3482 3427 pro
3506 3370 3711 3412 coeun-

2128 3448 2256 3501 tium
2283 3447 2553 3502 voluntate
2581 3449 2833 3515 variatur,
2875 3448 3072 3503 nullam
3108 3448 3306 3519 patitur
3341 3448 3582 3503 criminis
3624 3464 3712 3501 so-

2128 3539 2371 3593 cietatem
2395 3556 2408 3603 ;
2437 3538 2534 3594 sed
2570 3540 2845 3594 materiam
2874 3539 2984 3595 Deo
3010 3548 3227 3610 prastat
3261 3539 3523 3613 operanti,
3554 3538 3709 3609 ﬂagi-

2129 3630 2362 3701 tiumque
2389 3631 2736 3685 adulterantis
2754 3630 3089 3687 solummodo
3112 3633 3287 3702 arguit
3305 3630 3578 3698 meritum,
3602 3645 3711 3685 non

2127 3731 2350 3777 natura).
2406 3719 2539 3777 Cum
2592 3723 2748 3794 igitur
2799 3721 2867 3777 de
2913 3722 3239 3776 naturalibus
3284 3720 3707 3790 diSputaremus,

2128 3812 2453 3882 perobtunse
2506 3822 2749 3868 naturam
2798 3812 3088 3882 reprobans
3133 3810 3398 3866 connubia
3441 3809 3708 3873 laudasti;

2127 3919 2248 3957 cum
2288 3902 2686 3958 irrefutabiliter
2709 3911 2918 3957 constet
2952 3918 3119 3972 genus
3152 3902 3430 3971 speciebus
3453 3903 3565 3957 suis
3589 3917 3715 3970 par-

2132 3994 2374 4065 ticipare,
2408 3993 2663 4063 quidquid
2685 3994 2956 4063 exceperit
2980 4012 2992 4047 :
3024 4004 3079 4047 et
3107 3993 3227 4047 ideo
3251 4004 3344 4048 aut
3372 4007 3519 4059 usus,
3551 4009 3711 4063 quem

2133 4087 2427 4141 naturalem
2469 4088 2757 4156 Apostolus
2791 4087 2939 4151 dicit,
2973 4086 3145 4141 bonus
3179 4087 3549 4157 legitimusque
3584 4101 3714 4142 ceu-

2130 4176 2354 4239 sehitur,
2399 4189 2453 4229 et
2491 4187 2646 4229 erunt
2689 4175 2911 4230 honesta
2954 4176 3219 4245 coniugia,
3260 4176 3568 4244 nullumque
3612 4176 3718 4229 erit

2133 4267 2371 4320 naturale
2404 4276 2713 4334 peccatum;
2747 4275 2836 4319 aut
2865 4268 2910 4319 si
2953 4266 3189 4320 creditur
3216 4274 3402 4319 natura
3442 4279 3565 4319 esse
3591 4264 3716 4318 dia-

2131 4358 2325 4418 bolica.
2376 4368 2432 4411 ut
2473 4358 2542 4411 sit
2581 4358 2839 4427 originale
2881 4367 3178 4428 peccatum.
3219 4357 3471 4413 connubii
3500 4374 3719 4428 quoque

2131 4466 2262 4507 usus
2290 4449 2604 4505 damnabilis
2630 4449 3076 4519 pronuntiabitur.
3122 4448 3190 4503 Et
3231 4464 3337 4503 non
3376 4447 3588 4517 quidem
3622 4463 3717 4503 so-

2132 4546 2266 4609 hrie,
2307 4560 2370 4600 ex
2402 4554 2585 4614 aperto
2616 4554 2790 4598 tamen
2823 4543 3231 4599 Manichazorum
3264 4542 3457 4613 dogma
3483 4541 3718 4610 suscipi-

2136 4648 2259 4691 tur:
2292 4636 2433 4706 quod
2477 4637 2726 4706 quoniam
2783 4639 3048 4689 funestum
3101 4644 3206 4698 est,
3253 4649 3353 4689 nec
3403 4634 3545 4702 apud
3594 4632 3720 4686 illos

2134 4727 2418 4798 quidquam
2456 4736 2538 4780 est
2563 4735 2657 4781 aut
2682 4725 2941 4793 veritatis,
2968 4734 3058 4778 aut
3083 4724 3397 4787 honestatis,
3425 4734 3516 4777 aut
3556 4722 3681 4778 fidei
3704 4740 3720 4787 ;

2135 4818 2272 4889 apud
2308 4819 2482 4873 nullos
2506 4827 2681 4873 autem
2709 4804 2843 4873 alios
2879 4817 3058 4887 epinio
3090 4826 3263 4887 potest
3303 4815 3558 4871 naturalis
3597 4831 3724 4870 esse

2137 4910 2374 4981 peccati;
2422 4919 2479 4964 ut
2526 4925 2623 4965 nos
2667 4908 2985 4972 catholicos,
3017 4908 3088 4963 ita
3115 4922 3209 4963 vos
3231 4916 3440 4962 constat
3464 4922 3584 4962 esse
3604 4907 3722 4961 Ma-

2135 5004 2334 5058 clunes.

2208 5094 2341 5149 Asc.
2374 5093 2452 5147 Tu
2489 5103 2633 5148 certe
2661 5092 2728 5147 de
2763 5092 2953 5148 arbore
2982 5092 3188 5148 locutus
3217 5106 3276 5146 es
3296 5134 3313 5159 ,
3361 5101 3415 5146 et
3457 5089 3727 5146 fructibus

2135 5201 2203 5241 ex
2227 5186 2416 5256 quibus
2442 5185 2602 5239 arbor
2627 5184 2931 5254 agnoscitur
2949 5225 2964 5249 ,
3005 5197 3127 5238 cum
3160 5182 3212 5237 in
3247 5181 3349 5237 hac
3374 5180 3730 5236 similitudine

2138 5277 2438 5348 conjugium
2471 5277 2776 5348 prolemque
2810 5274 3199 5345 intelligendam
3229 5283 3501 5344 putasses,
3533 5274 3730 5327 exclu-

2203 5415 2218 5477 ε
2258 5415 2393 5472 Editi,
2426 5411 2765 5464 irritatiommt.
2791 5420 2939 5477 vetus
2965 5411 3255 5477 θοάων-ιτ..
3276 5446 3289 5467 ,
3322 5409 3626 5477 ἰνιςαιίοηιιξη.
3678 5415 3733 5456 At

2139 5476 2279 5533 infra,
2303 5469 2408 5535 cap.
2434 5477 2511 5535 40,
2538 5477 2583 5524 in
2607 5475 2924 5535 restionsione
2950 5473 3192 5535 Augustini
3235 5472 3361 5521 hunc
3384 5469 3537 5531 ipsum
3563 5469 3733 5518 locum

2139 5538 2329 5587 citantis
2351 5533 2524 5586 amna
2547 5533 2878 5599 librihabeut,
2905 5533 3265 5599 institutionmn.
3352 5590 3363 5599 _
3411 5590 3455 5599 __
3588 5596 3608 5599 Δ
3647 5592 3657 5599 ἠ

2204 5602 2223 5630 ³
2255 5600 2412 5646 (:odex
2454 5606 2597 5655 Fort,
2622 5595 2827 5647 obnoxia
2844 5590 3002 5645 reatus
3037 5595 3126 5645 sui.
3145 5620 3206 5629 --ο
3226 5590 3385 5655 Morel,
3410 5590 3729 5655 Elem,(_:rit.,

2141 5672 2249 5719 pag.
2275 5660 2508 5716 554,
2536 5651 2673 5719 legit,
2716 5655 2919 5708 obnoxio
2963 5654 3330 5714 rcrursui.Quae
3355 5654 3499 5703 lectio
3532 5651 3733 5701 videtur

2140 5720 2331 5770 difficile
2356 5720 2667 5772 admittenda.
2736 5726 2791 5768 ω.
