3934 6178
236 313 344 369 lilii

231 436 308 475 sus
334 417 465 481 inde,
494 415 616 487 quia
646 416 783 472 etde
811 417 1090 473 concubitu
1119 415 1416 472 adulterino
1455 424 1628 486 potest
1663 414 1782 469 talis

231 513 436 568 existere
460 507 693 571 fructus.
735 509 800 565 ad
830 519 1071 563 naturam
1107 508 1304 579 fugisti.
1350 504 1459 563 Nec
1489 498 1654 561 latere
1683 520 1782 560 nos

233 602 456 673 fugientis
495 601 750 655 transitus
780 602 948 670 potuit
978 618 992 654 :
1024 601 1077 655 in
1106 600 1282 655 verbis
1309 599 1451 655 enim
1480 598 1583 653 luis
1602 639 1617 664 ,
1662 612 1784 667 quae

230 709 355 749 nunc
379 692 805 748 commemorabo
828 735 843 760 ,
887 692 1018 748 satis
1042 692 1318 749 evidenter
1341 689 1603 762 apparuit.
1652 688 1786 744 Aisti

230 784 356 840 enim
381 783 599 853 loquens
635 783 700 837 ad
741 798 827 837 me
854 779 1038 853 ipsum
1071 823 1083 838 .
1117 802 1138 836 ι
1171 781 1342 838 Simili
1377 782 1625 837 acumine
1660 779 1790 833 illud

227 887 420 944 qunque
459 871 778 928 labefactare
815 874 1065 939 conaris,
1113 873 1254 944 quod
1299 872 1439 940 dixi,
1484 872 1791 928 testimonio

227 963 532 1033 evangelico,
550 978 616 1017 ex
640 961 898 1019 fructibus
916 964 1025 1018 suis
1045 964 1237 1018 debere
1253 964 1494 1017 arborem
1511 961 1788 1031 cognosci;

228 1064 277 1108 ut
295 1052 658 1116 ostenderem,
695 1071 714 1104 ι
770 1053 941 1124 inquis
960 1095 976 1121 ,
1013 1071 1034 1105 α
1065 1052 1207 1124 quod
1237 1053 1437 1108 clarum
1466 1062 1582 1118 est,
1610 1051 1794 1106 doceri

227 1145 349 1199 bona
377 1159 480 1198 non
518 1157 673 1214 posse
698 1144 977 1214 conjugia;
1018 1143 1127 1198 imo
1168 1144 1335 1214 ipsam
1363 1155 1604 1197 naturam
1631 1184 1643 1208 ,
1675 1157 1795 1212 qua:

226 1235 579 1305 conjugiorum
625 1235 937 1304 Operatione
982 1235 1296 1305 suppletur,
1348 1250 1446 1289 nec
1498 1234 1591 1288 Dei
1636 1246 1795 1303 posse

226 1326 363 1396 operi
404 1325 702 1394 vindicari,
747 1328 791 1380 si
825 1326 895 1382 de
932 1342 994 1381 ea
1021 1326 1328 1382 dicerentur
1365 1325 1586 1380 crimina
1621 1323 1794 1393 pullu-

223 1418 342 1472 lare.
376 1434 395 1469 ι
444 1417 543 1471 llis
572 1419 676 1472 tuis
717 1417 873 1473 dictis
897 1418 1150 1487 aperuisti
1190 1417 1325 1487 fugae
1351 1426 1453 1471 tuae
1494 1416 1791 1481 transitum,

222 1508 495 1562 nominatis
513 1508 772 1579 conjugiis
798 1508 1040 1563 addendo
1065 1518 1120 1563 et
1157 1507 1411 1571 dicendo,
1445 1526 1462 1558 ι
1495 1506 1601 1560 imo
1629 1508 1796 1575 ipsam

224 1610 452 1657 naturam
478 1644 496 1668 ,
540 1616 661 1672 qua:
703 1602 1070 1671 conjugiorum
1097 1601 1406 1671 operatione
1434 1600 1731 1670 suppletur.
1771 1614 1794 1651 ι

224 1691 503 1747 Distinxisti
544 1709 673 1764 ergo
711 1692 819 1748 duo
864 1694 998 1759 ista,
1029 1695 1286 1762 ,satisque
1332 1693 1611 1748 ostendisti
1655 1690 1797 1745 aliud

223 1799 333 1839 esse
357 1794 623 1851 naturam,
652 1784 794 1839 aliud
824 1785 1088 1854 conjugia,
1114 1799 1341 1854 quorum
1368 1784 1676 1853 operatione
1707 1798 1801 1835 na-

223 1884 329 1929 tura
356 1875 653 1945 suppletur.
695 1875 837 1944 Quid
873 1885 954 1930 est
979 1891 1106 1945 ergo
1149 1874 1296 1946 quod
1322 1885 1507 1945 postea
1546 1883 1796 1929 naturam

221 1981 415 2036 genus,
456 1967 681 2038 ejusque
720 1969 952 2037 speciem
985 1969 1062 2021 vis
1089 1983 1209 2023 esse
1247 1968 1594 2038 conjugium?
1637 1966 1800 2021 Num-

219 2056 336 2125 quid
370 2058 535 2111 ullum
560 2074 732 2128 genus
765 2059 958 2128 speciei
989 2074 1098 2113 suae
1139 2060 1296 2113 ullius
1334 2058 1645 2125 Operatione
1670 2071 1801 2124 sup-

219 2148 429 2216 pletur?
474 2148 592 2203 Non
633 2149 815 2218 utique
844 2165 857 2201 :
884 2164 1057 2219 neque
1095 2149 1237 2204 enim
1280 2149 1506 2212 animal,
1553 2148 1692 2217 quod
1721 2157 1804 2202 est

160 2224 163 2227 ’
215 2255 381 2309 genus
406 2283 423 2305 ,
454 2241 734 2312 suppletur
769 2242 1077 2311 operatione
1116 2240 1380 2305 hominis,
1420 2241 1502 2295 vel
1532 2240 1650 2310 equi
1678 2281 1691 2304 ,
1721 2240 1803 2294 vel

218 2330 364 2384 bovis
384 2373 400 2397 ,
430 2331 515 2384 vel
553 2331 771 2386 alterius
795 2331 1019 2399 alicujus
1042 2331 1250 2401 pecoris
1273 2373 1286 2396 ,
1319 2330 1460 2401 quod
1489 2331 1694 2401 species
1723 2339 1805 2385 est

220 2420 427 2490 generis
478 2422 620 2475 illius
664 2440 677 2475 :
722 2423 1149 2493 quandoquidem
1196 2424 1403 2478 etiamsi
1450 2423 1588 2477 desit
1631 2423 1801 2491 aliqua

223 2510 441 2577 species,
472 2510 847 2581 auferaturqne
870 2512 937 2567 de
966 2513 1160 2577 rebus;
1205 2521 1382 2566 manet
1409 2523 1582 2567 tamen
1612 2527 1799 2583 genus,

229 2600 360 2669 quod
400 2610 624 2656 caeteras
657 2603 993 2671 ampleCtitur
1032 2604 1273 2672 species,
1311 2604 1449 2658 sicut
1489 2604 1647 2657 etiam
1691 2603 1803 2672 ipse

229 2691 523 2761 disputasti.
566 2691 717 2760 Quod
755 2708 921 2763 genus
958 2694 1140 2764 utique
1182 2693 1457 2764 integrum
1477 2709 1581 2748 non
1614 2709 1802 2749 mane-

226 2791 299 2836 rcl
321 2825 336 2847 ,
378 2782 421 2836 si
452 2784 764 2852 operatione
801 2783 996 2853 Speciei
1017 2823 1033 2848 ,
1059 2798 1177 2853 qua:
1203 2783 1377 2837 ablata
1403 2791 1503 2847 est,
1530 2782 1803 2853 supplere-

229 2878 306 2927 tur
335 2892 350 2929 :
376 2891 478 2928 non
508 2874 651 2931 enim
683 2875 850 2945 magis
876 2885 957 2931 est
977 2889 1145 2944 genus
1166 2917 1180 2940 ,
1228 2876 1272 2930 si
1310 2876 1521 2944 plures;
1549 2884 1600 2930 et
1629 2875 1805 2930 minus

228 2973 304 3020 cst
331 2980 503 3036 genus
531 3007 546 3025 .
594 2965 641 3020 si
684 2967 891 3036 species
921 2966 1112 3022 habeat
1140 2967 1417 3036 pauciores
1445 2983 1458 3018 :
1488 2965 1731 3037 quamvis
1759 2967 1803 3020 si

226 3062 400 3112 omnes
440 3056 758 3113 auferantur
801 3058 1046 3127 species,
1103 3072 1201 3112 nec
1229 3071 1397 3126 genus
1436 3057 1575 3120 erit;
1622 3071 1807 3125 quem-

226 3148 495 3204 admodum
537 3165 735 3220 genere
760 3150 974 3217 ahlato,
1018 3151 1160 3204 nulla
1191 3150 1292 3205 erit
1317 3150 1544 3219 species.
1585 3149 1698 3204 Non
1725 3160 1807 3204 est

226 3236 368 3306 igitur
382 3239 717 3295 connubium
741 3240 967 3310 species,
993 3253 1265 3310 genusque
1287 3249 1496 3306 natura,
1537 3239 1581 3293 si
1607 3254 1809 3293 connu-

230 3317 423 3377 biorum
464 3338 644 3393 opere
673 3332 859 3378 natura
900 3324 1175 3394 suppletur
1249 3324 1385 3378 sicut
1421 3339 1527 3378 non
1553 3332 1638 3379 est
1664 3324 1807 3394 agri-

225 3412 415 3468 cultura
443 3414 666 3484 species
681 3417 895 3486 segetis,
917 3416 1167 3486 quoniam
1184 3416 1461 3486 suppletur
1476 3431 1631 3487 seges
1645 3432 1808 3486 Opere

226 3504 575 3571 agriculturae.
621 3506 826 3563 Deinde
853 3507 897 3561 si
925 3518 1166 3563 naturam
1192 3523 1391 3578 genus,
1435 3508 1655 3579 ejusque
1680 3524 1806 3579 spe-

225 3594 346 3649 ciem
381 3596 531 3653 dicis
560 3611 682 3653 esse
707 3598 1045 3669 eonjugium;
1082 3600 1265 3669 procul
1302 3600 1466 3655 dubio
1501 3600 1678 3656 dicere
1712 3618 1808 3655 eo.

226 3685 385 3753 geris,
425 3686 582 3759 quod
611 3697 798 3742 natura
832 3689 903 3743 sit
925 3704 1085 3745 omne
1110 3689 1438 3761 conjugium.
1470 3690 1595 3746 Ideo
1614 3692 1808 3761 quippe

227 3777 387 3833 omnis
412 3794 525 3850 ειμι
536 3794 599 3833 us
626 3779 822 3835 animal
848 3788 949 3845 est,
977 3782 1075 3836 etsi
1091 3795 1197 3835 non
1218 3797 1376 3836 omne
1395 3768 1592 3836 animal
1609 3801 1804 3853 equus;

227 3868 335 3934 quia
365 3873 586 3941 species
612 3883 697 3926 est
727 3886 928 3942 equus,
962 3873 1155 3928 animal
1189 3889 1377 3944 genus.
1410 3874 1555 3945 Ergo
1579 3892 1676 3931 nec
1706 3879 1719 3907 ¹
1754 3878 1810 3933 fit

228 3958 289 4013 ab
313 3961 537 4021 homine
564 3963 740 4035 aliqua
770 3974 955 4020 natura
981 3983 994 4019 :
1018 3968 1258 4036 quamvis
1275 3968 1437 4031 enim,
1466 3978 1526 4023 ut
1552 3969 1805 4039 scriptum

230 4060 301 4104 est
319 4091 335 4117 ,
374 4069 401 4108 a
428 4053 668 4109 Domino
691 4054 945 4125 jungatur
975 4056 1165 4111 mulier
1192 4056 1307 4111 viro
1329 4055 1512 4130 (Prov.
1546 4073 1642 4113 xxx
1663 4100 1677 4125 ,
1709 4061 1832 4124 15,,

229 4154 317 4193 sec.
359 4143 573 4215 LXX);
625 4146 874 4215 quoniam
924 4146 1024 4201 nisi
1075 4145 1361 4217 adjuvante
1412 4149 1525 4220 ipso
1573 4166 1677 4205 non
1729 4152 1805 4217 fit,

230 4233 428 4297 quando
454 4245 612 4291 recte
637 4235 694 4289 fit
720 4253 736 4291 :
764 4237 884 4307 quis
911 4247 1083 4293 tamen
1125 4240 1326 4294 neseiat
1345 4254 1504 4310 opera
1537 4241 1807 4296 hominum

232 4335 341 4379 esse
384 4328 679 4398 conjugia?
726 4329 896 4384 Porro
934 4331 978 4385 si
1021 4340 1266 4386 naturam
1310 4347 1417 4388 non
1459 4333 1587 4389 facit
1626 4334 1803 4399 homo,

234 4428 328 4470 non
373 4428 455 4473 est
508 4428 703 4473 natura
756 4419 1097 4490 conjugiunt;
1154 4422 1273 4490 quia
1328 4422 1635 4493 conjugium
1686 4425 1809 4478 facit

233 4504 399 4560 homo.
440 4511 520 4565 Ac
559 4524 652 4578 per
676 4508 810 4572 hoc,
852 4511 975 4579 quia
1002 4511 1306 4581 conjugium
1337 4520 1522 4565 natura
1551 4529 1657 4566 non
1692 4524 1806 4579 est;

234 4596 461 4662 profecto
516 4609 725 4655 naturae
772 4600 1016 4671 species,
1068 4609 1317 4671 tanquam
1374 4603 1462 4656 illa
1512 4603 1581 4656 sit
1620 4618 1807 4672 genus,

237 4688 372 4743 nullo
409 4706 532 4747 esse
576 4703 733 4763 pacto
780 4700 972 4761 potest.
1023 4692 1279 4762 Conjugia
1330 4693 1488 4763 igitur
1525 4693 1590 4748 ad
1632 4709 1812 4749 mores

237 4777 502 4837 hominum
532 4784 819 4853 pertinent,
850 4783 948 4852 ipsi
976 4791 1153 4837 autem
1181 4782 1428 4839 homines
1448 4784 1514 4839 ad
1543 4794 1808 4839 naturam.

235 4865 379 4925 Licet
419 4873 601 4943 itaque
642 4873 798 4930 nobis
838 4874 978 4928 mala
1018 4874 1216 4928 vitiata:
1242 4875 1543 4944 vituperare
1584 4884 1804 4942 naturae,

233 4969 283 5013 et
304 4961 522 5018 laudare
547 4979 725 5019 mores
747 4965 882 5020 bene
898 4973 1109 5020 utentes
1129 4946 1282 5020 bonis
1304 4967 1561 5036 malistjue
1587 4978 1808 5023 naturie.

234 5048 410 5107 Laudo
433 5069 564 5125 ergo
591 5055 836 5126 conjugia
870 5074 883 5111 :
913 5054 1053 5111 absit
1077 5064 1252 5111 autem
1273 5067 1328 5111 ut
1350 5057 1557 5113 laudem
1587 5060 1806 5126 malum,

232 5156 332 5212 quo
342 5160 469 5201 caro
492 5146 823 5216 concupiscit
839 5147 1094 5203 adversus
1108 5149 1349 5218 spirituum
1376 5165 1390 5214 ;
1415 5149 1532 5212 sine
1548 5165 1653 5221 quo
1670 5151 1811 5205 malo

234 5235 510 5306 quisquam
537 5238 811 5294 hominum
838 5255 942 5295 non
965 5248 1137 5310 potest
1162 5241 1310 5296 nasci
1335 5257 1351 5307 ;
1372 5240 1524 5310 cujus
1555 5241 1678 5295 mali
1705 5258 1809 5296 rea-

235 5332 354 5392 tus,
398 5328 500 5383 nisi
528 5330 895 5397 renascendo,
942 5348 1045 5386 non
1088 5341 1262 5400 potest
1289 5332 1460 5398 solvi;
1509 5332 1661 5403 cujus
1688 5334 1808 5388 mali

235 5415 401 5473 honus
425 5435 558 5476 usus
587 5421 831 5478 laudatur
854 5424 905 5477 in
936 5424 1218 5480 concubitu
1245 5423 1527 5495 conjugali.
1579 5425 1811 5482 Proinde

233 5508 492 5579 originale
538 5524 848 5582 peccatum,
897 5516 1037 5584 quod
1081 5531 1182 5571 non
1216 5516 1484 5573 trahitur'
1512 5531 1577 5573 ex
1624 5518 1813 5575 aliena:

295 5645 309 5708 ξ
343 5643 508 5708 mdes
702 5658 895 5708 ετηοηςς

291 5707 312 5737 ¹
347 5707 637 5769 \‘tgnicrius,
661 5704 1034 5769 nort'trqit'a'fttr.

1541 303 1741 360 LIBER
1779 302 2093 372 QUINTUS.

3323 308 3477 365 {462‘

1889 424 2265 469 commistione
2288 454 2301 480 ,
2351 414 2443 469 sed
2479 429 2546 470 ex
2594 425 2789 471 nostra:
2824 414 3203 486 depravatione
3242 428 3464 477 naturae.

1892 519 1997 559 non
2048 503 2231 559 dicunt
2276 504 2585 571 Manichtci,
2632 504 2728 561 sed
2772 505 2956 562 dicunt
2997 505 3257 565 Catholici
3286 524 3302 564 :
3329 508 3475 579 quod

1895 608 1990 649 vos
2016 597 2258 666 negando
2287 597 2413 652 estis
2444 597 2702 653 lneretici.

1965 704 2133 762 XXV.
2161 705 2277 762 ιω..
2323 707 2404 761 Ad
2433 706 2582 777 cujus
2612 707 2842 763 nominis
2869 709 3160 766 cavendam
3197 710 3473 779 invidiam,

1897 794 2093 851 frustra
2138 797 2356 850 omnino
2384 797 2716 852 diversarum
2762 797 2894 854 facis
2938 798 3212 858 lia-reseca
3248 804 3478 858 mentio-

1897 904 2040 943 nem.
2068 889 2160 944 Ais
2184 890 2347 957 enim,
2378 908 2396 941 ι
2431 889 2580 945 Sicut
2608 890 2788 946 Ariani
2817 891 3119 949 Catholicos
3142 894 3475 951 Sabellianos

1899 992 2123 1048 vocant,
2169 968 2409 1052 quamvis
2449 992 2648 1037 certam
2689 998 3039 1053 personarum
3081 986 3477 1044 distinctionem

1901 1068 2112 1134 faciant,
2146 1083 2346 1127 natura:
2385 1083 2560 1129 tamen
2599 1075 2972 1131 communione
2996 1087 3237 1143 servata;
3268 1079 3339 1134 ita
3368 1090 3422 1134 et
3451 1096 3481 1135 a

1901 1163 2053 1218 nobis
2097 1164 2505 1220 Manichaeorum
2544 1166 2693 1221 vobis
2723 1183 2917 1223 nomen
2962 1168 3196 1238 imponi;
3235 1184 3359 1226 cum
3387 1186 3483 1227 vos

1901 1270 2006 1310 non
2047 1255 2235 1312 dicatis
2266 1258 2460 1312 malum
2486 1273 2605 1313 esse
2634 1258 2876 1328 nuptias,
2922 1260 3064 1330 quod
3092 1261 3277 1317 dicunt
3316 1261 3482 1317 Mani-

1901 1345 2035 1400 clnei
2065 1389 2080 1412 ,
2112 1347 2205 1401 sed
2241 1347 2428 1403 dicatis
2466 1350 2660 1403 malum
2703 1349 2754 1402 in
2783 1365 2970 1405 omnes
3010 1351 3251 1406 homines
3280 1362 3483 1406 natura:

1901 1437 2205 1494 conditione
2261 1442 2487 1495 transire
2519 1461 2536 1492 ι
2572 1441 2674 1512 (De
2702 1440 2907 1514 Nuptiis
2953 1453 2999 1497 et
3047 1443 3481 1515 Concupiscenlin,

1904 1526 1989 1579 lib.
2016 1526 2052 1580 Ξ
2072 1569 2084 1592 ,
2116 1545 2165 1581 η.
2196 1529 2308 1600 58).
2338 1531 2458 1584 llmc
2477 1543 2650 1585 autem
2681 1544 2990 1600 argumenta
3024 1542 3108 1588 tua
3140 1535 3485 1604 prudentibus

1904 1634 2008 1671 non
2050 1620 2259 1691 ambigo
2289 1621 2497 1676 irrisum
2530 1622 2593 1677 iri
2628 1642 2641 1678 :
2675 1640 2795 1678 nam
2827 1634 2884 1679 ut
2914 1625 3093 1680 Ariani
3137 1625 3273 1680 falso
3291 1627 3485 1683 Catltn-

1907 1711 2038 1768 licos
2079 1711 2411 1768 Sabellianos
2447 1712 2660 1779 dicunt,
2698 1729 2818 1769 cum
2861 1730 2889 1767 a
2932 1716 3084 1771 nobis
3124 1727 3177 1771 et
3227 1717 3397 1772 Patris
3434 1728 3490 1772 et

1906 1805 2026 1860 Filii
2048 1815 2101 1861 et
2126 1804 2355 1874 Spiritus
2384 1805 2553 1860 sancti
2584 1821 2929 1875 personarum
2958 1807 3049 1861 fiat
3077 1808 3193 1872 sine
3221 1810 3326 1864 ulla
3351 1825 3482 1864 con-

1904 1895 2113 1950 fusione
2142 1906 2194 1950 et
2223 1895 2338 1949 sine
2380 1895 2672 1950 mutatione
2700 1896 3009 1951 substantia:
3034 1898 3335 1965 distinctio,
3381 1902 3485 1955 illi-

1905 2001 2008 2055 que
2041 1984 2389 2040 .hebetissime
2432 1985 2858 2050 calumnientur,
2906 1987 3043 2042 inter
3082 2004 3242 2043 unum
3287 2000 3341 2044 et
3380 1998 3488 2045 tres

1909 2075 2039 2129 nihil
2083 2076 2342 2129 interesse
2376 2093 2389 2129 :
2427 2075 2496 2128 ita
2539 2076 2698 2130 etiam
2735 2073 2994 2130 Catltulicl
3033 2078 3152 2146 jure
3193 2080 3490 2150 meritoque

1907 2180 2003 2219 vos
2044 2165 2362 2220 Manichccos
2402 2180 2524 2220 esse
2564 2167 2944 2235 pronuntiant;
2995 2168 3116 2237 quia
3169 2167 3221 2223 id
3266 2185 3294 2221 a
3334 2170 3491 2225 nobis

1909 2256 2011 2310 dici
2060 2255 2191 2311 fides
2236 2268 2411 2312 vestra
2451 2257 2741 2327 compellit.
2791 2258 3049 2311 Asserunt
3089 2258 3284 2330 quippe
3327 2259 3492 2316 Mani-

1909 2347 2042 2402 (οιιωὶ
2088 2347 2328 2401 naturale
2370 2359 2644 2418 peccatum
2686 2366 2697 2401 :
2742 2362 2836 2402 vos
2872 2348 3049 2403 dicitis
3092 2352 3352 2407 naturale.
3402 2354 3493 2406 Di-

1910 2447 2039 2492 cunt
2083 2437 2357 2492 Manichmi
2413 2438 2682 2493 libidinem
2731 2452 3012 2509 corporum
3053 2458 3081 2493 a
3121 2442 3335 2498 diabolo
3371 2460 3491 2500 esse

1913 2530 2199 2598 plantatam
2226 2548 2240 2585 :
2274 2539 2324 2583 tu
2352 2530 2400 2584 id
2432 2530 2781 2599 multiplicata
2798 2530 3157 2601 disputatione
3182 2536 3490 2592 confirmas.

1906 2618 2253 2674 Contendant
2284 2620 2354 2674 illi
2380 2635 2473 2688 per
2498 2620 2735 2696 liberum
2755 2620 3032 2675 arbitrium
3059 2638 3165 2678 non
3197 2640 3353 2695 posse
3383 2642 3494 2680 ma-

1910 2710 2015 2763 lum
2041 2710 2250 2779 caveri,
2289 2712 2484 2781 quippe
2512 2712 2651 2781 quod
2677 2712 2916 2768 naturale
2941 2713 3009 2768 sit
3039 2732 3053 2769 :
3079 2724 3132 2769 tu
3162 2732 3372 2787 quoque
3399 2718 3495 2774 iis-

1907 2800 2028 2855 dem
2052 2802 2389 2856 sermonibus
2418 2804 2638 2857 liberum
2667 2806 3050 2861 conunentaris
3078 2808 3376 2875 arbitrium,
3400 2814 3499 2867 sed.

1909 2907 2005 2962 per
2034 2892 2174 2962 quod
2222 2893 2419 2947 malum
2460 2895 2571 2947 fieri
2621 2896 2785 2963 possit
2811 2898 2829 2929 ¹
2854 2938 2870 2961 ,
2921 2913 2951 2951 a
2985 2899 3127 2953 malo
3168 2910 3348 2956 autem
3387 2919 3495 2958 non

1912 2985 2078 3052 possit
2121 2984 2332 3040 desisti.
2382 2985 2516 3039 Dicit
2564 2986 2889 3043 Manichacus
2930 3004 3113 3045 semen
3159 3007 3292 3048 esse.
3325 2994 3495 3049 male-

1912 3076 2109 3128 dictum
2141 3093 2155 3130 :
2188 3084 2240 3130 tu
2270 3075 2322 3130 id
2368 3076 2762 3146 Scripturarum
2808 3081 3125 3135 auctoritate
3157 3083 3382 3152 probare
3406 3101 3498 3138 eo-

1914 3164 2074 3217 naris.
2100 3164 2234 3219 Dicit
2254 3164 2574 3220 Manichmus
2601 3166 3059 3224 inconvertibilem
3073 3186 3192 3226 esse
3205 3174 3455 3228 malitiam
3476 3193 3492 3230 :

1914 3264 1968 3309 tu
1996 3257 2073 3311 sic
2098 3270 2219 3311 esse
2249 3255 2574 3311 vociferaris.
2626 3257 2732 3312 Sed
2761 3258 2895 3313 dicis
2927 3269 2981 3314 tu
3010 3262 3179 3316 Adam
3209 3264 3379 3318 solum
3405 3284 3499 3319 na-

1914 3356 2046 3403 turae
2076 3349 2238 3404 fuisse
2282 3349 2516 3405 melioris
2548 3367 2563 3403 :
2594 3350 2722 3406 dicit
2746 3352 2906 3408 etiam
2948 3352 3270 3410 Manichacus
3299 3357 3363 3411 ad
3391 3357 3497 3412 Pa-

1915 3441 2145 3507 tricium,
2176 3441 2452 3496 meliorem
2482 3443 2629 3498 illum
2657 3445 2856 3500 secutis
2874 3445 3018 3500 credi
3048 3457 3321 3517 oportere,
3346 3453 3497 3519 quasi

1910 3531 1977 3586 de
2009 3531 2191 3601 prima:
2217 3545 2523 3588 concretum
2559 3533 2695 3589 flore
2719 3536 3050 3592 substantiae.
3097 3538 3243 3594 Dicis
3272 3550 3326 3595 tu
3352 3558 3498 3597 com—

1912 3625 2219 3679 mixtionem
2275 3635 2493 3696 propter
2543 3628 2812 3683 naturales
2862 3638 3040 3685 motus
3088 3645 3210 3687 esse
3266 3632 3492 3688 diaboli-

1912 3730 2064 3776 cam,
2119 3725 2279 3785 atque
2322 3716 2569 3773 homines
2609 3733 2638 3772 a
2677 3719 2890 3774 diabolo
2924 3722 3072 3790 quasi
3112 3719 3319 3778 fruticis
3366 3741 3395 3779 a
3438 3742 3496 3779 se

1914 3805 2129 3875 plantati
2178 3805 2378 3861 fructus
2410 3806 2531 3876 jure
2566 3806 2780 3878 decerpi
2812 3825 2825 3861 :
2858 3808 2988 3864 dicit
3030 3813 3190 3865 etiam
3239 3811 3340 3867 hoc
3386 3814 3498 3867 Ma-

1915 3896 2188 3963 nichmus,
2241 3896 2435 3967 quippe
2463 3913 2492 3951 a
2516 3911 2623 3968 quo
2662 3897 2713 3952 id
2741 3897 2963 3954 credere
3003 3908 3054 3954 et
3097 3902 3362 3956 affirmare
3412 3904 3498 3957 di-

1913 3987 2108 4043 dicisti.
2158 3987 2295 4043 Dicit
2339 3988 2666 4045 Manichzeus
2703 3999 2758 4045 et
2795 4001 3037 4046 naturam
3064 4002 3119 4048 et
3145 3995 3353 4064 nuptias
3387 4013 3500 4051 ma-

1914 4081 1993 4135 las
2039 4093 2207 4136 esse:
2242 4089 2296 4134 tu
2337 4090 2513 4136 autem
2564 4082 2732 4137 bonas
2771 4082 3017 4152 nuptias,
3071 4086 3163 4141 sed
3207 4102 3350 4141 ream
3400 4105 3498 4142 na.

1918 4182 2111 4225 turam.
2167 4170 2280 4225 Non
2310 4178 2364 4225 tu
2404 4170 2491 4226 hie
2535 4172 2867 4243 religiosior,
2919 4174 3013 4230 sed
3050 4174 3138 4232 ille
3165 4177 3495 4247 prudentior.

1915 4259 2194 4327 Quomodo
2244 4276 2374 4331 ergo
2422 4262 2612 4317 falsum
2667 4273 2787 4329 est,
2842 4264 2984 4336 quod
3037 4264 3223 4321 dicunt
3275 4269 3491 4334 Ariani,

1914 4352 2224 4410 Catholicos
2274 4352 2605 4410 Sabellianos
2649 4372 2768 4411 esse
2817 4376 2829 4410 :
2873 4357 2943 4411 ita
2984 4357 3321 4414 verissimum
3376 4370 3493 4423 est,

1916 4443 2057 4515 quod
2102 4444 2284 4500 dicunt
2322 4445 2620 4511 Catholici,
2656 4446 3017 4501 Traducianos
3058 4463 3161 4502 non
3202 4463 3320 4505 esse
3356 4450 3496 4505 aliud

1915 4554 2074 4607 quam
2126 4539 2484 4604 Matticltatos;
2533 4538 2930 4594 distinctionem
2985 4552 3164 4597 autem
3215 4542 3354 4599 inter
3406 4561 3501 4599 vos

1916 4628 2209 4682 illusoriam
2251 4628 2465 4698 quidem
2493 4670 2507 4691 ,
2554 4643 2656 4683 non
2690 4629 2794 4684 fide
2838 4642 3011 4687 vestra
3037 4674 3052 4697 ,
3104 4632 3201 4689 sed
3237 4634 3498 4704 imperitia

1918 4720 2226 4789 contigisse.
2271 4718 2439 4775 Unius
2478 4736 2606 4793 ergo
2649 4720 2769 4777 fidei
2816 4732 2869 4777 tu
2911 4734 2965 4777 et
3011 4723 3334 4781 Manichaeus
3365 4745 3377 4780 :
3408 4729 3500 4782 sed

1920 4810 2005 4865 ille
2045 4811 2219 4864 minus
2251 4811 2566 4881 impudens,
2616 4829 2772 4884 quam
2817 4823 2902 4869 tua
2935 4816 3164 4885 gravitas
3194 4817 3492 4881 invenitur;

1919 4916 2090 4971 neque
2135 4902 2275 4956 enim
2322 4902 2477 4959 facile
2514 4904 2834 4959 Maniclurus
2872 4917 2963 4960 aut
2990 4906 3236 4961 Melitidis
3260 4908 3396 4963 alter
3419 4910 3509 4964 of-

1920 4993 2176 5061 fenditur,
2231 4996 2318 5065 qui
2347 4996 2489 5051 dicat
2528 5013 2587 5053 se
2613 4998 2867 5053 damnare
2914 5008 3159 5056 naturam
3202 5000 3501 5072 hominum,

1919 5085 2012 5142 sed
2037 5103 2139 5141 non
2172 5088 2428 5145 infamare
2454 5091 2718 5162 conjugia.

1990 5180 2127 5234 Ave.
2167 5176 2273 5234 Cur
2295 5194 2395 5251 ego
2434 5182 2659 5236 Ariauos
2687 5194 2739 5237 et
2763 5181 3097 5241 Sabellianos
3115 5202 3504 5243 commemora-

1920 5269 2108 5338 verim,
2138 5271 2230 5341 qui
2256 5272 2447 5327 librum
2471 5272 2617 5327 illum
2650 5289 2825 5328 meum
2856 5274 3157 5349 intelligens
3188 5278 3347 5348 legit,
3377 5292 3497 5330 mox

1920 5363 2160 5428 invenit;
2209 5372 2364 5434 teque
2396 5364 2639 5435 pervidet
2666 5366 2851 5423 dolose
2875 5384 3032 5439 agere
3056 5411 3070 5429 ,
3116 5370 3204 5438 qui
3252 5366 3496 5422 eamdem

1919 5468 2132 5509 causam
2162 5463 2325 5509 totam
2347 5471 2765 5514 commemorare
2791 5459 3022 5513 noluisti.
3046 5458 3164 5513 'l‘ihi
3189 5458 3330 5512 enim
3353 5457 3461 5513 dixi
3485 5474 3498 5512 :

1986 5627 2000 5659 ¹
2027 5634 2152 5697 quos
2176 5627 2252 5697 hic
2274 5640 2669 5697 versusncmpe
2693 5644 2718 5679 a
2744 5631 2926 5697 verbis,
2944 5638 2992 5680 tu
3030 5642 3230 5693 quoque,
3248 5645 3406 5697 usque
3427 5632 3505 5697 ad,

1927 5687 2053 5748 quod
2092 5686 2271 5737 malum
2313 5686 2426 5750 ﬁeri
2443 5686 2621 5753 possit,
2645 5686 2948 5744 restituimus
2972 5686 3053 5742 ρι’
3070 5686 3423 5756 nimiuscriptis.
