3954 6178
396 301 535 357 ηαδ

403 429 423 462 σ
457 409 607 465 Sicut
636 410 817 465 Ariani
848 408 974 463 dum
1003 406 1335 463 S-tbelliauos
1358 405 1554 477 fugiunt
1578 447 1592 473 ,
1624 407 1674 459 in
1700 403 1848 475 pejus
1876 401 1977 455 ali-

401 501 527 571 quid
560 501 896 566 inciderunt,
933 494 1355 570 quia'l‘rinitatis
1375 497 1489 551 ausi
1518 507 1640 551 sunt
1663 512 1765 549 non
1795 508 1981 565 perso-

398 606 493 646 nas
520 590 827 645 discernere
848 630 862 652 .
891 587 984 643 sed
1018 597 1233 646 naturas
1265 606 1278 642 :
1307 587 1379 642 ita
1402 586 1670 655 Pelagiani
1709 585 1834 639 dunt
1862 583 1978 639 Ma-

399 680 723 735 niehmorum
753 687 957 748 pestem
981 678 1032 732 in
1054 692 1360 748 perversum
1392 677 1558 732 vitare
1582 685 1875 740 conantur,
1915 672 1982 728 de

400 773 699 840 nuptiarum
776 770 951 825 fructu
1035 772 1162 841 ipsis
1231 769 1534 825 Mauichteis
1595 769 1984 824 convincuntur

404 861 781 933 perniciosiora
828 862 1061 928 sentire,
1129 859 1395 915 credendo
1449 859 1698 930 parvulos
1770 856 1983 913 Christo

308 985 317 991 -
401 952 609 1007 medico
639 966 744 1006 non
776 967 936 1022 egere
973 970 991 1003 ι
1038 949 1176 1021 (Lib.
1218 951 1254 1004 2
1282 950 1345 1005 de
1385 949 1596 1020 Nuptiis
1640 959 1685 1003 et
1730 946 1982 1017 Concupi-

394 1045 610 1108 scentia,
640 1061 696 1098 η.
727 1043 838 1115 58).
884 1043 1010 1099 Haec
1054 1043 1218 1099 verba
1270 1057 1388 1098 mea
1440 1042 1535 1097 tibi
1586 1039 1977 1111 proposuisses,

396 1133 480 1189 vel
539 1142 687 1190 certe
733 1134 870 1189 hanc
902 1131 1219 1191 sententiam
1264 1149 1471 1200 meam,
1508 1132 1552 1187 si
1593 1130 1721 1187 mihi
1770 1144 1983 1201 quoquo

393 1225 556 1280 modo
590 1224 917 1296 respondere
947 1226 1209 1281 voluisses
1240 1244 1253 1279 :
1282 1225 1475 1297 quibus
1514 1220 1883 1295 praetermissis
1903 1219 1983 1274 di-

394 1318 472 1371 cis
503 1316 595 1371 tibi
622 1317 737 1386 ipse
756 1317 899 1388 quod
928 1317 1026 1384 vis,
1050 1327 1107 1373 ut
1130 1318 1281 1383 mihi,
1313 1332 1417 1373 non
1445 1331 1508 1372 ea
1534 1331 1651 1387 qua:
1674 1330 1704 1369 a
1734 1329 1819 1370 me
1843 1313 1980 1369 flictu

396 1415 522 1461 sunt
560 1406 851 1465 refellendo
874 1449 890 1473 ,
935 1408 1030 1464 sed
1053 1424 1157 1464 non
1193 1407 1418 1465 tacendo
1444 1406 1782 1477 respondisse
1804 1405 1977 1460 videa-

393 1499 493 1553 ris.
522 1498 590 1553 Et
613 1499 918 1570 nunc,quod
945 1514 1009 1556 ea
1034 1516 1119 1555 me
1142 1500 1341 1555 sentire
1365 1498 1499 1554 dicis
1522 1541 1537 1566 ,
1568 1512 1688 1568 qua:
1710 1497 1976 1552 sentiunt‘

398 1588 707 1657 Mauicluei,
752 1591 975 1646 multum
1015 1591 1246 1657 falleris;
1292 1591 1375 1646 vel
1418 1590 1595 1661 potius
1643 1604 1778 1660 quos
1832 1598 1981 1658 potes

396 1679 558 1734 fallis.
594 1679 727 1735 Nam
757 1680 1034 1736 Manichtei
1062 1682 1260 1736 malum
1287 1692 1612 1737 comteruum
1638 1681 1746 1735 Deo
1765 1722 1780 1744 ,
1813 1680 1981 1734 idem-

398 1783 505 1838 que
530 1769 551 1800 ²
577 1770 775 1824 malum
800 1784 921 1826 esse
958 1770 1304 1825 substantiam
1324 1813 1337 1833 ,
1362 1782 1417 1826 et
1442 1770 1669 1825 alienam
1693 1770 1976 1841 quamdam

398 1858 583 1914 dicunt
610 1874 729 1915 esse
756 1869 1020 1925 naturam,
1065 1878 1183 1931 qua:
1210 1863 1260 1916 in
1285 1862 1483 1916 bonum
1507 1863 1698 1916 mutari
1721 1903 1735 1921 .
1764 1876 1863 1917 nec
1886 1877 1980 1932 per

398 1965 458 2005 se
489 1951 688 2020 ipsam,
720 1967 819 2006 nec
842 1967 870 2006 a
899 1953 1040 2008 bono
1073 1954 1179 2007 Deo
1215 1955 1382 2024 possit
1405 1954 1625 2008 omnino
1654 1972 1667 2008 :
1699 1954 1849 2024 cujus
1876 1953 1979 2008 im-

401 2041 671 2097 mutabilis
697 2042 819 2096 mali
845 2044 1226 2098 commixtione
1251 2044 1293 2111 ³,
1322 2044 1552 2098 animam
1575 2044 1790 2111 bonam,
1818 2057 1978 2114 quam

397 2134 617 2189 credere
643 2134 840 2190 audent
876 2133 1002 2191 boni
1034 2136 1123 2192 Dei
1168 2152 1289 2192 esse
1327 2147 1568 2192 naturam
1593 2179 1608 2202 ,
1653 2137 1978 2208 inquinatam

395 2225 680 2297 perhibent
722 2239 882 2299 atque
926 2238 1267 2300 corruptam;
1313 2239 1367 2286 et
1407 2230 1476 2285 ob
1516 2229 1617 2286 hoc
1661 2231 1712 2285 in
1746 2229 1982 2302 qualibet

398 2316 631 2374 hominis
658 2327 814 2375 .etate
838 2321 1194 2375 necessarium
1230 2319 1428 2376 habere
1453 2321 1790 2387 salvatorem,
1822 2335 1852 2374 a
1872 2336 1979 2391 quo

398 2406 652 2462 mundata
677 2417 733 2463 et
759 2408 1113 2480 redintegrata
1136 2417 1296 2479 atque
1324 2425 1353 2463 a
1386 2409 1475 2464 tali
1493 2410 1797 2479 captivitate
1826 2419 1977 2466 eruta

401 2498 674 2553 liberetur.
727 2499 833 2555 Vos
857 2510 1034 2556 autem
1077 2501 1202 2557 dum
1240 2500 1293 2556 in
1327 2517 1633 2573 perversum
1669 2501 1847 2574 fugitis
1867 2501 1979 2557 Ma-

401 2589 635 2644 nichanos
657 2631 672 2656 ,
716 2588 767 2643 in
795 2590 890 2644 has
918 2590 1203 2662 impietatis
1240 2592 1484 2648 tenebras
1514 2592 1771 2648 incidistis
1791 2635 1805 2658 ,
1833 2601 1889 2646 ut
1911 2591 1981 2647 ab

398 2681 544 2736 omni
588 2681 731 2737 malo
768 2685 1059 2740 asserenda
1101 2687 1349 2755 parvulos
1390 2686 1601 2755 salvos,
1646 2684 1975 2741 Salvatorem

402 2777 614 2832 miseris
647 2779 1007 2834 necessarium
1048 2795 1152 2834 non
1195 2780 1422 2849 putetis;
1474 2788 1527 2833 et
1563 2778 1876 2848 adjuvandis
1900 2777 1979 2833 eis

398 2868 562 2937 ipsis,
607 2883 743 2939 quos
778 2869 983 2939 fugitis,
1040 2867 1344 2924 Manichmis
1372 2870 1553 2924 nescio
1590 2868 1857 2939 quomodo
1884 2883 1980 2939 per

397 2959 678 3015 circuitum
700 2960 865 3015 vestri
891 2960 1183 3017 occurratis
1211 2961 1411 3015 erroris
1430 3002 1445 3027 ,
1496 2959 1976 3031 negandomalum

400 3049 598 3104 vitiata:
641 3058 846 3106 naturas
901 3060 1125 3115 nostrze;
1177 3059 1235 3105 ut
1278 3049 1533 3120 quidquid
1583 3050 1846 3106 malorum
1895 3050 1976 3106 vel

402 3150 550 3196 recte
597 3141 866 3207 creditur,
920 3141 1007 3197 vel
1053 3151 1238 3212 aperte
1288 3140 1554 3196 invenitur
1603 3142 1656 3197 in
1710 3141 1976 3212 parvulis,

399 3231 764 3287 commixtioni
819 3231 997 3305 (quod
1044 3232 1230 3288 volunt
1276 3232 1416 3303 ipsi)
1468 3241 1671 3288 natura:
1722 3234 1980 3288 tribuatur

399 3320 605 3376 aliente.
650 3319 925 3377 Catholica
964 3337 1091 3377 vero
1134 3332 1191 3376 ut
1224 3320 1547 3378 Manichaeos
1586 3336 1640 3378 et
1669 3323 1980 3394 Pelagianos

401 3410 633 3479 devitet,
676 3414 877 3468 nullam
917 3423 1155 3468 naturam
1181 3423 1340 3484 atque
1368 3414 1714 3469 substantiam
1755 3430 1875 3469 esse
1900 3414 1981 3469 di-

397 3503 473 3556 cit
517 3504 714 3558 malum
746 3521 758 3556 :
789 3503 884 3559 sed
925 3504 1223 3559 voluntario
1270 3505 1445 3570 malo,
1492 3505 1631 3575 quod
1678 3521 1771 3575 per
1816 3523 1978 3561 unum

401 3591 670 3646 hominem
699 3593 754 3647 in
781 3608 966 3648 omnes
992 3593 1235 3648 homines
1259 3594 1585 3663 pertransiit,
1619 3606 1854 3650 nostram
1887 3612 1980 3650 na-

398 3692 569 3738 turam
592 3694 750 3755 atque
770 3685 1119 3741 substantiam
1149 3687 1269 3742 ideo
1294 3686 1599 3743 mutabilem
1629 3697 1651 3719 δ
1671 3730 1685 3755 ,
1728 3689 1850 3760 quia
1880 3689 1978 3744 Dei

400 3784 589 3831 natura
618 3792 722 3831 non
750 3786 849 3842 cst,
876 3793 980 3833 non
1010 3786 1167 3849 negat
1189 3793 1308 3835 esse
1336 3780 1571 3834 vitiatam
1594 3796 1609 3846 ;
1631 3782 1787 3851 eique
1813 3781 1976 3849 malo,

397 3866 538 3936 quod
570 3868 860 3925 insanabile
904 3869 1014 3925 Deo
1040 3887 1144 3925 non
1174 3881 1256 3927 est
1281 3913 1296 3939 ,
1338 3880 1396 3929 ut
1433 3872 1639 3927 absumi
1687 3875 1884 3944 possit,
1926 3875 1978 3929 in

397 3962 646 4019 omnibus
671 3964 916 4019 aetatibus
944 3963 1274 4021 Salvatorem
1292 3967 1651 4021 necessarium
1674 3967 1976 4022 confitetur.

398 4053 626 4111 Proinde
651 4070 749 4110 nec
774 4055 841 4110 de
866 4067 1082 4126 peccato
1114 4056 1360 4122 naturali,
1388 4072 1486 4111 nec
1515 4056 1583 4111 de
1612 4057 1831 4112 libidine
1860 4072 1979 4111 cor-

398 4163 586 4217 porum
611 4190 628 4215 ,
656 4162 755 4203 nec
794 4147 862 4203 de
888 4147 1058 4203 libero
1086 4147 1305 4202 arbitrio
1329 4189 1342 4211 ,
1380 4162 1479 4202 nec
1502 4147 1570 4203 de
1588 4148 1791 4202 semine
1819 4148 1981 4221 malc-

399 4237 542 4292 dicto
565 4279 580 4306 ,
623 4253 723 4293 nec
751 4236 820 4291 de
867 4236 1251 4291 inconvertibili
1281 4236 1480 4290 malitia
1505 4278 1519 4299 ,
1573 4252 1671 4292 nec
1698 4236 1765 4291 de
1793 4247 1979 4292 natura

399 4328 553 4398 primi
584 4327 813 4382 hominis
832 4369 846 4395 ,
878 4342 978 4381 nec
1004 4327 1070 4381 de
1098 4326 1476 4381 commixtione
1513 4342 1766 4391 sexuum,
1796 4342 1894 4381 nec
1914 4326 1980 4383 de

396 4428 658 4491 potestate
686 4419 942 4474 diabolica
964 4418 1015 4472 in
1036 4417 1299 4482 homines,
1332 4414 1516 4471 eadem
1539 4430 1657 4485 qua:
1680 4415 1975 4483 Mauichtei,

397 4513 576 4569 dicere
616 4525 938 4582 possumus;
982 4510 1071 4580 qui
1114 4509 1246 4564 duas
1276 4517 1491 4563 naturas
1531 4516 1689 4577 atque
1729 4508 1977 4563 substan-

397 4607 531 4669 tias,
566 4617 723 4655 nnam
747 4602 909 4668 boni,
941 4602 1162 4656 alteram
1193 4599 1354 4663 mali,
1388 4599 1502 4654 sine
1543 4598 1693 4653 initio
1727 4601 1979 4668 temporis

396 4694 772 4763 sempiternas,
802 4699 855 4745 et
877 4705 941 4745 ex
968 4690 1194 4760 quodam
1226 4690 1373 4744 initio
1394 4690 1648 4760 temporis
1664 4690 1978 4744 commixtas

397 4801 519 4841 esse
564 4798 669 4839 non
716 4781 974 4847 dicimus;
1024 4797 1092 4835 ne
1118 4781 1138 4812 ⁸
1167 4781 1305 4835 inter
1343 4781 1505 4835 multa
1548 4782 1774 4836 absurda
1819 4792 1977 4853 atque

395 4892 589 4934 vesana
609 4919 626 4944 ,
651 4875 811 4930 etiam
835 4873 929 4928 Dei
967 4881 1207 4926 naturam
1232 4872 1680 4942 coinquiuabilem
1709 4874 1977 4945 corrupti-

398 4969 671 5038 bilemque
714 4965 974 5020 dicamus.
1018 4963 1171 5031 Quod
1209 4971 1386 5016 autem
1415 4978 1500 5015 me
1541 4963 1709 5017 solum
1740 4962 1977 5018 affirmas

398 5061 578 5116 dicere
620 5058 786 5112 bonas
831 5056 1040 5126 nuptias
1064 5096 1080 5121 ,
1131 5068 1384 5124 reatnque
1422 5062 1662 5107 naturam
1696 5071 1708 5108 :
1743 5061 1799 5108 ut
1845 5054 1980 5108 alios

458 5219 473 5250 ¹
509 5214 584 5264 sic
604 5220 712 5262 llas.
736 5219 790 5261 tu
813 5211 971 5274 vign.,
1012 5208 1190 5274 sentire
1225 5208 1368 5268 dicis,
1393 5206 1520 5271 quod
1545 5205 1727 5257 dicunt.

458 5280 478 5310 ι
510 5278 585 5326 sic
605 5282 713 5324 uss.
741 5270 969 5339 latigo”
995 5270 1218 5333 denique.
1285 5331 1297 5339 _
1408 5270 1415 5271 ί
1452 5338 1455 5339 ν
1559 5329 1569 5339 ,
1605 5337 1612 5339 Α
1651 5328 1681 5339 ,.

459 5342 477 5371 η
511 5339 647 5394 t-‘diti,
676 5328 1075 5385 romniitiottem.
1115 5328 1167 5382 Et
1191 5331 1332 5396 [aulo
1358 5338 1481 5396 post,
1519 5328 1704 5393 pietatis
1742 5328 1976 5380 tenebras.

395 5410 445 5452 rt
461 5405 585 5451 una
597 5412 712 5471 pro,
733 5408 959 5467 reamque
976 5402 1228 5471 naturam,
1250 5396 1491 5466 ferebant,
1516 5404 1716 5471 eumth
1737 5398 1977 5471 natu‘rtnn.

395 5472 475 5512 lus
492 5472 544 5512 et
565 5453 671 5511 aliis
694 5453 741 5510 in
765 5461 857 5509 ista
873 5453 1191 5520 reSponsiouc
1218 5458 1335 5506 locis
1357 5455 1678 5504 emendantur
1703 5453 1761 5503 ad
1785 5461 1981 5503 veteres

393 5526 802 5645 ωἶὴῗδίέιιίεήιιδ,
825 5580 936 5631 ideo
952 5590 1054 5629 esse
1079 5576 1371 5628 mutabilem.
1419 5577 1581 5639 Abest,
1621 5588 1738 5635 esse,
1765 5588 1793 5624 a
1817 5588 1980 5625 manu-

396 5653 814 5767 Siripi'iéxacuus,
837 5714 941 5752 nec.
966 5707 1096 5763 uss,
1121 5712 1195 5750 ne.

1067 295 1310 352 OPERIS
1349 292 1754 349 IMPERFECTI
1791 287 2060 345 CONTRA
2100 285 2457 353 JULIANUM,
2501 288 2558 343 S.
2601 287 2971 345 AUGUSTINI

3536 289 3667 350 1464

2092 409 2291 456 taceam
2315 441 2330 463 ,
2358 401 2426 454 do
2453 402 2542 457 tibi
2572 402 2794 457 Paulum
2820 409 3117 471 apostolum
3139 443 3153 466 ,
3186 417 3345 472 quem
3370 411 3428 457 tu
3459 419 3668 474 quoque

2090 491 2415 549 laudatorem
2445 494 2698 562 praedicas
2718 496 3019 564 nuptiarum
3043 537 3058 563 ,
3105 494 3371 549 dicentem
3395 503 3576 549 tamen
3604 503 3670 549 de

2087 592 2290 637 natura:
2318 583 2590 653 originalis
2615 591 2631 621 ι
2678 595 2860 652 reatu,
2892 600 3084 655 corpus
3110 595 3378 639 mortumn
3409 600 3531 640 esse
3553 603 3674 654 pre-

2089 682 2208 742 ptcr
2247 684 2517 743 peccatum
2550 673 2726 747 (Rom.
2756 691 2877 741 vnt,
2910 676 3022 747 ill).
3077 676 3153 731 Do
3183 676 3277 731 tibi
3314 676 3545 730 alterum
3576 675 3672 730 hu-

2083 763 2174 834 jus
2209 765 2591 820 intellectorem
2616 807 2631 831 ,
2679 781 2962 837 meumque
3002 766 3308 830 doctorem,
3347 768 3666 822 catholicum

2088 855 2427 911 Ambrosium
2454 898 2468 918 .
2525 858 2613 927 qui
2663 873 2784 913 cum
2843 858 3022 913 laudet
3072 858 3408 929 coujngalem
3462 859 3662 929 pudici-

2089 950 2213 1002 tiam
2234 989 2250 1014 ,
2297 948 2423 1003 dicit
2449 957 2625 1004 tamen
2658 969 2670 1003 :
2710 970 2729 1002 ι
2760 949 2960 1005 Omnes
2989 950 3088 1005 sub
3128 959 3347 1020 peccato
3378 952 3659 1018 nascimur,

2087 1053 2310 1107 quorum
2341 1037 2452 1107 ipse
2476 1047 2624 1093 ortus
2646 1039 2697 1093 in
2736 1039 2863 1093 vitio
2886 1050 2966 1094 est
2995 1058 3014 1091 ι
3050 1040 3153 1108 (De
3188 1038 3497 1094 Paenitentia
3518 1082 3536 1104 ,
3569 1041 3654 1094 lib.

2092 1128 2258 1199 l,cap
2298 1129 2425 1183 Evcl
2451 1130 2529 1200 5).
2572 1130 2928 1196 Calumniose,
2966 1131 3358 1198 contentiose',
3406 1131 3663 1202 linguose,

2085 1219 2213 1289 quid
2234 1220 2430 1288 quan'is
2458 1221 2726 1290 amplius?

2158 1310 2349 1365 XXVI.
2391 1311 2507 1367 Jun.
2557 1311 2753 1367 Verum
2796 1312 3076 1368 adversum
3120 1312 3235 1369 tunc
3267 1313 3495 1387 ludibria
3535 1318 3659 1368 satis

2087 1411 2264 1456 actum
2291 1412 2373 1457 est
2401 1420 2415 1457 :
2448 1404 2722 1457 veniamus
2749 1403 2818 1458 ad
2844 1419 2982 1468 eam,
3015 1419 3173 1474 quam
3198 1419 3358 1472 supra
3388 1405 3519 1468 dixi,
3551 1420 3661 1473 per-

2086 1492 2446 1563 plexissimam
2478 1495 2827 1564 qmcstionem
2852 1537 2868 1564 ,
2910 1512 3028 1567 quae
3067 1496 3242 1566 ipsum
3281 1509 3664 1567 praeceptorem

2089 1593 2233 1639 tuum
2273 1584 2353 1638 sui
2391 1584 2681 1641 subtilitate
2710 1585 2942 1657 decepit.
2973 1585 3306 1657 Oppositioui
3338 1588 3536 1657 quippe
3564 1604 3660 1642 n0-

2085 1686 2211 1731 stra:
2228 1719 2244 1745 ,
2277 1676 2414 1731 haud
2440 1676 2754 1747 exponendo
2778 1717 2795 1744 ,
2823 1677 2919 1734 sed
2943 1677 3090 1734 aliud
3128 1677 3395 1733 difficilius
3420 1680 3663 1749 penendo

2084 1776 2306 1823 conatus
2334 1782 2394 1823 es
2417 1783 2722 1824 occurrere.
2753 1768 2887 1825 Cum
2918 1770 3059 1825 enim
3086 1769 3387 1826 docuissem
3412 1811 3427 1832 .
3458 1771 3581 1841 quia
3610 1772 3660 1826 in

2086 1857 2387 1912 hominibus
2429 1858 2760 1927 perfectioris
2799 1860 2973 1915 aetatis
3012 1862 3207 1915 malum
3250 1871 3440 1928 suapte
3480 1862 3663 1915 volun-

2085 1957 2193 2004 tate
2233 1948 2256 1982 ³
2299 1950 2679 2019 cperantibus,
2724 1960 2779 2007 et
2813 1953 3041 2007 innocua
3081 1962 3284 2007 natura:
3322 1954 3665 2009 laudarentur

2084 2041 2324 2110 exordia,
2350 2051 2406 2098 et
2429 2044 2696 2097 actionum
2719 2044 3030 2099 diverticula
3051 2044 3173 2114 jure
3202 2046 3663 2116 vituperarentur;

2083 2132 2295 2205 duoque
2334 2149 2472 2200 esse,
2521 2151 2642 2205 qua:
2690 2135 2895 2205 possint
2939 2122 3225 2191 contrariis
3268 2138 3560 2206 applicari;
3613 2139 3665 2191 iu

2082 2225 2316 2295 parvulis
2344 2237 2521 2281 autem
2550 2242 2714 2282 unum
2739 2269 2755 2294 ,
2787 2226 2839 2282 id
2866 2236 2979 2292 est,
3008 2237 3251 2282 naturam
3271 2270 3285 2291 ,
3323 2230 3447 2297 quia
3478 2230 3667 2282 volun-

2083 2324 2166 2371 tas
2193 2332 2297 2371 non
2326 2326 2502 2382 esset;
2546 2317 2780 2388 illudque
2815 2334 2978 2374 unum
3021 2328 3114 2374 aut
3151 2321 3291 2384 Deo,
3318 2330 3410 2375 aut
3437 2321 3668 2375 daemoni

2083 2421 2202 2463 esse
2227 2408 2578 2478 reputaudum
2606 2426 2620 2462 :
2651 2408 2950 2479 collegique
2972 2408 2995 2441 ‘
3019 2451 3034 2475 ,
3062 2418 3122 2465 ut
3149 2411 3192 2464 si
3240 2425 3335 2479 per
3373 2410 3538 2465 Deum
3569 2427 3667 2464 na-

2083 2509 2202 2555 tura
2254 2500 2612 2567 subsisteret,
2655 2516 2760 2557 non
2812 2512 2995 2572 posset
3039 2519 3159 2558 esse
3200 2505 3251 2557 in
3293 2519 3357 2559 ea
3412 2505 3669 2574 originale

2082 2591 2315 2656 malum;
2344 2591 2388 2646 si
2415 2601 2592 2646 autem
2615 2592 2826 2647 diabolo
2864 2594 3312 2649 transcriberetur
3340 2610 3437 2664 per
3464 2596 3668 2665 ingeni-

2062 2689 2194 2751 tum
2220 2681 2460 2747 malum,
2492 2682 2622 2736 nihil
2652 2692 2798 2738 esset
2825 2698 2919 2753 per
2942 2684 3083 2754 quod
3116 2684 3276 2738 homo
3310 2684 3492 2739 divino
3517 2686 3666 2754 operi

2082 2774 2444 2830 vindicaretur
2475 2793 2488 2829 :
2518 2790 2639 2830 cum
2667 2790 2796 2846 ergo
2836 2776 2901 2830 ad
2929 2792 2989 2831 ea
3022 2778 3354 2845 pervenisses
3381 2778 3493 2831 loca
3519 2819 3535 2844 ,
3576 2794 3666 2833 re-

2082 2865 2362 2935 spondisti,
2396 2865 2499 2921 lide
2522 2866 2699 2933 solita,
2738 2881 2824 2921 me
2854 2867 3131 2936 collegisse
3157 2883 3377 2933 verum;
3407 2866 3502 2922 sed
3531 2878 3583 2921 et
3613 2868 3664 2922 in

2082 2957 2316 3028 parvulis
2340 2956 2446 3012 duo
2474 2973 2612 3023 esse,
2639 2957 2688 3012 id
2711 2967 2813 3024 est,
2844 2966 3084 3012 naturam
3114 2967 3167 3012 et
3191 2968 3489 3028 peccatum.
3511 2958 3663 3025 Quod

2085 3059 2259 3105 tamen
2287 3058 2559 3119 peccatum
2581 3090 2596 3115 ,
2639 3058 2697 3104 ut
2728 3050 2963 3120 priorum
2998 3050 3366 3105 definitionum
3410 3050 3665 3105 recorde-

2081 3140 2195 3206 ris,
2243 3140 2374 3195 nihil
2420 3148 2502 3196 est
2545 3140 2707 3207 aliud,
2761 3157 2920 3210 quam
2972 3143 3218 3197 voluntas
3269 3142 3527 3197 retinendi
3580 3144 3664 3196 vel

2082 3230 2392 3287 admittendi
2424 3231 2565 3300 quod
2592 3230 2793 3300 justitia
2826 3240 2965 3287 vetat
2992 3274 3005 3295 ,
3054 3242 3108 3287 ct
3152 3233 3292 3288 unde
3321 3234 3544 3289 liberum
3582 3244 3665 3288 est

2082 3324 2369 3378 abstinere.
2399 3322 2701 3378 Constituto
2727 3339 2856 3394 ergo
2885 3336 3158 3393 peccatum
3187 3325 3317 3380 nihil
3346 3339 3469 3380 esse
3497 3327 3658 3389 aliud,

2082 3430 2238 3486 quam
2267 3429 2442 3484 prava:
2465 3414 2751 3470 voluntatis
2777 3414 3126 3481 electionem;
3160 3417 3503 3486 respondisti,
3534 3417 3660 3485 Epi-

2083 3522 2213 3562 cure
2241 3507 2406 3560 nostri
2438 3506 2713 3576 temporis,
2742 3506 2794 3561 in
2821 3508 3053 3576 parvulis
3082 3516 3355 3577 peccatum
3383 3523 3535 3575 esse,
3568 3523 3660 3562 κο·

2082 3598 2338 3653 luntatem
2369 3613 2477 3653 non
2514 3612 2635 3653 esse
2663 3614 2678 3651 :
2708 3598 2849 3668 quod
2890 3600 3044 3668 cujus
3067 3599 3138 3653 sit
3162 3599 3443 3655 dedecoris
3466 3642 3482 3666 ,
3529 3601 3663 3657 liber

2077 3688 2187 3757 jam
2214 3697 2431 3758 quartus
2456 3687 2707 3744 Ostendit.
2735 3688 2792 3743 In
2822 3688 2905 3742 his
2926 3704 3053 3759 ergo
3083 3690 3214 3744 locis
3238 3705 3359 3744 cum
3385 3691 3657 3754 dixissem.

2082 3778 2137 3833 Si
2162 3794 2228 3834 ex
2254 3780 2526 3834 voluntate
2563 3790 2645 3835 est
2688 3788 2999 3849 peccatum,
3045 3780 3185 3833 mala
3226 3782 3468 3835 voluntas
3492 3824 3506 3847 ,
3544 3797 3662 3851 qua:

2082 3878 2358 3938 peccatum
2391 3869 2544 3935 facit;
2576 3868 2623 3923 si
2646 3885 2712 3924 ex
2747 3879 2953 3935 natura,
2985 3871 3122 3925 mala
3153 3881 3360 3935 natura,
3392 3889 3511 3942 qua:
3538 3889 3662 3943 pec-

2081 3968 2258 4014 catum
2302 3958 2429 4014 facit
2460 3978 2471 4013 :
2506 3976 2566 4013 «ut
2615 3960 2913 4029 quaestione
2946 3976 3005 4015 es
3042 3961 3173 4016 mihi
3211 3972 3436 4017 conatus
3472 3979 3661 4019 occur-

2082 4066 2239 4128 rere,
2268 4066 2425 4119 quam
2452 4066 2482 4103 a
2526 4061 2577 4106 te
2616 4053 2974 4121 excogitatam
3014 4068 3121 4107 non
3162 4067 3284 4107 esse
3318 4054 3657 4109 manifestum

2082 4153 2184 4199 est.
2218 4144 2348 4198 Nam
2379 4160 2500 4199 cum
2531 4152 2655 4197 ante
2681 4144 2779 4198 hos
2807 4160 2974 4199 annos
2997 4160 3240 4200 essemus
3269 4147 3601 4217 Carthagini,
3630 4164 3660 4201 a

2082 4235 2314 4306 quodam
2358 4234 2488 4290 mihi
2540 4234 2813 4291 Ilonorato
2861 4237 3075 4291 nomine
3119 4237 3142 4268 '
3186 4238 3489 4291 necessario
3533 4245 3660 4304 tuo,

2083 4325 2375 4381 Manichaco
2401 4342 2587 4396 aeque.
2634 4326 2774 4382 sicut
2800 4326 3041 4396 epistola:
3079 4338 3271 4382 vestrae
3303 4327 3573 4393 indicant,
3610 4329 3660 4382 id

2083 4418 2253 4488 ipsmn
2287 4418 2614 4487 propositum
2642 4428 2741 4473 est.
2774 4417 2935 4488 Cujus
2961 4419 3036 4472 rei
3063 4418 3128 4472 ad
3160 4417 3262 4472 hoc
3293 4419 3663 4473 tantummodo

2082 4512 2181 4567 feci
2215 4512 2570 4577 mentionem,
2601 4521 2658 4565 ut
2685 4510 2913 4567 clareret
2952 4512 3087 4565 hanc
3126 4526 3247 4566 esse
3274 4510 3623 4579 quazstionem
3644 4554 3658 4575 ,

2083 4620 2201 4674 qua:
2229 4613 2284 4659 et
2322 4604 2524 4659 Manem
2552 4614 2607 4659 et
2646 4604 2967 4659 Marcionem
2995 4613 3120 4659 ante
3160 4612 3238 4658 tot
3267 4605 3461 4658 smcula
3491 4603 3652 4660 decc-

2084 4695 2266 4763 pissct.
2297 4694 2384 4750 Sic
2422 4710 2550 4765 ergo
2592 4694 2828 4763 loqueris
2851 4702 3036 4749 contra
3066 4694 3166 4749 hoc
3194 4692 3337 4764 quod
3376 4709 3478 4763 ego
3509 4694 3659 4748 dixe-

2084 4800 2217 4847 ram,
2244 4784 2298 4837 Si
2328 4792 2599 4851 peccatum
2628 4784 2678 4837 in
2710 4792 2971 4848 naturam,
3000 4783 3139 4837 mala
3167 4793 3354 4837 natura
3385 4798 3507 4853 qua:
3539 4799 3659 4853 pec-

2083 4886 2257 4929 catum
2289 4873 2412 4928 facit
2441 4891 2453 4927 :
2489 4892 2507 4925 ι
2541 4872 2734 4941 Quaero
2767 4874 2834 4929 ab
2862 4874 2951 4927 illo
2974 4913 2992 4941 ,
3022 4873 3066 4927 si
3098 4882 3275 4944 potest
3303 4875 3658 4945 respondeat,

2147 5026 2162 5057 ί
2199 5031 2353 5074 Forte.
2375 5037 2417 5073 οι
2430 5022 2615 5074 iat'tmli.

2147 5038 2162 5057 ¹
2230 5040 2258 5071 0
2409 5038 2417 5055 ’
2533 5038 2561 5071 (1
2604 5061 2615 5073 .

2146 5088 2167 5117 ³
2200 5038 2937 5148 ἵνὲζῗίζνζῖέὲῑὶξδεῤ¹ἰευίυνίιιε
2958 5087 3291 5144 substituerat,
3310 5086 3661 5135 coruuntrliose.

2148 5150 2170 5211 ἓ
2202 5148 2348 5207 Editi,
2367 5153 2538 5211 suapte
2558 5154 2748 5196 natura.
2776 5149 2946 5197 Verius
2960 5155 3098 5207 Mss,
3116 5155 3284 5211 suapte
3316 5148 3567 5197 maturitate.

2145 5209 2167 5241 δ
2201 5215 2355 5272 Forte,
2373 5207 2649 5272 polumque.

2145 5273 2167 5304 ⁸
2202 5267 2590 5332 Editi,'ltonofuio
2632 5267 2838 5332 frontiue.
2873 5279 2937 5319 Ac
2978 5268 3122 5332 [aulo
3152 5277 3276 5332 post,
3311 5269 3432 5319 sicut
3453 5269 3663 5331 epis-(olm

2083 5338 2259 5383 nostra:
2287 5330 2519 5381 indicunt.
2560 5331 2880 5380 Emendautur
2914 5330 3361 5392 ex‘manu’scriptis.
3402 5330 3665 5379 "odoratus

2084 5408 2228 5456 porro
2250 5394 2433 5441 amicus
2458 5394 2725 5456 augustino,
2761 5394 2843 5453 qui
2863 5393 3135 5456 atanichteis
3177 5393 3430 5456 aliquando
3455 5393 3663 5456 inha‘sit,

2086 5452 2361 5504 notissimus
2380 5463 2454 5503 est
2474 5452 2547 5502 εί
2562 5452 2684 5502 libro
2698 5454 2761 5502 de
2782 5452 2995 5503 t'tilitate
3018 5456 3247 5503 credendi
3262 5452 3320 5502 ad
3344 5454 3659 5513 eutttscripto.

2085 5524 2216 5578 Hune
2248 5516 2462 5565 Julianus
2484 5517 2600 5563 satis
2639 5515 2814 5578 indicat
2849 5516 3075 5564 eumdem
3112 5518 3270 5578 ipsum
3295 5527 3427 5578 esse,
3452 5517 3533 5577 qui
3553 5521 3663 5578 tar-

2087 5577 2284 5638 thagine
2304 5578 2654 5642 quaestionibus
2688 5577 2847 5642 missis
2889 5578 2947 5625 ad
2994 5575 3340 5642 augustinum,
3372 5575 3499 5623 illam
3522 5576 3583 5623 ab
3606 5586 3666 5642 eo

2085 5647 2250 5686 contra
2276 5638 2465 5700 Pelagia
2484 5639 2824 5700 msgeximiam,
2848 5651 2957 5700 quze
2980 5638 3043 5687 de
3066 5638 3222 5688 Gratia
3234 5638 3347 5688 Novi
3370 5638 3663 5688 Testamqu

2088 5698 2658 5762 mscribitur,'epistclam
2686 5699 2771 5748 HO
2793 5698 2993 5763 accepit.
