3934 6178
248 268 388 325 (ωδ

248 380 383 433 sicut
417 376 755 433 manifestum
778 384 894 440 est,
923 388 987 430 ex
1017 373 1285 429 voluntate
1313 373 1449 428 mala
1491 381 1742 442 tanquam
1770 389 1834 427 ex

246 468 443 524 arbore
470 467 607 522 mala
637 467 837 521 fructus
858 468 976 535 ejus
1005 464 1118 520 fieri
1141 464 1317 519 omnia
1350 480 1512 533 opera
1540 468 1672 518 mala
1699 481 1712 527 ;
1758 465 1836 519 sic

248 561 419 631 ipsam
462 560 787 613 voluntatem
830 559 1059 625 malam,
1106 557 1156 612 id
1188 566 1306 622 est,
1359 558 1526 627 ipsam
1568 555 1832 612 fructuum

249 652 513 705 malorum
543 649 788 705 arborem
819 650 1011 703 malam
1043 648 1183 704 unde
1213 648 1355 703 dit-at
1383 659 1646 704 exortam.
1680 650 1734 704 Si
1766 666 1827 703 ex

244 741 474 811 angelo;
501 739 627 809 quid
652 740 904 809 eratipse
922 740 1162 810 angelus,
1194 739 1295 794 nisi
1322 740 1516 793 bonum
1541 755 1674 809 opus
1705 741 1833 794 Dei?

244 831 301 887 Si
335 847 401 887 ex
433 832 678 895 homine;
705 831 832 902 quid
856 841 972 886 erat
1000 832 1112 901 ipse
1138 830 1321 897 homo,
1353 830 1453 885 nisi
1481 831 1674 886 bonum
1702 845 1833 899 opus

247 922 388 977 Dei?
438 922 550 975 lmo
590 922 712 991 quia
755 922 1001 977 voluntas
1036 921 1173 976 mala
1212 937 1276 976 ex
1305 922 1495 991 angelo
1532 921 1740 991 angeli,
1778 932 1833 977 et

244 1027 311 1066 ex
341 1012 555 1067 homine
581 1012 810 1066 hominis
835 1020 952 1066 orta
977 1020 1094 1076 est;
1124 1011 1248 1082 quid
1277 1021 1428 1067 erant
1455 1011 1567 1067 hinc
1589 1012 1714 1073 duo.
1737 1028 1835 1065 an-

247 1113 464 1174 tequam
490 1104 541 1157 in
567 1104 647 1157 eis
677 1105 772 1158 ista
814 1102 949 1157 mala
986 1103 1289 1166 orirentur,
1320 1101 1423 1157 nisi
1465 1102 1661 1157 bonum
1699 1116 1834 1171 epos

247 1196 370 1262 Dei,
393 1207 446 1251 et
465 1196 600 1250 bona
612 1205 772 1265 atque
788 1195 1046 1250 laudanda
1064 1194 1287 1250 natura?
1305 1194 1442 1250 Ecce
1458 1209 1586 1265 ergo
1607 1209 1671 1250 ex
1693 1194 1834 1250 bono

244 1288 421 1342 oritur
442 1287 662 1352 malum,
695 1302 792 1342 nec
822 1287 918 1341 fuit
937 1286 1155 1341 omnino
1182 1286 1321 1342 unde
1347 1288 1474 1341 oriri
1507 1298 1708 1357 posset,
1732 1287 1832 1342 nisi

244 1391 311 1431 ex
342 1378 516 1444 bono;
545 1378 712 1448 ipsam
744 1377 864 1432 dico
905 1377 1229 1432 voluntatem
1269 1376 1495 1442 malam,
1523 1392 1681 1447 quam
1709 1378 1833 1431 nul-

244 1471 363 1525 lum
406 1471 679 1541 praecessit
724 1471 954 1535 malum;
987 1486 1092 1524 non
1132 1485 1295 1539 opera
1333 1470 1471 1524 mala
1496 1511 1511 1535 ,
1557 1485 1679 1540 quae
1726 1485 1832 1524 non

241 1573 376 1619 sunt
398 1564 501 1620 nisi
529 1579 592 1620 ex
618 1564 889 1618 voluntate
910 1562 1068 1627 mala,
1095 1572 1342 1631 tanquam
1364 1576 1431 1617 ex
1456 1561 1649 1617 arbore
1670 1561 1830 1616 mala.

241 1656 362 1713 Nec
391 1658 512 1713 ideo
551 1665 728 1711 tamen
754 1671 818 1711 ex
850 1655 991 1709 bono
1022 1654 1195 1725 patuit
1221 1653 1347 1708 oriri
1378 1653 1627 1708 voluntas
1656 1653 1828 1719 mala,

239 1750 369 1819 quia
417 1749 613 1802 bonum
663 1747 857 1801 factum
898 1756 979 1800 est
1020 1760 1049 1798 a
1092 1745 1201 1799 Deo
1239 1743 1409 1808 bono;
1454 1743 1549 1799 sed
1593 1743 1715 1813 quia
1764 1743 1832 1798 de

238 1841 414 1895 nihilo
455 1841 647 1894 factum
678 1847 794 1903 est,
826 1853 931 1891 non
958 1835 1026 1891 de
1054 1836 1183 1891 Deo.
1225 1834 1360 1902 Quid
1404 1842 1488 1890 est
1529 1848 1655 1904 ergo
1688 1832 1831 1904 quod

237 1929 395 1993 dicit,
427 1928 482 1984 Si
511 1937 698 1983 natura
722 1941 857 1996 opus
884 1936 967 1981 est
994 1926 1109 1990 Dei,
1149 1941 1242 1995 per
1270 1940 1406 1996 opus
1432 1924 1524 1980 Dei
1552 1939 1686 1994 opus
1711 1924 1830 1978 dia-

235 2019 353 2075 boli
383 2020 613 2075 transire
642 2036 748 2074 non
766 2017 991 2074 sinitur?
1012 2017 1199 2072 Nonne
1219 2032 1355 2087 opus
1374 2016 1595 2081 diaboli,
1619 2014 1833 2086 quando

232 2112 296 2166 in
333 2112 525 2182 angelo
552 2112 642 2180 qui
667 2110 911 2164 diabolus
940 2108 1109 2163 factus
1139 2116 1262 2173 est,
1310 2108 1461 2178 prius
1496 2115 1674 2160 ortum
1714 2114 1828 2170 est,

231 2203 294 2268 in
326 2219 493 2272 Opere
520 2203 612 2256 Dei
636 2210 809 2256 ortum
839 2200 965 2256 est?
988 2200 1324 2270 Quapmpter
1360 2200 1405 2254 si
1452 2198 1649 2252 malum
1689 2196 1830 2267 quod

226 2292 470 2346 omnino
500 2306 754 2359 ιιιιςηιιςιιιι
780 2299 897 2346 erat
925 2290 976 2343 in
1007 2304 1170 2358 Opt't'e
1209 2288 1302 2343 Dei
1334 2288 1462 2342 oriri
1492 2287 1694 2356 potuit;
1734 2301 1834 2341 cur

228 2382 445 2436 malum
480 2380 623 2450 quod
651 2381 841 2434 alicubi
868 2381 976 2449 jam
1004 2388 1119 2433 erat
1139 2421 1153 2442 ,
1197 2394 1294 2449 per
1320 2393 1454 2448 opus
1483 2377 1571 2431 Dei
1606 2376 1832 2431 transire

229 2487 350 2527 non
392 2471 604 2539 potuit?
643 2470 906 2539 Numquid
945 2470 1192 2524 homines
1232 2484 1338 2523 non
1379 2475 1504 2523 sunt
1527 2481 1662 2536 opus
1692 2465 1832 2521 Dei?

230 2564 567 2620 Pertransiit
594 2577 722 2633 ergo
754 2572 1025 2632 peceatum
1060 2577 1153 2631 per
1182 2562 1445 2623 homines,
1473 2559 1574 2613 hoc
1592 2569 1692 2625 est,
1716 2558 1827 2612 dia.

237 2655 361 2709 boli
390 2668 524 2723 opus
555 2667 648 2723 per
675 2666 811 2722 opus
837 2651 965 2715 Dei;
1006 2660 1166 2720 atque
1196 2658 1254 2703 ιιι
1283 2650 1389 2703 alio
1416 2648 1572 2703 modo
1600 2648 1826 2719 idipsum

227 2746 418 2799 dicam
440 2785 455 2809 ,
500 2759 632 2813 opus
662 2743 752 2798 Dei
792 2757 887 2812 per
924 2755 1059 2810 opus
1085 2740 1266 2810 operis
1297 2740 1387 2795 Dei
1424 2757 1444 2792 ι
1486 2738 1587 2813 (De
1618 2738 1829 2809 Nuptiis

231 2846 295 2890 et
315 2834 560 2902 Concup.,
591 2835 680 2888 lib.
701 2833 754 2897 2,
784 2851 837 2886 η.
864 2830 975 2904 48).
1000 2832 1124 2886 llaec
1146 2842 1250 2886 tam
1280 2832 1463 2898 multa,
1495 2847 1611 2900 qua:
1632 2830 1699 2886 de
1726 2831 1829 2886 tuis

231 2926 582 2981 sermonibus
610 2925 800 2994 posui,
845 2931 1170 2995 aperuerunt
1212 2923 1430 2976 omnino
1474 2923 1640 2992 ipsum
1673 2931 1829 2991 caput

232 3024 303 3071 ct
330 3016 524 3071 fontem
555 3016 751 3071 erroris
780 3013 982 3085 antiqui
1015 3031 1027 3067 :
1061 3013 1189 3067 nihil
1216 3013 1266 3066 in
1295 3012 1452 3067 dictis
1478 3012 1579 3066 tuis
1599 3014 1826 3077 acutius,

232 3109 377 3163 nihil
410 3109 462 3162 in
490 3107 804 3163 disserendo
831 3106 1138 3177 perplexius
1176 3105 1434 3165 attulisti;
1474 3113 1586 3158 toto
1612 3103 1830 3156 omnino

231 3216 435 3271 campo
462 3200 836 3271 disputationis
864 3199 1113 3270 agitatus,
1137 3211 1200 3252 ac
1220 3198 1287 3253 de
1313 3196 1456 3251 omni
1481 3195 1618 3261 loco,
1652 3195 1702 3247 in
1725 3207 1831 3262 quo

234 3301 550 3347 tenuiveras
574 3291 899 3355 subsistere,
930 3288 1096 3343 armis
1136 3287 1343 3343 infesta:
1375 3287 1618 3341 veritatis
1643 3283 1832 3355 expul-

233 3399 362 3448 sus,
397 3384 683 3454 pervenisti
718 3381 931 3436 tandem
962 3380 1027 3433 ad
1055 3380 1201 3434 illum
1232 3393 1476 3448 specum,
1504 3391 1662 3446 quem
1693 3376 1831 3428 inter

232 3491 412 3546 Opaca
466 3476 818 3546 quzrstiomnu
870 3472 1189 3527 Manichazus
1247 3469 1473 3524 fuderat.
1534 3466 1828 3522 Reddidisti

236 3569 596 3640 propositioni
628 3568 751 3621 huic
791 3565 1152 3620 testimonium
1192 3559 1522 3617 difficultatis
1547 3574 1657 3614 sure
1681 3599 1697 3622 ,
1742 3557 1829 3612 di-

236 3676 378 3717 cens
402 3704 415 3724 ,
450 3680 468 3712 ι
504 3662 697 3727 Qna~ro
723 3659 790 3712 ab
816 3658 907 3711 illo
927 3698 941 3719 ,
974 3664 1031 3710 ut
1054 3655 1100 3708 si
1132 3663 1306 3723 potest
1332 3651 1653 3721 respondeat
1680 3668 1693 3704 :
1728 3667 1748 3700 ι
1778 3657 1833 3703 ει

238 3752 371 3808 ideo
399 3752 643 3821 quoniam
684 3748 934 3803 convenit
977 3747 1114 3799 inter
1153 3752 1436 3811 utrumque
1474 3750 1709 3794 nostrum
1754 3739 1832 3792 lo-

239 3860 371 3901 cum
398 3858 518 3898 esse
544 3841 838 3906 difficilem,
866 3848 925 3893 ut
953 3845 1065 3891 toto
1086 3836 1264 3890 animo
1290 3834 1427 3887 adsit
1450 3832 1619 3886 lector
1644 3831 1831 3883 admo-

242 3953 374 3992 neo.
419 3935 792 3990 Distinctiones
818 3947 916 4002 pro
945 3932 1020 3985 rei
1053 3927 1358 3983 conditione
1400 3926 1623 3981 subtiles
1645 3967 1659 3990 ,
1700 3939 1833 3995 quas

243 4030 532 4099 adjuvantc
552 4026 767 4082 Christo
787 4024 996 4079 confido
1019 4022 1363 4092 pinguescere
1407 4035 1459 4081 ιιι
1473 4018 1554 4073 ius
1577 4020 1831 4085 intentus,

247 4135 380 4173 mox
414 4132 633 4172 securus
658 4114 919 4184 sequitur.
950 4111 1196 4179 Quaesisti
1227 4126 1389 4180 ergo,
1422 4109 1561 4164 unde
1590 4109 1781 4163 nralum
1817 4123 1832 4162 :

248 4210 525 4276 interrogo
549 4247 563 4269 ,
607 4205 747 4276 quod
789 4205 985 4259 malum
1015 4203 1198 4269 dicas;
1240 4217 1522 4258 commune
1560 4202 1701 4257 enim
1734 4200 1836 4255 hoc

250 4312 453 4351 nomen
483 4307 563 4352 cst
589 4296 762 4364 culpa:
786 4304 842 4349 et
866 4294 1146 4354 vindiche;
1174 4301 1427 4348 carterum
1453 4291 1674 4347 abusive
1703 4305 1833 4360 snp-

249 4387 469 4457 plicium
489 4387 688 4440 malum
711 4394 951 4445 vocatur,
973 4400 1092 4437 cum
1120 4382 1379 4453 gravitate
1404 4383 1520 4451 ejus
1541 4399 1647 4453 quo
1672 4381 1836 4435 infer-

252 4489 346 4533 tur
368 4479 550 4549 judicii
586 4478 901 4555 vindicetur.
942 4476 1253 4546 Respondes
1273 4517 1288 4542 ,
1327 4476 1394 4530 dc
1421 4484 1639 4545 peccato
1668 4483 1718 4529 te
1755 4474 1835 4528 di-

247 4587 400 4637 cere,
426 4587 530 4627 non
555 4573 622 4628 de
651 4570 931 4640 supplicio.

327 4662 459 4719 Atto.
490 4662 754 4731 Aperuisti
782 4661 1001 4714 omnino
1029 4657 1308 4713 stultitiam
1355 4666 1496 4711 tuam
1524 4697 1537 4721 ,
1581 4665 1836 4726 quantum

249 4753 493 4825 potuisti,
518 4752 608 4823 qui
635 4751 833 4805 malmn
860 4748 1133 4803 confiteris
1153 4762 1273 4803 esse
1302 4762 1537 4816 peccare,
1564 4755 1617 4799 et
1637 4746 1834 4800 malum

248 4861 361 4901 non
388 4860 508 4901 esse
533 4845 667 4899 dicis
685 4886 699 4909 ,
728 4844 820 4897 sed
849 4843 1066 4914 abusive
1096 4841 1291 4894 malum
1319 4839 1493 4894 vocari
1521 4880 1533 4901 ,
1566 4839 1828 4908 supplicio

248 4937 563 5008 sempiterni
583 4938 718 5008 ignis
746 4937 953 4990 ardere.
983 4934 1086 4989 Sed
1118 4943 1275 4987 tanta:
1306 4931 1651 4986 absurditatis
1673 4932 1834 4986 ratio-

248 5045 378 5083 nem
402 5027 579 5083 reddis
605 5029 915 5098 egregiam:
951 5044 971 5078 ι
1008 5023 1260 5090 Abusive,
1300 5042 1319 5075 ι
1356 5022 1551 5092 inquis,
1586 5041 1606 5074 ι
1640 5023 1839 5092 Suppli-

248 5122 395 5175 cium
421 5120 616 5174 malum
647 5128 883 5181 vocatur,
914 5131 1034 5170 eum
1057 5115 1315 5187 gravitate
1339 5114 1458 5183 ejus
1485 5129 1589 5183 quo
1616 5112 1840 5167 infertur

251 5210 436 5279 jtnlicii
469 5211 783 5265 vindicetur.
829 5227 848 5261 ι
888 5208 943 5263 Si
973 5221 1101 5276 ergo
1124 5247 1139 5271 ,
1174 5214 1231 5259 ιιι
1260 5204 1363 5259 hoc
1390 5205 1539 5258 dicas
1560 5245 1574 5267 ,
1603 5204 1838 5258 damnati

250 5319 469 5373 pcenam
514 5319 621 5357 non
675 5319 738 5357 ex
795 5300 1008 5356 miseria
1060 5297 1330 5369 patientis,
1384 5296 1477 5351 sed
1522 5311 1588 5350 ex
1635 5296 1835 5365 justitia

251 5395 559 5450 damnantis
587 5392 878 5461 appendis;
909 5390 994 5445 die
1019 5387 1257 5457 apertius
1279 5429 1294 5453 ,
1324 5386 1521 5442 bonum
1551 5401 1671 5440 esse
1707 5401 1837 5454 Stip-

254 5488 471 5557 plieium
497 5527 511 5549 ,
560 5483 699 5555 quod
740 5483 958 5536 abusive
984 5480 1118 5535 dicis
1156 5479 1353 5533 malum
1382 5478 1582 5532 vocari.
1617 5477 1834 5545 Suppli—

242 5578 393 5632 cium
416 5585 493 5630 est
522 5576 665 5631 enim
691 5589 840 5644 [amna
871 5571 1091 5642 peccati,
1120 5569 1331 5639 etjusta
1360 5576 1444 5623 est
1467 5568 1647 5639 utique
1678 5583 1831 5637 pmna

253 5668 457 5733 peccati
490 5684 501 5721 :
528 5667 734 5737 justum
754 5675 833 5720 est
856 5665 1030 5733 itaque
1057 5660 1409 5731 supplicium;
1440 5670 1491 5715 et
1512 5674 1669 5715 omne
1690 5660 1828 5730 quod

1588 261 1787 319 LIBER
1824 262 2141 332 QUINTUS.

3384 270 3517 326 “fili

1934 373 2137 443 justum
2168 373 2494 455 est,‘bonum
2524 381 2603 428 est
2639 393 2651 428 :
2683 373 2879 430 bonum
2909 384 2990 432 est
3019 390 3149 449 ergo
3174 377 3517 448 supplicium.

1940 465 2127 522 Nonne
2152 468 2326 521 cernis
2348 508 2361 532 ,
2392 469 2491 523 nisi
2523 470 2590 523 ita
2621 469 2928 527 damnatum
2957 490 2985 526 a
3011 474 3297 531 damnante
3322 476 3509 531 distin-

1938 570 2089 626 gms,
2119 565 2179 611 ut
2201 557 2368 626 ipsam
2400 558 2814 625 damnationem,
2843 563 2981 632 quod
3008 564 3322 633 supplicium
3351 576 3433 619 est
3460 576 3515 622 et

1940 661 2095 717 [uena
2147 649 2347 717 peceati
2373 689 2389 714 ,
2451 649 2644 703 bonum
2695 652 2910 721 quidem
2955 668 3090 722 nptts
3140 671 3258 710 esse
3303 671 3513 713 assvras

1937 737 2258 805 damnantis,
2303 741 2395 794 sed
2441 741 2674 795 damnati
2718 745 2933 797 exitium
2972 746 3167 799 malum
3200 765 3213 799 :
3243 763 3347 801 non
3373 789 3388 813 ,
3431 748 3514 802 in-

1937 844 2118 898 quam,
2148 832 2344 899 cernis,
2378 833 2480 887 nisi
2513 833 2626 887 lure
2651 849 2713 888 ea
2746 837 2948 889 ratione
2979 837 3293 907 distinguas,
3322 840 3387 894 ad
3418 841 3517 895 hoc

1939 927 1992 971 te
2015 920 2226 990 perduci
2255 930 2309 975 ut
2339 921 2505 985 dicas,
2531 922 2771 1003 homines
2794 925 2948 979 malis
2974 928 3219 994 operibus
3246 929 3373 991 suis,
3411 946 3515 983 non

1937 1011 2003 1063 ad
2032 1012 2166 1065 mala
2195 1028 2313 1081 qua:
2341 1015 2609 1082 patiantur
2629 1017 2895 1085 graviora,
2921 1018 3060 1086 quod
3088 1034 3271 1074 verum
3297 1031 3397 1084 est,
3421 1023 3515 1077 sed

1938 1101 2005 1155 ad
2044 1102 2179 1156 bona
2212 1105 2388 1174 potius
2421 1107 2700 1173 pervenire
2720 1148 2733 1167 .
2773 1108 2913 1177 quod
2945 1117 3049 1162 tam
3080 1110 3267 1165 falsum
3299 1122 3382 1166 est
3404 1153 3420 1177 ,
3461 1124 3515 1167 et

1939 1201 2085 1248 tanta
2114 1196 2344 1250 vanitate
2370 1196 2565 1251 dicitur
2587 1238 2601 1262 ,
2644 1206 2699 1251 ut
2725 1198 2820 1252 ista
2854 1213 3042 1267 sapere
3075 1208 3276 1255 laruam
3302 1203 3371 1256 sit
3400 1218 3516 1257 ma-

1938 1286 2069 1347 lum,
2098 1295 2352 1357 quantum
2384 1300 2463 1344 est
2485 1290 2644 1344 etiam
2673 1291 2851 1345 cordis
2874 1293 2999 1348 ειεεί
3028 1294 3341 1364 supplicium
3366 1296 3391 1348 ?
3421 1295 3515 1363 lgi-

1940 1386 2026 1431 tur
2054 1393 2159 1431 non
2187 1378 2405 1434 abusive
2435 1390 2654 1436 vocatur
2680 1382 2912 1449 malum;
2942 1384 3036 1439 sed
3065 1401 3286 1455 prorsus
3316 1389 3512 1442 malum

1938 1476 2024 1523 est
2049 1469 2263 1537 patienti
2294 1487 2308 1523 :
2348 1471 2545 1526 bonum
2575 1482 2659 1528 est
2683 1481 2859 1529 autem
2896 1474 3105 1530 facienti
3126 1518 3139 1538 ,
3169 1478 3288 1546 quia
3315 1478 3515 1549 justtnn

1937 1571 2020 1618 est
2057 1576 2267 1632 pinnam
2300 1563 2533 1635 irrogarc
2561 1567 2823 1636 peccanti.
2872 1565 2929 1622 Si
2966 1566 3198 1624 delirare
3243 1584 3348 1623 non
3391 1570 3471 1622 vis
3498 1608 3514 1632 ,

1938 1652 2036 1708 ista
2066 1654 2350 1725 distingue.

2008 1743 2223 1799 XXVII.
2273 1745 2389 1801 σιω..
2422 1745 2628 1814 Qnmris
2668 1763 2794 1819 ergo
2842 1748 2984 1804 unde
3023 1748 3090 1803 sit
3134 1749 3237 1805 hoc
3275 1752 3469 1805 malum
3497 1794 3512 1816 ,

1936 1837 2076 1908 quod
2108 1839 2298 1894 merito
2324 1840 2519 1893 malum
2546 1850 2765 1894 vocatur
2787 1883 2801 1907 ,
2847 1841 2897 1895 id
2925 1851 3040 1907 est,
3083 1850 3382 1912 peccatum.
3408 1843 3514 1898 Re-

1936 1928 2195 1998 spondco,
2222 1929 2470 1999 imperite
2502 1930 2659 1985 nimis
2688 1932 2859 2000 rogari
2890 1932 3148 1999 originem
3177 1934 3250 1985 rei
3278 1974 3292 1994 ,
3323 1932 3392 1986 de
3417 1948 3514 1986 en-

1930 2019 2019 2089 jus
2057 2019 2233 2074 adhuc
2268 2019 2576 2074 definitione
2611 2036 2717 2075 non
2763 2022 3022 2075 constitit.
3057 2021 3342 2075 Videamus
3381 2038 3510 2091 ergo

1935 2109 2083 2177 prius
2111 2115 2285 2162 utrum
2314 2110 2402 2174 sit,
2427 2119 2550 2163 tunc
2576 2109 2700 2179 quid
2722 2110 2811 2175 sit,
2840 2110 3082 2163 ultimum
3115 2112 3255 2166 unde
3274 2112 3360 2164 sit.
3388 2111 3512 2165 Feci

1936 2196 2039 2251 hoc
2064 2197 2276 2267 quidem
2304 2198 2357 2251 in
2382 2198 2552 2267 primo
2576 2198 2856 2267 praesentis
2879 2200 3056 2268 operis
3082 2200 3285 2261 Iibel'o,
3324 2199 3415 2254 Sed
3445 2201 3513 2255 ibi

1935 2300 2002 2342 ex
2042 2286 2220 2357 aliqua
2269 2297 2417 2358 parte
2453 2301 2669 2343 securus
2701 2305 2715 2343 :
2742 2288 3040 2359 ambigatur
3080 2304 3207 2359 ergo
3240 2302 3415 2348 utrum
3446 2292 3513 2345 sit

1933 2378 2154 2433 malum.
3521 2440 3526 2445 .

2005 2471 2139 2526 Anc.
2171 2468 2227 2525 Si
2260 2478 2313 2524 tu
2342 2484 2462 2526 esse
2488 2470 2683 2525 malum
2708 2470 2951 2539 diceres,
2997 2486 3097 2542 ego
3131 2480 3307 2527 autem
3355 2488 3514 2543 nega-

1934 2574 2047 2613 rem
2073 2576 2087 2623 ;
2118 2569 2243 2614 tunc
2269 2560 2408 2615 inter
2435 2577 2531 2613 nos
2557 2560 2780 2629 quaestio
2805 2569 3101 2616 verteretur
3122 2604 3138 2628 ,
3171 2570 3345 2616 utrum
3371 2571 3515 2617 esset

1933 2652 2132 2707 malum
2154 2694 2170 2720 ,
2215 2653 2265 2706 in
2296 2669 2397 2722 qua
2437 2654 2731 2723 quastione
2760 2652 3061 2723 susciperes
3088 2652 3371 2708 ostendere
3397 2670 3513 2707 ma-

1933 2742 2042 2797 lum
2067 2758 2209 2807 esse,
2241 2744 2362 2814 quia
2396 2743 2444 2796 id
2475 2759 2502 2795 a
2531 2758 2619 2797 me
2649 2751 2897 2812 negatum
2926 2752 3070 2798 esset
3100 2759 3115 2797 :
3145 2759 3267 2797 cum
3304 2759 3432 2797 vero
3462 2744 3512 2797 id

1933 2844 2123 2889 neuter
2153 2844 2390 2888 nostrum
2413 2842 2588 2904 neget,
2619 2843 2808 2889 neuter
2834 2833 2955 2889 hinc
2981 2833 3242 2905 ambigat;
3269 2834 3392 2905 qnil
3423 2849 3516 2903 po-

1933 2926 2038 2979 scis
2067 2935 2122 2979 ιιι
2148 2926 2444 2995 ambigatur
2469 2924 2607 2980 undc
2634 2940 2741 2979 non
2769 2926 3057 2995 ambigitur
3075 2966 3092 2992 ,
3136 2927 3233 2979 nisi
3266 2926 3512 2996 loquendi

1934 3016 2185 3081 libidine;
2215 3027 2271 3070 ut
2298 3033 2402 3070 non
2440 3017 2720 3070 verborum
2751 3031 2993 3070 meorum
3022 3018 3354 3071 convictione
3377 3058 3391 3077 ,
3420 3017 3514 3070 sed

1935 3107 2188 3163 librorum
2220 3117 2428 3161 tuorum
2455 3106 2787 3161 multitudine
2810 3106 3092 3177 glorieris?

2008 3198 2245 3253 XXVI".
2276 3197 2394 3253 ιυι.
2424 3200 2491 3251 At
2521 3198 2570 3251 id
2600 3212 2720 3252 esse
2745 3205 3007 3251 testantur
3030 3197 3358 3266 frequentata
3388 3198 3518 3250 vitia

1935 3297 1989 3343 et
2016 3304 2200 3344 severa
2220 3289 2416 3357 judicia
2450 3305 2465 3343 :
2495 3288 2732 3342 constitit
2756 3303 2884 3358 ergo
2904 3302 3023 3342 esse
3045 3297 3339 3356 peccatum.
3362 3288 3519 3355 Qum-

1936 3380 2105 3434 rimus
2131 3380 2254 3450 quid
2299 3380 2401 3444 sit;
2452 3389 2628 3433 utrum
2666 3393 2864 3447 corpus
2893 3378 3105 3447 aliquod
3131 3378 3237 3442 sit,
3282 3378 3420 3447 quod
3450 3393 3518 3432 ex

1936 3472 2117 3526 multis
2146 3473 2162 3503 ⁸
2188 3472 2541 3541 compositum
2569 3471 2841 3535 videatur;
2866 3486 2931 3524 an
2958 3471 3221 3540 singulare
3242 3470 3517 3541 quiddam,

1935 3564 2073 3618 sicut
2100 3579 2265 3618 unum
2293 3564 2506 3631 aliquod
2536 3563 2881 3625 elementum,
2913 3563 2996 3617 vel
3028 3578 3123 3633 per
3146 3563 3523 3633 cogitationem

1936 3670 1967 3709 a
1992 3656 2308 3726 reliquorum
2339 3656 2714 3711 communione
2744 3665 3040 3725 purgatum.
3068 3657 3233 3709 Porro
3259 3656 3386 3709 nihil
3417 3657 3515 3707 bo-

1938 3765 2054 3804 rum
2082 3759 2183 3804 est.
2215 3749 2351 3816 Quid
2382 3759 2458 3801 est
2496 3750 2663 3817 ergo?
2690 3749 2969 3819 Appetitus
2993 3748 3177 3802 liberre
3207 3749 3513 3807 voluntatis,

1937 3855 2096 3909 quem
2142 3839 2385 3907 prohibet
2418 3838 2620 3907 justitia
2652 3856 2664 3890 :
2695 3839 2813 3902 vel,
2862 3847 2914 3889 ut
2954 3823 3262 3890 definitione
3306 3848 3522 3890 utamur

1940 3932 2139 4001 priore,
2172 3930 2427 3983 Voluntas
2456 3928 2678 3982 faciendi
2710 3928 2849 3996 quod
2873 3927 3074 3995 justitia
3106 3937 3266 3990 vetat,
3296 3935 3349 3979 et
3379 3927 3518 3979 unde

1940 4021 2166 4075 liberum
2210 4030 2287 4073 est
2328 4019 2614 4073 abstinere.
2656 4017 2943 4072 Considera
2971 4031 3120 4085 ergo,
3154 4026 3329 4069 utrum
3371 4026 3519 4069 extra

1941 4112 2197 4167 terminos
2236 4111 2557 4165 definitionis
2588 4109 2745 4179 hujus
2786 4117 3056 4179 peccatum
3103 4118 3330 4174 nequeat
3372 4111 3515 4163 inve-

1942 4203 2066 4265 niri,
2098 4218 2165 4257 ne
2193 4202 2317 4256 alibi
2346 4211 2599 4271 vagetur,
2630 4200 2770 4270 quod
2803 4208 2907 4254 nos
2942 4201 3385 4268 connprehensum
3420 4217 3517 4269 pn-

1944 4303 2134 4348 tamus.
2162 4292 2515 4349 Consulamus
2541 4306 2668 4363 ergo
2689 4292 2947 4362 justitiam
2969 4291 3278 4360 judicantis,
3305 4300 3442 4347 utet
3468 4293 3524 4345 il-

1942 4385 2044 4439 lius
2072 4385 2379 4440 testimonio
2410 4385 2645 4449 clareat,
2678 4393 2852 4437 utrum
2894 4383 3031 4437 bene
3074 4383 3304 4436 cinctum
3340 4383 3409 4436 sit
3437 4381 3522 4436 Itis

1944 4477 2197 4531 limitibus
2222 4491 2389 4547 genus
2413 4490 2572 4530 omne
2596 4475 2617 4505 ⁸
2645 4473 2866 4543 peccati.
2895 4473 3191 4543 lmputatne
3216 4472 3357 4528 Deus
3377 4472 3519 4543 quod

1943 4569 2045 4622 scit
2072 4584 2178 4623 non
2207 4582 2362 4638 posse
2390 4565 2585 4620 vitari?
2615 4564 2682 4618 At
2710 4564 2850 4617 nulla
2873 4564 3073 4633 justitia
3103 4572 3207 4631 est,
3237 4573 3292 4618 et
3315 4578 3525 4618 summa

1944 4660 2255 4714 deformitas
2285 4678 2300 4713 :
2329 4659 2436 4712 imo
2470 4658 2514 4712 si
2542 4657 2644 4711 hoc
2673 4655 2782 4723 fiat,
2813 4671 2916 4710 non
2952 4657 3242 4725 puniuntur
3268 4666 3481 4726 peccata
3505 4700 3523 4723 ,

1943 4750 2036 4805 sed
2063 4757 2329 4806 crescunt.
2356 4749 2399 4803 A
2426 4749 2570 4818 justo
2594 4748 2735 4803 enim
2760 4747 2939 4817 judice
2958 4748 3112 4818 culpa
3143 4749 3316 4818 puniri
3345 4749 3480 4804 solet
3508 4769 3522 4805 :

1944 4859 2007 4897 ea
2037 4843 2080 4895 si
2106 4843 2156 4895 in
2190 4841 2359 4910 ipsum
2387 4841 2644 4895 arbitrum
2673 4840 2694 4871 ³
2716 4840 2937 4907 justitia:
2964 4841 3307 4909 corruptione
3336 4855 3526 4911 perva-

1945 4932 2055 4996 dat,
2098 4930 2360 4985 vindicata
2387 4941 2469 4985 est
2498 4930 2566 4985 de
2603 4930 2783 4998 judice
2809 4972 2823 4993 ,
2876 4946 2980 4982 non
3012 4931 3213 4999 punita.
3254 4929 3369 4985 Non
3396 4946 3526 5002 ergo

1946 5025 2167 5095 impetat
2189 5024 2394 5093 justitia
2422 5024 2473 5077 iu
2508 5031 2779 5092 peccaturo
2807 5062 2822 5087 ,
2855 5022 2953 5075 nisi
2999 5020 3143 5076 unde
3179 5023 3404 5079 liberum
3440 5033 3523 5078 est

1944 5116 2231 5171 abstinere.
2262 5114 2510 5169 Liberum
2541 5122 2718 5167 autem
2747 5112 2849 5166 dici
2881 5127 2987 5166 non
3020 5122 3225 5181 potest,
3255 5115 3356 5168 nisi
3381 5114 3521 5184 quod

1944 5209 2060 5263 sine
2100 5207 2278 5277 aliquo
2321 5204 2610 5262 tnevttanili
2660 5201 2978 5258 naturalium
3031 5215 3260 5270 coactu,
3310 5204 3360 5257 in
3404 5206 3525 5272 jure

1944 5298 2287 5366 emancipato:
2328 5294 2630 5351 constiterit
2668 5292 2973 5350 voluntatis.
3022 5294 3234 5364 Optime
3272 5307 3401 5361 ergo
3437 5298 3524 5345 cst

1946 5392 2149 5446 finitum
2190 5400 2244 5445 et
2290 5391 2443 5459 plene
2496 5406 2509 5442 :
2554 5388 2831 5442 Peccatum
2880 5398 2960 5441 est
3006 5388 3248 5440 voluntas
3296 5381 3519 5438 faciendi

2009 5547 2023 5577 ι
2059 5546 2132 5593 sic
2154 5552 2258 5592 MSS.
2286 5549 2342 5591 At
2365 5541 2499 5609 editi,
2519 5554 2582 5589 ea:
2605 5539 2841 5609 euntibus.

2007 5609 2025 5638 ²
2058 5609 2128 5653 sic
2146 5612 2249 5653 Mss.
2277 5611 2324 5652 In
2351 5605 2505 5661 νίκη..
2530 5605 2696 5651 omiu's.

2012 5669 2030 5698 ³
2064 5668 2199 5722 Mitti,
2224 5660 2489 5714 arbitrium.
2517 5666 2681 5713 Melius
2704 5671 2829 5721 Mss,
2855 5660 3103 5710 utbitrtmt.
