3954 6178
400 301 425 355 l
434 299 535 354 467

399 411 542 481 quod
570 407 769 479 justitia
809 414 971 472 vetat,
1016 415 1071 459 et
1118 404 1257 459 unde
1302 403 1527 458 liberum
1565 412 1647 457 est
1685 402 1972 455 abstinere.

406 502 506 559 llis
533 518 660 572 ergo
690 498 926 571 partibus
948 496 1226 560 absolutis,
1257 504 1529 565 quaeratur
1557 493 1698 547 unde
1723 492 1812 557 sil,
1838 490 1979 560 quod

407 591 865 664 perturbatissime
892 597 1014 643 ante
1048 587 1144 643 has
1172 586 1510 642 definitiones
1551 585 1722 639 fuerat
1757 582 1981 653 inquisi-

407 694 545 738 tum.
572 681 720 738 Unde
745 689 827 735 est
849 694 977 749 ergo
1004 677 1315 748 peccatum?
1339 673 1678 746 Respondeo,
1709 674 1787 729 De
1818 673 1983 728 libera

406 774 676 828 voluntate
700 769 962 825 facientis.
1294 772 1299 781 ‘
1852 751 1861 767 ’

480 869 613 921 Avc.
648 863 792 918 Itane
808 878 933 917 vero
953 860 1021 916 de
1042 860 1203 914 libera
1217 858 1487 914 voluntate
1502 856 1743 913 facientis
1771 864 1875 923 est,
1898 854 1988 910 ubi

413 955 635 1019 dicitur,
667 952 906 1008 Siautem
925 950 1059 1022 quod
1074 949 1191 1003 nolo
1217 966 1327 1020 ego,
1359 949 1452 1003 hoc
1466 949 1619 1017 facio,
1638 948 1754 1016 jam
1776 963 1877 1001 non
1898 960 1989 1017 ego

414 1062 593 1114 operor
612 1041 863 1107 illud,sed
887 1040 1021 1109 quod
1045 1040 1235 1093 habitat
1251 1039 1305 1093 in
1322 1026 1399 1092 me
1424 1048 1679 1108 peccatum
1697 1035 1871 1107 (Rom.
1892 1050 1987 1102 vu,

421 1136 544 1203 ξομ
573 1134 800 1189 Videsne
827 1147 947 1186 cum
973 1130 1168 1200 qua-ris
1197 1130 1339 1184 unde
1379 1129 1448 1183 sit
1490 1136 1763 1199 peccatum
1784 1168 1798 1192 ,
1832 1136 1991 1195 atque

415 1226 739 1299 respondes,
774 1242 795 1276 ι
828 1225 904 1278 De
932 1223 1095 1277 libera
1124 1222 1393 1277 voluntate
1422 1218 1694 1283 facientis,
1726 1236 1745 1269 ι
1781 1216 1910 1271 illud
1941 1226 1993 1271 te

413 1319 649 1388 cogitare
672 1324 969 1385 peccatum,
986 1311 1128 1383 quod
1159 1328 1263 1366 non
1284 1320 1368 1366 est
1386 1310 1542 1365 etiam
1567 1324 1721 1379 poena
1743 1307 1944 1378 peccati
1973 1322 1988 1360 :

417 1410 521 1465 hoc
555 1416 732 1463 autem
774 1405 866 1461 ubi
904 1405 1026 1459 facit
1062 1403 1222 1458 bomo
1250 1402 1392 1473 quod
1429 1417 1533 1456 non
1562 1401 1706 1467 vult,
1733 1409 1789 1455 et
1813 1408 1992 1454 tamen

416 1508 692 1571 peccatum
729 1512 848 1553 esse
877 1496 1163 1566 Apostolus
1193 1494 1422 1558 clamat,
1449 1491 1517 1547 ad
1547 1491 1682 1545 hanc
1722 1498 1864 1544 tuam
1904 1504 1993 1543 re-

416 1589 759 1659 sponsionem
796 1587 1015 1641 minime
1053 1585 1320 1655 pertinere
1343 1624 1357 1646 ,
1382 1598 1480 1637 nec
1521 1581 1589 1637 ad
1632 1581 1775 1634 illam
1807 1578 1997 1634 defini-

416 1683 646 1743 tionem,
691 1694 851 1749 quam
893 1676 1321 1732 commemorasti
1362 1674 1575 1737 dicens,
1618 1671 1898 1727 Peccatum
1941 1668 1996 1724 id

417 1785 567 1835 esse,
598 1769 740 1838 quod
777 1775 860 1823 est
884 1767 1124 1821 voluntas
1152 1765 1375 1820 faciendi
1413 1763 1557 1834 quod
1590 1762 1792 1832 justitia
1820 1766 1993 1826 vetat,

418 1869 476 1914 ct
496 1859 635 1914 unde
655 1859 877 1913 liberum
899 1867 983 1912 est
999 1855 1303 1911 abstinere?
1321 1854 1598 1922 Quomodo
1611 1853 1753 1908 enim
1771 1852 1995 1907 liberum

420 1960 502 2005 est
537 1950 832 2015 abstinere,
878 1948 968 2003 ubi
1009 1948 1296 2013 clamatur,
1328 1944 1477 2012 Quod
1521 1942 1638 1998 nolo
1658 1984 1674 2009 ,
1706 1942 1800 1996 Itoc
1830 1941 1998 2013 facio?

425 2039 594 2094 Aliter
622 2053 752 2108 ergo
780 2049 968 2092 natura
998 2036 1227 2091 humana
1252 2035 1522 2106 peccavit,
1554 2031 1766 2103 quando
1790 2032 1839 2086 ei
1866 2031 1998 2086 libe-

415 2145 537 2184 rum
562 2128 659 2183 fuit
690 2128 958 2183 abstinere
984 2142 1013 2181 a
1036 2135 1256 2197 peccato
1286 2143 1299 2178 :
1333 2124 1487 2179 aliter
1512 2138 1651 2179 nunc
1673 2131 1855 2192 peccat
1878 2136 2001 2191 per-

420 2220 528 2275 dita
558 2218 819 2283 libertate,
839 2217 1051 2287 quando
1075 2226 1197 2287 eget
1219 2216 1520 2271 liberatoris
1538 2215 1754 2268 auxilio.
1777 2214 1846 2267 Et
1869 2211 2001 2267 illud

419 2308 785 2365 tantummodo
804 2317 1078 2379 peccatum
1091 2316 1206 2362 erat
1224 2324 1237 2360 :
1256 2305 1359 2361 hoc
1377 2316 1549 2361 autem
1566 2305 1723 2360 etiam
1744 2312 1829 2360 est
1843 2317 1999 2374 pinna

420 2400 644 2467 peccati.
1857 2434 1861 2438 .

425 2473 431 2479 ’
495 2488 688 2548 XXIX.
716 2489 835 2545 ιω..
866 2488 973 2545 Sed
1006 2488 1313 2554 videamus,
1342 2496 1517 2541 utrum
1557 2486 1694 2541 istud
1733 2486 1875 2556 quod
1903 2485 2000 2540 de-

426 2581 594 2635 finitio
631 2581 901 2650 prtemissa
934 2579 1190 2641 confecit,
1213 2578 1451 2632 onmimn
1476 2566 1797 2632 assensione
1825 2575 2004 2630 firme-

423 2678 530 2725 tur.
569 2669 726 2725 Certe
765 2684 865 2725 nec
908 2668 1140 2738 prudens
1176 2667 1303 2723 hinc
1347 2667 1488 2722 ullus
1537 2674 1744 2736 potest,
1778 2681 1878 2720 nec
1913 2680 2005 2719 ca-

424 2760 652 2815 tholicus
690 2760 964 2827 dubitare,
1003 2760 1055 2814 id
1099 2767 1220 2824 est,
1264 2774 1361 2814 nec
1411 2768 1685 2829 peccatum
1734 2773 1855 2814 esse
1901 2758 2005 2814 nisi

423 2853 565 2922 quod
606 2860 780 2921 potest
814 2851 1021 2918 caveri,
1050 2864 1151 2905 nec
1186 2850 1446 2920 justitiam
1478 2864 1597 2906 esse
1633 2850 1733 2904 nisi
1758 2864 1877 2919 quae
1903 2846 2007 2904 hoc

424 2943 648 3013 imputet
675 2941 750 2995 illi
775 2956 935 3010 quem
969 2940 1138 3010 punit,
1170 2939 1311 3008 quod
1342 2939 1505 2994 libera
1531 2940 1799 2994 voluntate
1828 2954 1923 3009 per
1946 2953 2007 2994 se

426 3032 542 3102 ipse
561 3031 847 3097 commisit,
869 3045 989 3084 cum
1019 3030 1276 3099 potuisset
1303 3044 1512 3084 cavere.

488 3125 633 3178 Anc.
679 3121 792 3176 [loc
842 3121 1154 3192 imputatum
1197 3130 1280 3175 est
1332 3118 1505 3191 primo
1564 3119 1765 3174 homini
1794 3161 1811 3187 ,
1865 3118 2006 3185 quod

429 3225 608 3283 posset
659 3229 884 3279 cavere,
937 3213 984 3266 si
1040 3212 1196 3267 vellet
1246 3230 1260 3265 :
1308 3211 1406 3266 sed
1449 3211 1566 3282 ejus
1620 3221 1840 3281 peccato
1883 3211 2005 3265 uni-

426 3320 581 3361 versa
631 3305 790 3360 etiam
841 3306 894 3359 in
970 3304 1195 3373 posteris
1247 3314 1434 3359 natura
1486 3304 1668 3358 vitiata
1728 3303 2009 3360 Salvatore

426 3412 562 3466 opus
591 3396 745 3451 habet
773 3437 788 3461 ,
821 3406 876 3450 ut
906 3396 1073 3466 possit
1100 3411 1291 3451 cavere
1320 3404 1535 3466 peccata
1554 3437 1568 3461 ,
1598 3396 1813 3466 quando
1848 3397 2007 3451 etiam

426 3497 557 3541 :etas
591 3486 906 3553 accesserit,
933 3500 1036 3554 qua
1076 3485 1148 3538 uti
1189 3486 1357 3554 possit
1385 3485 1606 3539 rationis
1634 3485 1809 3540 officio
1838 3503 1852 3539 :
1884 3496 2009 3540 ante

429 3578 568 3631 hanc
593 3590 718 3631 vero
744 3586 954 3630 nitatem
983 3576 1122 3630 inest
1148 3589 1212 3630 ex
1239 3575 1442 3645 origine
1469 3584 1647 3631 reatus
1670 3578 2011 3645 generatione

428 3673 768 3730 contractus,
822 3669 1226 3734 regeneratlune
1278 3665 1657 3721 detrahendus.
1710 3666 1863 3734 Quod
1915 3683 2010 3722 vos

430 3754 713 3824 negando,
748 3754 1083 3824 apertissime
1129 3754 1306 3810 dicitis
1356 3755 1624 3810 Christum
1676 3756 1858 3811 lesum
1902 3773 2008 3813 non

429 3860 549 3899 esse
574 3842 758 3898 Jesum
799 3844 1071 3915 parvulis;
1095 3845 1185 3914 qui
1229 3854 1509 3916 propterea
1543 3855 1676 3901 teste
1704 3846 1910 3918 Angelo
1933 3848 2011 3903 sic

431 3943 685 4003 vocatur,
721 3937 843 4007 quia
884 3937 1079 3992 saluum
1112 3938 1261 4009 faciet
1301 3936 1551 4010 populum
1591 3956 1739 3994 suum
1767 3937 1788 4011 (
1812 3941 1863 3994 in
1904 3955 2009 4010 quo

432 4028 625 4098 p0pulo
672 4029 917 4099 parvulos
965 4045 1084 4086 esse
1117 4045 1226 4086 non
1264 4030 1423 4088 vultis
1453 4031 1474 4101 )
1510 4047 1543 4085 a
1580 4032 1796 4102 peccatis
1835 4048 2010 4086 eorum

433 4119 646 4190 (Matth.
676 4135 722 4185 ι,
747 4117 861 4191 2|).

504 4209 670 4265 XXX.
694 4210 815 4265 JUL.
842 4209 945 4265 Sed
975 4220 1031 4264 ut
1055 4211 1207 4266 nobis
1221 4210 1330 4281 jam
1355 4212 1454 4266 ista
1484 4227 1589 4267 non
1622 4213 1879 4268 lubricant
1900 4257 1914 4275 .
1939 4214 2009 4269 ita

433 4318 463 4355 a
492 4300 776 4356 Manicha'o
809 4311 863 4355 et
888 4300 1221 4355 Traduciano
1249 4301 1466 4370 paribus
1507 4302 1696 4357 animis
1738 4303 2010 4371 repellun-

439 4404 542 4448 tur.
576 4393 857 4449 \’ideamus
878 4408 1005 4463 ergo
1030 4392 1153 4463 quid
1182 4393 1280 4462 ipsi
1310 4392 1506 4447 dicant.
1530 4393 1853 4449 Manichacus
1875 4397 2009 4450 serio

437 4484 512 4537 bit
535 4483 772 4537 naturale
799 4496 917 4537 esse
942 4491 1214 4552 peCcatum
1247 4499 1260 4535 :
1290 4483 1476 4537 annuit
1501 4485 1825 4553 Augustinus
1854 4495 2007 4539 natu-

434 4576 542 4628 rale
565 4590 684 4627 esse
708 4584 998 4642 peccatum.
1022 4575 1193 4628 Ambo
1222 4591 1348 4643 ergo
1373 4576 1441 4630 ab
1461 4590 1543 4638 ea,
1572 4590 1727 4644 quam
1755 4576 2013 4645 prtemisi-

432 4680 584 4727 mus,
607 4664 914 4719 definitione
945 4666 1263 4720 dissentiunt
1286 4708 1299 4728 ,
1332 4667 1629 4737 habentque
1660 4667 1710 4721 in
1753 4669 2011 4722 naturalis

433 4758 631 4828 peccati
650 4757 1041 4827 nuncupatione
1061 4758 1363 4828 collegium.
1379 4760 1665 4816 Videamus
1686 4762 1808 4830 quid
1836 4763 2012 4816 dicant

432 4849 590 4903 etiam
635 4846 701 4903 tle
746 4862 942 4918 genere
984 4848 1214 4916 peccati,
1250 4848 1300 4902 id
1340 4859 1449 4911 cst,
1476 4851 1616 4919 quod
1669 4861 1848 4919 putant
1890 4867 2012 4907 esse

434 4947 704 5006 peccatum
725 4981 738 5004 ,
769 4937 908 5008 quod
939 4939 1097 4993 ambo
1128 4939 1367 4993 naturale
1394 4942 1712 4995 conﬁrmant
1735 4983 1747 5005 ,
1783 4958 1849 4997 ne
1876 4942 2012 4997 forte

435 5030 515 5081 vel
541 5030 590 5082 in
623 5038 879 5099 sequente
903 5030 1067 5098 gradu
1106 5029 1436 5085 dissentiant.
1466 5031 1603 5098 Quid
1633 5033 1821 5089 scribit
1842 5033 2011 5087 Mani-

433 5118 617 5173 chzeus
658 5118 724 5172 ad
773 5119 1494 5190 filiam?Concupisccnliam
1536 5108 1744 5183 carnis.
1774 5134 1831 5177 ιι
1869 5125 2011 5178 illam

436 5210 758 5279 voluptatem
789 5210 802 5240 ‘
835 5210 1168 5265 fecunditatis
1206 5214 1352 5283 operi
1395 5214 1747 5284 destinatam,
1785 5233 1878 5285 per
1914 5217 2014 5272 hoc

439 5301 648 5371 probari
701 5301 1013 5356 diabolicnm
1044 5344 1059 5369 ,
1088 5320 1181 5373 per
1224 5307 1363 5376 quod
1414 5323 1548 5376 opus
1595 5309 1711 5377 ejus
1746 5311 2011 5381 publicum

440 5396 566 5448 vitet
607 5404 898 5463 aSpcctum.
928 5395 1063 5462 Quid
1095 5397 1463 5466 Augustinus?
1495 5399 1639 5455 idem
1672 5416 1764 5468 per
1791 5402 1966 5455 omnia
1997 5421 2010 5456 :

444 5505 462 5538 ι
513 5488 600 5541 Illa
663 5487 1088 5558 concupiscentia
1154 5490 1327 5544 carnis
1398 5490 1570 5546 frutex
1627 5503 1710 5547 cst
1774 5493 2011 5560 diaboli;

506 5643 525 5674 ι
558 5640 674 5712 mliti
714 5639 849 5700 loco,
887 5640 1200 5712 voluptatem,
1235 5644 1559 5706 substituunt,
1592 5659 1790 5712 operam
1832 5659 2015 5711 :rcpu-

445 5699 707 5756 gnautibus
728 5699 1076 5762 manuscriptis.

1051 293 1292 350 OPERIS
1328 294 1742 358 IMPERFECTI
1777 291 1999 350 CONTR

2110 286 2444 352 nussum,
2483 285 2542 342 s.
2584 283 2953 366 Accusrmt

3537 287 3669 347 “63

2095 417 2112 450 ι
2158 411 2317 452 causa
2345 437 2360 463 ,
2389 396 2471 450 lex
2504 395 2739 465 peccati,
2766 410 2884 465 qua:
2911 394 3101 461 evitat,
3131 411 3150 446 ι
3184 393 3389 465 inquit,
3424 413 3453 449 ιΔ
3474 395 3667 466 ubique

2094 507 2114 540 ι
2150 496 2575 557 conspectum,ct
2595 487 2784 556 quan-it
2804 486 3050 556 pudendo
3076 497 3374 542 secretum»
3391 486 3498 555 (De
3519 487 3666 557 Nup-

2090 580 2170 633 tiis
2217 588 2263 632 et
2308 577 2723 650 Coucupiscentia
2747 620 2764 646 ,
2791 578 2877 632 lib.
2910 579 2931 632 l
2963 617 2979 643 ,
3006 595 3060 631 η.
3086 577 3157 633 26
3184 619 3199 642 ,
3230 590 3278 634 et
3299 596 3354 634 η.
3381 579 3417 635 8
3445 580 3486 649 ).
3534 581 3669 649 Ergo

2094 687 2197 729 nec
2221 672 2289 728 de
2313 672 2493 743 priore
2510 711 2527 737 ,
2558 687 2659 727 nec
2684 671 2751 726 de
2778 681 3034 741 sequente
3060 671 3183 725 mali
3219 672 3429 727 ratione
3463 671 3668 728 discor-

2094 764 2242 820 dant.
2289 763 2429 831 Quid
2478 762 2727 818 tertium?
2776 761 2910 817 Cum
2959 763 3070 832 jam
3123 765 3381 833 quazritur
3424 763 3565 818 unde
3607 766 3674 820 sit

2096 854 2294 910 malum
2318 873 2333 921 ;
2364 855 2687 910 Manicbaius
2710 896 2727 922 ,
2751 854 2828 909 De
2853 862 3037 922 natura
3058 895 3074 920 ,
3101 854 3271 924 inquit
3287 896 3303 920 ,
3331 855 3669 911 tenebrarum

2096 954 2317 1001 interna.
2343 946 2479 1013 Quid
2515 945 2878 1016 Augustinus?
2905 944 3110 1010 Nimie,
3138 944 3304 1015 inquit
3331 986 3347 1011 ,
3380 946 3522 1002 istud
3563 963 3676 1002 ma-

2095 1038 2261 1109 gister
2285 1054 2458 1105 meus,
2484 1040 2573 1110 qui
2600 1047 2750 1109 putat
2774 1039 2970 1093 malum
2996 1055 3265 1110 nunquam
3283 1041 3548 1111 coepisse:
3571 1056 3677 1097 cu:-

2100 1131 2178 1199 pit
2207 1145 2301 1200 per
2333 1130 2492 1201 primi
2519 1118 2753 1186 hominis;
2774 1130 3100 1185 voluntatem
3125 1171 3141 1197 ,
3170 1122 3278 1185 imo
3313 1131 3423 1201 jam
3454 1146 3551 1201 per
3588 1147 3676 1186 su-

2099 1224 2326 1292 perioris
2373 1233 2576 1279 natura:
2607 1264 2622 1291 ,
2675 1224 2729 1280 id
2775 1234 2897 1291 est,
2953 1226 3251 1296 angeliczr;
3301 1225 3442 1280 scd‘
3497 1241 3563 1281 ex
3616 1241 3681 1281 eo

2104 1312 2345 1385 tempore
2417 1316 2610 1371 factum
2682 1323 2767 1371 est
2842 1316 3100 1371 naturale.
3179 1316 3473 1372 Evcrberat
3560 1331 3691 1371 cum

2102 1405 2352 1459 nimirum
2382 1414 2677 1475 prmceptor
2714 1421 2878 1472 suus,
2903 1415 2960 1461 et
2995 1406 3047 1460 in
3068 1406 3153 1476 jus
3180 1407 3681 1463 auctoritatissime‘

2102 1494 2282 1550 trahit.
2304 1496 2441 1564 Quid
2460 1497 2794 1566 judicaturus
2819 1507 2902 1552 est
2929 1497 3068 1552 inter
3092 1496 3192 1552 hos
3219 1497 3514 1553 catholicus
3532 1498 3558 1553 ἲ
3578 1497 3683 1552 Ma-

2102 1584 2364 1640 nichaeum
2403 1585 2616 1655 quidem
2641 1586 2758 1640 sine
2780 1585 2943 1641 dubio
2963 1586 3364 1663 stolidissimum
3385 1630 3402 1654 ,
3426 1587 3519 1657 qui
3539 1597 3687 1658 putet

2103 1677 2347 1732 naturale
2375 1685 2687 1747 peccatum;
2712 1675 2807 1731 sed
2831 1691 2952 1730 cum
2983 1676 3259 1747 Augustini
3290 1678 3506 1749 ingenio
3534 1693 3682 1733 con-

2105 1766 2334 1836 positum
2361 1808 2378 1833 ,
2407 1775 2717 1836 peracutum
2743 1765 2943 1821 tvideri.
2980 1765 3183 1834 Quibus
3224 1767 3367 1822 enim
3405 1768 3691 1823 conveniat

2104 1857 2342 1911 naturale
2384 1872 2505 1913 esse
2535 1865 2836 1927 peccatum,
2885 1868 3047 1926 atque
3075 1856 3177 1913 hoc
3215 1868 3490 1928 peccatum
3533 1860 3690 1913 unius

2103 1950 2300 2019 speciei
2338 1965 2459 2006 esse
2500 1949 2785 2015 fateantur,
2808 1966 2839 2003 a
2861 1964 2969 2020 quo
3005 1965 3165 2006 omne
3202 1965 3372 2022 genus
3412 1951 3687 2006 hominum

2105 2039 2369 2109 possideri
2413 2044 2632 2108 putent?
2657 2039 2765 2096 Sed
2794 2048 2914 2110 post
2942 2040 3058 2096 haec
3085 2041 3265 2096 dicere
3293 2041 3494 2097 audere
3525 2042 3689 2097 disci-

2106 2129 2310 2200 pulum,
2337 2129 2390 2185 in
2417 2144 2524 2185 uno
2547 2138 2748 2185 tantum
2780 2146 2885 2185 non
2912 2144 3031 2186 esse
3057 2131 3321 2197 naturale,
3346 2132 3490 2203 quod
3518 2135 3693 2190 omni-

2106 2218 2207 2275 bus
2251 2219 2482 2275 fateatur
2514 2220 2841 2291 ingenitum;
2867 2221 3162 2291 puerilibus
3202 2223 3320 2278 sine
3360 2223 3695 2291 dubitatione

2106 2310 2420 2366 verberibus
2449 2311 2759 2366 infamatum
2782 2352 2797 2377 ,
2825 2311 3055 2367 subdcnt
3078 2326 3200 2367 eum
3223 2313 3480 2383 magistro
3504 2329 3697 2370 conse-

2107 2400 2356 2471 quentius
2382 2401 2788 2471 blasphemanti.
2818 2401 2924 2457 Sed
2955 2412 3235 2472 utrumque
3253 2403 3432 2468 simul,
3454 2403 3692 2474 discipuo

2107 2490 2219 2546 lum
2242 2499 2297 2547 et
2316 2492 2648 2561 magistrum,
2668 2506 2697 2544 a
2715 2501 2978 2548 conventu
3007 2494 3435 2549 cxtermiuabunt
3461 2495 3688 2565 piorutn.

2109 2580 2245 2636 Vide
2289 2596 2417 2651 ergo
2461 2581 2588 2651 quid
2636 2581 3028 2652 indulgeamus.
3055 2581 3172 2637 Non
3205 2583 3298 2638 tibi
3343 2584 3519 2653 placet
3553 2585 3693 2654 quod

2109 2669 2237 2724 dicit
2283 2670 2641 2739 Manichzeus,
2684 2672 2882 2726 malum
2911 2687 3033 2727 esse
3075 2672 3360 2728 naturale'
3391 2690 3407 2727 :
3448 2673 3539 2730 die
3567 2690 3693 2745 ergo

2111 2761 2378 2816 neminem
2422 2777 2570 2816 reum
2617 2761 2804 2827 nasci,
2834 2772 2890 2817 et
2931 2763 3178 2828 evasisti,
3210 2777 3413 2833 negans
3457 2765 3695 2836 profecto

2111 2850 2369 2922 originale
2413 2859 2709 2921 peccatum.
2754 2850 2859 2906 Sed
2903 2867 3010 2906 non
3055 2851 3227 2918 dicis;
3257 2853 3528 2908 conﬁteris
3568 2870 3698 2926 ergo

2113 2956 2211 2996 nec
2239 2956 2270 2995 a
2312 2941 2566 3013 magistro
2595 2951 2646 2996 te
2674 2941 2814 2997 velle
2838 2942 3097 2999 desistere
3118 2985 3136 3012 ,
3168 2958 3265 3000 nec
3297 2943 3574 3003 catholicis
3598 2960 3697 3001 co~

2112 3031 2305 3102 pulari.

2183 3122 2319 3177 Auc.
2362 3122 2629 3193 Numquid
2674 3119 2953 3193 propterea
2999 3122 3183 3180 dicere
3233 3141 3338 3179 non
3390 3125 3653 3181 debemus
3679 3168 3696 3191 ,

2113 3213 2254 3283 quod
2302 3213 2474 3269 bonus
2500 3202 2653 3268 'Deus
2680 3213 2863 3269 fecerit
2899 3214 3194 3282 mundum,
3225 3216 3349 3285 quia
3394 3216 3496 3289 lipe
3535 3215 3705 3270 etiam

2114 3304 2242 3358 dicit
2266 3303 2631 3359 Manichacus?
2656 3304 2763 3367 Sed
2788 3319 2908 3359 cum
2935 3306 3192 3375 quaaritur
3220 3306 3360 3361 unde
3389 3305 3594 3372 fecerit,
3624 3306 3697 3360 ibi

2112 3393 2485 3448 discernimur.
2508 3394 2616 3449 Nos
2640 3396 2780 3450 enim
2795 3395 3041 3464 dicimus,
3060 3396 3139 3451 Ex
3166 3397 3250 3451 his
3265 3413 3384 3468 qua
3398 3413 3507 3453 non
3521 3408 3692 3463 erant;

2113 3484 2365 3552 quoniam
2421 3485 2535 3554 ipse
2558 3476 2712 3553 dixit,
2743 3495 2800 3541 et
2824 3485 2956 3541 facta
2986 3496 3110 3543 sunt
3137 3487 3309 3559 (ρεαι.
3344 3504 3567 3555 chvtn,
3594 3489 3651 3560 5)
3680 3506 3699 3544 ς

2116 3574 2202 3629 illc
2231 3583 2429 3640 autem,
2462 3575 2539 3629 Ex
2566 3574 2772 3631 duabus
2795 3577 2998 3632 naturis
3020 3616 3034 3642 ,
3068 3576 3194 3632 boni
3226 3578 3434 3635 scilicet
3459 3588 3515 3635 ct
3534 3580 3659 3633 mali
3678 3620 3696 3644 ,

2115 3682 2232 3737 qua:
2271 3682 2378 3721 non
2415 3667 2589 3723 solum
2626 3667 2738 3738 jam
2776 3674 2962 3735 erant,
2990 3668 3084 3723 scd
3124 3683 3338 3740 semper
3370 3678 3543 3725 erant.
3573 3669 3702 3725 Haec

2115 3773 2240 3828 ergo
2256 3773 2375 3828 quze
2393 3775 2498 3813 non
2517 3760 2672 3814 simul
2688 3759 3042 3824 dicimus,non
3069 3762 3253 3817 sinunt
3277 3777 3396 3817 esse
3412 3777 3510 3817 nos
3525 3763 3700 3818 socios

2115 3865 2299 3904 eorum
2339 3865 2404 3905 ex
2452 3850 2542 3904 illo
2587 3850 2729 3920 quod
2771 3851 2928 3905 simul
2967 3851 3213 3907 dicimus.
3246 3853 3379 3909 Item
3402 3854 3449 3908 si
3476 3854 3702 3909 interro-

2113 3954 2301 4009 getnur
2327 3947 2500 3993 utrum
2522 3940 2591 3994 sit
2621 3940 2794 4005 Deus;
2826 3949 2882 3996 et
2910 3956 3010 3996 nos
3034 3951 3090 3997 et
3112 3942 3387 3999 Manichtei
3414 3946 3700 4015 responde-

2115 4046 2256 4097 mus,
2287 4031 2383 4086 Est
2411 4031 2552 4087 Deus
2584 4050 2598 4088 :
2629 4039 2684 4088 et
2721 4032 2775 4087 in
2805 4032 2907 4089 hoc
2942 4034 3152 4105 utrique
3181 4051 3492 4107 separamur
3516 4037 3582 4092 ab
3607 4037 3701 4091 illo

2116 4123 2283 4177 stulto
2309 4164 2324 4186 ,
2355 4124 2446 4193 qui
2488 4123 2618 4178 dixit
2647 4124 2700 4178 iu
2742 4125 2892 4180 corde
2928 4142 3051 4192 suo,
3082 4124 3203 4181 Non
3237 4138 3308 4182 est
3339 4127 3519 4200 θείω(
3552 4128 3697 4184 Paul.

2120 4231 2235 4283 xm,
2270 4214 2322 4287 l)
2353 4234 2367 4269 :
2397 4215 2491 4270 sed
2540 4230 2660 4270 cum
2689 4217 2944 4286 quatritur
2972 4218 3142 4289 qualis
3168 4215 3406 4275 sit'Deus
3425 4262 3441 4285 ,
3471 4237 3500 4275 a
3529 4221 3698 4277 Mani-

2115 4316 2387 4363 chaeorum
2433 4308 2630 4364 nefaria
2679 4310 3100 4382 fabula,magna
3142 4312 3466 4370 discretione
3509 4314 3702 4370 distin-

2116 4402 2344 4470 guimur.
2371 4399 2481 4455 Nos
2505 4401 2645 4455 enim
2685 4402 2913 4458 dicimus
2940 4404 3396 4474 incorruptibilem
3422 4415 3581 4476 atque
3603 4407 3702 4461 de-

2119 4489 2416 4552 fcndimus;
2447 4492 2522 4545 illi
2552 4507 2681 4546 vero
2726 4493 3028 4561 fabulantur
3073 4495 3470 4564 corruptibilem
3513 4496 3701 4551 Deum.

2121 4581 2195 4636 De
2221 4582 2331 4651 ipsa
2359 4597 2567 4654 quoque
2592 4582 2849 4637 Trinitatc
2872 4584 3199 4655 interrogati,
3224 4585 3433 4656 utrique
3452 4585 3700 4651 dicimus,

2119 4673 2329 4733 Patrem
2377 4685 2433 4729 et
2482 4674 2671 4729 Filium
2702 4684 2756 4730 et
2783 4675 3039 4745 Spiritum
3084 4684 3323 4731 sanctum
3371 4675 3530 4732 unius
3564 4678 3706 4747 ejus-

2118 4765 2346 4835 demque
2375 4780 2495 4820 esse
2537 4773 2739 4820 natura:
2768 4784 2782 4818 :
2811 4782 2908 4822 nec
2940 4767 3060 4822 ideo
3095 4775 3270 4823 tamen
3291 4768 3374 4823 vel
3399 4783 3498 4823 nos
3520 4784 3705 4824 sanius

2118 4855 2434 4922 Mauiclimi,
2466 4856 2549 4912 vel
2598 4856 2697 4926 ipsi
2747 4856 3031 4922 catholici;
3068 4859 3255 4936 dicunt
3297 4860 3441 4914 enim
3489 4859 3593 4914 alia
3636 4859 3705 4914 de

2122 4948 2275 5002 Patre
2304 4956 2360 5002 et
2386 4946 2521 5002 Filio
2557 4955 2611 5003 et
2637 4948 2838 5018 Spiritu
2875 4959 3083 5014 sancto,
3115 4950 3168 5003 in
3196 4949 3388 5019 quibus
3413 4949 3483 5004 ab
3520 4950 3598 5005 eis
3622 4950 3703 5004 di-

2120 5041 2415 5097 versissimi
2443 5042 2627 5112 eisque
2642 5040 3017 5097 adversissimi
3045 5057 3250 5097 sumus.
3281 5041 3433 5099 Unde
3462 5042 3562 5098 ista
3590 5058 3703 5113 quas

2121 5132 2280 5186 simul
2307 5131 2535 5188 dicimus
2557 5172 2574 5198 ,
2599 5132 2860 5188 adversus
2892 5133 3119 5188 aliorum
3163 5149 3376 5189 errores
3398 5133 3491 5203 qui
3526 5148 3589 5189 ea
3609 5148 3705 5188 ne-

2120 5232 2267 5293 gant,
2293 5222 2519 5278 fidenter
2538 5223 2831 5278 asserimus
2862 5241 2876 5278 :
2911 5239 3010 5278 nec
3029 5224 3278 5279 timemus
3307 5240 3375 5281 ne
3390 5223 3707 5280 Manichaaos

2124 5329 2221 5368 nos
2247 5312 2550 5383 appellent,
2576 5322 2630 5367 et
2658 5328 2716 5369 se
2744 5312 2868 5370 inde
2897 5315 3179 5384 praeferant
3220 5314 3374 5373 nobis
3394 5355 3410 5381 ,
3436 5315 3557 5385 quia
3585 5328 3705 5369 cum

2189 5515 2206 5583 ξ
2242 5512 2532 5583 t‘ignierius,
2552 5512 2612 5563 si.
2639 5521 2763 5583 iussn
2788 5513 2892 5565 scd.

2190 5577 2206 5605 ³
2242 5580 2288 5622 In
2316 5581 2442 5633 5155.,
2465 5577 2809 5625 auctorissimc.

2128 5710 2152 5747 ε
2186 5637 2311 5745 iuste
2332 5641 2438 5685 Mss.
2465 5642 2511 5685 ln
2538 5638 2694 5700 κήδει,
2737 5636 2853 5689 dicit
2873 5638 3179 5701 Manu/tants,
3222 5640 3441 5692 naturale
3484 5653 3712 5705 essenec-

2156 5712 2184 5746 u
2239 5712 2253 5747 ι
2292 5732 2303 5744 .

2156 5712 2234 5746 αιιι
2239 5712 2286 5747 m
2292 5732 2303 5744 .
