3934 6178
275 333 408 403 itas
450 336 460 339 ·

271 445 568 502 Manichans
591 444 835 510 dicimus,
858 447 998 517 quod
1025 446 1122 514 ipsi
1148 446 1396 514 quoniam
1424 446 1610 500 nolunt
1635 446 1840 507 dicere,

269 544 543 606 propterea
588 537 978 607 redarguuntur
1018 553 1049 592 a
1080 538 1251 592 nobis.
1283 537 1431 592 Sicut
1458 553 1586 607 ergo
1615 538 1843 591 Arianns

271 626 387 680 ideo
432 633 517 681 est
560 625 841 681 haereticus
872 667 888 692 ,
916 628 1038 697 quia
1081 628 1355 682 nobiscum
1392 643 1495 682 non
1525 627 1653 681 dicit
1681 642 1840 680 unam

266 716 536 770 Trinitatis
563 718 851 772 essentiam
872 761 887 784 ,
914 718 1057 788 quod
1085 718 1362 774 nobiseum
1392 718 1521 774 dicit
1547 719 1704 772 etiam
1734 718 1843 772 Ma-

265 804 515 872 nichacus;
527 807 596 861 ita
616 817 669 862 et
686 822 778 863 vos
795 808 1028 863 haeretici
1046 810 1306 876 estis,non
1322 807 1547 863 dicendo
1564 809 1840 863 uobiscum

265 898 504 953 naturale
532 911 810 968 peccatum
831 941 846 965 ,
873 899 1014 971 quod
1046 900 1321 955 nobiseum
1343 899 1472 955 dicit
1494 901 1652 953 etiam
1669 899 1838 953 Mani-

260 985 434 1040 chaeus
453 985 577 1043 :sed
601 1004 707 1043 non
729 989 850 1045 ideo
868 1007 1051 1045 sumus
1071 990 1364 1055 Manichaei;
1383 991 1523 1060 quod
1546 990 1685 1044 enim
1713 990 1841 1044 dicit

258 1077 410 1130 etiam
434 1076 550 1142 ille,
565 1095 671 1134 non
698 1081 768 1134 ita
790 1080 1013 1135 dicimus
1028 1082 1165 1136 sicut
1188 1082 1291 1136 ille.
1308 1080 1413 1135 Nos
1428 1081 1569 1135 enim
1596 1092 1835 1135 natumut

259 1174 490 1221 nostram
526 1170 716 1224 bonam
748 1171 1048 1226 voluntario
1073 1180 1294 1242 peccato
1327 1171 1472 1226 illius
1498 1188 1563 1226 ex
1590 1187 1697 1241 quo
1726 1173 1834 1225 nati

256 1268 457 1319 sumus,
471 1257 698 1313 dicimus
710 1274 831 1314 esse
855 1260 1111 1326 vitiatam,
1137 1260 1276 1315 unde
1296 1275 1486 1317 omnes
1500 1261 1599 1315 sub
1618 1271 1835 1330 peccato

256 1348 547 1411 nascimur,
577 1359 630 1404 et
655 1350 767 1419 ipse
789 1360 970 1406 noster
997 1362 1145 1406 ortus
1169 1352 1222 1406 in
1246 1352 1375 1407 vitio
1395 1360 1477 1407 est
1495 1394 1510 1419 ,
1537 1351 1676 1421 quod
1706 1352 1837 1406 dicit

257 1438 571 1494 Ambrosius
616 1438 735 1513 (De
780 1440 1118 1509 Paenitentia,
1143 1442 1281 1497 lib.l
1312 1483 1326 1507 ,
1356 1459 1471 1512 cap.
1506 1440 1543 1494 2
1590 1443 1665 1497 vel
1702 1441 1778 1513 '5)
1815 1461 1830 1496 :

258 1530 342 1584 ille
384 1541 567 1585 autem
613 1543 855 1587 naturam
899 1533 1094 1588 malam
1137 1534 1289 1588 nobis
1319 1543 1493 1603 portat
1518 1533 1788 1589 ‘alienam
1813 1574 1831 1602 ,

255 1621 401 1692 cujus
447 1637 550 1677 nos
594 1622 824 1678 affirmat
866 1624 1244 1680 commixtione
1288 1639 1529 1693 peccare.
1556 1625 1829 1694 Denique,

254 1726 349 1765 nos
376 1713 630 1768 sanandae
660 1725 857 1769 nostra:
885 1715 1044 1769 etiam
1070 1715 1314 1784 parvulos
1342 1713 1614 1769 oli‘erimus
1642 1714 1830 1770 Salva-

255 1803 351 1857 tori
385 1819 405 1857 :
434 1804 525 1859 ille
554 1817 731 1862 autem
760 1806 1029 1861 Christum
1060 1823 1166 1862 non
1198 1807 1317 1863 ideo
1345 1808 1611 1862 existimat
1638 1822 1827 1862 ncces-

252 1893 449 1948 sarium
474 1935 491 1960 ,
520 1904 579 1949 ut
620 1905 861 1950 naturam
898 1907 1134 1951 nostram
1165 1887 1314 1952 sanet
1350 1897 1402 1952 in
1429 1897 1581 1952 nobis
1605 1937 1620 1963 ,
1649 1896 1742 1952 sed
1773 1906 1831 1951 ut

249 1982 479 2037 alienam
528 1984 772 2055 sejungat
811 2002 839 2039 a
883 1987 1056 2041 nobis.
1089 1985 1277 2042 Cernis
1317 2002 1543 2057 nempe,
1575 1995 1629 2041 et
1669 1987 1723 2039 in
1763 2000 1830 2040 eo

248 2073 387 2142 quod
419 2085 695 2143 peccatum
722 2078 960 2131 naturale
985 2078 1143 2132 simul
1168 2078 1416 2141 dicimus,
1441 2088 1635 2146 quanta
1656 2076 1831 2130 diver-

242 2164 401 2219 sitate
423 2163 706 2220 distcmus.
735 2166 990 2222 Similiter
1007 2178 1061 2223 et
1084 2168 1133 2221 iu
1156 2183 1222 2222 eo
1243 2169 1380 2235 qhod
1404 2168 1558 2221 simul
1580 2167 1825 2231 dicimus,

240 2256 443 2311 malam
473 2271 594 2311 esse
616 2259 1098 2328 concupiscentiam
1128 2259 1323 2323 carnis,
1355 2274 1458 2328 qua
1483 2274 1608 2314 caro
1635 2274 1831 2313 concu-

243 2346 401 2415 piscit
430 2347 691 2402 adversus
715 2350 992 2417 spiritum,
1018 2366 1139 2404 eum
1168 2352 1427 2421 quaeritur
1453 2350 1596 2406 unde
1635 2350 1735 2405 hoc
1760 2352 1827 2406 sit

242 2438 489 2504 malum,
528 2439 892 2496 discretissimi
943 2443 1239 2508 reperiatur
1259 2445 1300 2495 ⁸.
1348 2442 1454 2497 Nos
1506 2444 1649 2497 enim
1703 2459 1823 2497 cum

247 2530 531 2585 Ambrosio
551 2532 797 2598 dicimus,
831 2534 966 2587 hanc
991 2533 1186 2589 foedam
1217 2534 1538 2587 discordiam
1564 2534 1738 2588 carnis
1772 2542 1827 2587 et

251 2621 465 2690 Spiritus
484 2637 577 2691 per
599 2622 1082 2691 przevaricationem
1102 2624 1253 2691 primi
1274 2624 1500 2677 hominis
1519 2624 1569 2677 in
1589 2632 1822 2677 nostram

248 2712 469 2767 vertisse
497 2721 740 2766 naturam
768 2713 786 2782 (
810 2711 923 2767 Lib.
950 2714 981 2766 7
1006 2714 1060 2766 in
1086 2711 1212 2766 Luc.
1232 2730 1328 2779 xu,
1357 2712 1462 2780 53)
1492 2732 1504 2767 :
1534 2714 1623 2768 ille
1644 2722 1820 2768 autem

247 2817 360 2857 cum
394 2802 509 2856 suis
538 2802 692 2867 dicit,
716 2812 774 2857 ut
807 2803 1030 2858 invicem
1060 2802 1412 2857 adversentur
1439 2818 1565 2858 caro
1588 2812 1643 2858 et
1668 2804 1824 2873 spiri-

249 2902 346 2958 tus,
375 2894 606 2949 alienam
629 2894 803 2962 nobis,
831 2906 948 2965 qua:
974 2890 1184 2964 semper
1208 2895 1344 2949 mala
1375 2896 1504 2960 fuit,
1534 2895 1823 2951 adhmsisse

247 2992 506 3037 naturam.
558 2983 710 3039 Unde
762 3000 861 3040 nos
908 2986 1174 3054 poscimus
1221 2985 1590 3051 Salvatorcm,
1625 2999 1680 3041 ut
1721 2985 1823 3041 hoc

248 3075 422 3129 vitium
465 3084 715 3130 nostrum
744 3086 961 3131 sanetur
990 3095 1002 3131 :
1034 3078 1121 3131 ille
1143 3092 1292 3139 vero,
1317 3086 1426 3131 uta
1455 3078 1608 3132 nobis
1649 3078 1821 3133 aliena

248 3178 423 3224 natura
451 3211 466 3235 ,
512 3184 633 3239 qua:
673 3170 851 3225 sanari
895 3170 1114 3224 omnino
1159 3185 1264 3224 non
1306 3178 1499 3240 potest,
1528 3170 1818 3227 auferatur.

250 3262 409 3320 Etiam
438 3262 533 3317 hic
560 3277 654 3317 cur
679 3278 784 3317 non
814 3263 1066 3326 attendis,
1095 3262 1148 3316 in
1169 3277 1234 3317 eo
1256 3263 1396 3332 quod
1423 3263 1597 3317 carnis
1622 3278 1820 3318 concu-

248 3351 553 3421 piscentiam
578 3350 784 3420 spiritui
811 3351 1144 3407 resistentem
1172 3351 1326 3405 simul
1349 3353 1540 3406 malam
1571 3353 1816 3419 dicimus,

247 3450 428 3509 quanta
457 3441 894 3497 dissimilitudine
922 3442 1263 3511 separemur?
1287 3440 1395 3497 Cur
1422 3457 1528 3497 non
1554 3444 1780 3499 attendis
1799 3486 1816 3513 ,

248 3546 337 3586 nec
362 3547 457 3587 nos
486 3547 613 3588 esse
650 3531 971 3587 Manichreos
989 3574 1004 3600 ,
1026 3535 1149 3603 quia
1170 3534 1191 3566 ³
1218 3549 1339 3589 cum
1369 3535 1446 3588 eis
1476 3534 1649 3605 aliqua
1690 3535 1819 3590 diei-

249 3635 382 3687 mus;
403 3632 455 3678 ct
488 3636 587 3676 vos
611 3637 730 3678 esse
756 3621 1056 3688 hereticos,
1080 3625 1328 3693 quoniam
1349 3639 1469 3679 cum
1498 3625 1576 3679 eis
1601 3625 1687 3679 illa
1709 3641 1814 3680 non

248 3711 443 3767 dicitis?
471 3713 535 3767 Si
557 3713 698 3767 enim
729 3728 847 3767 cum
875 3714 979 3768 illis
1005 3713 1253 3768 dioeretis
1278 3729 1396 3769 esse
1425 3716 1679 3769 naturalia
1703 3731 1817 3769 ma—

249 3799 291 3854 la
309 3844 324 3869 ,
346 3814 397 3857 et
424 3804 707 3858 nobiscum
743 3812 928 3858 contra
958 3803 1079 3859 illos
1104 3803 1352 3859 diceretis
1379 3803 1519 3859 unde
1546 3807 1652 3858 sint
1680 3806 1778 3860 ista
1801 3847 1815 3870 ,

249 3892 359 3959 quia
393 3910 504 3948 non
530 3903 653 3947 sunt
685 3894 752 3948 de
778 3894 946 3949 aliena
985 3904 1171 3949 natura
1196 3895 1305 3948 Deo
1332 3902 1594 3948 coazterna
1624 3935 1640 3959 ,
1671 3895 1821 3950 Pela-

250 3982 373 4050 giani
393 3983 630 4038 haeretici
647 3988 750 4039 non
772 3985 960 4038 essetis
980 4003 993 4039 :
1015 4000 1155 4039 nunc
1171 4000 1297 4040 vero
1308 3983 1812 4054 concupiscentiam,

251 4084 339 4138 qua
365 4088 489 4127 caro
517 4074 838 4143 concupiscit
858 4081 1039 4128 contra
1059 4074 1326 4145 spiritmn,
1356 4076 1597 4144 negando
1625 4076 1815 4130 malam

252 4174 359 4215 esse
376 4205 389 4227 ,
411 4172 464 4217 et
485 4161 555 4216 de
577 4163 755 4216 vitiata
784 4173 970 4217 natura
1000 4173 1180 4218 nostra
1205 4179 1326 4219 esse
1346 4206 1360 4229 ,
1387 4164 1556 4219 facitis
1577 4174 1634 4220 ut
1657 4166 1730 4220 illi
1752 4181 1815 4220 ex

253 4250 405 4307 aliena
433 4270 561 4310 esse
587 4255 940 4320 concludant;
965 4272 1027 4310 ac
1050 4257 1127 4311 sic
1151 4266 1203 4311 et
1228 4255 1466 4313 ineretici
1495 4258 1617 4312 novi
1648 4259 1778 4313 estis
1799 4301 1814 4325 ,

253 4351 299 4393 et
318 4342 593 4400 luereticos
616 4354 845 4412 veteres,
863 4361 997 4416 quos
1014 4362 1263 4416 perverse
1293 4346 1491 4417 fugitis,
1509 4336 1813 4417 adjuvatis‘.

256 4430 433 4492 Desine
459 4454 591 4508 ergo
619 4437 748 4492 mihi
789 4453 1060 4507 opponere
1090 4440 1398 4509 magistrqu
1429 4440 1776 4495 Manicha‘um
1798 4482 1812 4506 ,

258 4524 339 4576 sed
381 4542 588 4581 mecum
623 4527 799 4598 potius
836 4542 1058 4597 sequere
1100 4528 1481 4590 Ambrosium;
1509 4538 1563 4583 et
1591 4529 1817 4585 Arianos

255 4610 463 4681 intuctc,
492 4630 690 4686 eosque
719 4617 770 4671 in
796 4632 862 4671 eo
886 4617 1095 4681 saltem,
1119 4618 1260 4687 quod
1290 4627 1341 4672 te
1370 4619 1558 4673 melius
1585 4620 1814 4688 sapiunt,

254 4699 465 4770 imitare;
497 4708 584 4774 qui
616 4723 712 4760 nos
738 4706 1054 4761 Manichmos
1074 4721 1193 4762 esse
1214 4723 1317 4761 non
1343 4707 1547 4773 dicunt,
1578 4712 1817 4778 quamvis

254 4794 674 4851 curnblanichaais
691 4796 930 4851 dicamus
961 4812 1119 4851 unam
1150 4798 1319 4852 Patris
1345 4807 1399 4852 et
1427 4796 1545 4851 Filii
1576 4808 1627 4852 et
1645 4800 1814 4868 Spiri-

256 4888 330 4934 tus
356 4885 518 4940 sancti
554 4890 671 4940 eSse
700 4896 943 4941 naturam
966 4928 982 4955 ,
1010 4886 1099 4942 ubi
1139 4887 1294 4942 nobis
1331 4889 1817 4945 contentiosissime

254 4975 629 5029 contradicunt.

316 5059 497 5118 XXXI.
526 5065 643 5121 lue.
669 5066 861 5122 Verum
888 5065 1257 5123 vehementem
1282 5067 1634 5137 objectionem
1666 5078 1818 5124 nuta—

313 5257 325 5322 ξ
363 5262 511 5322 Forte,
536 5260 778 5322 iutporml.

309 5317 329 5392 ξ
468 5317 570 5392 atas:
604 5317 904 5392 marvel-0,
938 5320 1276 5392 disert:an
1308 5321 1589 5386 repet-unus.

313 5378 330 5446 ξ
362 5381 642 5446 δξίιςιιιθιιιιδ,
662 5382 760 5446 qui.
778 5378 906 5446 Mss,
933 5383 1066 5446 quia.

312 5436 330 5467 ⁵
362 5436 507 5510 Ιίιιῐιι,Δ
531 5436 647 5510 quos
674 5436 865 5510 "fugitis,
891 5436 1120 5510 :pérverse
1155 5443 1414 5510 adjttvatt's.
1451 5452 1508 5510 At
1538 5451 1666 5505 mss,
1704 5460 1819 5510 quos

257 5508 459 5570 perverse
478 5503 644 5567 fngitis
658 5503 758 5570 {id
769 5512 863 5570 est,
889 5503 937 5555 in
960 5503 1246 5570 perversum
1270 5507 1515 5558 tendendo
1539 5522 1553 5557 :
1579 5503 1675 5570 quo
1698 5503 1816 5557 s'vn-

257 5570 307 5633 su
330 5573 389 5608 ex
414 5561 771 5633 libro:§ecti_ttd0
811 5561 877 5633 de
914 5561 1096 5629 Nuptiis
1134 5576 1186 5616 et
1207 5561 1617 5633 (:ortttupiwentia',
1661 5584 1707 5617 n.
1736 5571 1816 5629 58,

257 5631 401 5699 intra,
419 5626 609 5699 alpes,
629 5628 821 5695 dicitur,
843 5627 892 5677 in
918 5626 1639 5699 perversumtvtttre'comtrttur;
1657 5641 1709 5681 et.
1730 5626 1820 5680 ibi;

257 5679 359 5728 dem
384 5679 517 5744 [aulo
541 5679 662 5749 post,
689 5688 737 5739 in
764 5679 1038 5751 perversum
1062 5689 1248 5753 fngitis.

1582 332 1781 388 LIBER
1819 330 2133 398 QUINTUS.

3398 345 3531 404 I470

1953 445 2041 510 sti,
2072 456 2128 499 ut
2172 446 2377 502 diceres
2414 448 2554 504 unde
2589 449 2642 504 in
2685 450 2800 520 ipso
2842 450 3014 519 primo
3040 453 3055 484 ¹
3084 452 3299 509 homine
3341 455 3424 508 vel
3472 457 3533 510 in

1950 536 2161 592 diabolo
2188 540 2275 608 qui
2301 541 2521 610 angelus
2540 540 2711 597 factus
2734 542 2922 608 fuerat,
2949 544 3084 597 mala
3115 546 3406 600 exstitisset
3433 561 3530 601 vo-

1950 625 2125 682 luntas
2150 646 2163 681 :
2193 644 2348 697 quam
2389 640 2566 684 tamen
2608 632 2687 685 ais
2728 632 2848 686 ideo
2889 648 3008 688 esse
3051 643 3222 689 ortam
3271 635 3323 688 in
3367 652 3531 706 opere

1953 716 2074 779 Dei,
2104 717 2154 771 id
2180 728 2296 784 est,
2325 719 2407 773 vel
2439 719 2492 773 in
2520 722 2708 788 angelo
2728 764 2741 784 .
2776 723 2856 777 vel
2889 724 2939 776 in
2978 723 3225 788 homine,
3255 741 3363 779 non
3406 729 3527 795 quia

1948 803 2042 859 Dei
2085 819 2219 873 opus
2246 816 2394 873 erat,
2423 809 2516 863 sed
2558 810 2677 878 quia
2706 810 2774 865 de
2815 812 2981 866 nihilo
3017 810 3188 867 factus
3232 824 3365 868 erat.
3397 815 3528 869 Vide

1943 907 2072 962 ergo
2112 910 2180 949 ne
2213 904 2269 950 et
2312 906 2367 950 tu
2406 912 2504 967 per
2525 899 2720 953 alteras
2759 900 2870 954 vias
2899 910 3154 955 aeternam
3185 902 3331 957 dicas
3362 904 3525 958 fuisse

1945 984 2068 1036 mali
2112 987 2502 1043 necessitatem.
2534 989 2665 1043 Nam
2693 991 2736 1044 si
2774 989 2887 1045 haec
2923 991 3021 1045 fuit
3058 1008 3214 1046 causa
3245 996 3518 1049 exoricudi

1945 1074 2070 1128 mali
2098 1075 2149 1129 in
2176 1091 2339 1145 opere
2368 1079 2495 1145 Dei,
2525 1084 2775 1149 quoniam
2801 1082 2868 1135 de
2895 1082 3063 1138 nihilo
3091 1084 3142 1138 id
3170 1083 3364 1138 factum
3403 1101 3523 1140 esse

1942 1164 2223 1221 constabat
2251 1183 2265 1232 ;
2292 1178 2574 1238 antequam
2618 1170 2767 1225 ﬁeret
2814 1181 2992 1225 autem
3030 1173 3170 1240 quod
3218 1184 3398 1238 esset,
3424 1174 3522 1228 hoc

1941 1256 2166 1312 nihilum
2191 1274 2404 1329 semper
2432 1262 2556 1327 fuit,
2587 1262 2637 1315 id
2665 1271 2774 1328 est,
2806 1273 3090 1332 antequam
3115 1262 3267 1319 ﬁeret
3296 1264 3347 1318 id
3377 1268 3517 1334 quod

1939 1359 2114 1416 esset,
2148 1366 2414 1421 nunquam
2452 1354 2650 1423 aliquid
2688 1355 2817 1420 fuit,
2844 1366 2898 1410 et
2937 1355 3038 1410 hoc
3077 1357 3214 1426 quod
3251 1373 3518 1426 nunquam

1941 1436 2070 1505 fuit,
2102 1440 2234 1494 nihil
2276 1440 2437 1497 fuisse
2476 1443 2670 1497 dicitur
2698 1463 2710 1497 :
2740 1446 2808 1500 ab
2849 1456 3050 1501 aeterno
3086 1462 3214 1517 ergo
3248 1464 3517 1517 nunquam

1938 1525 2054 1590 fuit,
2087 1529 2226 1597 quod
2257 1546 2362 1586 non
2392 1531 2490 1585 fuit
2513 1542 2794 1603 antequam
2827 1536 2974 1590 fieret
2997 1554 3025 1588 a
3060 1538 3188 1600 Deo,
3215 1538 3367 1607 cujus
3390 1539 3517 1593 sub-

1936 1618 2130 1671 stantia
2169 1620 2282 1674 sola
2324 1622 2443 1677 sine
2488 1624 2746 1693 principio
2773 1635 2855 1678 est
2884 1643 2897 1679 :
2929 1626 3029 1680 hoc
3072 1642 3200 1696 ergo
3240 1628 3429 1692 inane,
3463 1629 3515 1684 id

1934 1717 2039 1774 est,
2071 1708 2222 1774 nihil,
2251 1718 2536 1781 antequam
2568 1728 2663 1781 per
2691 1730 2867 1768 rerum
2895 1713 3137 1769 finiretur
3157 1717 3512 1784 existentiam,

1934 1790 2150 1869 semper
2188 1800 2307 1855 fuit.
2343 1802 2459 1856 Non
2499 1819 2628 1872 ergo
2655 1803 2848 1860 factum
2886 1806 3095 1861 esthoc
3122 1806 3344 1861 nihilum
3377 1810 3514 1863 :sed

1933 1887 2087 1945 facta:
2112 1902 2236 1946 sunt
2262 1903 2610 1958 crcaturm.et
2637 1896 2763 1951 illud
2794 1896 2924 1951 nihil
2951 1912 3071 1953 esse
3098 1900 3339 1953 cessavit.
3373 1898 3428 1953 lu
3450 1916 3514 1954 ea

1933 1996 2061 2050 ergo
2089 1992 2490 2053 creatura,qute
2512 1984 2646 2041 facta
2674 1986 2742 2041 de
2771 1986 2936 2041 nihilo
2961 1996 3066 2051 est,
3098 1997 3155 2041 tu
3177 1988 3294 2043 ideo
3315 1989 3511 2043 malum

1933 2076 2308 2129 commentaris
2333 2087 2604 2143 exortum,
2635 2078 2882 2146 quoniam
2907 2078 2975 2133 de
3000 2079 3169 2133 nihilo
3195 2079 3334 2134 facta
3360 2091 3497 2134 erat.

1931 2160 2125 2215 Malum
2152 2178 2281 2233 ergo
2321 2166 2374 2218 in
2409 2164 2626 2221 homine
2660 2176 2903 2221 exortum
2934 2169 3125 2238 origini
3165 2172 3508 2241 reputavisti;

1932 2261 2090 2322 atque
2112 2254 2280 2323 origo,
2308 2256 2361 2309 id
2387 2264 2469 2309 est
2491 2297 2507 2321 ,
2532 2256 2777 2324 nihilum,
2804 2257 2997 2313 dicitur
3024 2276 3053 2313 a
3086 2268 3138 2314 te
3163 2275 3317 2314 causa
3350 2260 3512 2316 fuisse

1937 2344 2160 2409 peccati.
2192 2342 2307 2398 Non
2338 2344 2512 2412 enim,
2536 2346 2740 2415 inquis,
2769 2356 3046 2416 propterea
3074 2349 3126 2402 in
3156 2348 3374 2405 homine
3401 2366 3513 2404 ma-

1930 2431 2039 2485 lum
2084 2442 2325 2488 exortum
2354 2445 2463 2499 est,
2496 2437 2746 2504 quoniam
2776 2453 2806 2491 a
2839 2438 2949 2491 Deo
2977 2437 3148 2493 factus
3178 2438 3381 2505 fuerat;
3415 2442 3507 2496 sed

1927 2523 2049 2591 quia
2090 2524 2159 2578 de
2201 2524 2371 2579 nihilo
2424 2525 2596 2581 factus
2639 2526 2829 2582 fuerat.
2869 2527 2925 2583 Si
2972 2544 3102 2599 ergo
3150 2530 3269 2585 ideo
3312 2534 3507 2586 malum

1928 2621 2170 2667 exortum
2221 2627 2303 2668 est
2334 2655 2350 2681 ,
2395 2616 2519 2684 quia
2571 2617 2807 2673 conditio
2860 2618 3011 2673 nihili
3065 2621 3411 2690 prtecedentis
3457 2624 3507 2679 id

1922 2692 2140 2772 exegit;
2170 2703 2273 2759 hoe
2302 2716 2478 2762 autem
2508 2707 2730 2762 nihilum
2757 2716 3017 2763 aeternum
3046 2711 3143 2765 fuit
3171 2729 3186 2765 :
3218 2713 3508 2769 immutatis

1925 2795 2128 2849 semitis
2166 2796 2394 2850 incidisti
2417 2799 2460 2861 ³,
2486 2808 2538 2853 et
2568 2798 2769 2867 pendes
2803 2799 3025 2854 omnino
3062 2801 3114 2855 in
3158 2804 3507 2872 prceccptoris

1927 2884 1999 2939 tui
2023 2886 2232 2956 laqueo,
2256 2898 2313 2942 ut
2343 2889 2539 2944 malum
2566 2890 2725 2944 ambo
2751 2889 2820 2944 ab
2843 2900 3045 2945 aeterno
3069 2907 3188 2947 esse
3213 2892 3503 2950 fateamini.

1925 2975 2030 3031 Sed
2072 2978 2122 3030 in
2165 2979 2268 3033 hoc
2308 2996 2520 3050 quoque
2564 2982 2653 3036 ille
2695 2982 3326 3051 prudentiorzinducens
3362 2989 3505 3043 enim

1882 3094 1885 3097 -
1926 3066 2167 3120 naturale
2194 3078 2466 3136 peccatum
2488 3112 2503 3135 ,
2527 3069 2660 3124 dixit
2682 3081 2936 3125 aaternam
2964 3071 3127 3139 fuisse
3155 3074 3505 3132 substantiam

1926 3155 2298 3222 tenebrarum,
2328 3174 2448 3226 quae
2489 3159 2607 3213 sine
2649 3159 2922 3215 voluntate
2969 3164 3263 3229 peccatoris
3305 3166 3504 3221 malum

1925 3247 2027 3302 hoc
2056 3248 2232 3303 inesse
2260 3250 2625 3318 compelleret.
2657 3250 2754 3306 Rei
2785 3267 2912 3322 ergo
2931 3295 2947 3318 ,
2975 3253 3129 3324 cujus
3156 3253 3383 3310 faciebat
3405 3273 3506 3314 ne-

1922 3338 2246 3403 cessitatem,
2273 3350 2545 3395 auctorem
2578 3340 2745 3407 dedit,
2774 3352 2833 3397 ut
2859 3343 3055 3398 malum
3087 3345 3228 3414 quod
3253 3346 3502 3401 substan-

1923 3430 2024 3485 tias
2051 3430 2392 3498 pervadebat,
2419 3431 2687 3487 videretur
2708 3432 2908 3489 habere
2933 3445 3208 3505 cogentem
3244 3455 3258 3491 :
3292 3447 3348 3493 tu
3373 3454 3503 3494 vero

1924 3519 2139 3590 plumbo
2169 3521 2364 3592 ingenii
2394 3539 2499 3577 non
2542 3523 2782 3592 ferendo,
2808 3525 3095 3582 confirmas
3130 3529 3500 3587 necessitatem

1919 3614 2085 3681 mali,
2113 3615 2208 3669 sed
2238 3630 2402 3685 negas
2440 3617 2774 3672 necessitatis
2815 3632 3107 3674 auctorem.
3150 3620 3215 3676 Et
3264 3621 3402 3678 sicut
3446 3625 3500 3679 in

1921 3705 2183 3773 parvulis,
2213 3707 2281 3759 ita
2328 3707 2380 3760 in
2420 3707 2537 3777 ipso
2586 3708 2763 3778 priore
2808 3710 3014 3779 peccati
3050 3721 3331 3781 operatore
3363 3729 3501 3784 opus

1919 3792 2224 3862 relinquis;
2275 3809 2339 3849 ac
2410 3796 2543 3851 dicis
2605 3798 2787 3851 nescio
2848 3798 2975 3868 quid
3038 3816 3286 3870 magnum
3345 3818 3502 3872 posse

1921 3882 2173 3954 intelligi,
2201 3893 2261 3939 ut
2289 3885 2416 3939 illud
2445 3887 2575 3940 nihil
2606 3888 2835 3942 valuerit.
2863 3888 3148 3958 plurimum
3169 3930 3186 3959 ,
3218 3906 3340 3947 cum
3365 3893 3500 3949 nihil

1920 3981 2083 4028 esset.

1989 4065 2126 4120 Auc.
2166 4064 2307 4119 Nihil
2337 4065 2503 4132 vales,
2546 4066 2642 4122 sed
2687 4076 2763 4134 tu,
2808 4066 3098 4123 asserendo
3144 4068 3284 4138 quod
3330 4070 3496 4138 nihil,

1920 4169 2040 4208 cum
2084 4155 2155 4209 sit
2202 4155 2353 4221 nihil,
2400 4157 2572 4211 valeat
2616 4158 2813 4228 aliquid
2856 4176 2870 4212 :
2917 4174 3016 4214 nec
3060 4160 3330 4231 intelligis,
3374 4178 3496 4217 cum

1882 4243 2115 4299 ‘dicitur
2153 4245 2293 4301 Deus
2338 4245 2408 4302 de
2450 4248 2618 4303 nihilo
2665 4249 2853 4305 iecisse
2896 4265 3014 4321 quae
3063 4250 3206 4316 fecit,
3250 4268 3356 4307 non
3395 4253 3499 4310 dici

1921 4335 2084 4404 aliud,
2114 4336 2214 4391 nisi
2240 4338 2364 4407 quia
2388 4338 2458 4394 de
2483 4355 2542 4394 se
2569 4341 2685 4410 ipso
2711 4358 2816 4395 non
2847 4341 2976 4397 fecit
3004 4362 3017 4397 :
3052 4358 3154 4397 non
3185 4345 3326 4399 enim
3353 4356 3500 4401 ante-

1920 4440 2078 4493 quam
2124 4427 2323 4498 aliquid
2372 4429 2602 4495 faceret,
2648 4440 2973 4486 coaeternum
3023 4434 3095 4487 illi
3144 4443 3259 4489 erat
3302 4436 3497 4507 aliquid

1921 4514 2117 4572 facere.
2148 4518 2223 4572 De
2262 4520 2428 4573 nihilo
2458 4529 2540 4575 est
2567 4536 2692 4590 ergo
2712 4563 2726 4588 ,
2758 4523 2900 4591 quod
2928 4539 3032 4577 non
3063 4534 3147 4579 est
3181 4526 3249 4581 de
3276 4524 3454 4598 aliqub
3483 4548 3497 4585 :

1920 4610 2042 4676 quia
2069 4610 2168 4664 etsi
2205 4609 2327 4665 fecit
2358 4611 2498 4664 Deus
2536 4611 2710 4682 aliqua
2751 4612 2820 4668 de
2845 4614 2963 4668 aliis
3000 4617 3160 4672 rebus
3183 4659 3198 4683 ,
3231 4617 3327 4672 has
3358 4622 3500 4688 ipsas

1920 4697 1989 4753 de
2015 4698 2205 4768 quibus
2234 4714 2295 4753 ea
2338 4700 2490 4763 fecit,
2521 4700 2588 4755 de
2629 4703 2787 4757 nullis
2835 4704 3030 4759 fecerat
3060 4707 3237 4761 rebus.
3270 4708 3501 4765 Peccare

1922 4797 2100 4843 autem
2130 4789 2270 4842 nulla
2303 4806 2388 4846 res
2419 4803 2615 4861 posset,
2643 4794 2686 4848 si
2719 4794 2786 4848 de
2816 4804 3001 4849 natura
3035 4797 3128 4852 Dei
3159 4797 3292 4851 facta
3319 4811 3497 4862 esset;

1924 4894 2022 4935 nec
2059 4879 2167 4947 jam
2220 4881 2351 4935 facta
2394 4893 2538 4938 esset
2560 4883 2602 4949 ³,
2646 4885 2741 4939 sed
2783 4884 2851 4939 de
2891 4886 2982 4939 illo
3025 4900 3201 4952 esset,
3246 4889 3500 4958 quidquid

1923 4979 2097 5033 esset,
2129 4981 2183 5024 et
2224 4969 2326 5025 hoc
2368 4973 2507 5041 quod
2538 4973 2626 5029 ille
2668 4984 2849 5029 esset:
2881 4976 3018 5029 sicut
3059 4986 3141 5030 est
3171 4976 3192 5008 ³
3233 4978 3419 5047 Filius,
3453 4993 3508 5042 et

1924 5060 2152 5127 Spiritus
2177 5071 2411 5126 sanctus,
2439 5067 2686 5132 quoniam
2716 5065 2784 5118 de
2813 5065 2903 5119 illo
2931 5075 3074 5130 sunt,
3111 5067 3210 5123 hoc
3237 5071 3380 5139 quod
3415 5074 3505 5129 ille

1923 5161 2081 5217 sunt,
2125 5151 2262 5206 alius
2301 5154 2597 5220 nascendo,
2640 5155 2774 5209 alius
2813 5157 3186 5226 procedendo;
3228 5171 3388 5231 atque
3434 5164 3502 5216 ita

1934 5357 1937 5361 ‹
1990 5324 2013 5396 ³,
2042 5326 2330 5396 γῇςιιὶριῆιιε,
2342 5325 2392 5378 in
2416 5326 2517 5392 ipso
2538 5327 2742 5381 Itontine.
2759 5330 3046 5394 Adjccimus,
3065 5331 3236 5396 primo,
3250 5346 3313 5382 ex
3337 5344 3502 5380 mauu-

2247 5450 2530 5524 addidimus,
2555 5451 2786 5524 incidisti.
2951 5515 2960 5524 Ι
3002 5521 3011 5524 Α
3358 5514 3367 5524 _

1989 5509 2009 5539 ³
2032 5516 2127 5575 tl_oc
2149 5512 2265 5575 item
2290 5510 2394 5561 loco
2415 5509 2703 5564 auctoritate
2727 5515 3157 5575 ntauuscripmrum
3181 5513 3495 5575 restituimus,

1925 5581 2011 5617 nec
2043 5570 2153 5632 jam
2191 5572 2321 5633 facta
2342 5582 2494 5635 esset;
2539 5589 2594 5625 ac
2618 5575 2758 5638 paulo
2803 5584 2927 5639 post,
2951 5570 2995 5625 et
3034 5573 3122 5624 hoc
3160 5573 3289 5638 quod
3325 5572 3406 5626 ille
3429 5570 3500 5626 es-

1925 5646 1963 5678 δ’
1976 5639 2009 5723 ιδ
2044 5699 2199 5754 Forte,
2225 5702 2285 5743 οι.
