3934 6178
253 340 372 396 H75

249 470 304 507 ex
336 448 488 503 nihilo
519 446 707 501 factum
736 454 818 499 est
847 464 858 497 :
902 444 1283 499 ostendendum
1314 454 1430 505 est,
1464 451 1660 512 quanto
1693 444 1809 492 vio-

251 536 537 595 lentioribus
567 535 770 606 laqueis
798 535 1035 604 illigeris.
1066 534 1125 589 Si
1155 534 1295 589 enim
1325 533 1522 587 dixeris
1548 531 1813 601 possibili-

249 640 392 685 tatem
421 638 468 681 te
497 628 651 685 mali.
682 641 785 680 non
816 626 1186 681 necessitatem
1208 665 1224 691 ,
1257 624 1447 680 aeterni
1487 624 1628 677 illius
1657 621 1807 677 nihili

248 722 429 775 viribus
462 718 751 787 imputasse
780 735 794 772 :
835 732 933 771 nos
966 718 1281 781 referimus,
1312 716 1453 788 quod
1486 715 1654 786 potttit
1682 713 1811 768 oriri

247 812 369 865 mala
395 808 634 863 voluntas
662 808 714 861 in
745 807 979 871 homine,
1008 825 1113 862 non
1143 816 1225 863 est
1253 818 1405 863 certe
1433 808 1450 839 ¹
1480 805 1626 860 aliud
1652 820 1810 875 quam

247 899 504 954 arbitrium
554 897 778 952 liberum
810 915 823 951 :
856 897 975 951 ideo
1004 898 1145 952 enim
1189 900 1359 966 potuit
1388 896 1513 950 oriri
1545 896 1683 949 mala
1714 909 1810 947 vo-

245 991 436 1052 luntas,
466 995 525 1040 nt
552 987 679 1041 oriri
709 995 891 1056 posset
928 995 982 1040 et
1010 986 1166 1039 bona.
1204 987 1328 1040 ll:rc
1364 986 1586 1040 libertas
1613 995 1723 1047 est,
1758 983 1809 1035 in

241 1095 333 1150 qua
361 1093 418 1133 se
456 1078 592 1131 ratio
618 1086 873 1139 exercet,
906 1087 1121 1147 propter
1144 1076 1287 1147 quod
1310 1076 1378 1131 ad
1410 1075 1688 1145 imaginem
1719 1073 1811 1127 Dei

243 1170 389 1223 homo
432 1167 602 1221 factus
645 1168 920 1233 asseritur,
969 1182 1062 1236 per
1104 1182 1263 1236 quam
1307 1165 1567 1221 creaturis
1604 1164 1813 1220 creteris

239 1261 513 1314 antecellit.
565 1258 620 1314 Si
668 1274 795 1329 ergo
841 1260 981 1329 quod
1026 1260 1076 1312 in
1124 1259 1338 1313 homine
1383 1257 1517 1311 mala
1565 1256 1811 1310 voluntas

241 1362 398 1421 potuit
426 1350 657 1415 exoriri,
688 1350 816 1407 nihil
842 1360 924 1405 est
949 1350 1089 1404 aliud
1114 1366 1272 1420 quam
1312 1349 1517 1404 arbitrii
1556 1348 1768 1402 libertas
1792 1364 1807 1411 ;

239 1453 284 1494 rt
311 1444 403 1496 hoc
429 1449 635 1494 tantum
663 1450 766 1507 est,
800 1449 855 1494 ut
888 1455 983 1509 per
1008 1440 1123 1509 ejus
1162 1440 1387 1510 insignia
1428 1439 1636 1493 caneris
1670 1437 1809 1491 anti-

238 1541 332 1585 stet
370 1531 728 1585 animantibus
760 1548 772 1578 :
804 1539 861 1585 tu
901 1530 991 1601 qui
1022 1530 1159 1585 hanc
1199 1530 1599 1600 possibilitatem
1647 1527 1811 1597 proli-

239 1624 353 1677 teris
380 1622 499 1676 ideo
524 1619 691 1676 fuisse
724 1622 777 1675 in
808 1621 1041 1687 homine,
1070 1637 1175 1676 non
1202 1621 1321 1691 quia
1350 1636 1378 1674 a
1409 1621 1536 1680 Deo.
1567 1620 1657 1675 sed
1688 1621 1810 1690 quia

235 1715 295 1769 de
332 1716 494 1769 nihilo
538 1715 705 1770 factus
749 1724 870 1782 est,
919 1731 1059 1770 novo
1105 1715 1365 1785 dogmatis
1411 1714 1649 1786 prodigio
1680 1714 1808 1768 illud

236 1807 377 1871 nihil,
405 1808 455 1860 id
483 1817 581 1870 est,
616 1806 885 1877 antiquam
916 1806 1258 1872 inanitatem,
1291 1806 1419 1859 tanti
1451 1804 1598 1873 boni,
1630 1806 1680 1858 id
1706 1814 1803 1870 cst,

235 1899 376 1951 liberi
430 1898 632 1953 arbitrii
684 1914 898 1954 causam
950 1898 1282 1968 pronuntias.
1338 1898 1573 1968 Denique
1619 1906 1676 1950 ut
1723 1910 1810 1951 res

232 1988 366 2043 brevi
395 1988 809 2059 interrogatione
835 1990 1069 2043 lucescat
1091 2006 1103 2040 :
1128 1987 1231 2042 hoc
1256 1988 1397 2057 quod
1419 1987 1623 2051 dixisti,
1654 2005 1671 2037 ι
1700 1986 1809 2039 Nec

229 2082 341 2135 ideo
387 2091 564 2136 tamen
612 2081 784 2151 potuit
823 2081 949 2134 oriri
989 2081 1237 2134 voluntas
1284 2080 1418 2133 mala
1443 2121 1458 2145 ,
1490 2078 1610 2149 quia
1640 2093 1669 2130 a
1700 2078 1809 2131 Deo

224 2170 391 2225 factus
417 2184 503 2226 est
534 2173 696 2227 homo
720 2214 734 2236 ,
763 2172 855 2226 sed
902 2172 1021 2226 ideo
1062 2172 1184 2241 quia
1229 2171 1295 2226 de
1329 2171 1494 2223 nihilo
1535 2170 1701 2223 factus
1727 2177 1811 2225 est

221 2262 381 2316 homo
407 2279 421 2325 ;
446 2280 465 2314 ι
496 2263 616 2328 hoe,
643 2263 877 2332 inquam,
904 2263 1073 2330 ipsum
1100 2262 1242 2332 quod
1274 2262 1442 2331 potuit
1469 2260 1596 2315 oriri
1623 2261 1811 2315 volun-

221 2363 317 2416 tas,
371 2353 570 2406 bonum
610 2344 752 2417 e'sse,
797 2369 862 2407 an
910 2355 1102 2408 malum
1148 2353 1368 2408 credis?
1416 2354 1597 2417 idest,
1641 2354 1805 2424 ipsam

224 2443 523 2496 facultatem
567 2443 800 2497 orientia:
839 2443 1127 2497 voluntatis
1150 2486 1165 2507 ,
1198 2459 1355 2513 quam
1388 2443 1556 2497 nihilo
1588 2453 1805 2512 reputa-

224 2534 334 2586 visti
361 2576 376 2599 ,
411 2535 630 2603 probam
678 2535 991 2598 arbitraris,
1035 2552 1100 2589 an
1134 2536 1464 2603 pessimam?
1506 2536 1561 2589 Si
1611 2534 1802 2588 bonam

223 2623 413 2678 dixeris
445 2642 457 2676 :
492 2640 620 2694 ergo
648 2641 753 2679 non
786 2626 921 2679 Deus
944 2635 1027 2680 est
1054 2625 1175 2679 boni
1201 2640 1358 2679 causa
1382 2667 1395 2686 .
1428 2625 1522 2681 sed
1555 2625 1799 2679 nihilum.

224 2712 308 2767 Sin
338 2722 516 2768 autem
542 2755 557 2778 ,
604 2714 705 2769 hoc
746 2730 865 2770 esse
908 2715 1301 2769 insanissimum
1346 2716 1530 2771 videns
1554 2758 1568 2779 ,
1607 2717 1800 2770 malam

224 2823 332 2859 eam
381 2808 856 2876 pronuntiaveris;
907 2807 1103 2877 quippe
1148 2824 1306 2878 quam
1354 2808 1488 2863 dicis
1537 2823 1639 2862 non
1690 2809 1800 2863 Deo

224 2895 561 2965 reputantium
590 2911 729 2961 esse,
758 2896 851 2951 sed
885 2897 1050 2951 nihilo
1078 2914 1092 2952 :
1126 2897 1505 2966 protestabcris
1545 2913 1642 2951 nos
1667 2898 1799 2953 nihil

222 2985 495 3040 adversum
533 2995 583 3041 te
624 2987 904 3056 collegisse
933 2998 1173 3052 versute,
1206 2988 1298 3041 sed
1330 2988 1467 3042 bona
1498 2988 1800 3057 disputandi

224 3076 317 3131 fide
342 3078 537 3131 malum
572 3077 728 3133 fidem
777 3078 848 3132 ttti
890 3077 1154 3147 dogmatis
1198 3078 1488 3132 submisse.
1519 3079 1636 3132 Stat
1673 3094 1800 3149 ergo

224 3170 589 3224 inconcussum
612 3170 751 3241 quod
773 3171 998 3239 egimus,
1023 3181 1070 3224 te
1088 3170 1337 3225 videlicet
1356 3180 1407 3225 et
1430 3170 1795 3235 Maniclneum,

221 3261 364 3316 etiam
412 3263 575 3332 primi
622 3262 851 3316 hominis
890 3264 1212 3317 voluntatem
1258 3264 1450 3317 malam
1496 3264 1796 3319 necessitati

222 3361 417 3405 a-terna:
444 3353 675 3422 originis
705 3354 1013 3422 intputassc.

282 3446 408 3498 Atta.
449 3443 593 3511 Quid
631 3444 721 3496 tibi
766 3443 1072 3511 reSponderi
1103 3452 1313 3512 posset,
1341 3443 1798 3515 qualitercumque

220 3532 378 3587 vidisti
431 3554 445 3589 :
496 3534 595 3588 sed
644 3534 833 3587 lrustra
884 3550 942 3588 es
989 3546 1210 3589 conatus
1257 3535 1518 3589 obsistere
1564 3535 1794 3599 veritati,

220 3626 353 3690 quasi
402 3624 739 3694 respondens
784 3624 958 3677 verbis
1010 3625 1164 3688 meis,
1210 3633 1263 3678 et
1314 3640 1417 3678 non
1466 3626 1797 3693 respondens

223 3716 381 3768 verbis
409 3720 571 3769 meis.
603 3715 690 3767 Sic
716 3714 855 3767 enim
887 3712 1162 3784 :Iisputasti
1183 3755 1197 3777 ,
1235 3724 1482 3783 tanquam
1523 3731 1620 3783 ego
1646 3715 1795 3769 dixe-

222 3802 331 3867 rim,
357 3804 463 3859 Nec
495 3804 619 3858 ideo
648 3814 821 3857 tamen
850 3814 960 3857 orta
989 3814 1068 3857 est
1097 3820 1163 3858 ex
1192 3804 1330 3858 bono
1357 3805 1600 3858 voluntas
1627 3806 1792 3871 mala;

221 3897 344 3961 quod
387 3912 488 3965 ego
537 3910 639 3948 non
683 3893 791 3948 dixi
823 3912 835 3947 :
868 3892 961 3947 sed
1006 3894 1135 3961 dixi,
1170 3912 1189 3946 ι
1216 3893 1326 3949 Nec
1365 3893 1482 3949 ideo
1513 3905 1688 3949 tamen
1730 3912 1795 3949 cx

223 3983 346 4035 bono
387 3983 565 4052 potuit
601 3984 726 4038 oriri
759 3984 894 4037 mala
923 3983 1196 4048 voluntas,
1225 3985 1345 4054 quia
1372 3984 1567 4039 bonum
1603 3987 1795 4040 factum

222 4082 339 4125 esta
376 4075 485 4129 Deo
514 4074 677 4136 bono,
724 4074 819 4128 sed
848 4074 969 4142 quia
999 4073 1066 4129 de
1096 4074 1260 4128 nihilo
1301 4072 1494 4128 factum
1535 4083 1638 4141 est,
1685 4091 1790 4129 non

221 4162 279 4216 de
306 4164 409 4220 Deo
442 4186 459 4218 ι
495 4164 599 4237 (De
627 4163 832 4232 Nuptiis
857 4175 901 4217 et
923 4163 1337 4236 Concupisccntia
1358 4207 1371 4231 ,
1401 4166 1489 4219 lib.
1510 4163 1575 4230 9.,
1600 4184 1652 4220 n.
1678 4167 1792 4236 48).

220 4255 352 4310 Sicut
393 4259 582 4312 eadem
615 4257 775 4311 verba
817 4272 935 4311 mea
975 4258 1134 4312 etiam
1165 4258 1276 4328 ipse
1317 4259 1538 4328 posuisti
1572 4257 1790 4330 (Supra,

221 4363 322 4417 cap.
349 4350 461 4421 26);
492 4348 630 4415 Quid
659 4358 738 4403 est
767 4363 893 4417 ergo
918 4349 1057 4418 quod
1090 4350 1157 4402 ita
1190 4350 1617 4419 respondendum
1646 4362 1795 4420 puta-

222 4441 300 4501 sti,
326 4444 471 4511 qnasi
500 4458 601 4512 ego
625 4440 874 4504 dixerint,
906 4440 1013 4496 Nec
1038 4441 1156 4496 ideo
1184 4450 1357 4496 tamen
1381 4453 1500 4496 orta
1524 4453 1605 4496 cst
1628 4460 1641 4505 ;
1671 4459 1789 4498 cum

219 4545 308 4601 ego
353 4535 578 4589 dixerim
599 4576 614 4601 ,
639 4533 746 4587 Nec
772 4532 892 4586 ideo
919 4542 1092 4587 tamen
1119 4533 1245 4587 oriri
1276 4533 1477 4601 potuit;
1512 4542 1566 4587 et
1595 4533 1792 4589 tamdiu

221 4622 414 4680 locutus
459 4642 519 4679 es
563 4624 819 4680 adversus
849 4640 969 4679 eum
996 4665 1010 4689 ,
1043 4625 1130 4693 qui
1163 4625 1534 4680 necessitatem
1569 4626 1692 4679 mali
1734 4636 1793 4680 ut

219 4714 437 4770 oriretur
461 4731 526 4771 ex
566 4716 727 4781 bono,
775 4731 838 4769 ex
882 4715 981 4770 hoc
1009 4714 1136 4770 dixit
1169 4716 1407 4781 irruisse,
1451 4717 1572 4786 quia
1618 4718 1789 4789 ipsum

217 4801 402 4858 bonum
429 4821 458 4860 a
494 4806 602 4860 Deo
626 4805 693 4859 de
718 4806 884 4858 nihilo
912 4804 1103 4860 factum
1132 4817 1231 4872 est,
1262 4823 1366 4860 non
1397 4807 1464 4861 de
1492 4808 1634 4871 Deo;
1668 4823 1788 4862 cum

218 4906 308 4960 ego
333 4911 433 4946 non
465 4895 834 4949 necessitatem
865 4895 1139 4950 tribuerim
1180 4898 1267 4952 tali
1299 4912 1473 4951 causzc
1495 4940 1510 4965 ,
1542 4898 1634 4953 sed
1663 4915 1788 4968 pos-

216 4982 512 5039 sibilitatem
542 4986 703 5059 mali;
731 4986 851 5055 quia
889 5001 990 5040 non
1033 4987 1140 5041 dixi
1169 4988 1287 5042 ideo
1311 5003 1431 5061 esse
1462 4998 1666 5050 ortum.
1694 4992 1787 5044 sed

218 5070 328 5126 ideo
369 5078 605 5143 potuisse
652 5076 778 5130 oriri
823 5092 887 5131 ex
932 5077 1070 5132 bono
1116 5079 1358 5134 malum?
1419 5080 1484 5135 Et
1527 5083 1784 5136 accusasti

216 5162 406 5217 tamdiu
433 5165 586 5230 nihil,
610 5175 659 5221 et
687 5167 973 5222 violentum
1004 5168 1169 5223 fecisti
1196 5170 1326 5223 nihil
1351 5187 1365 5233 ;
1394 5173 1542 5241 quasi
1568 5188 1787 5240 peccare

214 5254 452 5321 angelum
481 5265 533 5309 et
560 5256 828 5312 hominem
858 5260 1141 5314 inevitabili
1173 5262 1487 5317 necessitate
1512 5266 1786 5333 compule-

215 5341 279 5396 rit
303 5346 453 5401 nihil.
485 5347 634 5405 Nunc
658 5366 787 5419 ergo
810 5350 874 5404 ad
902 5366 1017 5406 mea
1045 5351 1203 5406 verba
1240 5354 1450 5409 tandem
1481 5356 1622 5420 redi,
1651 5358 1787 5411 sicut

216 5432 384 5513 redire
411 5439 639 5506 cmpisti.
689 5440 945 5510 Proponis
968 5441 1111 5496 enim
1142 5442 1230 5497 tibi
1269 5446 1635 5513 quatstionem,
1667 5458 1783 5501 tan—

213 5508 364 5589 tinam
415 5524 510 5580 tibi
552 5529 727 5582 subito
770 5531 1000 5585 venisset
1042 5529 1094 5584 in
1141 5542 1407 5598 mentem,
1460 5537 1785 5605 respondere

273 5676 298 5756 ξ
325 5679 611 5756 vignierius,
638 5690 684 5733 et
713 5696 809 5756 non
832 5690 902 5735 est
954 5690 1101 5735 certe.
1139 5684 1385 5738 nedundat
1422 5684 1681 5751 rarticnIa,
1719 5697 1780 5750 et,

215 5747 301 5789 nec
322 5749 400 5791 est
424 5747 474 5813 ip
509 5747 855 5806 manuscriptis.

1565 332 1762 387 LlBER
1800 327 2113 397 Ql'lNTL’S.

3362 340 3498 398 1476

1918 438 2042 505 quid
2088 454 2334 506 possem;
2382 456 2501 494 eum
2548 443 2646 496 hoc
2674 459 2772 513 ego
2820 444 2974 514 longe
3020 456 3142 503 ante
3187 450 3237 503 in
3286 466 3372 511 eo,
3406 456 3491 507 cui

1918 527 2223 588 reluctaris,
2254 529 2389 582 libro
2420 533 2711 598 posuerim.
2758 534 2896 589 Dicis
2922 538 3092 602 enim,
3127 558 3145 590 ι
3178 539 3380 595 referre
3407 558 3494 596 me

1917 633 2091 686 posse,
2137 634 2241 673 non
2282 637 2368 675 me
2409 622 2647 691 dixisse,
2693 623 2817 681 Ideo
2861 630 3054 683 malum
3099 641 3272 685 ortqu
3319 642 3401 688 est
3440 637 3491 688 in

1914 723 2075 778 opere
2107 711 2229 775 Dei,
2262 713 2512 779 quoniam
2544 730 2612 768 ex
2645 716 2808 772 nihilo
2837 718 3029 774 factum
3059 732 3175 786 est;
3218 724 3334 789 sed,
3370 725 3495 781 Ideo

1915 800 2085 867 potuit
2112 801 2332 867 oboriri,
2365 803 2483 873 quia
2513 820 2577 858 ex
2605 806 2771 861 nihi‘o
2803 808 2995 864 factum
3025 822 3124 866 est.
3157 832 3175 864 ι
3210 813 3491 885 Ηιιριςιτιιῐ-

1914 901 2004 941 sus
2029 886 2173 956 dixi,
2208 890 2331 945 ld‘eo
2361 893 2530 961 potuit
2570 895 2770 970 oboriri
2800 896 2913 951 dixi
2940 940 2954 964 ,
2988 916 3091 955 non
3122 902 3240 957 ideo
3270 904 3376 958 dixi
3403 922 3497 959 or-

1916 988 2025 1030 tmn
2070 997 2084 1033 :
2130 982 2530 1049 possibilitatem
2578 985 2711 1040 mali
2747 988 2763 1018 ¹
2805 988 2925 1043 dedi
2978 991 3099 1048 huic
3148 1010 3343 1063 causae,
3390 1013 3498 1053 non

1916 1072 2306 1128 necessitatem.
2332 1075 2626 1132 Rationalis
2648 1079 2842 1150 quippe
2862 1093 3102 1138 creatura
3125 1101 3245 1141 cum
3270 1089 3496 1158 primum

1915 1159 2046 1215 facta
2090 1171 2193 1230 est,
2241 1165 2309 1219 ita
2359 1168 2488 1221 facta
2520 1179 2621 1233 est,
2669 1179 2725 1224 ut
2767 1172 2816 1225 si
2857 1187 3077 1242 peccare
3119 1178 3304 1243 nollet,
3355 1181 3498 1235 nulla

1914 1253 2231 1308 necessitate
2260 1266 2534 1325 urgeretur
2565 1268 2619 1313 ut
2646 1260 2824 1329 vellet,
2850 1274 2941 1318 aut
2969 1266 3127 1320 etiam
3155 1260 3495 1339 nou'volens,

1915 1341 1964 1394 id
2008 1351 2110 1409 est,
2158 1344 2318 1400 invita
2367 1359 2631 1415 peccaret,
2677 1363 2732 1407 et
2776 1370 2879 1407 non
2929 1357 3068 1425 quod
3100 1360 3254 1414 vellet
3298 1361 3498 1417 faceret
3553 1382 3565 1391 ³

1915 1428 2130 1493 bonum,
2161 1433 2253 1488 sed
2287 1436 2481 1490 malum
2508 1439 2647 1508 quod
2682 1442 2865 1506 nollet,
2899 1444 2999 1500 hoc
3025 1457 3246 1517 ageret"
3276 1449 3362 1504 ubi
3382 1451 3495 1521 jam

1916 1536 2018 1574 non
2050 1532 2321 1590 peccatum
2362 1526 2488 1579 illud
2528 1528 2669 1598 quod
2697 1532 3011 1601 simpliciter
3048 1546 3323 1606 peccatum
3360 1540 3495 1596 dici-

1916 1620 2018 1679 tur,
2060 1615 2152 1668 sed
2185 1617 2343 1670 etiam
2377 1634 2528 1687 pmna
2563 1625 2761 1689 peccati
2792 1636 2891 1679 est.
2940 1626 3314 1685 Verumtamen
3358 1634 3497 1688 male

1911 1703 2108 1772 aliquid
2138 1706 2308 1772 velle,
2354 1710 2434 1762 vel
2478 1713 2600 1765 ntali
2640 1713 2835 1785 aliquid
2867 1716 3024 1771 etiam
3069 1720 3257 1776 nolens
3298 1721 3493 1789 facere,

1911 1797 2131 1851 omnino
2163 1815 2264 1852 non
2295 1810 2499 1869 posset,
2530 1804 2625 1858 nisi
2652 1804 2719 1861 de
2743 1807 2910 1862 nihilo
2940 1809 3075 1866 facta
3105 1823 3279 1881 esset,
3313 1815 3363 1870 id
3389 1828 3492 1883 est,

1912 1887 1957 1940 si
1989 1888 2077 1943 Dei
2124 1899 2311 1945 natura
2339 1902 2499 1947 esset.
2548 1894 2669 1949 Sola
2710 1898 2852 1953 enim
2878 1900 2974 1955 Dei
3013 1913 3198 1958 natura
3230 1905 3298 1961 de
3326 1907 3493 1962 nihilo

1911 1976 2049 2032 facta
2082 1995 2183 2033 non
2214 1993 2316 2047 est,
2349 1984 2468 2052 quia
2496 2000 2593 2039 nec
2620 1985 2751 2041 facta
2785 2000 2900 2051 est;
2943 1998 2997 2045 et
3018 1992 3137 2047 ideo
3167 1994 3311 2049 nullo
3340 2012 3495 2066 pror-

1910 2084 2002 2124 sus
2042 2072 2199 2125 modo
2244 2074 2435 2128 mutari
2488 2086 2680 2144 potest.
2730 2079 2881 2146 Quod
2925 2096 3047 2136 cum
3095 2084 3340 2151 dicimus,
3388 2103 3494 2143 non

1910 2160 2050 2214 vires
2082 2162 2246 2217 nihilo
2276 2164 2491 2232 damus,
2522 2169 2672 2236 quasi
2702 2172 2934 2238 potuerit
2962 2172 3135 2229 facere
3158 2176 3376 2246 aliquid,
3407 2180 3491 2235 vel

1910 2249 2091 2306 fecerit
2120 2254 2349 2324 aliquid,
2380 2271 2510 2342 cum.
2538 2259 2607 2313 sit
2649 2259 2776 2315 nihil
2809 2279 2821 2315 :
2856 2263 2949 2319 sed
2988 2275 3230 2323 naturam
3261 2269 3353 2326 Dei
3385 2288 3490 2326 non

1907 2355 2028 2395 esse
2056 2342 2308 2409 dicimus,
2335 2362 2453 2415 quae
2483 2363 2704 2417 peccare
2735 2353 2921 2421 potuit.
2950 2355 3200 2426 Sequitur
3223 2370 3399 2416 autem
3432 2373 3490 2416 ut

1908 2444 2094 2488 natura
2137 2452 2256 2505 quae
2302 2438 2395 2493 Dei
2440 2450 2626 2495 natura
2673 2458 2778 2498 non
2828 2456 2947 2510 est,
2997 2447 3133 2503 facta
3164 2452 3270 2515 sit;
3319 2470 3489 2524 neque

1906 2527 2046 2579 enim
2075 2527 2185 2582 Deo
2220 2541 2486 2585 cozeterna
2522 2543 2605 2588 est
2644 2552 2658 2588 :
2699 2545 2754 2590 et
2796 2539 2840 2591 si
2887 2538 3022 2595 facta
3068 2551 3169 2609 est,
3217 2544 3283 2599 de
3326 2547 3492 2604 nihilo

1907 2612 2044 2669 facta
2086 2617 2195 2682 sit;
2239 2620 2361 2690 quia
2391 2630 2445 2675 et
2475 2622 2579 2677 illae
2620 2634 2824 2680 natura:
2861 2644 2980 2697 qua:
3022 2630 3089 2687 de
3128 2634 3248 2689 aliis
3288 2638 3492 2693 naturis

1906 2702 2057 2759 facta:
2084 2714 2226 2772 sunt,
2256 2709 2476 2779 stirpem
2507 2710 2573 2766 de
2605 2713 2771 2769 nihilo
2795 2714 3032 2784 ducunt;
3062 2723 3313 2790 quoniam
3340 2734 3492 2781 natu-

1903 2809 1977 2847 rac
2021 2795 2089 2851 de
2136 2798 2329 2867 quibus
2377 2801 2528 2855 facta:
2572 2813 2715 2871 sunt,
2762 2814 3047 2878 antequam
3097 2809 3306 2876 tierent,
3359 2816 3490 2872 nihil

1902 2886 2134 2952 fuerunt,
2164 2889 2265 2945 hoc
2290 2901 2373 2946 est
2393 2934 2407 2954 ,
2437 2896 2657 2949 omnino
2685 2912 2790 2950 non
2837 2897 3067 2954 fuerunt.
3116 2900 3221 2957 Sed
3243 2946 3258 2971 ,
3289 2904 3486 2977 inquis,

1907 2994 1925 3027 ι
1959 2976 2084 3032 Ideo
2112 2982 2280 3047 potuit
2319 2984 2447 3037 oriri
2477 2985 2720 3040 voluntas
2760 2989 2917 3055 mala,
2959 3000 3020 3045 ut
3060 2994 3186 3048 oriri
3231 2976 3411 3064 posset
3435 3009 3491 3054 et

1903 3066 2057 3120 bona.
2093 3088 2112 3119 ι
2142 3068 2303 3136 Quasi
2333 3087 2436 3126 non
2474 3088 2593 3127 cum
2629 3076 2765 3129 bona
2797 3079 3069 3138 voluntate
3111 3083 3280 3140 factus
3310 3088 3379 3142 sit
3404 3091 3487 3144 vel

1900 3161 2119 3227 angelus
2162 3162 2248 3214 vel
2292 3162 2470 3216 homo.
2523 3165 2718 3220 Factus
2756 3169 2778 3200 ²
2817 3178 2900 3224 est
2940 3184 3146 3237 rectus,
3179 3176 3315 3230 sicut
3354 3178 3489 3234 dixit

1902 3247 2175 3315 Scriptura
2205 3248 2395 3320 (Eccle.
2422 3268 2492 3307 vn
2511 3296 2526 3318 ,
2559 3254 2665 3327 50)
2696 3274 2710 3308 :
2742 3272 2847 3312 non
2876 3274 3002 3329 ergo
3030 3265 3316 3332 quatritnr,
3347 3269 3487 3324 unde

1902 3339 1953 3391 in
2001 3340 2090 3393 illo
2123 3343 2346 3409 potuerit
2375 3343 2501 3397 oriri
2538 3345 2675 3400 bona
2705 3349 2951 3405 voluntas
2971 3394 2986 3418 ,
3017 3368 3138 3408 eum
3170 3372 3268 3426 qua
3317 3357 3486 3413 factus

1900 3439 2020 3495 est;
2062 3431 2154 3484 sed
2186 3432 2327 3487 unde
2359 3434 2492 3487 mala
2516 3476 2532 3502 ,
2563 3451 2683 3490 eum
2713 3454 2815 3509 qua
2848 3439 3013 3496 factus
3043 3459 3148 3499 non
3176 3455 3275 3501 est.
3323 3448 3388 3503 Et
3428 3458 3483 3503 tu

1902 3521 2032 3576 dicis
2055 3564 2069 3587 ,
2103 3538 2208 3577 non
2246 3525 2529 3581 attendens
2556 3529 2680 3597 quid
2722 3531 2893 3597 dicas,
2923 3552 2941 3584 ι
2976 3532 3099 3590 Ideo
3137 3538 3307 3607 potuit
3347 3541 3477 3595 oriri

1902 3614 2145 3667 voluntas
2188 3615 2329 3670 mala
2355 3657 2368 3680 ,
2415 3626 2471 3671 ut
2516 3619 2644 3673 oriri
2690 3632 2871 3690 posset
2914 3635 2967 3678 et
3013 3625 3195 3681 bona:
3236 3648 3255 3681 ι
3285 3638 3339 3685 et
3385 3630 3485 3686 hoc

1901 3714 2053 3773 putas
2084 3705 2147 3758 ad
2188 3715 2429 3760 naturam
2473 3707 2625 3763 liberi
2656 3712 2858 3767 arbitrii
2888 3716 3190 3783 pertinere,
3222 3728 3278 3773 ut
3318 3723 3486 3788 possit

1900 3804 2206 3862 utrumque,
2239 3805 2292 3851 et
2319 3813 2545 3868 peccare
2574 3801 2795 3866 scilicet,
2838 3812 3020 3858 etnon
3055 3823 3310 3874 peccare;
3351 3812 3482 3865 etin

1899 3886 2000 3941 hoc
2044 3888 2318 3942 existimas
2371 3888 2640 3945 hominem
2691 3891 2885 3947 factum
2932 3895 2999 3949 ad
3044 3898 3323 3967 imaginem
3367 3902 3477 3966 Dei,

1897 3994 2018 4032 cum
2068 3980 2204 4033 Deus
2250 3981 2362 4049 ipse
2405 3996 2509 4033 non
2553 3982 2719 4049 possit
2765 3992 3067 4054 utrumque.
3115 3987 3296 4058 Neque
3337 3992 3481 4045 enim

1900 4068 1982 4121 vel
2014 4067 2235 4123 detnens
2273 4070 2551 4139 quisquam
2583 4070 2797 4138 dixerit,
2833 4073 2996 4129 Deum
3033 4091 3193 4147 posse
3223 4095 3478 4149 peccare;

1896 4167 1987 4211 aut
2036 4167 2089 4213 tu
2132 4159 2309 4213 dicere
2349 4160 2534 4225 audes,
2580 4163 2742 4217 Deum
2788 4164 3012 4221 liberum
3056 4168 3330 4225 arbitrium
3375 4189 3481 4228 non

1898 4246 2113 4303 habere.
2173 4250 2262 4304 Dei
2310 4266 2470 4320 ergo,
2523 4267 2626 4307 non
2674 4254 2842 4323 nihili,
2890 4272 3084 4313 munus
3128 4269 3210 4314 est
3252 4261 3478 4318 liberum

1894 4339 2171 4393 arbitrium
2203 4357 2215 4392 :
2247 4339 2342 4395 sed
2389 4341 2439 4395 in
2486 4341 2601 4413 ipso
2630 4343 2739 4398 Deo
2784 4360 3048 4400 summum
3088 4359 3170 4403 est
3209 4350 3432 4407 liberum
3459 4354 3480 4385 '

1896 4434 2173 4487 arbitrium
2193 4474 2210 4503 ,
2237 4436 2325 4505 qui
2359 4450 2580 4505 peccare
2608 4435 2755 4491 nullo
2783 4437 2943 4492 modo
2975 4450 3168 4508 potest.
3217 4442 3478 4510 Quoniam

1895 4525 1940 4579 si
1973 4525 2201 4594 injustus
2242 4541 2361 4580 esse
2403 4534 2618 4595 posset,
2646 4527 2806 4581 etiam
2843 4528 2979 4583 Deus
3008 4544 3113 4586 non
3144 4548 3266 4588 esse
3294 4534 3478 4605 utique

1896 4627 2121 4687 posset:
2169 4618 2212 4672 si
2257 4618 2397 4671 enim
2442 4618 2582 4672 Deus
2611 4626 2725 4681 est,
2754 4623 3268 4691 consequentissime
3302 4625 3479 4694 justus

1896 4718 1980 4762 est
2028 4724 2042 4761 :
2088 4718 2139 4761 et
2192 4706 2312 4761 ideo
2360 4722 2565 4761 summe
2615 4709 2952 4780 maximeque
3000 4711 3204 4769 habens
3252 4715 3476 4770 liberum

1894 4797 2193 4862 arbitrium,
2224 4811 2447 4866 peccare
2476 4807 2647 4852 tamen
2675 4797 2697 4829 ‘
2720 4815 2826 4853 non
2857 4811 3029 4869 potest
3055 4803 3217 4858 Deus.
3245 4805 3477 4875 Angelus

1896 4906 2022 4961 ergo
2052 4890 2131 4944 vel
2161 4889 2324 4943 homo
2353 4899 2632 4960 pr0pterea
2661 4907 2881 4962 peccare
2910 4895 3099 4963 potuit,
3130 4895 3179 4948 id
3207 4905 3320 4964 est,
3356 4913 3477 4967 pro-

1898 4991 2077 5050 ptert-a
2108 4981 2210 5033 isto
2238 4979 2330 5033 Dei
2363 4995 2605 5043 munere,
2637 4980 2776 5050 quod
2803 4990 2885 5035 est
2926 4982 3150 5036 liberum
3177 4984 3475 5052 arbitrium,

1895 5073 2033 5127 male
2062 5071 2134 5125 uti
2163 5071 2350 5141 potuit,
2383 5071 2503 5141 quia
2537 5087 2640 5126 non
2669 5080 2753 5127 est
2774 5072 2930 5136 Deus,
2965 5073 3064 5127 hoc
3087 5084 3190 5142 est,
3215 5075 3283 5132 de
3312 5078 3475 5132 nihilo

1896 5164 2063 5218 factus
2092 5174 2173 5219 est
2201 5179 2229 5216 a
2260 5164 2387 5228 Deo,
2421 5178 2526 5217 non
2557 5163 2623 5217 de
2650 5164 2767 5232 ipso
2800 5165 2929 5221 Deo.
2965 5164 3219 5239 lntellige,
3243 5178 3296 5223 et
3326 5179 3474 5232 tace;

1894 5266 1985 5310 aut
2012 5255 2154 5324 quod
2183 5253 2527 5320 intellexeris,
2559 5268 2662 5308 non
2693 5263 2869 5309 autem
2895 5256 3035 5327 quod
3065 5273 3172 5314 non
3201 5259 3479 5313 intellexe-

1895 5351 1966 5402 ris
1982 5389 1996 5411 ,
2030 5349 2265 5418 loquere.

1965 5437 2205 5493 XXXIX.
2233 5437 2351 5492 Jun.
2387 5437 2577 5492 Verum
2622 5453 2726 5493 non
2756 5455 2864 5496 uno
2903 5441 3059 5496 modo
3099 5440 3288 5495 vicisse
3326 5454 3466 5495 con-

1958 5572 1969 5600 '
2002 5577 2046 5618 tu
2070 5569 2213 5632 editis
2230 5569 2474 5626 omissum,
2500 5568 2636 5619 mult.
2659 5577 2821 5622 Exstat
2842 5574 2889 5620 in
2913 5569 3260 5632 manuscriptis.

1952 5632 1972 5693 2
2007 5631 2335 5693 t:o;lex_t'ort..
2362 5643 2470 5679 cum
2490 5631 2661 5693 ructus.

1955 5692 1975 5755 ξ
2009 5694 2106 5748 ttic,
2128 5689 2348 5746 liberum,
2375 5706 2436 5740 ex
2461 5689 2563 5740 Mss.
2590 5694 2874 5755 adiecimus.

1957 5751 1981 5783 ⁸
2012 5755 2084 5802 sic
2101 5761 2203 5802 Mss.
2233 5759 2280 5801 la
2298 5755 2455 5814 Viam,
2480 5751 2652 5803 autem.
