3934 6178
414 345 438 398 ί
449 342 551 398 475

418 462 615 513 tentus,
649 421 944 518 argumenti
973 440 1066 503 tui,
1109 438 1260 506 cujus
1291 434 1617 520 impietatem
1651 425 1882 498 prodidi,
1905 438 1995 478 co-

416 556 634 613 arguam
668 514 968 593 falsitatem.
1000 532 1131 588 Cum
1177 514 1312 598 ergo.
1347 524 1631 586 scriberes,
1666 538 1684 571 ι
1718 518 1832 573 Νοη
1877 514 1999 613 ideo

418 606 589 702 polttil
625 628 752 682 oriri
793 624 1038 678 voluntas
1066 618 1205 701 mala
1235 618 1286 670 in
1328 629 1491 685 Opere
1521 613 1635 677 Dei,
1675 608 1796 679 quia
1830 622 1861 660 a
1891 606 2000 659 Deo

419 700 610 776 factum
652 725 767 779 est;
798 713 891 768 sed
924 710 1044 766 ideo
1082 700 1216 778 quia
1256 705 1324 760 de
1376 703 1545 756 nihilo
1598 700 1797 754 factum
1832 703 1917 752 est
1974 711 1994 745 ›

420 809 439 879 (
466 808 539 860 De
564 804 773 874 Nuptiis
808 812 855 856 et
890 794 1328 867 Coucupiscentia,
1359 790 1445 846 lib.
1472 789 1529 856 2,
1571 806 1624 842 η.
1654 786 1757 857 48)
1779 802 1793 838 :
1818 782 2004 838 videre

422 897 705 955 debueras,
738 907 896 963 quam
919 889 1159 943 valenter
1179 884 1405 938 aliarum
1429 888 1793 935 creaturarum
1819 889 2004 930 exem-

418 987 505 1054 pla
537 982 969 1052 praescriberent,
1015 992 1135 1048 qua:
1160 973 1382 1029 totidem
1423 969 1696 1040 producta:
1719 966 1787 1021 de
1808 965 1999 1026 nihilo,

423 1079 579 1132 malae
608 1086 787 1131 tamen
820 1070 1105 1129 voluntatis
1145 1078 1371 1136 capaces
1412 1077 1515 1116 non
1543 1067 1688 1116 sunt.
1733 1057 2007 1111 Postremo

425 1167 540 1238 ipsa
568 1168 851 1229 elementa,
880 1177 998 1232 qua:
1025 1173 1151 1214 vere
1180 1164 1304 1211 sunt
1327 1154 1460 1208 facta
1491 1167 1556 1207 ex
1582 1149 1768 1217 nihilo,
1792 1161 1901 1201 non
1920 1144 2009 1198 ali—

425 1258 578 1329 cujus
605 1254 894 1311 voluntatis
922 1248 1304 1307 conscientiam
1328 1252 1534 1315 queunt
1559 1243 1779 1307 habere,
1803 1247 1862 1292 ut
1887 1252 2008 1291 mo-

340 1418 349 1425 .
429 1354 571 1407 tibus
612 1348 766 1404 malis
808 1351 1170 1418 prptestentur
1197 1337 1419 1409 originis
1453 1352 1563 1390 suae
1610 1331 2006 1387 necessitatem.

432 1443 746 1497 Animantes
773 1445 973 1501 autem,
996 1441 1051 1488 et
1070 1432 1271 1501 reliqua
1296 1428 1447 1498 queis
1462 1424 1711 1497 impletus
1732 1430 1817 1477 est
1841 1419 2008 1482 orbis,

377 1517 389 1591 ξ
433 1547 539 1586 non
568 1530 637 1585 de
678 1528 866 1592 nihilo,
917 1532 1169 1580 caeterum
1205 1518 1317 1589 jam
1347 1533 1413 1571 ex
1453 1517 1631 1584 aliquo
1676 1510 2009 1582 prodierunt.

436 1620 541 1676 Ubi
573 1628 657 1674 est
696 1630 824 1687 ergo
846 1614 925 1668 vis
951 1611 1219 1667 inanitatis
1255 1608 1506 1676 antiquae,
1537 1619 1653 1674 qum
1683 1603 1875 1657 malam
1917 1614 2013 1654 vo-

437 1713 695 1767 luntatem
726 1706 900 1777 coegit
918 1705 1183 1767 existere;
1214 1715 1335 1755 cum
1362 1705 1553 1768 praeter
1573 1692 1887 1749 rationabile
1910 1691 2016 1744 ani-

442 1803 571 1865 mal,
601 1798 868 1853 ncminem
891 1808 1113 1865 peccare
1134 1804 1292 1860 posse
1313 1786 1650 1843 manifestum
1677 1783 1789 1837 sit?

514 1893 651 1946 Anc.
686 1889 879 1942 Posses
894 1893 1080 1955 putare
1105 1896 1192 1936 me
1224 1878 1372 1949 argui
1404 1876 1669 1938 falsitatis,
1701 1874 1745 1928 si
1769 1888 1892 1927 eum
1917 1886 2016 1942 ego

438 1980 719 2041 dixissem,
746 1977 864 2031 ideo
890 1988 1047 2044 posse
1072 1980 1254 2026 nostra
1294 1982 1518 2039 corpora
1556 1965 1848 2029 vulnerari,
1894 1962 2019 2033 quia

442 2068 715 2124 terrestria
761 2043 917 2131 sunt,
962 2061 1276 2118 ostenderes
1305 2069 1358 2113 tu
1402 2071 1626 2127 corpora
1655 2055 1819 2109 multa
1846 2043 2021 2109 terre-

443 2161 596 2224 stria,
621 2138 740 2229 qua:
765 2164 1034 2227 nequeant
1062 2150 1348 2207 vulnerari.
1373 2148 1490 2203 Non
1516 2148 1659 2204 enim
1683 2161 1804 2202 esse
1831 2145 2025 2200 vulnus

442 2259 640 2322 potest,
679 2249 781 2304 nisi
812 2248 866 2301 in
895 2260 1122 2316 corpore
1160 2241 1466 2306 animantis,
1494 2254 1612 2310 qua:
1655 2253 1782 2293 caro
1810 2237 2023 2291 dicitur.

445 2335 548 2397 Ubi
580 2349 630 2394 te
654 2337 943 2393 admonere
972 2333 1247 2398 deberem,
1275 2329 1418 2400 quod
1445 2328 1628 2382 videre
1652 2342 1760 2381 non
1785 2323 2027 2395 potueris

446 2430 762 2487 sententiam
808 2428 963 2483 istam
1003 2438 1109 2479 non
1135 2436 1414 2478 recurrere
1452 2419 1611 2489 :quia
1645 2433 1750 2472 non
1782 2417 1921 2471 sicut
1944 2430 2028 2470 ve-

449 2539 567 2578 rum
593 2530 695 2586 est,
722 2519 895 2575 Omne
928 2515 1069 2587 quod
1097 2521 1272 2586 potest
1295 2513 1583 2578 vulnerari,
1615 2517 1870 2564 terrestre
1901 2523 2026 2563 cor-

450 2630 551 2685 pus
567 2621 679 2679 est;
709 2614 781 2666 ita
816 2610 978 2666 etiam
1007 2622 1194 2664 verum
1233 2613 1335 2671 est,
1364 2602 1534 2660 Omne
1560 2611 1815 2658 terrestre
1836 2615 2030 2669 corpus

452 2705 722 2762 vulnerari
758 2712 951 2774 potest.
981 2699 1092 2755 Cur
1119 2713 1247 2768 ergo
1280 2698 1332 2751 in
1364 2696 1655 2751 dialecticis
1684 2693 2030 2765 jactanticula

458 2807 549 2852 tua
577 2796 793 2852 solertia
815 2793 1154 2855 dormitavit,
1203 2797 1262 2844 ut
1299 2803 1403 2843 non
1433 2787 1769 2851 adverteres,
1810 2784 1898 2839 ubi
1923 2783 2034 2838 dixi

458 2889 579 2943 ideo
610 2894 906 2940 creaturam
938 2881 1251 2936 rationalem
1282 2892 1504 2948 peccare
1531 2876 1786 2946 potuisse,
1814 2875 1938 2944 quia
1966 2889 2034 2927 ex

457 2978 622 3034 nihilo
672 2976 806 3030 facta
854 2982 966 3038 est,
998 2987 1086 3027 me
1114 2969 1338 3039 intelligi
1383 2967 1652 3031 voluisse,
1697 2980 1854 3019 omne
1892 2963 2035 3034 quod

454 3084 680 3143 peccare
723 3076 915 3137 potest,
968 3078 1034 3118 ex
1073 3062 1239 3116 nihilo
1280 3060 1475 3115 factum
1520 3073 1661 3124 esse,
1711 3072 1815 3111 non
1857 3065 2034 3110 autem

459 3151 619 3215 omne
640 3156 780 3228 quod
807 3171 869 3211 ex
892 3154 1058 3209 nihilo
1077 3151 1273 3206 factum
1294 3157 1398 3215 est,
1427 3164 1583 3217 posse
1609 3147 1866 3217 peccare?
1886 3145 2039 3213 Quod

461 3261 710 3320 tanquam
738 3247 1015 3310 dixissem,
1044 3243 1114 3296 ita
1139 3241 1271 3297 mihi
1296 3239 1537 3309 objecisti
1567 3252 1653 3292 res
1676 3236 1829 3302 alias,
1853 3245 1906 3290 et
1927 3235 2039 3304 ipsa

459 3340 645 3395 mundi
677 3340 937 3394 elementa
957 3377 971 3400 ,
1005 3349 1125 3405 qum
1148 3347 1270 3387 cum
1296 3346 1359 3385 ex
1388 3329 1553 3384 nihilo
1583 3328 1717 3383 facta
1756 3328 1885 3391 sint,
1916 3342 2041 3395 pee-

461 3447 584 3488 care
613 3445 718 3484 non
744 3434 1004 3499 possunt;
1037 3423 1286 3494 quoniam
1314 3422 1485 3476 solum
1515 3428 1686 3489 potest
1728 3418 1928 3472 animal
1958 3432 2042 3471 ra-

463 3521 655 3577 tionale
697 3533 942 3589 peccare.
989 3514 1140 3570 Nunc
1191 3528 1318 3584 ergo
1360 3512 1574 3582 evigila,
1617 3520 1779 3580 atque
1826 3510 2041 3580 aspice,

466 3625 625 3667 omne
651 3608 790 3679 quod
841 3621 1064 3677 peccare
1112 3612 1306 3675 potest,
1355 3603 1423 3657 de
1449 3602 1620 3657 nihilo
1656 3602 1851 3656 factum
1881 3615 2041 3664 esse;

470 3717 568 3757 nec
588 3701 706 3755 ideo
735 3698 974 3768 sequitur
998 3696 1157 3751 etiam
1187 3710 1346 3750 omne
1374 3693 1515 3765 quod
1562 3692 1629 3747 de
1656 3691 1823 3746 nihilo
1851 3689 2045 3745 factum

469 3800 569 3857 est,
598 3805 756 3860 posse
787 3802 1028 3858 peccare.
1056 3786 1170 3841 Non
1201 3787 1359 3856 igitur
1394 3784 1524 3838 mihi
1551 3781 1893 3853 proferantur
1922 3781 2045 3847 alia,

471 3898 589 3952 qua:
614 3881 682 3936 de
721 3879 891 3934 nihilo
923 3876 1057 3931 facta
1085 3885 1241 3941 sunt,
1283 3883 1338 3931 et
1379 3888 1602 3945 peccare
1637 3888 1743 3927 non
1782 3880 2003 3942 possunt
2032 3887 2046 3925 :

472 3972 722 4042 quoniam
762 3985 866 4023 non
892 3968 1035 4033 dico,
1070 3966 1239 4023 Omne
1278 3964 1417 4035 quod
1440 3980 1505 4018 ex
1535 3962 1700 4017 nihilo
1722 3962 1917 4017 factum
1945 3971 2047 4026 est,

475 4078 695 4133 peccare
732 4067 940 4132 potest;
970 4058 1062 4113 sed
1085 4057 1205 4112 dico
1224 4099 1237 4120 ,
1256 4056 1425 4111 Omne
1445 4054 1586 4125 quod
1611 4068 1832 4122 peccare
1852 4059 2049 4122 potest,

476 4171 542 4212 ex
591 4154 760 4210 nihilo
805 4152 998 4206 factum
1028 4157 1110 4203 est
1142 4166 1155 4200 :
1185 4155 1433 4216 tanquam
1464 4145 1508 4199 si
1548 4144 1823 4206 dixissem,
1867 4140 2052 4196 Omnis

478 4247 574 4301 bos
602 4244 796 4300 animal
818 4252 920 4307 est,
955 4256 1059 4292 non
1090 4238 1271 4306 utique
1310 4235 1593 4290 adversum
1620 4250 1705 4289 tne
1729 4247 2055 4287 commemo-

478 4338 587 4392 rari
614 4335 909 4390 debuerunt
939 4329 1101 4384 multa
1125 4325 1393 4389 animalia,
1425 4338 1543 4393 qure
1570 4340 1674 4378 non
1704 4332 1827 4379 sunt
1854 4323 2053 4386 boves;

475 4428 724 4498 quoniam
756 4440 861 4478 non
906 4419 1154 4482 dixerim,
1200 4415 1371 4471 Omne
1409 4412 1603 4467 animal
1632 4412 1730 4467 bos
1767 4421 1886 4477 est,
1917 4410 2013 4467 sed
2037 4453 2053 4477 ,

478 4521 664 4575 Omnis
688 4520 785 4574 bos
810 4516 1005 4572 animal
1035 4523 1137 4569 est.
1167 4511 1365 4566 lterum
1386 4524 1517 4580 ergo
1543 4507 1684 4574 dico,
1716 4507 1885 4588 omne
1915 4508 2056 4578 quod

483 4625 705 4679 peccare
747 4617 958 4681 potest,
1004 4622 1072 4661 cx
1113 4604 1281 4659 nihilo
1326 4602 1521 4658 factum
1569 4610 1693 4667 est;
1725 4615 1885 4655 omne
1931 4614 2058 4670 ergo

488 4698 625 4770 quod
644 4713 711 4753 ex
741 4697 904 4751 nihilo
926 4697 1117 4751 factum
1142 4706 1223 4750 est
1247 4735 1261 4759 ,
1290 4702 1462 4765 potest
1491 4708 1742 4762 peccare,
1770 4707 1877 4747 non
1902 4692 2057 4755 dico;

485 4787 624 4859 quod
653 4787 793 4842 velut
822 4785 1069 4849 dixerim,
1102 4783 1261 4837 multa
1286 4798 1692 4845 commemoras,
1724 4781 1968 4852 quamvis
1992 4796 2059 4835 ex

485 4879 651 4933 nihilo
678 4877 837 4940 facta,
863 4891 981 4947 qua:
1011 4884 1184 4928 tamen
1214 4887 1437 4942 peccare
1459 4889 1561 4926 non
1584 4883 1825 4943 possunt.
1849 4872 2062 4928 Callidi-

487 4980 646 5027 tatem
678 4980 820 5025 tuam
849 4969 975 5024 tolle
999 4967 1066 5023 de
1088 4965 1284 5031 medio,
1312 4980 1412 5036 qua
1433 4965 1595 5020 tardis
1617 4965 2057 5036 illudisingeniis;

491 5071 577 5117 aut
619 5062 932 5127 crccitatcm,
964 5075 1067 5129 qua
1110 5055 1389 5113 manifesta
1420 5071 1523 5110 non
1564 5055 1761 5111 cernis.
1793 5055 1927 5111 Cum
1967 5071 2062 5109 au-

494 5163 595 5209 tem
623 5152 742 5208 dico
760 5194 775 5216 ,
802 5152 995 5206 Natura
1025 5166 1144 5220 qttte
1171 5149 1443 5204 rationalis
1471 5158 1646 5203 creata
1673 5156 1774 5212 est,
1806 5147 1925 5204 ideo
1948 5162 2065 5216 pec-

488 5259 610 5299 care
655 5241 852 5313 potnit,
893 5242 1015 5309 quia
1060 5241 1128 5295 de
1173 5240 1339 5294 nihilo
1370 5238 1505 5293 facta
1536 5246 1637 5305 est,
1670 5253 1776 5292 non
1822 5237 1889 5291 de
1916 5238 2057 5302 Deo;

487 5331 700 5387 attende
742 5324 864 5401 quid
892 5330 1086 5393 dicam,
1116 5345 1181 5385 ne
1207 5329 1347 5385 mihi
1368 5342 1550 5383 rursus
1576 5328 1717 5382 inani
1744 5328 2063 5398 loquacitate

489 5424 714 5479 ventilcs
736 5421 888 5487 nihil,
915 5431 969 5475 et
996 5435 1083 5475 me
1107 5420 1305 5474 dixisse
1329 5420 1564 5473 afﬁrmes
1593 5420 1699 5472 vim
1724 5416 1949 5474 faciendi
1971 5418 2066 5471 ali-

486 5514 611 5583 quid
645 5513 861 5577 habere,
891 5511 1031 5582 quod
1059 5510 1189 5566 nihil
1227 5519 1329 5565 est.
1369 5510 1482 5566 line
1514 5510 1635 5565 dico
1660 5524 1779 5580 ego,
1821 5518 2063 5564 naturam

488 5621 606 5673 qua:
635 5606 910 5660 rationalis
929 5614 1105 5659 creata
1130 5612 1234 5670 est,
1268 5612 1546 5673 propterea
1564 5616 1786 5673 peccare
1807 5604 2063 5671 potuisse,

486 5698 609 5765 quia
634 5713 699 5753 ex
723 5699 887 5755 nihilo
928 5699 1062 5755 facta
1090 5704 1175 5754 est
1206 5715 1219 5751 :
1252 5695 1395 5768 quod
1420 5696 1563 5754 aliud
1607 5695 1735 5768 quid
1760 5704 1876 5765 est,
1905 5711 2065 5767 quam

1084 327 1322 388 OPERIS
1362 318 1769 381 IMPERFECTI
1806 310 2072 373 CONTRA
2115 310 2470 373 JUHANUM,
2511 311 2566 364 S.
2603 306 2963 364 AUGUSTI?“

3536 303 3563 362 1
3576 303 3678 363 476

2108 431 2384 490 propterea
2408 434 2629 490 peccare
2658 420 2912 486 potuisse.
2943 416 3065 486 quia
3093 424 3277 469 natura
3304 414 3400 470 Dei
3427 429 3534 469 non
3555 428 3635 470 est
3654 418 3681 470 ἲ

2109 510 2164 564 Si
2187 506 2326 561 enim
2358 510 2423 563 de
2453 509 2617 562 nihilo
2646 509 2778 562 facta
2810 525 2913 561 non
2944 516 3106 572 esset,
3136 507 3203 560 de
3236 507 3343 560 Deo
3371 506 3683 562 naturaliter

2109 612 2286 666 esset,
2316 600 2567 670 quidquid
2613 609 2794 655 esset:
2828 600 2871 653 si
2910 598 3216 653 naturaliter
3260 597 3328 653 de
3374 599 3487 653 Deo
3513 607 3678 661 esset,

2115 691 2203 744 Dei
2236 699 2420 744 natura
2466 702 2609 746 esset
2636 709 2649 744 :
2681 692 2726 744 si
2757 691 2848 744 Dei
2881 700 3063 743 natura
3105 698 3276 755 esset,
3308 703 3533 757 peccare
3573 706 3682 743 non

2084 790 2312 850 posset.
2347 781 2467 835 Ideo
2491 782 2647 851 igitur
2677 796 2893 850 peccare
2918 781 3106 849 potuit,
3125 781 3368 849 quamvis
3404 779 3541 833 facta
3564 781 3685 834 sita

2116 874 2242 937 Deo,
2283 872 2404 942 quia
2425 873 2493 928 de
2520 871 2687 927 nihilo
2715 873 2849 927 facta
2880 880 2960 925 est
2980 913 2994 935 ,
3024 887 3126 924 non
3158 873 3223 926 de
3253 871 3383 925 Deo.
3416 870 3529 926 Hoc
3553 879 3610 924 tu
3639 873 3684 926 si

2115 964 2458 1030 intellexeris,
2504 973 2558 1019 et
2599 965 2804 1019 veritati
2852 978 3145 1034 repugnare
3190 963 3453 1025 nolueris,
3481 963 3551 1018 ab
3591 962 3692 1017 hac

2113 1056 2453 1111 contentione
2474 1055 2527 1110 in
2552 1056 2650 1111 hac
2677 1057 2970 1127 qnmstione
2996 1055 3251 1110 cessabis.

2197 1149 2303 1203 XL.
2337 1149 2456 1204 Jun.
2478 1149 2610 1203 Cum
2641 1148 2766 1218 ergo
2790 1146 2892 1201 hoc
2920 1156 3023 1201 tam
3046 1161 3294 1217 magnum
3323 1156 3565 1215 apertum
3596 1160 3688 1199 es.

2116 1255 2220 1309 set,
2250 1242 2375 1315 quid
2417 1240 2542 1296 illud
2588 1240 2703 1302 fuit,
2732 1238 2875 1309 quod
2905 1238 2996 1293 tibi
3027 1238 3323 1307 persuasit,
3356 1236 3690 1292 utcredercs

2116 1334 2319 1403 antiqui
2376 1332 2526 1387 nihili
2575 1329 2882 1385 violentiam
2930 1344 3144 1382 causam
3202 1328 3356 1381 malm.
3402 1328 3695 1382 voluntatis

2121 1424 2319 1479 fuisse?
2344 1420 2587 1477 Profecto
2616 1430 2672 1475 ut
2694 1419 3107 1489 intelligeremus
3131 1433 3248 1480 nos.
3269 1418 3444 1472 omnia
3477 1428 3548 1482 te,
3575 1434 3700 1488 qua:

2120 1523 2244 1570 sunt
2265 1514 2397 1568 facta
2425 1512 2492 1567 de
2520 1511 2707 1574 nihilo,
2738 1526 2828 1564 rea
2855 1509 3092 1572 credere,
3123 1519 3177 1563 et
3207 1509 3511 1562 uuiversmn
3538 1525 3700 1561 mun-

2121 1605 2248 1659 dum
2277 1603 2492 1659 diabolo
2514 1603 2834 1671 mancipare.
2865 1600 3120 1668 Quoniam
3144 1600 3301 1668 igitur
3326 1598 3452 1653 mihi
3481 1598 3696 1663 claruit,

2122 1694 2390 1763 antiquam
2435 1693 2573 1746 inter
2613 1706 2708 1744 vos
2730 1689 3035 1760 dogmatum
3067 1703 3286 1743 manere
3311 1688 3697 1754 concordiam;

2125 1784 2248 1838 hinc
2272 1783 2380 1852 jam
2409 1782 2500 1836 tibi
2533 1780 2730 1851 pariter
2760 1789 2815 1835 et
2850 1778 3141 1834 Manichaee
3181 1778 3502 1847 respondeo.
3542 1778 3704 1839 Qua:-

2125 1875 2245 1929 ritis
2264 1881 2430 1939 certe,
2456 1880 2516 1927 ut
2539 1873 2625 1941 qni
2663 1886 2798 1941 nego
2820 1870 2944 1923 mali
2970 1884 3089 1924 esse
3116 1876 3381 1931 naturam,
3412 1868 3459 1921 si
3482 1878 3703 1937 possunt

2126 1964 2513 2033 respondeam,
2555 1962 2695 2017 unde
2746 1964 2857 2032 ipsa
2904 1960 3044 2014 mala
3085 1959 3331 2014 voluntas
3385 1959 3437 2013 in
3486 1958 3706 2014 homine

2128 2056 2302 2125 primo
2319 2055 2486 2123 potuit
2500 2054 2717 2108 exoriri.
2747 2053 2818 2107 At
2845 2068 2942 2123 ego
2964 2050 3138 2106 refero
3164 2066 3268 2105 non
3286 2065 3383 2105 vos
3408 2052 3707 2121 intelligere

2128 2146 2252 2217 quid
2278 2146 2485 2200 dicatis.
2513 2144 2766 2199 Voluntas
2794 2145 2934 2200 enim
2960 2142 3088 2197 nihil
3116 2150 3199 2198 est
3219 2142 3385 2209 aliud,
3407 2158 3567 2214 quam
3589 2158 3709 2198 mo-

2132 2246 2219 2291 tus
2241 2236 2428 2302 animi,
2455 2246 2676 2305 cogente
2701 2235 2867 2289 nullo.

2227 2330 2362 2382 Ave.
2392 2325 2564 2380 Motus
2614 2325 2776 2379 animi
2821 2323 2949 2394 quid
2992 2332 3118 2390 est,
3159 2324 3265 2378 nisi
3311 2332 3487 2380 motus
3550 2334 3711 2380 natu-

2133 2433 2206 2471 ra:
2246 2416 2360 2489 (a)?
2390 2417 2612 2471 Animus
2653 2416 2796 2471 enim
2835 2416 2951 2470 sine
2976 2414 3307 2470 dubitatione
3361 2425 3548 2470 natura
3576 2426 3664 2471 est
3693 2434 3707 2471 :

2136 2508 2357 2577 proinde
2400 2508 2644 2562 voluntas
2667 2517 2847 2562 motus
2887 2515 2971 2561 est
3002 2515 3223 2569 natum,
3251 2509 3504 2577 quoniam
3533 2519 3711 2563 motus

2135 2608 2216 2652 est
2245 2598 2431 2652 animi.
2453 2598 2533 2653 Tu
2572 2606 2747 2653 autem
2775 2612 2896 2652 cum
2921 2598 3167 2669 superius
3196 2607 3441 2652 naturam
3466 2608 3718 2669 tanquam

2137 2707 2303 2759 genus
2348 2706 2594 2759 poucres,
2627 2690 2782 2760 eique
2810 2691 2990 2761 generi
3021 2691 3230 2759 species
3268 2706 3394 2746 suas
3436 2692 3714 2760 subderes,

2137 2782 2214 2834 sic
2250 2791 2396 2835 certe
2426 2781 2632 2835 locutus
2671 2795 2769 2835 es:
2802 2800 2821 2831 ι
2856 2780 3089 2847 Natura»,
3127 2800 3147 2833 ι
3182 2780 3377 2851 inquis,
3414 2801 3433 2833 ι
3472 2782 3719 2838 humana:

2136 2872 2471 2942 generalitas,
2523 2871 2910 2926 institutionum
2952 2871 3083 2925 infra
3125 2886 3183 2926 se
3233 2872 3524 2933 locatarum
3551 2890 3721 2945 genus

2139 2961 2402 3030 quoddam
2430 2969 2513 3016 est
2541 2980 2553 3013 :
2593 2961 2708 3015 lucc
2753 2962 2895 3015 velut
2942 2961 3149 3030 species
3180 2960 3368 3024 habet,
3398 2963 3450 3016 in
3491 2966 3599 3017 situ
3620 3007 3636 3029 ,
3671 2965 3720 3016 in

2142 3053 2415 3120 membris,
2449 3053 2500 3106 in
2545 3053 2840 3115 ordinibus,
2884 3053 2935 3106 in
2982 3052 3237 3118 motibus,
3270 3051 3355 3106 vel
3385 3053 3501 3107 aliis
3547 3054 3600 3108 id
3630 3071 3724 3125 ge

2144 3161 2243 3199 nus
2270 3145 2287 3176 ¹
2325 3164 2342 3195 ι
2379 3143 2596 3217 (Supra,
2637 3161 2750 3212 cap.
2776 3143 2891 3213 24).
2935 3142 3036 3197 Ista
3066 3159 3195 3214 ergo
3237 3152 3324 3198 tua
3360 3143 3724 3212 disputatione

2145 3246 2319 3292 motus
2346 3248 2548 3291 natura:
2576 3238 2808 3307 speciem
2841 3237 3121 3291 asseruisti
3162 3251 3283 3291 esse
3313 3246 3512 3291 natura:
3538 3256 3553 3291 :
3581 3240 3727 3293 unde

2148 3339 2198 3383 te
2224 3328 2480 3397 sequitur,
2512 3328 2653 3397 quod
2680 3344 2784 3381 non
2812 3326 2910 3401 vis,
2932 3336 2988 3380 ut
3012 3337 3198 3381 natura
3228 3328 3298 3382 sit
3323 3329 3498 3382 omnis
3524 3342 3725 3386 natura:

2147 3430 2344 3484 motus,
2376 3421 2418 3473 si
2456 3430 2641 3473 natura
2670 3434 2869 3490 genus,
2899 3420 3121 3488 ejusque
3159 3422 3368 3489 species
3405 3432 3490 3476 est
3525 3434 3725 3476 natura:

2150 3522 2358 3578 motus;
2386 3511 2830 3583 quemadmodum
2874 3512 3071 3565 animal
3110 3522 3195 3567 est
3239 3514 3415 3567 omnis
3443 3530 3635 3584 equus,
3662 3530 3726 3567 eo

2149 3602 2291 3674 quod
2333 3603 2526 3657 animal
2570 3616 2741 3672 genus
2759 3612 2873 3667 est,
2925 3603 3136 3671 species
3163 3619 3293 3659 vero
3323 3604 3483 3673 huius
3518 3607 3727 3676 generis

2151 3707 2340 3764 equus.
2367 3694 2443 3746 Ac
2470 3708 2565 3761 per
2592 3692 2696 3747 hoc
2720 3693 2984 3759 voluntas,
3010 3693 3262 3763 quoniam
3291 3704 3467 3748 motus
3496 3706 3579 3750 est
3615 3698 3729 3750 ani-

2153 3786 2247 3849 mi,
2277 3792 2337 3849 et~
2356 3781 2480 3837 inde
2512 3782 2813 3837 ostenditur
2838 3792 3013 3836 motus
3042 3798 3161 3837 esse
3190 3794 3416 3849 natum,
3446 3794 3497 3839 te
3528 3787 3598 3838 ita
3628 3786 3733 3840 dis-

2156 3882 2373 3943 putante
2399 3880 2584 3927 natura
2610 3880 2730 3937 est;
2763 3874 2884 3941 quia
2910 3880 3112 3928 natura:
3136 3882 3383 3944 tanquam
3412 3866 3601 3945 generi
3626 3892 3734 3944 5pc-

2155 3968 2266 4022 cics
2293 3965 2596 4036 hujusmodi
2624 3964 3055 4020 subdidisti.‘Cur
3075 3981 3201 4037 ergo
3226 3967 3575 4035 reprehendis
3595 3968 3734 4039 quod

2134 4059 2349 4113 dicitur
2381 4057 2620 4111 naturale
2649 4064 2946 4124 peccatum,
2965 4056 3105 4125 quod
3144 4056 3267 4111 fecit
3294 4059 3541 4112 voluntas
3564 4060 3732 4121 mala,

2158 4167 2313 4219 quam
2330 4151 2345 4181 ¹
2367 4151 2532 4219 ipsam
2552 4149 2872 4204 voluntatem
2893 4158 2946 4203 tu
2961 4149 3138 4204 dicere
3152 4151 3488 4207 convincaris
3508 4166 3629 4206 esse
3650 4166 3738 4205 na-

2161 4242 2373 4297 turam?
2402 4241 2506 4296 Sed
2532 4250 2717 4295 natura
2739 4256 2843 4319 non
2870 4239 3235 4295 sitvoluntas:
3267 4250 3413 4296 certe
3442 4251 3622 4297 tamen
3643 4243 3737 4296 nisi

2162 4334 2212 4387 in
2227 4342 2413 4386 natura
2436 4347 2540 4386 non
2569 4340 2742 4401 potest
2771 4347 2926 4399 esse;
2959 4341 3215 4401 quantum
3242 4334 3383 4388 enim
3418 4336 3645 4403 pertinet
3676 4334 3739 4388 ad

2162 4426 2455 4492 hominem,
2493 4435 2669 4479 motus
2710 4433 2795 4480 est
2836 4425 3020 4490 animi,
3060 4425 3375 4495 animusque
3414 4437 3600 4481 natura
3641 4441 3738 4481 est.

2162 4519 2286 4574 Sine
2311 4518 2441 4587 jam,
2468 4532 2672 4588 qumso,
2699 4517 2767 4568 ita
2790 4516 2891 4569 dici
2911 4516 3150 4571 naturale
3169 4527 3463 4584 peccatum,
3493 4521 3739 4588 qu0niam

2163 4624 2283 4663 cum
2305 4608 2468 4662 homo
2491 4615 2693 4675 peccat,
2720 4615 2902 4660 natura
2924 4606 3107 4675 utique
3130 4615 3343 4675 peccat;
3372 4608 3534 4661 homo
3550 4610 3744 4678 quippe

2166 4709 2353 4753 natura
2384 4707 2467 4753 est
2495 4696 2990 4779 :‘quemadmodutn
3040 4704 3185 4751 recte
3213 4696 3317 4751 dici
3364 4709 3543 4767 potest
3583 4700 3743 4753 eti-un

2165 4789 2437 4859 spirituale
2477 4796 2775 4857 peccatum,
2807 4802 2931 4841 cum
2971 4786 3190 4856 spiritus
3220 4796 3426 4856 peccat.
3456 4788 3575 4843 Non
3603 4791 3746 4845 enim

2165 4880 2358 4933 erravit
2380 4879 2686 4950 Apostolus,
2708 4876 2796 4931 ubi
2812 4877 2905 4941 ait,
2931 4876 3224 4948 spiritualia
3249 4878 3483 4949 nequitia:
3502 4897 3515 4932 :
3532 4879 3745 4951 (Ephes.

2166 4987 2237 5036 vt,
2272 4969 2360 5040 l2)
2380 4986 2394 5022 :
2413 4986 2530 5039 qua:
2560 4968 2857 5038 spiritualia
2878 4968 3062 5038 procul
3084 4966 3248 5023 dubio
3272 4970 3535 5023 naturalia
3562 4974 3745 5029 suul’;

2233 5148 2248 5178 ι
2285 5151 2441 5206 Forte,
2462 5158 2625 5208 quum.

2229 5210 2250 5239 ²
2283 5208 2417 5267 Editi,
2430 5202 2617 5259 natura
2633 5211 2759 5256 sunt.
2788 5207 2949 5267 Aptius
2968 5213 3096 5264 Μαι,
3113 5202 3359 5267 naturalia
3378 5211 3504 5260 sunt.

2230 5269 2302 5331 (α)
2337 5264 2462 5331 Itane
2476 5270 2787 5325 sententiam,
2802 5264 3018 5331 aliasque
3036 5265 3292 5331 nonnullas
3310 5264 3419 5315 libri
3440 5268 3583 5329 hujus
3600 5269 3756 5331 quinti

2166 5327 2485 5393 citat‘Agatbo
2508 5343 2627 5393 papa
2646 5327 2913 5393 qupistola
2937 5327 3161 5393 synodica
3183 5327 3241 5376 ad
3281 5327 3756 5393 Imperatoregquse

2170 5398 2218 5462 in
2239 5390 2422 5462 synodo
2441 5390 2601 5448 sexta,
2616 5390 2807 5462 actione
2833 5390 3033 5462 quarta,
3058 5390 3181 5462 lecta
3223 5397 3319 5462 est,
3345 5390 3677 5462 augustinqu
3707 5407 3757 5462 tu

2169 5451 2278 5507 bzee
2294 5456 2444 5504 verba
2466 5452 2808 5502 mmmendans
2828 5451 2897 5500 ;”ι
2911 5452 3137 5501 Veritatis
3153 5451 3559 5513 prudentissimus
3585 5466 3597 5511 ι
3615 5454 3718 5500 md
3737 5477 3759 5489 -

2176 5537 2199 5565 ι
2221 5525 2351 5567 ωιοι*
2374 5516 2549 5577 beatus
2570 5514 2880 5577 augustinus,
2898 5515 2947 5562 in
2966 5514 3138 5577 quinto
3157 5510 3403 5577 volumine
3426 5523 3515 5577 uis;
3534 5510 3764 5561 utatienis

2175 5598 2198 5627 α
2221 5579 2455 5627 adversus
2475 5571 2713 5625 lulianum
2735 5571 3121 5637 Pelagianiétam,
3142 5573 3270 5637 quid
3304 5574 3387 5637 sit;
3404 5571 3645 5637 voluntas.
3692 5578 3763 5627 his

2176 5639 2626 5735 :deﬂg‘v‘eflbis:
2668 5644 2817 5686 motus
2854 5635 3004 5686 animi
3040 5635 3296 5699 quid'est,
3343 5635 3435 5685 nisi
3479 5644 3641 5686 monts
3683 5652 3763 5685 tu-

2176 5709 2417 5753 murae?»
2448 5709 2544 5751 etc.
