3934 6178
251 307 374 364 H77

249 422 356 491 quia
389 415 598 485 spiritus
652 413 766 468 sine
810 413 1156 483 ambiguitate
1191 422 1378 467 natura
1422 420 1531 476 est,
1581 412 1695 466 sive
1737 412 1807 466 sit

248 518 462 565 t't’ctttttt',
493 506 604 557 sive
625 504 693 558 sit
719 512 949 558 creatus.
986 502 1093 557 Nec
1127 512 1303 557 tamen
1332 503 1474 573 quod
1511 502 1592 554 vel
1620 500 1807 570 angelo

253 601 322 652 vel
352 597 558 653 homine
586 596 798 650 volente
820 596 835 625 ¹
860 595 1201 649 commissum
1224 602 1326 659 est,
1351 592 1599 662 quoniam
1623 599 1808 644 natura

249 687 465 758 peccavit
487 684 559 758 (et
591 684 815 755 angelus
839 685 984 738 enim
1022 693 1076 738 et
1107 684 1266 737 homo
1300 692 1505 735 natura:
1534 680 1703 752 sunt),
1736 680 1808 734 ita

248 782 337 832 hue
361 791 476 831 esse
508 776 732 831 dicimus
778 774 1021 828 naturale
1057 782 1333 844 peccatum
1354 814 1368 837 ,
1403 781 1459 826 ut
1489 773 1812 826 necessitate

247 874 424 924 factum
454 882 577 923 esse
605 866 866 932 dicamus,
896 865 1037 937 quod
1066 865 1259 920 factum
1308 873 1389 920 est
1434 864 1598 918 libera
1625 864 1814 917 volun-

248 970 359 1013 tute.
387 959 487 1025 Qui
517 957 660 1011 enim
678 966 961 1027 propterea
992 956 1252 1025 peccavit,
1281 955 1403 1024 quia
1434 954 1619 1019 voluit,
1643 954 1816 1024 potuit

242 1055 288 1097 et
319 1043 453 1095 nolle
483 1055 707 1110 peccare
735 1058 748 1095 :
775 1048 831 1095 et
857 1039 927 1094 ita
958 1040 1118 1097 homo
1146 1050 1359 1094 creatus
1383 1046 1484 1101 est,
1510 1049 1567 1092 ut
1585 1046 1640 1092 et
1663 1038 1810 1093 nolle

244 1143 411 1204 posset
442 1109 501 1189 et
527 1133 689 1197 velle,
733 1140 788 1187 et
825 1109 1099 1203 quodlibet
1145 1131 1337 1185 horum
1369 1129 1591 1185 haberet
1631 1130 1684 1183 in
1716 1143 1814 1198 po.

243 1233 417 1278 testate
445 1224 492 1278 ⁸.
514 1221 780 1279 Sedaliud
805 1230 887 1276 cst
910 1221 1176 1292 originale
1202 1228 1482 1291 peccatum
1499 1261 1514 1283 ,
1544 1219 1686 1290 quod
1711 1218 1813 1299 etsi

244 1315 449 1368 trultttttt
479 1314 597 1369 sine
628 1313 839 1383 prepria
860 1312 1132 1367 voluntate
1162 1320 1477 1376 nascentes,
1518 1319 1693 1364 tamen
1720 1324 1820 1378 per

242 1407 559 1459 voluntatem
585 1404 740 1474 primi
769 1403 1002 1458 hominis
1025 1403 1136 1472 ipsa
1154 1412 1235 1457 cst
1259 1402 1410 1471 origo
1438 1401 1622 1456 vitiata
1648 1400 1820 1453 :sicut

242 1497 373 1549 aliud
403 1496 568 1549 etiam
596 1503 677 1549 est
704 1496 756 1548 in
781 1493 982 1563 majore
1012 1493 1225 1547 homine
1246 1502 1468 1561 propter
1491 1491 1631 1562 quod
1654 1490 1816 1556 dicit,

245 1585 355 1639 Non
380 1586 513 1640 enim
541 1584 679 1656 quod
716 1585 850 1650 volo,
889 1585 1022 1653 facio
1048 1584 1267 1649 bonum;
1295 1586 1384 1637 sed
1406 1584 1542 1655 quod
1568 1584 1684 1637 nolo
1710 1599 1821 1636 ma-

243 1680 357 1735 lum.
405 1677 504 1730 hoc
543 1692 640 1747 ago
682 1675 856 1743 (Rom.
902 1691 994 1741 vn,
1024 1676 1117 1748 15)
1151 1691 1288 1731 :nec
1321 1685 1499 1731 tamen
1534 1677 1692 1732 etiam
1722 1676 1820 1730 ista

243 1770 524 1822 necessitas
545 1768 852 1822 insanabilis
880 1776 963 1821 est
991 1769 1061 1828 ei.
1089 1767 1174 1821 cui
1202 1767 1414 1833 dicitur,
1448 1766 1523 1822 De
1553 1767 1820 1821 necessita-

240 1859 361 1911 tibus
395 1859 521 1912 meis
558 1874 677 1912 erue
702 1875 780 1912 me
825 1857 993 1930 (Psal.
1030 1873 1187 1923 xxw,
1220 1857 1338 1929 17).

304 1949 438 2003 XLI.
473 1949 589 2005 ιιιι..
623 1948 870 2016 Qu:eritis
899 1964 1023 2019 ergo
1051 1949 1420 2003 necessitatem
1443 1947 1542 2013 rei,
1565 1962 1683 2017 qua:
1702 1961 1823 2002 esse

237 2053 337 2091 non
372 2046 548 2108 potest
576 2039 620 2092 si
662 2037 861 2107 patitur
884 2038 1278 2092 necessitatem.
1313 2037 1445 2091 lluic
1470 2038 1636 2091 motui
1660 2036 1823 2090 animi

235 2130 433 2195 libero,
480 2129 596 2183 sine
636 2137 825 2183 coactu
860 2128 1081 2198 originis
1110 2128 1377 2197 inquieto,
1424 2127 1469 2181 si
1509 2141 1670 2181 causa
1710 2127 1826 2194 ipso

231 2229 378 2273 motu
406 2218 567 2273 detur
590 2218 611 2249 ⁸
634 2217 921 2289 antiquior,
950 2232 1055 2272 non
1080 2219 1310 2289 gignitur
1339 2218 1587 2284 omnino,
1607 2219 1700 2272 sed
1731 2218 1827 2271 tol-

232 2311 378 2363 litur.
414 2308 619 2363 Nomen
647 2309 789 2364 enim
816 2309 988 2378 ipsum
1009 2309 1294 2363 voluntatis
1318 2308 1514 2362 nullam
1533 2309 1640 2363 vim
1669 2307 1829 2363 habet

233 2400 495 2464 alteram,
533 2412 693 2467 quam
725 2413 829 2453 non
872 2398 1069 2454 debere
1107 2398 1345 2453 materia:
1374 2397 1514 2468 quod
1560 2412 1824 2452 movezur.

235 2490 366 2544 Cum
394 2502 529 2559 ergo
554 2488 694 2543 unde
720 2497 834 2543 orta
858 2489 928 2543 sit
956 2490 1218 2552 voluntas,
1246 2489 1356 2557 ipsa
1386 2489 1658 2542 voluntate
1683 2503 1828 2557 quae-

238 2582 307 2635 ris
325 2581 637 2651 antiquius;
661 2595 767 2635 non
791 2580 1069 2635 exordium
1100 2579 1219 2649 ejus
1244 2620 1257 2645 ,
1282 2579 1376 2634 sed
1402 2578 1622 2634 exitium
1651 2580 1829 2648 requi-

240 2673 311 2725 ris
346 2689 361 2725 :
391 2671 613 2725 omnino
639 2671 784 2726 enim
814 2685 919 2723 non
951 2669 1263 2740 intelligitur
1289 2684 1441 2734 esse,
1484 2669 1529 2724 si
1558 2678 1651 2724 aut
1680 2677 1827 2723 teuc-

243 2762 346 2816 bris
372 2763 677 2832 deputetur,
705 2770 798 2816 aut
826 2760 1014 2826 nihilo;
1044 2776 1143 2816 nec
1167 2768 1342 2829 potest
1369 2760 1471 2815 dici
1490 2759 1602 2829 jam
1632 2758 1824 2814 volun‘

241 2858 317 2905 tas
339 2892 356 2918 ,
384 2867 506 2921 qua:
545 2851 838 2906 subsistere
863 2864 967 2904 non
997 2857 1206 2919 potest,
1239 2850 1338 2904 nisi
1365 2848 1417 2903 in
1447 2859 1593 2902 motu
1622 2848 1782 2902 animi
1808 2886 1825 2913 ,

242 2951 460 3013 cogente
494 2942 659 2996 nullo.
687 2939 744 2997 Si
775 2954 904 3010 ergo
929 2947 1084 3010 cogat
1111 2940 1299 3009 aliquis
1319 2979 1336 3005 ,
1367 2949 1449 2993 est
1473 2938 1686 3008 quidem
1714 2952 1830 2991 mo-

244 3042 354 3098 tus;
386 3032 483 3087 sed
519 3048 622 3086 non
650 3040 733 3086 est
755 3030 997 3086 voluntas
1020 3071 1034 3095 ,
1065 3030 1217 3100 cujus
1245 3030 1351 3082 vim
1391 3030 1477 3083 illa
1503 3028 1828 3083 deﬁnitionis

244 3138 359 3192 pars
385 3123 624 3179 secunda
648 3122 955 3192 complevit,
982 3120 1032 3175 id
1059 3129 1162 3187 est,
1191 3120 1335 3173 nullo
1356 3127 1599 3188 cogente.
1625 3117 1681 3173 Si
1703 3132 1832 3187 ergo

245 3216 480 3270 voluntas
510 3215 641 3269 nihil
664 3224 751 3269 est
780 3213 920 3267 aliud
940 3255 955 3277 ,
984 3227 1142 3283 quam
1169 3220 1344 3266 motus
1371 3212 1532 3265 animi
1559 3252 1575 3276 ,
1606 3220 1831 3281 cogente

245 3306 381 3361 nuilo
404 3322 418 3370 ;
451 3306 598 3360 male
626 3319 844 3375 prorsus
876 3303 1132 3373 qumritur
1150 3304 1299 3372 origo
1328 3301 1438 3365 rei,
1465 3302 1616 3370 cujus
1643 3301 1831 3355 condi-

180 3414 197 3423 π
246 3395 352 3461 tio,
396 3397 440 3450 si
476 3395 838 3465 prmvcnitur,
888 3393 1087 3447 interit.
1117 3391 1370 3461 Expende
1415 3407 1543 3461 ergo
1593 3390 1718 3461 quid
1764 3392 1834 3445 sit

246 3488 377 3556 quod
405 3471 571 3559 roges
601 3502 617 3538 ι
648 3485 827 3551 Unde,
869 3485 1046 3555 inquis
1066 3524 1082 3551 ,
1120 3468 1494 3553 ipso'voluntas
1523 3484 1657 3537 mala
1689 3484 1835 3554 quasi

246 3579 386 3632 arbor
411 3578 559 3632 ntala
589 3578 641 3631 in
686 3577 851 3647 primo
878 3575 1080 3629 homine
1125 3574 1286 3644 potuit
1333 3574 1519 3628 exoriri
1567 3572 1672 3644 (De
1710 3572 1834 3627 Nu-

247 3670 356 3739 ptiis
380 3680 425 3723 et
455 3667 907 3737 Concupiscentia,
937 3665 1025 3719 lib.
1052 3664 1122 3731 ‘2,
1170 3682 1224 3718 η.
1272 3665 1405 3734 48)?
1434 3665 1524 3734 qui
1565 3664 1835 3720 conﬁteris

249 3759 571 3815 voluntatem
597 3757 664 3813 dc
692 3756 897 3827 origine
922 3756 1229 3825 contigisse.
1263 3754 1518 3810 Voluntas
1544 3754 1684 3808 enim
1719 3772 1835 3808 mm-

248 3838 332 3906 tus
352 3862 435 3908 est
459 3851 653 3916 animi,
681 3858 904 3919 cogente
926 3848 1090 3903 nullo.
1124 3846 1392 3901 Naturalia
1423 3855 1611 3901 cuncta
1641 3854 1839 3915 cogunt

250 3958 360 3999 esse
384 3942 537 4015 quod
577 3943 816 4011 sequitur
848 3959 861 3994 :
892 3941 1140 3995 voluntas
1175 3948 1352 3995 autem
1396 3941 1440 3994 si
1487 3939 1837 4009 praecedenti-

252 4032 343 4088 bus
369 4035 552 4091 causis
572 4043 813 4104 cogatur,
842 4032 1085 4086 voluntas
1106 4047 1225 4087 esse
1249 4047 1369 4085 mox
1396 4030 1613 4094 desinit,
1638 4040 1693 4086 et
1715 4047 1836 4100 per-

252 4124 325 4179 dit
348 4127 736 4190 conditionem,
758 4126 812 4199 _si
839 4125 1042 4194 accepit
1070 4125 1354 4193 originem.

317 4220 451 4275 Aue.
498 4218 559 4273 Si
601 4218 849 4271 voluntas
879 4216 999 4271 ideo
1028 4231 1133 4270 non
1184 4215 1345 4271 habet
1372 4216 1674 4287 originem,
1718 4216 1840 4286 quia

255 4323 353 4362 non
389 4312 636 4380 cogitur;
679 4323 778 4362 nec
820 4307 932 4376 ipse
977 4306 1135 4360 homo
1183 4306 1341 4361 habet
1369 4306 1631 4376 originem
1673 4315 1731 4361 ut
1773 4306 1844 4361 sit

256 4398 450 4469 homo,
493 4400 620 4470 quia
664 4414 767 4453 non
798 4408 1015 4453 coactus
1059 4407 1142 4453 est
1184 4411 1320 4453 esse.
1369 4397 1649 4464 Quomodo
1699 4398 1842 4452 enim

257 4491 364 4561 cogi
394 4501 625 4559 poterat,
654 4491 741 4559 qui
773 4506 875 4543 non
904 4488 1056 4544 erat?
1081 4489 1143 4542 Et
1168 4499 1316 4543 certe
1344 4487 1504 4542 homo
1525 4497 1711 4543 natura
1737 4500 1841 4554 est;

257 4590 412 4654 tuque
437 4584 652 4646 dixisti,
688 4582 963 4637 Naturalia
982 4592 1164 4636 cuncta
1187 4591 1369 4653 cogunt
1398 4598 1504 4636 esse
1526 4585 1662 4652 quod
1680 4585 1845 4653 sequi-

258 4683 353 4727 tur.
380 4675 534 4746 Rogo
564 4684 633 4738 te,
663 4673 877 4729 attende
906 4671 1030 4742 quid
1054 4672 1198 4727 dicas
1226 4689 1238 4724 :
1272 4672 1377 4726 noli
1403 4673 1575 4727 oculis
1603 4674 1799 4727 clausis
1821 4672 1845 4706 ⁸

257 4764 488 4836 linguam
536 4779 785 4830 movere,
830 4763 1101 4834 quomodo
1128 4764 1218 4833 qui
1268 4763 1319 4817 in
1351 4765 1555 4817 somnis
1594 4759 1843 4834 loquitd'r.

257 4856 408 4912 Nulla
434 4872 546 4924 res,
576 4873 695 4927 qum
727 4872 831 4910 non
858 4864 963 4921 est,
989 4855 1104 4926 cogi
1137 4862 1329 4924 potest.
1345 4854 1479 4910 Vide
1504 4855 1664 4910 etiam
1686 4871 1845 4925 quam

216 4952 324 5017 ~sit
353 4952 598 5006 insanum
623 4992 638 5016 ,
684 4965 879 5021 negare
922 4948 1119 5004 habere
1164 4948 1424 5017 originem
1460 4963 1545 5002 res
1575 4964 1692 5017 qua:
1716 4960 1847 5002 orta:

256 5053 379 5098 sunt
403 5060 418 5108 ;
445 5043 703 5113 eumipsa
735 5042 886 5112 origo
910 5040 978 5096 ab
1008 5039 1231 5095 oriundo
1259 5039 1330 5094 sit
1358 5038 1519 5095 dicta.
1547 5038 1678 5093 Nam
1706 5039 1846 5109 quod

373 5196 493 5246 t-‘diti
519 5233 532 5256 ,
555 5196 757 5247 nolente.
781 5197 1080 5260 Castigantur
1104 5208 1167 5260 ex
1192 5195 1544 5260 manuscriptis.

321 5259 356 5320 ξ
374 5260 450 5307 sic
473 5272 644 5309 names
667 5255 995 5320 manuscripti,
1021 5265 1075 5307 Αι
1092 5265 1114 5304 \
1131 5258 1324 5320 ignierii
1358 5255 1525 5320 editio,
1549 5262 1602 5306 ut
1626 5255 1771 5320 possit
1803 5263 1849 5309 et

259 5318 384 5369 nolle
405 5326 454 5369 et
478 5319 613 5378 velle,
637 5326 683 5383 et
703 5317 943 5383 quodlibet
970 5317 1369 5383 [tammfhabetur
1400 5317 1452 5368 in
1488 5317 1736 5383 potestate.
1761 5327 1848 5383 Lo-

261 5383 426 5488 quitur
454 5380 745 5454 Atrgustiuus
765 5382 829 5431 de
853 5380 1057 5454 hominis
1096 5382 1250 5443 primo
1274 5380 1497 5443 peccato,
1526 5380 1654 5443 quod
1677 5383 1740 5429 ab
1764 5381 1849 5430 illo

310 5450 404 5488 ιεει
426 5456 735 5488 εοιι-ιιιιιεειιιιι
759 5455 817 5488 ea
842 5442 1088 5488 libertate.
1114 5455 1210 5488 nua
1235 5448 1287 5488 et
1326 5454 1531 5488 neccare
1556 5440 1687 5488 nolle
1711 5451 1849 5488 note-

310 5450 404 5492 ιεει
426 5440 735 5505 εοιι-ιιιιίεειιιιι
759 5455 818 5492 ea
842 5440 1287 5505 libertate,'qua_et'
1326 5454 1531 5505 peccare
1544 5440 1687 5491 'nolle
1711 5451 1851 5504 pote-

263 5512 352 5559 rat,
380 5512 445 5567 et,
475 5503 604 5553 velle
621 5517 844 5567 peccare,
867 5516 963 5554 non
985 5503 1149 5567 autem
1166 5503 1265 5553 ulla
1290 5503 1369 5567 tali
1391 5503 1852 5567 necessitatc,quali

264 5566 577 5630 [renitebatur
595 5564 686 5630 qui
700 5565 896 5616 dicebat
913 5574 1041 5630 ιδ’ρη
1063 5565 1192 5616 enim
1214 5566 1342 5629 quod
1368 5564 1486 5625 volo,
1506 5572 1601 5615 etc.

328 5628 350 5696 ξ
382 5627 464 5696 sic
610 5625 728 5678 Editi
748 5640 886 5696 vero,
911 5625 1109 5696 dicitur.

543 5690 948 5753 praetermittunt,
975 5689 1150 5740 clausis
1178 5702 1195 5740 :
1228 5690 1318 5740 sed
1341 5689 1522 5740 habent
1570 5697 1731 5740 tamen
1755 5702 1854 5740 ma-

414 5764 427 5798 ι
507 5784 519 5797 .
1533 5794 1545 5798 _

267 5761 519 5809 ausmpu.

1573 298 1774 354 LIBER
1815 296 2110 366 QUINTUS

3370 305 3509 359 N78

1916 423 2015 475 est,
2040 422 2092 467 et
2114 413 2369 483 originem
2393 428 2497 468 non
2525 414 2707 479 habet,
2730 428 2942 486 semper
2972 416 3085 481 luit;
3114 417 3158 472 si
3188 424 3363 474 autem
3391 435 3499 473 nun

1916 502 2044 569 fuit,
2072 512 2126 558 et
2150 513 2230 559 est
2248 546 2262 567 ,
2291 514 2466 559 ortum
2493 514 2608 571 est;
2636 506 2679 560 si
2706 517 2880 561 ortum
2909 517 3011 571 est,
3036 509 3194 565 habet
3216 510 3497 579 originem.

1916 591 1983 646 Et
2011 594 2251 648 voluntas
2267 609 2393 664 ergo
2424 596 2647 664 peccati,
2675 612 2791 666 quae
2816 613 2921 650 non
2954 595 3071 664 fuit,
3102 608 3154 653 et
3179 609 3279 663 est,
3316 599 3499 668 utique

1914 691 2029 736 orta
2052 690 2135 736 εει
2162 700 2176 736 :
2205 684 2250 737 si
2281 684 2421 738 enim
2452 692 2564 749 est,
2591 695 2646 739 et
2686 695 2800 740 orta
2829 702 2932 741 non
2964 698 3075 753 est,
3111 704 3321 759 semper
3361 690 3495 755 fuit;

1917 772 2010 827 sed
2053 787 2159 826 non
2203 772 2299 826 fuit
2326 788 2574 844 semper;
2619 790 2747 846 ergo
2790 784 2906 831 orta
2943 785 3042 832 est.
3070 777 3186 832 Jam
3232 788 3287 832 tu
3330 779 3499 833 clama

1916 871 2100 917 contra
2129 864 2517 934 apertissimam
2546 866 2859 929 veritatem;
2886 867 2986 922 hoc
3011 869 3152 922 enim
3181 868 3337 923 decet
3361 878 3503 922 tuam

1917 967 2108 1007 vanam
2140 953 2516 1024 loquacitatem
2551 975 2567 1011 :
2594 966 2645 1011 et
2674 956 2759 1011 dic
2779 997 2795 1023 ,
2825 958 2955 1012 nrta
2993 967 3075 1014 est
3114 959 3326 1029 quidem
3347 1001 3363 1024 ,
3408 959 3503 1014 sed

1918 1042 2179 1114 originem
2220 1059 2325 1099 non
2354 1044 2547 1108 habet;
2579 1056 2699 1114 aut,
2726 1047 2865 1117 quod
2895 1057 2979 1102 est
3001 1049 3239 1104 insanius
3258 1091 3273 1116 ,
3305 1050 3373 1104 Et
3400 1066 3505 1106 non

1922 1134 2050 1201 fuit,
2080 1144 2132 1190 et
2158 1146 2272 1203 est,
2297 1146 2351 1192 et
2380 1146 2554 1193 tamen
2582 1148 2696 1193 orta
2736 1154 2841 1193 non
2868 1148 2966 1194 εει.
2998 1141 3168 1196 Porro
3196 1142 3239 1197 si
3268 1142 3369 1197 hoc
3396 1159 3502 1197 non

1919 1224 2083 1293 dicis,
2133 1240 2199 1281 ne
2241 1227 2622 1283 insulsissimus
2663 1238 2716 1284 et
2744 1231 2962 1284 omnino
2991 1229 3171 1286 fatuus
3209 1231 3505 1300 iudiceris;

1920 1332 2099 1387 qmere
2138 1318 2281 1374 unde
2321 1328 2438 1374 orta
2481 1321 2550 1374 sit
2594 1321 2823 1376 hominis
2865 1323 3107 1377 voluntas
3133 1324 3302 1388 mala,
3347 1339 3504 1393 quam

1924 1423 2117 1477 negare
2144 1424 2249 1463 non
2275 1418 2424 1479 potes
2448 1419 2618 1463 ortam
2664 1426 2810 1471 esse,
2838 1412 2959 1483 quia
2995 1427 3190 1482 negare
3219 1427 3326 1466 non
3357 1421 3507 1482 potes

1922 1516 2029 1555 non
2070 1500 2231 1556 fuisse
2272 1510 2327 1556 et
2369 1516 2488 1556 esse
2527 1502 2796 1571 coepisse:
2828 1517 3039 1573 quaere,
3089 1504 3338 1572 inquam,
3370 1502 3511 1557 unde

1923 1598 2040 1643 orla
2070 1591 2173 1655 sit;
2198 1597 2254 1645 et
2280 1590 2515 1645 invenies
2546 1591 2719 1660 ipsum
2758 1591 3026 1646 hominem
3060 1607 3075 1644 :
3103 1606 3172 1646 ex
3203 1590 3295 1646 illo
3315 1592 3512 1662 quippe

1923 1689 2038 1735 orta
2088 1690 2171 1735 est
2216 1681 2463 1735 voluntas
2506 1682 2643 1735 mala
2668 1722 2683 1747 ,
2722 1696 2840 1751 quae
2877 1682 2931 1735 in
2960 1681 3050 1735 illo
3088 1689 3213 1736 ante
3241 1696 3347 1735 non
3389 1680 3509 1736 fuit.

1923 1771 2114 1838 erre
2143 1772 2301 1826 etiam
2332 1772 2505 1842 qualis
2544 1781 2659 1826 erat
2698 1772 2886 1837 homo,
2934 1781 3219 1843 antequam
3266 1773 3514 1828 voluntas

1924 1864 2059 1918 mala
2087 1864 2320 1919 oriretur
2352 1880 2415 1919 ex
2443 1864 2571 1927 illo;
2602 1872 2656 1918 et
2685 1864 2923 1919 invenies
2951 1864 3149 1919 bonum
3181 1883 3195 1919 :
3223 1878 3284 1920 ea
3314 1865 3510 1935 quippe

1924 1955 2197 2008 voluntate
2218 1954 2387 2009 factus
2408 1962 2486 2010 cst
2514 1954 2703 2020 malus,
2728 1970 2846 2023 qua)
2873 1941 3158 2025 antequam
3188 1956 3420 2010 oriretur
3442 1970 3514 2010 ex

1929 2044 2041 2109 illo,
2070 2045 2187 2097 talis
2213 2054 2357 2106 erat,
2389 2042 2559 2113 qualis
2586 2059 2615 2097 a
2644 2045 2784 2099 bono
2814 2043 2983 2099 factus
3012 2052 3158 2110 erat,
3191 2044 3244 2099 id
3269 2048 3391 2113 est,
3420 2046 3517 2099 bo-

1928 2149 2047 2188 nus.
2082 2134 2193 2188 Hoc
2237 2143 2321 2189 est
2370 2135 2528 2204 igitur
2569 2134 2711 2204 quod
2756 2135 2831 2188 ait
2880 2149 3030 2189 meus
3059 2135 3247 2189 doctor
3289 2145 3514 2205 tuusque

1928 2224 2228 2280 destructor
2252 2224 2567 2279 Ambrosius
2592 2242 2605 2279 :
2632 2224 2712 2278 Ex
2752 2226 2892 2279 bonis
2919 2226 3075 2296 igitur
3097 2225 3237 2278 mala
3264 2234 3374 2280 orta
3399 2235 3516 2279 sunt

1931 2313 2067 2383 (Lib.
2100 2314 2162 2367 de
2193 2313 2344 2367 Isaac
2369 2322 2416 2367 et
2444 2315 2657 2380 Anima,
2687 2330 2799 2382 cap.
2831 2315 2906 2384 7).
2944 2314 3095 2380 Quod
3142 2323 3196 2369 tu
3233 2315 3475 2385 negando
3499 2357 3514 2380 ,

1929 2413 1981 2457 et
2007 2403 2253 2467 dicendo,
2289 2402 2474 2457 Rer‘um
2495 2405 2624 2456 ratio
2651 2419 2749 2456 non
2777 2403 2933 2469 sinit,
2960 2412 3014 2457 ut
3040 2404 3103 2457 de
3133 2404 3262 2458 bono
3288 2403 3515 2468 malum,

1928 2502 1974 2546 et
1999 2493 2062 2546 de
2071 2493 2213 2562 justo
2237 2493 2483 2561 injustam
2507 2492 2700 2562 aliquid
2723 2498 3045 2563 proferatur;
3073 2501 3274 2546 tantum
3300 2493 3519 2562 adjuvas

1928 2581 2246 2635 M'tnichteos
2274 2581 2340 2634 ad
2378 2581 2816 2636 introducendam
2847 2592 3090 2635 naturam
3127 2583 3286 2648 mali,
3323 2582 3390 2636 de
3414 2597 3519 2652 qua

1928 2673 2106 2726 dicunt
2133 2671 2261 2725 oriri
2291 2671 2425 2725 mala
2448 2712 2461 2735 ,
2487 2682 2542 2724 ut
2574 2680 2624 2726 te
2658 2682 2938 2741 patronum
2969 2673 3049 2727 sui
3075 2673 3405 2743 gratulentur
3428 2688 3521 2727 er-

1929 2763 2067 2818 roris
2090 2803 2104 2828 ,
2137 2764 2238 2817 nisi
2279 2777 2401 2817 cum
2433 2763 2513 2818 eis
2540 2771 2597 2817 et
2639 2764 2751 2832 ipse
2776 2762 3026 2818 vincaris.
3058 2762 3138 2816 Tu
3175 2778 3235 2817 es
3257 2762 3399 2817 enim
3428 2763 3521 2832 qui

1930 2855 2155 2908 mirabili
2187 2855 2521 2923 eloquentia,
2555 2854 2640 2909 vel
2686 2855 2861 2924 potius
2902 2856 3133 2908 amentia
3172 2855 3250 2909 sic
3278 2853 3521 2910 defendis

1931 2946 2290 3012 parvulos,ut
2315 2960 2342 2997 a
2382 2946 2655 2999 Salvatorc
2680 2958 2929 3014 separes;
2976 2946 3054 2999 sic
3095 2960 3369 3016 oppugnas
3407 2946 3518 3000 Ma-

1934 3036 2188 3101 nieluuos,
2218 3046 2276 3090 ut
2299 3046 2483 3091 contra
2498 3036 2843 3109 _Salvatorem
2870 3039 3133 3093 subleves.

2004 3125 2163 3180 XLII.
2192 3124 2310 3180 ιυι..
2334 3126 2468 3179 Cum
2516 3141 2643 3195 ergo
2680 3126 2818 3181 bene
2858 3126 3072 3180 deﬁnita
3121 3128 3191 3182 sit
3237 3129 3479 3182 voluntas
3504 3169 3520 3195 ,

1935 3214 2107 3269 Mutus
2146 3215 2343 3277 animi,
2390 3224 2615 3284 cogente
2645 3215 2810 3280 nullo;
2861 3215 2986 3284 quid
3035 3216 3230 3284 qttteris
3277 3218 3523 3285 superius
3553 3208 3569 3225 ’

1934 3319 2123 3360 Causas
2143 3347 2157 3369 ,
2182 3321 2314 3373 quas
2339 3304 2577 3359 deﬁnitio
2606 3306 2896 3361 voluntatis
2924 3307 3186 3361 exclusit?
3227 3308 3523 3377 Expendite

1935 3397 2094 3466 igitur
2116 3395 2241 3467 quid
2269 3396 2337 3449 sit
2382 3395 2626 3451 voluntas
2651 3436 2664 3459 ,
2697 3408 2749 3451 et
2790 3398 3044 3452 desinetis
3073 3398 3344 3468 inquirere
3383 3400 3523 3454 unde

1935 3488 2004 3542 sit
2033 3487 2297 3541 voluntas.
2333 3486 2590 3543 Voluntas
2615 3495 2699 3543 est
2721 3489 2864 3543 enim
2888 3499 3063 3544 motus
3087 3491 3274 3557 animi,
3299 3500 3524 3561 cogente

1936 3579 2081 3633 nullo
2107 3596 2120 3632 :
2150 3594 2246 3635 vos
2274 3580 2317 3633 si
2347 3580 2562 3635 teutetis
2589 3581 2668 3635 ire
2690 3580 2911 3635 dimidio
2936 3597 3109 3651 ungue
3131 3584 3396 3651 superius,
3420 3592 3528 3638 Sla-

1937 3671 2029 3723 tim
2052 3672 2335 3725 constituta
2364 3671 2682 3725 convellitis.
2704 3671 2841 3739 Quid
2862 3687 2987 3742 ergo
3007 3672 3134 3727 dicit
3162 3673 3527 3727 Manieltmus?

1938 3761 2045 3816 Sed
2077 3763 2175 3816 iste
2200 3770 2374 3815 motus
2401 3762 2522 3817 ideo
2549 3771 2772 3817 exortus
2799 3773 2881 3817 est
2903 3803 2919 3829 ,
2941 3765 3063 3832 quia
3091 3765 3158 3819 de
3184 3767 3524 3820 tenebrarum

1939 3861 2125 3905 natura
2153 3851 2315 3904 homo
2342 3850 2509 3905 factus
2533 3859 2633 3905 est.
2662 3851 2799 3918 Quid
2827 3853 2914 3905 tu?
2939 3853 3058 3921 quia
3081 3893 3096 3919 ,
3125 3853 3318 3921 inquis,
3348 3854 3417 3908 de
3442 3855 3528 3907 ni-

1942 3943 2051 3996 hilo
2076 3941 2245 3996 l'actus
2273 3949 2356 3996 est
2383 3940 2562 3994 homo.
2609 3940 2756 3996 Unus
2780 3956 2907 4011 ergo
2931 3943 3091 4008 dicit,
3132 3942 3256 3998 Ideo
3285 3944 3528 3999 voluntas

1940 4036 2098 4097 mala,
2126 4034 2246 4104 quia
2273 4033 2341 4088 de
2363 4032 2527 4087 nihilo
2548 4031 2717 4087 factus
2738 4042 2821 4088 est
2848 4032 3009 4088 homo
3036 4051 3048 4087 :
3081 4034 3217 4088 alter
3235 4075 3252 4101 ,
3288 4034 3409 4089 Ideo
3434 4050 3527 4088 voc

1943 4127 2119 4181 luntas
2161 4125 2297 4180 mala
2346 4125 2399 4178 in
2441 4123 2688 4191 homine,
2720 4125 2839 4195 quia
2870 4124 2937 4180 de
2979 4127 3211 4181 tenebris
3254 4126 3421 4182 factus
3446 4135 3531 4183 est

1942 4217 2123 4272 homo.
2151 4216 2375 4287 Utrique
2398 4230 2526 4287 ergo
2564 4216 2693 4271 illud
2716 4217 3002 4271 voluntatis
3025 4216 3405 4287 suppletorium
3435 4218 3531 4272 de-

1944 4308 2180 4380 negatis,
2216 4308 2267 4363 id
2293 4316 2396 4376 est,
2426 4317 2648 4378 cogente
2673 4308 2837 4362 nullo.
2867 4307 2922 4364 Si
2950 4307 3093 4363 enim
3122 4316 3264 4363 tanta
3292 4307 3388 4363 fuit
3415 4308 3528 4362 vir-

1946 4410 2030 4457 tus
2058 4401 2109 4456 in
2136 4399 2334 4467 nihilo,
2374 4408 2567 4470 quanta
2597 4400 2648 4453 in
2678 4400 2892 4469 aliquo;
2923 4416 3039 4469 qua:
3069 4401 3243 4471 coegit
3271 4400 3408 4456 hanc
3431 4415 3529 4455 vo-

1945 4495 2201 4550 luntatem
2231 4493 2463 4549 existere
2482 4534 2496 4557 ,
2524 4492 2751 4546 exclusit
2771 4493 2836 4546 ab
2863 4507 2924 4546 ea
2955 4492 3313 4547 conditionem
3340 4507 3491 4547 suam
3514 4535 3529 4554 .

1946 4601 2047 4657 qua
2073 4586 2271 4640 dictum
2316 4585 2522 4649 fuerat,
2566 4591 2792 4653 cogente
2837 4583 3002 4637 nullo.
3048 4583 3151 4638 Sed
3202 4600 3307 4638 non
3360 4585 3533 4638 minus

1947 4678 2071 4733 mali
2101 4677 2276 4747 abegit
2302 4673 2571 4729 infamiam
2595 4691 2609 4739 ;
2641 4688 2750 4728 non
2777 4682 2859 4728 cst
2880 4674 3021 4728 enim
3055 4684 3328 4743 peccatum
3350 4716 3363 4738 ,
3391 4674 3533 4745 quod

1948 4772 2015 4828 de
2039 4782 2188 4827 motu
2225 4772 2385 4826 animi
2425 4770 2595 4826 libero
2633 4784 2739 4825 non
2770 4770 2956 4825 venit:
2994 4770 3347 4841 ell‘ectumque
3371 4780 3535 4826 estut

1949 4878 2068 4918 cum
2095 4862 2374 4932 dispendio
2398 4861 2654 4927 veritatis,
2681 4862 2843 4914 totius
2869 4861 2991 4914 mali
3018 4861 3213 4929 periret
3235 4860 3453 4926 invidia;
3482 4870 3538 4916 ct

1950 4956 2162 5011 evanuit
2186 4954 2307 5009 mali
2332 4963 2515 5008 natura
2540 4994 2556 5019 ,
2584 4967 2709 5007 cum
2732 4951 2936 5006 crimen
2960 4951 3249 5006 voluntatis
3277 4953 3489 5006 evanuit
3516 4967 3534 5006 :

1950 5051 2151 5106 crimen
2188 5057 2363 5102 autem
2393 5046 2607 5101 evanuit
2647 5036 2965 5107 voluntatis,
3007 5056 3126 5098 cum
3166 5043 3406 5098 deﬁnitio
3443 5058 3539 5096 vo.
3602 5120 3607 5123 _

1951 5144 2167 5199 luntatis
2201 5150 2415 5199 exsecta
2455 5149 2558 5196 est.
2591 5140 2656 5194 Et
2698 5137 2899 5208 peccati
2949 5138 3108 5209 igitur
3151 5146 3204 5193 et
3249 5136 3537 5192 voluntatis

1951 5239 2140 5294 claruit
2173 5235 2434 5304 ejusmodi
2461 5247 2580 5289 esse
2620 5231 2977 5305 conditionem
2998 5274 3012 5297 ,
3045 5233 3168 5286 utsi
3197 5229 3370 5285 causis
3398 5242 3535 5295 prtu-

1951 5330 2261 5387 cedentibus
2289 5328 2600 5398 deputetur,
2632 5334 2683 5379 et
2704 5324 2792 5395 jus
2820 5324 2837 5356 ¹
2863 5323 3072 5394 perdat,
3104 5330 3157 5377 et
3181 5321 3403 5374 crimen.
3432 5315 3533 5370 Ubi

1952 5438 2079 5494 ergo
2115 5420 2218 5477 erit
2257 5418 2383 5474 mali
2412 5425 2597 5472 natura
2619 5458 2633 5484 ,
2674 5431 2795 5471 cum
2821 5415 3017 5470 malum
3061 5427 3163 5467 non
3192 5422 3311 5463 esse
3337 5405 3536 5461 consti-

1955 5516 2113 5572 terit?

2030 5611 2158 5665 Ave.
2179 5605 2289 5662 Dici
2318 5619 2423 5662 non
2448 5611 2639 5674 potest,
2659 5609 2912 5673 quantum
2941 5597 3100 5651 mirer
3127 5592 3351 5647 frontem
3374 5600 3540 5661 luant,

2030 5749 2044 5779 ¹
2082 5744 2216 5806 Editi,
2236 5748 2279 5794 et
2296 5741 2406 5793 rint.
2435 5749 2487 5792 At
2511 5747 2639 5798 Mss,
2665 5737 2828 5793 etjus.
