3934 6178
398 318 534 375 H79

394 433 661 504 quomodo
700 430 844 484 dicas
890 434 1128 478 naturam
1165 419 1320 482 mali,
1363 417 1449 485 qui
1497 415 1692 468 malum
1741 414 1981 467 naturale

394 543 499 581 non
528 523 689 586 dicis;
717 529 806 574 aut
843 513 1107 586 quomodo
1138 512 1332 563 malum
1367 508 1606 561 naturale
1649 523 1752 559 non
1793 507 1937 558 dicas
1963 546 1976 567 ,

391 618 482 685 qui
523 626 762 668 naturam
794 607 915 661 mali
945 604 1100 659 dicis.
1130 601 1264 669 Quid
1296 610 1472 654 autem
1500 599 1685 652 vanius
1715 597 1977 651 detinitio-

391 709 549 760 nibus
575 703 677 756 tuis
695 742 708 763 ,
738 699 826 768 qui
859 706 1140 766 propterea
1164 703 1314 762 putas
1354 707 1458 744 non
1486 703 1604 741 esse
1630 687 1977 758 qumrendnm

391 795 532 850 unde
575 794 641 845 sit
672 790 952 850 voluntas,
1003 786 1124 855 quia
1171 792 1346 837 motus
1393 791 1477 835 est
1515 779 1710 844 animi,
1759 788 1980 846 cogente

390 883 577 940 nullo?
603 883 658 936 Si
695 881 838 934 cnim
877 877 1114 940 dicatur,
1143 883 1201 928 ut
1227 881 1378 943 putas
1402 911 1417 934 ,
1447 869 1585 924 unde
1613 869 1714 932 sit;
1747 884 1851 921 non
1879 869 1980 920 erit

391 990 578 1031 verum
615 971 754 1042 quod
799 970 998 1024 dictum
1042 975 1158 1028 est,
1204 973 1407 1034 cogente
1449 961 1592 1014 nullo
1632 976 1650 1012 :
1687 959 1809 1028 qttia
1851 957 1979 1012 illml

394 1067 536 1121 unde
565 1074 675 1124 est,
703 1077 820 1116 eam
847 1060 989 1128 cogit
1016 1073 1170 1120 esse;
1199 1065 1254 1110 et
1274 1055 1391 1108 ideo
1417 1069 1521 1106 non
1544 1061 1626 1105 est
1652 1049 1897 1104 alicunde
1926 1050 1939 1080 ¹
1962 1090 1977 1112 ,

394 1173 459 1209 ne
498 1163 718 1222 cogatur
759 1167 898 1204 csse.
930 1148 975 1203 Ο
1011 1148 1290 1202 stultitiam
1333 1143 1693 1213 singularem!
1740 1141 1854 1194 Non
1899 1150 1983 1194 est

395 1261 522 1311 ergo
567 1242 813 1296 alicunde
841 1242 952 1307 ipse
979 1239 1138 1292 homo
1158 1280 1172 1300 ,
1203 1237 1292 1305 qui
1331 1250 1434 1288 non
1461 1243 1545 1287 est
1582 1243 1798 1286 coaetus
1823 1247 1978 1290 esse;

393 1336 515 1402 quia
550 1349 653 1386 non
677 1341 791 1386 erat
819 1329 905 1398 qui
928 1337 1228 1398 cogeretur,
1260 1336 1544 1394 antequam
1567 1332 1726 1377 esset.
1756 1323 1982 1376 Prorsus

397 1435 449 1478 et
481 1422 724 1476 alicunde
752 1430 836 1472 est
866 1419 1110 1472 voluntas
1134 1459 1148 1481 ,
1181 1425 1236 1470 ct
1277 1430 1397 1470 esse
1429 1431 1531 1466 non
1570 1414 1810 1482 cogitur;
1841 1422 1896 1466 et
1937 1412 1980 1464 si

396 1517 512 1584 ejus
541 1515 689 1583 origo
714 1511 1000 1581 ipia'rcnda
1033 1527 1136 1562 non
1165 1517 1266 1573 cst,
1291 1523 1396 1560 non
1421 1505 1843 1574 ideoqnairenda
1877 1521 1980 1558 non

397 1616 498 1668 est,
532 1603 671 1673 qttod
703 1603 946 1656 volumas
975 1598 1220 1653 alicunde
1265 1612 1368 1651 non
1397 1597 1504 1660 sit,
1537 1596 1628 1650 Sed
1657 1596 1778 1665 quia
1810 1596 1980 1648 maui-

401 1697 587 1749 l'estum
625 1703 707 1747 est
744 1693 882 1746 unde
912 1691 998 1744 sit.
1024 1692 1104 1744 Ab
1131 1691 1222 1744 Illo
1249 1698 1329 1744 est
1353 1690 1494 1744 enim
1526 1689 1769 1743 voluntas
1789 1728 1804 1754 ,
1831 1689 1984 1757 cujus

397 1795 480 1840 cst
519 1786 798 1847 voluntas;
834 1783 900 1836 ab
925 1782 1112 1850 angi-lo
1155 1781 1352 1834 scilicet
1393 1779 1636 1832 voluntas
1663 1779 1872 1847 angeli.
1917 1778 1984 1831 ab

400 1875 615 1929 homine
645 1873 912 1936 hominis,
951 1887 979 1924 a
1014 1873 1120 1924 Deo
1162 1872 1272 1924 Dei.
1309 1870 1371 1923 Et
1415 1871 1458 1923 si
1487 1878 1736 1938 operatur
1766 1869 1902 1922 Deus
1932 1871 1983 1922 in

401 1964 616 2017 homine
643 1963 971 2016 voluntatem
1002 1961 1190 2014 bonam
1213 2001 1227 2024 ,
1254 1960 1302 2014 id
1332 1961 1512 2028 utique
1538 1961 1677 2029 agit,
1704 1969 1760 2013 nt
1783 1960 1986 2013 oriatur

399 2056 466 2108 ab
492 2055 582 2107 illo
607 2054 742 2106 bona
773 2053 1036 2115 voluntas,
1066 2051 1217 2120 cujus
1243 2061 1324 2104 est
1351 2051 1612 2114 voluntas;
1637 2051 1772 2103 sicut
1797 2049 1905 2118 agit
1931 2058 1988 2103 ut

400 2144 560 2196 homo
595 2143 794 2196 oriatur
829 2143 896 2195 ah
929 2143 1142 2195 homine
1183 2156 1325 2194 :non
1356 2143 1496 2195 enim
1523 2141 1645 2210 quia
1679 2141 1817 2194 Deus
1840 2149 1988 2194 creat

402 2234 700 2295 hominem,
738 2233 856 2286 ideo
887 2250 990 2286 non
1030 2232 1193 2285 homo
1221 2246 1285 2285 ex
1319 2230 1532 2285 homine
1552 2233 1808 2286 nascitur.
1837 2231 1988 2284 Mala:

400 2334 576 2376 autem
620 2323 906 2377 Voluntatis
946 2339 1056 2376 sua:
1096 2323 1458 2392 unusquisque
1486 2333 1672 2376 auctor
1709 2333 1824 2387 est,
1865 2324 1986 2391 quia

401 2417 595 2467 malum
627 2415 755 2466 vult.
787 2414 892 2468 Sed
935 2429 1056 2468 cum
1088 2415 1374 2482 quaeritur,
1415 2429 1578 2483 quare
1620 2415 1780 2468 homo
1824 2416 1990 2484 possit

402 2502 600 2557 habere
629 2505 820 2556 malam
848 2504 1174 2557 voluntatem
1204 2504 1448 2571 quamvis
1475 2513 1532 2557 ut
1557 2503 1746 2558 habeat
1783 2521 1887 2558 non
1920 2506 1990 2560 sit

401 2611 644 2660 necesse;
669 2612 774 2650 non
805 2596 954 2666 origo
979 2595 1236 2665 quaeritur
1257 2597 1541 2650 voluntatis
1561 2637 1576 2662 ,
1600 2597 1694 2652 sed
1725 2599 1874 2667 origo
1904 2599 1986 2668 ip-

400 2690 512 2743 sius
540 2689 904 2758 possibilitatis
934 2705 946 2740 :
981 2698 1034 2742 et
1079 2687 1344 2741 invenitur
1387 2703 1448 2742 ea
1489 2703 1607 2742 esse
1644 2703 1800 2742 causa
1822 2730 1836 2751 ,
1867 2690 1986 2756 quia

401 2782 498 2834 etsi
537 2779 782 2850 magnum
813 2780 1005 2832 boamn
1051 2787 1132 2833 cst
1159 2779 1432 2832 rationalis
1456 2788 1697 2833 creatura
1724 2821 1737 2841 ,
1769 2795 1874 2831 non
1907 2790 1988 2833 ta-

405 2889 522 2924 men
553 2881 634 2925 est
662 2871 801 2940 quod
831 2879 911 2922 est
936 2870 1102 2934 Dens,
1131 2869 1279 2937 cujus
1307 2869 1472 2923 solius
1499 2877 1581 2922 est
1610 2869 1990 2924 inconvertibi-

406 2965 467 3016 Iis
495 2962 1045 3030 incommutabilisqne
1075 2971 1282 3014 natura.
1315 2960 1382 3014 Et
1409 2960 1566 3028 hujus
1586 2962 1660 3014 rei
1683 2977 1841 3015 causa
1868 2976 1988 3015 cum

401 3053 686 3120 quan-itur,
734 3052 832 3104 hoc
863 3051 1158 3115 invenitur,
1197 3051 1318 3119 quia
1352 3065 1456 3103 non
1487 3050 1553 3104 de
1595 3065 1654 3104 se
1685 3051 1800 3119 ipso
1823 3093 1838 3116 ,
1891 3051 1991 3106 hoc

402 3153 514 3204 est,
549 3143 616 3197 dc
644 3157 738 3196 sua
769 3152 954 3195 natura
989 3150 1150 3210 atque
1190 3140 1486 3195 substantia
1531 3141 1744 3210 genuit,
1789 3142 1880 3195 sed
1922 3142 1992 3196 de

402 3233 568 3286 nihilo
588 3274 601 3294 ,
636 3233 737 3286 hoc
757 3242 866 3294 est,
905 3232 973 3285 de
1005 3231 1147 3284 nulla
1179 3245 1236 3284 re
1258 3231 1379 3284 fecit
1401 3231 1514 3284 htcc
1537 3231 1691 3284 Dens.
1727 3231 1840 3285 Non
1869 3235 1988 3301 quia

402 3325 529 3376 nihil
566 3323 722 3376 habet
748 3323 974 3391 aliquam
1006 3323 1145 3385 vim;
1175 3321 1218 3374 si
1247 3321 1389 3374 enim
1413 3321 1665 3388 haberet,
1692 3341 1795 3376 non
1822 3325 1987 3391 nihil,

402 3415 494 3468 sed
526 3413 722 3482 aliquid
755 3423 895 3466 esset
923 3430 935 3465 :
966 3411 1060 3466 sed
1090 3413 1209 3479 quia
1244 3412 1342 3465 hoc
1383 3420 1466 3466 cst
1494 3413 1512 3443 ’
1553 3413 1743 3480 euiquc
1789 3423 1990 3468 naturze

403 3507 468 3558 de
501 3505 666 3558 nihilo
694 3506 882 3558 factam
907 3519 1046 3566 esse,
1071 3503 1210 3572 quod
1234 3512 1313 3556 est
1343 3514 1583 3557 naturam
1611 3505 1703 3558 Dei
1727 3520 1829 3559 non
1849 3522 1988 3573 esse,

402 3613 520 3664 qua:
560 3596 903 3649 immutabilis
940 3596 1048 3649 sola
1092 3605 1192 3650 est.
1235 3596 1344 3651 Nec
1385 3613 1447 3650 ea
1474 3613 1591 3667 qua:
1617 3597 1686 3652 de
1729 3599 1992 3668 aliquibus

404 3688 562 3739 rebus
595 3685 727 3739 facta
767 3695 924 3750 sunt,
969 3686 1035 3739 ab
1077 3686 1176 3740 hac
1208 3687 1543 3756 excipiuntur
1579 3689 1781 3757 origine
1814 3707 1828 3743 :
1857 3706 1992 3759 quo-

403 3779 541 3830 niam
574 3792 659 3830 res
702 3792 821 3845 quae
853 3777 921 3829 ita
953 3777 1102 3830 laeui:
1129 3789 1251 3831 sunt
1275 3819 1289 3841 ,
1325 3789 1378 3832 ut
1408 3794 1472 3833 ex
1515 3781 1577 3832 iis
1605 3781 1724 3834 alia:
1768 3782 1950 3836 tierent
1972 3825 1988 3846 ,

401 3868 467 3921 de
497 3867 653 3920 nullis
678 3868 1006 3921 exstantibus
1035 3869 1185 3921 facte
1205 3879 1366 3934 sunt,
1412 3871 1512 3924 hoc
1538 3882 1654 3938 cst,
1683 3875 1900 3926 omnino
1925 3875 1990 3930 dc

403 3959 588 4012 nihilo.
620 3957 805 4011 Mutari
833 3967 1008 4012 autem
1048 3971 1269 4027 possunt
1293 3976 1644 4030 qumcumque
1671 3963 1768 4016 alia
1809 3964 1990 4018 diver-

401 4053 474 4104 sis
505 4059 558 4102 ct
587 4050 812 4116 propriis
842 4051 1187 4119 qualitatibus
1217 4053 1357 4114 suis;
1389 4053 1661 4108 voluntate
1690 4071 1840 4118 vero,
1872 4071 1991 4124 qnzc

401 4144 607 4197 ratione
637 4145 831 4205 utitur.
863 4144 970 4195 sola
999 4153 1079 4196 est
1119 4143 1394 4196 rationalis
1430 4155 1668 4199 creatura
1697 4147 1988 4201 mutabilis.

403 4237 525 4290 Ihce
550 4235 832 4304 diligenter
853 4244 905 4288 ct
937 4234 1292 4301 intelligcutcr
1317 4235 1555 4303 quisquis
1580 4237 1825 4297 advertit,
1851 4239 1989 4290 mul-

408 4342 516 4382 tmn
556 4337 602 4380 te
625 4328 692 4380 de
724 4329 888 4381 nihilo
919 4327 1047 4380 nihil
1096 4325 1234 4394 quod
1275 4325 1339 4377 ad
1372 4341 1481 4379 rem
1507 4328 1765 4395 pertineat
1793 4328 1990 4385 dixisse

401 4432 706 4492 cognoscet.

471 4513 649 4566 XLlll.
672 4513 788 4567 Jcc.
812 4511 946 4579 Quid
974 4520 1054 4566 cst
1073 4509 1214 4564 cnim
1247 4509 1466 4571 malum,
1493 4507 1542 4560 id
1565 4517 1666 4574 cst,
1689 4511 1988 4577 peccatum?

399 4601 656 4654 Voluntas
684 4603 936 4671 sequendi
966 4603 1103 4671 quod
1133 4600 1332 4668 jnstitia
1374 4609 1542 4663 vetat,
1591 4612 1644 4654 ct
1685 4601 1823 4657 unde
1853 4604 1986 4656 lihe-

398 4709 517 4747 rmn
576 4704 656 4747 cst
711 4695 996 4748 abstinere.
1044 4695 1177 4761 Quid
1222 4704 1303 4749 est
1355 4695 1465 4763 ipsa
1493 4695 1772 4750 voluntas?
1816 4697 1986 4753 Motus

401 4787 558 4838 animi
585 4826 600 4849 ,
633 4795 854 4855 cogente
882 4786 1046 4839 nullo.
1077 4785 1132 4840 Si
1163 4802 1289 4856 ergo
1320 4797 1590 4856 peccatum
1621 4805 1687 4844 ex
1718 4791 1985 4846 voluntate

401 4887 580 4929 natum
623 4885 735 4938 est,
787 4877 1030 4930 voluntas
1069 4893 1132 4931 ex
1169 4886 1314 4930 motu
1357 4877 1518 4930 animi
1549 4890 1770 4948 cogente
1801 4882 1980 4944 nullo;

401 4983 497 5020 nec
526 4967 702 5030 nihili,
735 4984 829 5022 nec
858 4967 1192 5023 tenebrarum
1224 4968 1458 5023 conditio
1499 4966 1620 5023 fecit
1649 4981 1703 5023 ut
1729 4980 1872 5025 esset
1899 4971 1984 5026 hic

402 5069 576 5112 motus
599 5099 616 5121 ,
661 5060 747 5126 qui
795 5060 912 5114 ideo
937 5075 965 5113 a
995 5061 1140 5114 nullo
1183 5061 1387 5130 cogitur
1407 5102 1422 5122 ,
1456 5070 1510 5114 ιιι
1551 5064 1718 5130 possit
1744 5079 1861 5115 esse
1890 5081 1983 5116 eo-

400 5157 557 5216 gente
588 5149 751 5201 nullo.
789 5151 860 5203 Ac
889 5165 979 5217 per
1005 5151 1103 5204 hoc
1143 5152 1342 5206 tmllnm
1369 5161 1450 5205 cst
1479 5153 1752 5212 naturale,
1783 5154 1981 5207 nullum

399 5240 656 5308 originale
685 5247 956 5306 peccatum
988 5257 1000 5293 :
1032 5242 1152 5309 quia
1187 5244 1299 5295 lucc
1325 5242 1429 5294 dttu
1461 5243 1673 5295 numina
1705 5259 1864 5294 mmm
1900 5246 1982 5296 in-

399 5333 596 5392 dicant,
624 5330 672 5381 id
699 5339 807 5391 cst,
842 5341 1114 5398 peccatum
1141 5348 1258 5385 esse
1285 5348 1387 5386 non
1417 5333 1770 5386 voluntarium
1796 5349 1809 5396 ;
1846 5350 1982 5401 pra:-

400 5421 610 5488 st-tipsit
653 5430 828 5472 autem
873 5420 1097 5484 veritas,
1132 5421 1228 5475 nisi
1276 5423 1624 5476 voluntarium
1673 5439 1778 5475 non
1830 5440 1982 5490 [iussn

403 5528 517 5565 esse
565 5522 833 5579 peccatum
869 5528 881 5562 :
911 5520 965 5566 et
1008 5511 1124 5566 ideo
1170 5513 1259 5582 qui
1290 5513 1416 5566 dicit
1457 5513 1652 5566 malum
1686 5530 1802 5567 esse
1843 5515 1979 5584 quod

465 5643 477 5704 ξ
515 5643 586 5691 sic
611 5651 712 5689 vss.
741 5650 787 5689 In
811 5643 964 5704 tigrin,
995 5642 1206 5693 aliunde.

461 5703 480 5730 ’
518 5705 799 5770 vignierins,
825 5703 908 5753 sed
922 5705 1114 5770 aliquid
1132 5713 1267 5766 esset,
1296 5707 1408 5770 quia
1430 5705 1516 5755 hoc
1541 5713 1638 5767 est;
1664 5707 1842 5755 omisso
1865 5706 1983 5756 alte-

404 5773 477 5812 r".
499 5764 602 5821 sed,
622 5765 749 5823 quod
779 5764 1071 5816 exstabatin
1098 5774 1201 5816 Mss.

1068 304 1312 362 OPERIS
1352 299 1758 356 IBIPERFECTI
1797 298 2062 354 CONTRA
2105 297 2464 360 .IITLIAN'UlI,
2507 296 2562 350 S.
2608 291 2976 350 AUCUSTINI

3547 294 3681 355 N80

2089 419 2299 464 constat
2333 411 2650 476 ingenitum,
2682 423 2785 460 non
2808 406 3073 460 convincit
3096 405 3147 460 in
3180 416 3366 461 natura
3396 421 3520 464 esse
3551 425 3678 478 pec-

2089 515 2284 568 catum;
2319 503 2411 555 sed
2437 518 2496 556 se
2524 502 2754 556 ostendi:
2781 516 2875 568 per
2901 499 3218 568 pravitatem
3245 499 3428 568 iudicii
3452 501 3469 532 ⁸
3497 501 3678 555 οιίιιιῑι

2089 609 2298 646 nosutn.
2335 594 2471 646 Ecce
2501 607 2811 659 reSponsum
2849 599 2965 652 est,
2995 589 3060 642 ad
3100 589 3241 659 quod
3271 599 3325 643 ιιι
3367 591 3675 659 respondeti

2090 701 2194 738 non
2228 699 2382 753 posse
2416 682 2691 738 credebas.
2713 681 2985 750 'Oxymora
3034 677 3108 750 (α)
3154 695 3371 748 prorsus
3397 680 3498 736 fuit
3535 697 3679 752 qua:-

2089 777 2192 831 stin
2213 819 2228 841 ,
2260 791 2416 845 quam
2446 785 2500 829 ιιι
2522 775 2796 829 arbitraris
2823 775 3094 829 invictam.

2160 871 2294 922 Anc.
2338 865 2584 920 Exsultas
2612 865 2854 927 inaniter,
2884 864 3109 929 etdicis,
3144 882 3160 914 ι
3192 863 3332 917 Ecce
3352 877 3674 932 responsum

2088 969 2171 1014 est
2206 977 2218 1011 :
2260 978 2278 1010 ι
2314 959 2403 1012 ubi
2432 968 2482 1012 te
2522 957 2850 1026 respondere
2875 973 2977 1010 non
3011 956 3246 1025 potuisse
3275 972 3396 1010 mox
3438 957 3673 1019 invenit,

2087 1051 2408 1119 quicumque
2432 1059 2618 1103 acutus
2644 1048 2768 1118 legit
2795 1047 2907 1102 hcce
2935 1057 3044 1113 tua,
3075 1047 3158 1102 vel
3187 1061 3293 1100 non
3323 1048 3544 1100 multum
3572 1057 3676 1101 tar-

2086 1140 2186 1194 dus
2210 1150 2264 1194 et
2292 1155 2428 1193 mea.
2457 1139 2950 1206 Quantalibctcnim
2981 1139 3346 1207 perplexitate,
3372 1151 3478 1192 non
3498 1138 3672 1208 impli-

2087 1243 2203 1286 cata
2245 1231 2538 1300 explicare,
2588 1230 2680 1284 scd
2729 1239 2912 1298 aperta
2959 1229 3232 1298 implicare
3277 1228 3528 1293 coneris;
3561 1231 3673 1282 sani

2087 1337 2284 1392 negare
2325 1337 2428 1374 non
2461 1329 2703 1390 possunt,
2745 1321 2871 1374 oriri
2903 1320 2970 1374 ab
3000 1335 3320 1388 unoquoque
3351 1319 3672 1374 voluntatem

2087 1427 2257 1474 suam,
2289 1425 2388 1466 nec
2435 1411 2536 1464 nisi
2564 1411 2630 1464 ab
2659 1411 2874 1464 homine
2899 1410 3023 1464 oriri
3055 1409 3283 1462 hominis
3325 1409 3673 1466 voluntatem.

2087 1503 2165 1556 Ac
2179 1517 2270 1571 per
2283 1501 2659 1570 hoc,qnoniam
2677 1501 2810 1553 mala
2829 1500 3100 1553 hominum
3123 1499 3259 1552 mala
3275 1499 3545 1553 voluntate
3560 1514 3678 1554 esse

2087 1603 2383 1660 cmperunt,
2429 1600 2483 1646 ct
2525 1600 2650 1646 ante
2692 1591 3013 1644 voluntatem
3042 1590 3233 1642 malam
3279 1589 3476 1643 scimus
3512 1587 3676 1644 fuisse

2089 1684 2361 1738 hominum
2393 1693 2633 1736 naturam
2679 1686 2869 1737 bonam
2894 1697 2908 1744 ;
2937 1697 3002 1735 ex
3048 1681 3200 1734 bonis
3225 1690 3339 1734 orta
3366 1689 3491 1734 sunt
3519 1683 3676 1736 mala.

2091 1777 2202 1830 lloc
2251 1777 2378 1830 dicit
2426 1773 2778 1836 Ambrosius;
2825 1773 2949 1827 hinc
2985 1772 3272 1841 «perimitur
3318 1771 3674 1826 Manichzeus:

2093 1865 2194 1919 hoc
2221 1881 2315 1934 pro
2341 1865 2629 1918 Maniehzeo
2658 1871 2812 1933 negat
2840 1874 3022 1916 contra
3049 1861 3387 1915 Ambrosium
3416 1861 3677 1924 Julianus,

2090 1959 2294 2021 dicens.
2317 1975 2336 2007 ι
2362 1957 2416 2011 Si
2438 1967 2623 2010 natura
2639 1971 2773 2024 opus
2796 1954 2886 2008 Dei
2903 1964 2983 2009 est
3001 1995 3016 2018 ,
3037 1969 3132 2022 per
3150 1967 3286 2022 opus
3309 1953 3398 2007 Dei
3414 1967 3551 2022 opus
3570 1953 3681 2007 dia-

2095 2048 2200 2102 boli
2229 2047 2454 2101 transire
2486 2063 2587 2102 non
2619 2047 2848 2110 sinitur;
2888 2064 2907 2096 ι
2944 2054 2999 2098 ιιι
3025 2044 3346 2098 Manichmus
3367 2044 3538 2109 dicat,
3568 2061 3672 2098 non

2091 2156 2211 2194 esse
2242 2139 2482 2194 homines
2511 2154 2642 2208 epos
2674 2139 2764 2194 Dei
2787 2179 2803 2201 ,
2833 2153 2926 2206 per
2952 2153 3086 2207 quos
3115 2137 3402 2206 Apostolus
3429 2139 3682 2195 transisse

2093 2231 2216 2284 dicit
2245 2240 2516 2300 peccatum
2538 2241 2590 2283 et
2613 2239 2836 2284 mortem
2857 2228 3030 2300 (Itala.
3062 2245 3112 2292 v,
3139 2229 3207 2283 12
3226 2230 3267 2298 ),
3287 2229 3427 2298 quod
3448 2240 3532 2284 est
3553 2246 3682 2300 opus

2091 2322 2285 2376 diaboli
2312 2321 2596 2391 :quoniam
2624 2321 2912 2376 secundum
2939 2320 3226 2385 .Iulianmn,
3263 2338 3282 2370 ι
3319 2336 3415 2388 per
3434 2335 3571 2389 opus
3594 2321 3680 2375 Dci

2091 2427 2224 2482 opus
2252 2411 2448 2466 diaboli
2476 2413 2700 2466 transire
2724 2427 2828 2465 non
2857 2411 3083 2472 sinitur;
3121 2429 3141 2462 ι
3172 2421 3226 2465 et
3248 2411 3681 2480 dicitApostolus

2094 2521 2189 2574 per
2219 2505 2463 2560 homines
2495 2505 2746 2558 transisse
2792 2519 2927 2572 opus
2971 2503 3206 2562 diaboli:
3239 2519 3344 2557 non
3391 2513 3516 2557 sunt
3558 2520 3682 2572 ergo

2095 2597 2338 2651 homines
2366 2611 2500 2666 Opus
2544 2597 2658 2652 Dei.
2703 2596 2975 2650 Manichaei
3005 2605 3088 2650 est
3132 2597 3230 2650 ista
3260 2596 3555 2662 conclusio,
3586 2613 3682 2651 vc-

2095 2690 2246 2744 nicns
2275 2689 2371 2755 illi,
2415 2688 2641 2752 .luliane,
2688 2689 2758 2743 de
2799 2687 3062 2757 adjutorio
3093 2697 3204 2741 tuo.
3254 2687 3358 2741 Sed
3391 2688 3681 2755 Apostolus

2096 2795 2191 2848 pro
2219 2780 2442 2834 veritate
2487 2780 2788 2844 decertans,
2835 2789 2889 2834 et
2940 2779 3183 2834 homines
3223 2779 3353 2833 dicit
3393 2795 3513 2834 esse
3551 2795 3683 2850 opus

2097 2870 2210 2937 Dei,
2241 2878 2298 2924 ιιι
2323 2878 2624 2939 prosternat
2662 2870 3008 2924 Mauichacum
3035 2887 3048 2933 ;
3080 2879 3135 2924 et
3159 2885 3254 2940 per
3276 2883 3409 2939 opus
3435 2869 3553 2934 Dei,
3586 2869 3684 2922 hoc

2095 2970 2194 3024 est,
2245 2976 2339 3030 per
2366 2961 2608 3015 homines
2651 2962 2904 3016 transisse
2945 2977 3081 3030 opus
3109 2961 3325 3026 diaboli,
3359 2972 3414 3015 ut
3441 2978 3564 3016 cum
3595 2962 3684 3015 illo

2043 3127 2051 3133 .
2098 3061 2398 3122 prosternat
2425 3062 2476 3106 et
2507 3062 2557 3108 te
2588 3053 2778 3121 ipsum.

2168 3143 2348 3197 XLIV.
2381 3143 2500 3198 Jun.
2545 3143 2670 3198 Illud
2703 3153 2875 3200 tamen
2904 3144 3188 3211 admoneo,
3231 3145 3401 3200 solere
3435 3147 3599 3200 etiam
3631 3156 3684 3202 te

2097 3235 2148 3289 in
2190 3236 2401 3304 scriptis
2431 3237 2534 3289 tuis
2577 3237 2821 3289 tenebras
2867 3252 2970 3290 non
3011 3237 3191 3292 dicere
3234 3247 3557 3305 creaturam,
3590 3241 3681 3294 sed

2095 3328 2332 3381 absentia
2387 3327 2599 3380 luminis
2647 3343 2923 3383 remanere
2978 3330 3394 3395 obscuritatem;
3443 3339 3502 3384 ut
3554 3333 3680 3385 nihil

2094 3421 2236 3473 aliud
2288 3421 2359 3474 sit
2404 3421 2808 3488 ohtcncbratio,
2860 3437 3015 3491 quam
3075 3423 3378 3493 splendoris
3424 3427 3678 3480 exclusio.

2094 3513 2244 3580 Quod
2276 3527 2402 3581 ergo
2429 3513 2744 3578 excluditur,
2775 3525 3070 3568 creaturam
3105 3531 3300 3580 vocas;
3330 3518 3476 3587 quod
3510 3535 3680 3573 rema-

2096 3614 2206 3666 net,
2241 3605 2488 3660 tcnebras
2521 3623 2534 3658 :
2567 3605 2704 3675 quod
2737 3607 2948 3674 quidem
2993 3608 3260 3676 vulgatum
3290 3623 3319 3661 a
3351 3610 3680 3679 philosophis

2095 3705 2214 3758 est;
2246 3710 2345 3748 nec
2391 3712 2530 3749 nunc
2560 3711 2741 3764 qua-ro
2772 3712 3028 3750 verumne
3071 3712 3191 3752 esse
3223 3707 3457 3766 putetur.
3491 3717 3560 3753 an
3595 3701 3682 3753 I'al-

2095 3802 2210 3840 sum
2243 3804 2256 3839 :
2287 3786 2380 3841 scd
2423 3787 2548 3840 illud
2597 3787 2824 3851 inculco,
2859 3787 3103 3841 tenebras
3133 3797 3184 3841 tu
3230 3805 3338 3843 non
3381 3790 3516 3844 dicis
3565 3809 3682 3847 csse

2094 3878 2234 3931 aliud
2276 3893 2432 3948 quam
2477 3877 2606 3932 nihil
2640 3896 2652 3931 :
2685 3878 2736 3931 in
2769 3879 2980 3932 homine
3023 3888 3198 3933 autem
3224 3922 3237 3943 ,
3286 3881 3335 3934 id
3376 3893 3480 3947 cst,
3527 3898 3684 3952 opere

2097 3969 2188 4022 Dei
2222 3969 2414 4022 malum
2443 3968 2561 4021 ideo
2598 3968 2867 4022 exstitisse
2896 3971 3302 4039 argumentaris.
3346 3973 3467 4040 quia
3509 3974 3578 4029 de
3607 3976 3685 4026 ni-

2099 4059 2206 4110 hilo
2251 4057 2418 4110 factus
2462 4066 2577 4110 erat
2619 4076 2632 4110 :
2675 4071 2888 4111 causam
2936 4073 3062 4127 ergo
3111 4061 3231 4112 mali
3283 4061 3410 4113 illud
3457 4063 3682 4115 nihilum

2097 4147 2263 4204 fuisse
2305 4148 2611 4215 conﬁrmas,
2661 4149 2801 4219 (ιιιωά
2837 4151 3055 4202 nihilmu
3089 4153 3333 4204 tenebras
3361 4154 3522 4207 etiam
3556 4171 3681 4220 pro-

2097 4239 2328 4292 nuntias.
2353 4239 2734 4295 Necessitatem
2759 4242 2934 4308 itaque
2965 4242 3084 4294 mali
3107 4241 3174 4294 de
3195 4245 3536 4297 tenebrarum
3553 4245 3686 4299 dicis

2093 4330 2400 4385 conditione
2421 4331 2766 4386 descendere.
2798 4333 2956 4401 Igitur
2980 4350 3076 4387 nec
3107 4335 3156 4386 in
3185 4335 3284 4388 hoc
3304 4353 3332 4388 a
3358 4349 3684 4406 przeceptnre

2093 4420 2360 4484 dissentis,
2395 4422 2645 4491 quoniam
2677 4424 2996 4477 voluntatem
3030 4425 3220 4489 malam
3250 4427 3445 4494 pariter
3469 4429 3685 4481 ant-ruis

2095 4514 2329 4568 tenebris
2351 4513 2640 4582 deputatis.

2165 4608 2296 4662 Acc.
2343 4607 2505 4660 Paulo
2552 4618 2675 4661 ante
2699 4607 2806 4676 jam
2840 4608 2931 4661 tibi
2963 4608 3029 4661 de
3075 4607 3242 4661 nihilo
3281 4610 3410 4663 nihil
3441 4609 3680 4675 dicenti,

2091 4709 2342 4768 quantum
2373 4708 2555 4768 aperte
2583 4700 2749 4768 potui,
2784 4700 3120 4770 breviterque
3147 4702 3420 4769 respondi,
3449 4710 3506 4755 ct
3536 4719 3680 4755 nunc

2091 4779 2282 4843 fr'nstra
2315 4789 2378 4843 ad
2409 4790 2656 4844 tenebras
2697 4791 2908 4844 voluisti
2940 4789 3143 4857 fugere.
3191 4789 3304 4844 Non
3334 4791 3525 4846 latebis
3558 4809 3572 4845 :
3604 4793 3685 4845 ιιι-

2090 4897 2210 4934 men
2242 4881 2436 4950 quippe
2466 4891 2516 4934 te
2543 4883 2880 4950 persequitur
2909 4881 3169 4944 veritatis,
3203 4882 3271 4934 ita
3297 4882 3485 4936 dicens
3517 4881 3685 4937 factas

2089 4988 2152 5025 ex
2187 4972 2351 5024 nihilo
2372 4985 2662 5036 creaturas,
2690 4988 2806 5040 qua!
2840 4987 2942 5026 non
2971 4981 3094 5025 sunt
3121 4973 3261 5042 quod
3286 4973 3400 5041 ipse
3423 4975 3511 5042 qni
3535 4975 3681 5035 fecit,

2089 5072 2145 5115 ut
2186 5063 2355 5130 ipsmn
2402 5063 2529 5116 n‘hil
2574 5080 2676 5115 non
2719 5064 3050 5117 existimetur
3082 5064 3159 5117 vel
3192 5064 3518 5134 intelligatur
3557 5081 3682 5120 esse

2088 5153 2304 5219 aliquid,
2335 5168 2433 5206 nec
2474 5153 2536 5205 ad
2571 5153 2868 5207 faciendum
2899 5153 3096 5208 habere
3122 5155 3353 5224 aliquam
3384 5155 3488 5207 vim
3516 5171 3530 5213 :
3561 5158 3682 5224 quia

2088 5244 2130 5296 si
2180 5243 2417 5307 haberet,
2453 5260 2556 5297 non
2601 5255 2743 5299 esset
2774 5244 2926 5298 nihil.
2978 5247 3056 5298 Ac
3097 5261 3191 5314 per
3238 5245 3358 5311 hoc,
3409 5245 3539 5299 nihil
3587 5261 3687 5298 nec

2087 5348 2280 5400 eerpus
2323 5345 2404 5386 est
2448 5334 2634 5398 ullnm,
2683 5349 2781 5387 nec
2829 5336 3067 5402 spiritus,
3116 5350 3213 5389 nec
3245 5335 3326 5389 bis
3371 5336 3687 5390 substantiis

2088 5423 2281 5492 aliquid
2309 5424 2578 5486 accidens,
2609 5441 2705 5479 nec
2733 5425 2973 5479 informis
3001 5427 3102 5480 ulla
3136 5427 3409 5490 materies,
3443 5443 3541 5480 nec
3569 5429 3685 5480 ina-

2090 5517 2171 5569 nis
2216 5517 2382 5580 locus,
2427 5533 2522 5572 nec
2552 5521 2678 5587 ipsa:
2710 5519 2964 5584 tenebrzr,
2993 5518 3085 5573 sed
3119 5533 3338 5588 prorsus
3363 5519 3492 5574 nihil
3521 5537 3534 5571 :
3559 5520 3682 5589 quia

2154 5648 2167 5713 ξ
2204 5649 2275 5713 Sic
2301 5657 2401 5697 Mss.
2429 5648 2547 5697 Filiti
2574 5663 2709 5713 vero.
2727 5650 2921 5713 ingeni.

2151 5709 2222 5779 (ri)
2252 5717 2316 5779 lix
2331 5709 2803 5779 .gra‘ctiomnmeros?
2835 5714 2899 5761 de
2922 5712 3164 5764 sententia
3181 5712 3354 5762 dicitur
3371 5710 3500 5760 fatue
3518 5721 3680 5766 ιιειιιιι,

2087 5775 2164 5820 vel
2190 5771 2420 5824 celeriter
2443 5774 2684 5832 dissipata.
