3954 6178
295 373 412 431 “8!

292 486 371 542 ubi
411 492 529 539 sunt
553 481 811 547 tenebrat,
845 494 1038 551 corpus
1076 487 1158 534 est
1180 478 1391 550 aliquod
1420 490 1608 533 carens
1635 475 1858 538 lumine,

289 577 392 634 sive
413 589 520 641 aer,
547 573 660 629 sive
685 585 843 643 aqua,
868 571 980 626 sive
1005 569 1199 640 aliquid
1221 568 1399 636 aliud;
1427 567 1690 638 corporali
1715 566 1857 621 enim

291 666 474 721 lumine
501 663 583 718 vel
614 662 899 717 illuminari
929 661 1228 727 ut,clareat,
1269 660 1352 715 vel
1393 658 1589 730 privari
1628 666 1687 711 ut
1712 665 1860 712 tene—

289 757 499 817 hrescat,
531 753 631 807 nisi
667 767 862 822 corpus
892 766 999 805 non
1041 758 1234 822 potest.
1266 750 1346 805 Ac
1372 765 1467 819 per
1506 748 1606 804 hoc
1635 747 1854 801 istarum

286 845 627 915 corporalium
672 843 1011 898 tenebrarum
1056 840 1301 897 conditor
1346 856 1452 895 non
1485 848 1585 902 est,
1637 838 1737 892 nisi
1767 838 1856 906 qui

282 938 505 994 condidit
531 951 751 1006 corpora
780 976 796 1003 ,
831 941 1047 1005 propter
1074 932 1215 1004 quod
1259 933 1313 987 in
1340 933 1540 1005 hymno
1586 931 1743 984 trium
1774 929 1860 982 vi-

284 1044 451 1083 rorum
480 1026 804 1083 benedicunt
827 1040 949 1080 eum
980 1024 1069 1079 lux
1094 1032 1148 1080 et
1174 1023 1405 1079 tenebrat
1436 1021 1598 1094 (Dan.
1630 1036 1709 1085 ιιι,
1738 1019 1854 1089 72).

284 1121 421 1177 Fecit
448 1136 573 1191 ergo
600 1120 740 1175 Deus
767 1126 958 1174 cuncta
984 1116 1053 1172 de
1089 1117 1295 1180 nihilo;
1328 1115 1378 1170 id
1406 1123 1507 1180 εει,
1536 1113 1712 1168 omnia
1739 1128 1858 1182 quae

282 1223 334 1267 ut
361 1219 539 1267 essent
577 1209 718 1276 fecit,
752 1209 795 1263 si
826 1223 1011 1264 eorum
1054 1207 1312 1277 originem
1342 1205 1568 1277 primam
1599 1203 1857 1274 respicia-

283 1318 392 1358 mus
415 1317 478 1357 ex
505 1299 592 1357 his
639 1315 757 1371 quae
798 1314 903 1355 non
933 1308 1085 1354 erant
1110 1298 1235 1353 fecit
1263 1316 1276 1351 :
1309 1296 1413 1352 hoc
1438 1295 1608 1353 Graeci
1636 1295 1818 1351 dicunt
1839 1337 1855 1361 ,

279 1404 326 1463 εε
351 1400 427 1452 aiax
456 1403 616 1450 εντων.
664 1394 816 1461 Quod
855 1408 923 1449 ne
948 1392 1193 1448 credatur
1235 1390 1301 1446 de
1330 1389 1633 1461 Uuigenilo,
1662 1388 1751 1459 qui
1777 1396 1859 1442 est

281 1489 412 1545 Deus
428 1489 493 1543 de
511 1489 622 1544 Deo
645 1529 660 1555 ,
688 1487 865 1541 lumen
884 1485 1195 1549 deluminc,
1229 1492 1281 1538 et
1297 1482 1417 1538 ideo
1445 1497 1550 1536 non
1579 1480 1645 1535 de
1668 1481 1852 1543 nihilo,

278 1577 613 1632 vehementer
655 1576 925 1631 Catholica
969 1574 1171 1628 resistit
1212 1571 1445 1625 Arianis.
1492 1568 1627 1626 Cum
1676 1571 1857 1639 itaque

278 1667 514 1731 dicimus,
549 1682 654 1721 non
700 1665 821 1721 ideo
864 1664 1101 1733 potuisse
1129 1661 1259 1717 oriri
1285 1676 1349 1716 ex
1381 1661 1523 1716 bono
1549 1660 1740 1714 malam
1766 1674 1859 1713 vo-

276 1761 547 1823 luntatem,
580 1760 700 1828 quia
742 1759 939 1813 bonum
985 1756 1179 1811 factum
1223 1761 1304 1810 est
1330 1768 1363 1809 a
1400 1752 1543 1806 bono
1587 1751 1716 1817 Deo,
1761 1750 1859 1809 sed

275 1852 389 1921 quia
410 1852 477 1904 de
502 1851 670 1905 nihilo
698 1848 891 1905 factum
933 1857 1037 1915 est,
1089 1862 1195 1902 non
1239 1845 1307 1900 de
1354 1845 1499 1909 Deo;
1547 1858 1653 1898 non
1693 1843 1858 1898 nihilo

271 1940 456 1997 damus
487 1942 647 1996 ullam
679 1949 943 2006 naturam,
971 1937 1063 1994 sed
1089 1945 1331 1992 naturam
1369 1934 1587 1990 factoris
1612 1950 1641 1989 a
1670 1943 1855 1988 natura

271 2047 451 2086 eorum
480 2048 601 2104 quae
640 2041 765 2087 sunt
793 2031 929 2086 facta
954 2028 1329 2085 discernimus.
1360 2026 1486 2082 Ideo
1511 2026 1706 2096 quippe
1733 2040 1856 2096 ροε-

267 2132 385 2179 ειιιιι
414 2125 520 2179 ista
539 2124 753 2190 mutari,
778 2124 890 2178 sive
913 2123 1205 2186 voluntate,
1233 2120 1369 2175 sicut
1394 2118 1667 2173 rationalis
1689 2118 1860 2188 potuit

265 2222 538 2280 creatura,
562 2214 674 2268 sive
700 2212 927 2283 propriis
947 2209 1285 2282 qualitatibus
1311 2208 1442 2274 suis,
1470 2208 1606 2262 sicut
1631 2216 1855 2274 cratera;

262 2304 523 2372 quoniam
551 2302 616 2358 de
644 2302 809 2357 nihilo
849 2300 986 2355 facta
1028 2308 1171 2367 sunt,
1201 2313 1305 2354 non
1350 2298 1418 2354 de
1446 2298 1576 2365 Deo,
1618 2298 1859 2368 quamvis

264 2394 498 2449 faciente
528 2394 735 2449 nonnisi
766 2393 913 2458 Deo;
942 2390 994 2446 id
1019 2398 1121 2456 est,
1163 2390 1286 2461 quia
1314 2404 1420 2444 non
1445 2396 1574 2443 sunt
1597 2387 1740 2456 quod
1772 2387 1858 2442 illa

266 2494 481 2549 natura,
527 2499 645 2553 qua:
670 2483 806 2538 facta
834 2489 1065 2546 nonest,
1094 2488 1252 2549 atque
1293 2479 1364 2533 ob
1389 2478 1490 2532 hoc
1517 2476 1859 2532 immutabilis

266 2577 378 2630 sola
407 2581 513 2629 est.
543 2573 598 2628 Si
639 2586 766 2642 ergo
790 2571 871 2626 vis
899 2569 1217 2625 Manielueos
1245 2568 1329 2622 vel
1355 2566 1593 2623 devitarc
1617 2564 1701 2620 vel
1742 2565 1858 2638 vin-~

269 2679 410 2726 cere,
443 2668 548 2718 hoc
573 2677 721 2732 sape,
746 2662 850 2716 hoc
876 2675 1006 2731 cape
1044 2656 1407 2728 intelligendo,
1450 2657 1496 2710 si
1536 2663 1710 2727 potes,
1740 2671 1857 2712 cre-

269 2755 464 2822 dendo,
512 2754 559 2808 si
608 2768 715 2809 non
761 2761 934 2823 potes,
982 2751 1231 2821 quoniam
1277 2764 1343 2803 ex
1388 2748 1543 2803 bonis
1573 2754 1690 2803 orta
1734 2756 1859 2803 sunt

269 2849 425 2913 mala,
460 2863 562 2905 nec
587 2856 670 2901 est
697 2845 895 2916 aliquid
925 2844 1124 2899 malitia
1152 2843 1249 2898 nisi
1277 2843 1564 2912 indigentia
1593 2842 1740 2897 boni.

336 2938 499 2993 XLV.
532 2937 651 2991 ιω..
696 2936 890 2991 Verum
918 2943 974 2989 ut
1000 2934 1186 2988 ambos
1213 2947 1309 2988 vos
1334 2933 1529 2988 veritas
1552 2933 1772 3000 detexit,
1805 2941 1860 2991 ει

271 3029 475 3098 proruit
508 3045 522 3080 :
556 3028 627 3081 ita
653 3042 683 3081 a
714 3026 866 3081 nobis
892 3024 1252 3080 consideratio
1277 3024 1445 3077 nostri
1472 3024 1702 3094 reposcit
1743 3023 1860 3078 offi-

267 3117 354 3184 cii,
388 3128 447 3172 ut
471 3116 601 3187 quid
624 3115 695 3170 sit
719 3115 820 3170 hoc
845 3103 985 3185 quod
1006 3113 1379 3168 obscuritatem
1403 3112 1526 3166 huic
1552 3113 1854 3181 quaestioni,

269 3221 382 3277 quae
407 3207 520 3277 jam
563 3212 833 3261 exarmata
876 3192 991 3270 est,
1030 3200 1246 3264 fecerat,
1278 3201 1623 3270 explicemus.
1668 3199 1859 3259 Omnia

267 3311 381 3367 qua:
428 3297 588 3363 fiunt,
619 3304 711 3349 aut
739 3309 769 3348 a
809 3293 1132 3360 necessario,
1162 3300 1254 3347 aut
1277 3307 1307 3346 a
1336 3291 1568 3361 possibili
1611 3290 1860 3347 dicuntur

269 3384 517 3444 eiistere.
551 3385 928 3443 Necessarium
956 3393 1132 3463 autem
1162 3383 1251 3439 hic
1284 3383 1446 3457 dico,~
1468 3399 1572 3438 non
1600 3382 1741 3454 quod
1767 3399 1858 3438 so-

273 3478 442 3535 lemus
492 3472 631 3533 utile
670 3491 994 3546 nuncupare,
1041 3475 1135 3530 sed
1181 3475 1322 3546 quod
1368 3474 1658 3545 majoribus
1703 3474 1860 3531 fuerit

268 3566 449 3623 causis
492 3577 767 3624 coactum.
821 3566 1192 3621 Necessarium
1238 3579 1365 3635 ergo
1414 3579 1703 3634 vocamus,
1751 3581 1857 3620 non

267 3658 401 3726 quod
425 3659 477 3712 in
499 3658 630 3727 jure
653 3657 721 3711 sit
740 3656 1045 3721 voluntatis,
1064 3654 1156 3711 sed
1183 3654 1322 3724 quod
1344 3654 1571 3723 patiatur
1594 3655 1861 3711 existendi

268 3748 389 3804 vim.
439 3750 709 3805 Possibile
752 3756 930 3802 autem
960 3746 1207 3810 dicimus,
1253 3745 1392 3815 quod
1424 3759 1524 3799 nec
1552 3745 1810 3800 existendi
1839 3788 1855 3813 ,

268 3830 363 3894 nec
391 3857 498 3896 non
530 3839 799 3897 existendi
831 3840 881 3893 in
911 3839 1136 3893 alteram
1181 3846 1386 3907 partem
1433 3836 1738 3907 experiatur
1768 3852 1860 3892 ne-

269 3932 603 3999 cessitatem,
647 3930 741 3985 sed
767 3929 928 3985 certis
956 3929 1125 3982 modis
1153 3936 1207 3982 et
1233 3928 1403 3999 possit
1428 3941 1567 3991 esse,
1610 3934 1663 3981 et
1692 3927 1862 3996 possit

270 4036 370 4077 non
397 4037 542 4078 esse.
576 4022 783 4076 Teneat
824 4035 951 4090 ergo
977 4020 1145 4074 lector
1173 4027 1376 4082 noster,
1408 4016 1534 4087 quid
1565 4017 1651 4070 hic
1676 4032 1863 4072 neces-

268 4108 487 4174 sarium,
511 4105 646 4178 quid
668 4104 916 4175 possibile
942 4115 1326 4171 nuncupemus.
1357 4100 1546 4155 Etuta
1569 4098 1861 4171 grandibus

270 4198 586 4254 inchoemus
631 4195 919 4265 exemplis,
970 4203 1028 4249 ut
1075 4194 1214 4248 Deus
1259 4191 1460 4248 faceret
1506 4191 1798 4257 mundum,
1832 4207 1863 4246 a

267 4291 506 4358 possibili
548 4288 700 4343 venit
724 4287 797 4353 ei,
843 4301 946 4340 non
972 4301 1002 4340 a
1028 4283 1364 4349 necessario;
1393 4283 1446 4338 id
1471 4292 1573 4346 est,
1615 4283 1862 4354 omnipo-

269 4383 445 4437 tentiae
475 4384 599 4451 ejus
631 4380 879 4451 possibile
905 4377 1003 4433 fuit
1030 4392 1214 4432 creare
1243 4391 1359 4447 qua:
1384 4374 1640 4441 condidit,
1674 4389 1862 4429 ncces-

267 4473 463 4527 sarium
494 4481 680 4526 tamen
725 4485 829 4524 non
872 4468 989 4532 fuit,
1033 4466 1279 4522 videlicet
1306 4482 1411 4520 non
1454 4473 1537 4521 est
1578 4464 1644 4520 ab
1686 4465 1864 4534 aliquo

268 4573 484 4619 coactus
515 4575 571 4619 ut
622 4561 839 4629 faceret,
884 4558 977 4614 sed
1013 4557 1135 4614 fecit
1179 4558 1303 4628 quia
1351 4556 1537 4621 voluit,
1584 4555 1727 4625 quod
1758 4569 1863 4609 non

266 4653 485 4711 fecisset
534 4653 777 4723 profecto
818 4652 862 4707 si
894 4652 1167 4706 noluisset.
1220 4650 1290 4704 At
1332 4648 1433 4702 hoc
1476 4646 1619 4717 quod
1660 4647 1865 4702 auctori

267 4745 434 4809 adfuit
477 4762 510 4800 a
542 4743 806 4815 possibili,
828 4740 891 4797 'in
920 4756 1080 4813 opere
1114 4756 1145 4795 a
1172 4740 1474 4795 necessario
1519 4737 1710 4794 factum
1740 4746 1822 4794 est
1844 4778 1861 4803 ,

267 4835 318 4891 id
347 4846 450 4902 est,
482 4851 596 4892 non
625 4835 721 4889 fuit
748 4834 946 4901 mundo
973 4833 1222 4903 possibile
1248 4846 1369 4887 esse
1393 4839 1451 4887 ει
1475 4844 1579 4886 non
1609 4843 1749 4897 esse,
1776 4830 1867 4900 qui

268 4943 389 4983 esse
434 4929 505 4983 ab
537 4927 915 4997 Omnipotente
964 4925 1262 4994 iubebatur,
1310 4922 1404 4979 sed
1440 4922 1728 4994 cogebatur
1751 4921 1865 4977 exi-

266 5029 430 5087 stere,
462 5019 552 5075 cui
584 5018 935 5088 Omnipotens
965 5016 1249 5071 mandabat
1274 5016 1584 5070 essentiam.

338 5110 478 5165 Ave.
522 5108 808 5176 Quomodo
856 5106 1087 5161 mundus
1144 5105 1432 5174 cogebatur
1475 5104 1726 5168 existere,
1777 5104 1869 5175 qui

266 5214 373 5253 non
397 5208 521 5256 erat
546 5208 834 5269 antequam
860 5197 1154 5254 existeret?
1188 5196 1466 5263 Quomodo
1491 5196 1696 5266 cogitur
1719 5196 1868 5265 quis-

265 5305 389 5360 que,
416 5292 463 5345 si
490 5306 606 5346 non
632 5290 755 5344 est?
782 5288 970 5345 Nonne
995 5289 1160 5343 satius
1180 5296 1293 5343 erat
1310 5295 1365 5340 nt
1392 5287 1616 5352 diceres,
1646 5286 1869 5342 Mundus

265 5380 442 5458 factus
469 5390 560 5438 est
587 5382 683 5437 Dei
712 5382 1003 5444 voluntate,
1037 5396 1141 5435 non
1168 5378 1302 5433 sua?
1332 5377 1437 5432 Sed
1479 5392 1658 5448 perge,
1686 5377 1869 5431 videa-

240 5487 390 5529 .mus
421 5475 556 5546 quid
605 5488 670 5529 ex
701 5475 800 5527 ista
847 5471 1185 5527 distinctione
1215 5468 1479 5539 possibilis
1505 5476 1558 5521 et
1584 5467 1871 5549 necessarii

196 5610 203 5617 .
266 5567 490 5621 coneris
540 5566 828 5620 ostendere
862 5583 875 5619 :
906 5578 1065 5634 quam
1115 5562 1303 5617 melius
1354 5575 1632 5631 possemus
1677 5558 1876 5612 intelli-

264 5669 418 5725 gere,
449 5657 498 5712 si
527 5669 654 5711 eam
680 5652 1101 5710 commemorare
1144 5650 1528 5718 tantummodo,
1562 5665 1665 5704 non
1697 5657 1752 5704 et
1779 5663 1872 5703 ex-

266 5758 478 5817 ponere
515 5744 808 5801 voluisses.
838 5744 967 5813 Quis
996 5744 1139 5799 enim
1178 5757 1283 5798 non
1314 5741 1506 5808 videat,
1549 5754 1707 5796 omne
1730 5736 1872 5809 quod

580 5848 855 5913 ΡΑτιιοι..
888 5852 1078 5916 XLV.

1653 362 1854 418 LIBER
1891 361 2208 430 QUINTUS.

3414 374 3553 433 I482

1969 474 2082 531 fieri
2124 490 2346 532 necesse
2374 484 2475 544 est,
2504 478 2662 534 etiam
2701 478 2813 535 fieri
2855 494 3050 550 posse;
3081 494 3186 537 non
3210 497 3370 540 omne
3407 487 3549 556 quod

1968 564 2080 619 fieri
2107 574 2299 634 potest,
2328 567 2487 620 etiam
2512 567 2626 622 fieri
2656 583 2874 625 necesse
2899 570 3059 626 esse?
3088 573 3143 626 Si
3171 588 3298 644 ergo
3325 574 3428 633 hoc
3454 577 3548 631 tibi

1969 657 2163 726 placuit
2190 659 2457 727 appellare
2486 659 2758 729 possibile,
2804 662 2945 731 quod
2985 662 3056 718 ita
3102 663 3213 718 fieri
3260 675 3456 735 potest,
3487 679 3545 723 ut

1967 761 2073 802 non
2098 747 2167 802 sit
2194 762 2411 804 necesse
2434 749 2609 815 ;,iliud
2640 758 2816 805 autem
2845 754 3223 817 necessarium,
3254 756 3396 825 quod
3437 773 3548 813 non

1966 838 2137 898 solum
2167 840 2281 896 fieri
2311 848 2502 909 potest,
2530 856 2717 896 verum
2746 843 2906 899 etiam
2934 859 3153 900 necesse
3181 856 3263 903 est
3288 865 3301 900 :
3330 849 3549 918 loquere

1967 937 2023 983 ut
2047 928 2147 996 vis,
2181 930 2267 985 ubi
2292 946 2378 986 res
2401 941 2676 1003 apparent,
2707 948 2812 989 non
2833 943 2915 991 εει
2942 936 3011 991 dc
3038 938 3213 992 verbis
3231 949 3544 996 controver-

1966 1022 2043 1075 sia
2106 1021 2366 1079 facienda.
2437 1024 2578 1081 Satis
2622 1033 2709 1083 εει
2752 1041 2910 1084 ηοεεε
2974 1045 3135 1085 omne
3183 1034 3545 1090 necessarium

1966 1127 2085 1168 esse
2136 1115 2412 1184 possibile,
2465 1133 2571 1173 non
2623 1134 2784 1173 omne
2831 1121 3082 1190 possibile
3126 1137 3244 1180 esse
3293 1141 3544 1182 necessa-

1966 1218 2124 1257 ιἰιιηι.

2036 1296 2219 1352 XLVI.
2252 1296 2360 1358 Jul.
2411 1300 2643 1357 Transiit
2664 1316 2792 1374 ergo
2818 1302 2874 1358 in
2902 1307 3275 1363 necessitatem
3303 1310 3500 1369 canditi
3523 1352 3541 1379 ,

1964 1388 2104 1458 quod
2148 1399 2363 1445 venerat
2384 1389 2454 1446 de
2477 1390 2825 1460 possibilitate
2866 1395 3165 1453 candentis.
3211 1398 3359 1456 Fecit
3381 1402 3542 1457 etiam

1964 1478 2204 1535 diversas
2222 1491 2435 1536 naturas
2455 1483 2802 1553 diversasque
2823 1487 3028 1554 species
3050 1488 3101 1542 in
3120 1490 3342 1557 naturis,
3365 1500 3546 1547 custo-

1965 1567 2077 1623 dito
2102 1584 2166 1625 eo
2191 1571 2378 1627 ordine
2417 1574 2504 1642 qui
2532 1588 2562 1628 a
2592 1590 2769 1629 rerum
2797 1576 2815 1607 ¹
2837 1575 3038 1632 fluebat
3065 1576 3312 1646 exordio,
3340 1589 3397 1634 ut
3438 1580 3544 1637 alia

1964 1671 2146 1716 essent
2175 1664 2498 1727 necessaria,
2541 1666 2644 1720 alia
2676 1665 2967 1736 possibilia.
2999 1668 3264 1738 Quidquid
3290 1686 3420 1742 ergo
3445 1670 3546 1727 ha-

1963 1750 2094 1805 bent
2125 1761 2383 1811 creaturte
2411 1755 2745 1823 naturaliter,
2776 1771 2808 1811 a
2847 1757 3135 1812 necessarii
3165 1767 3314 1828 parte
3342 1761 3547 1816 sortitae

1963 1850 2107 1896 sunt.

2034 1933 2170 1989 Anc.
2210 1931 2266 1987 Si
2308 1932 2563 2003 quidquid
2602 1932 2799 1991 habent
2842 1946 3100 1992 creaturae
3146 1941 3486 2009 naturaliter,
3513 1956 3545 1996 a

1967 2028 2115 2088 parte
2157 2022 2443 2094 necessarii
2485 2023 2687 2078 sortitae
2730 2033 2886 2092 sunt;
2920 2041 3027 2081 non
3062 2042 3191 2098 ergo
3233 2031 3546 2087 naturaliter

1965 2109 2161 2164 habent
2182 2110 2422 2166 homines
2447 2112 2587 2181 quod
2614 2117 2993 2182 concumbtmt,
3025 2118 3120 2175 sed
3149 2120 3293 2190 quod
3319 2134 3544 2191 possunt

1964 2200 2318 2255 concumbere
2350 2218 2362 2255 :
2396 2216 2497 2255 nec
2532 2201 2620 2257 ille
2643 2219 2801 2273 quem
2827 2206 3117 2276 Apostolus
3155 2225 3543 2269 commemora-

1964 2292 2059 2360 vit,
2089 2292 2342 2348 naturalis
2370 2302 2453 2348 est
2475 2308 2606 2351 usus
2631 2295 2844 2351 femina:
2869 2297 3048 2369 (Rom.
3080 2317 3118 2367 ι,
3150 2303 3264 2373 27),
3295 2307 3388 2362 sed
3417 2321 3547 2376 pos~

1964 2383 2188 2438 sibilitas
2212 2383 2365 2455 ejus;
2393 2384 2439 2440 si
2466 2384 2606 2455 enim
2635 2386 2770 2442 nolit
2795 2387 2973 2454 homo,
3008 2408 3112 2447 non
3144 2405 3226 2450 est
3252 2396 3367 2466 ipse
3391 2417 3542 2472 usus,

1963 2474 2203 2543 quamvis
2218 2475 2384 2545 possit
2397 2489 2535 2542 esse,
2554 2475 2599 2551 si
2611 2476 2735 2532 velit
2753 2495 2766 2531 :
2782 2480 3099 2548 possibilitas
3119 2500 3245 2556 ergo
3259 2489 3376 2557 ejus
3397 2502 3552 2550 natu.-

1962 2565 2090 2619 ratis
2109 2574 2210 2631 est,
2241 2565 2352 2635 ipse
2379 2581 2484 2621 non
2512 2575 2624 2633 est;
2654 2583 2759 2622 non
2783 2570 2925 2624 enim
2943 2581 3026 2627 est
3039 2579 3393 2650 necessarius,
3416 2587 3542 2653 qui'

1964 2655 2139 2710 nullus
2163 2665 2265 2723 est,
2308 2657 2354 2712 si
2380 2657 2628 2726 nolimus,
2652 2667 2707 2715 et
2729 2662 2923 2715 erravit
2952 2664 3237 2734 Apostolus
3277 2672 3367 2741 qui
3406 2673 3543 2730 dixit

1964 2760 2082 2801 esse
2116 2762 2269 2801 usum
2317 2747 2527 2803 feminae
2573 2750 2891 2807 naturalem.
2922 2753 3025 2810 Ubi
3069 2767 3152 2813 est
3193 2760 3352 2816 etiam
3398 2767 3541 2835 quod

1963 2846 2085 2892 ante
2127 2836 2325 2905 dixisti,
2376 2849 2622 2896 naturam
2667 2857 2857 2913 genus,
2900 2846 3241 2919 speciemque
3277 2852 3394 2922 ejus
3417 2870 3538 2912 esse

1963 2927 2305 2997 conjugium;
2335 2930 2759 3000 quandoquidem
2804 2948 2909 2988 non
2942 2940 3281 3006 necessitate,
3324 2945 3419 2998 sed
3445 2961 3543 3000 vo-

1963 3018 2165 3074 luntate
2189 3020 2430 3091 conjugia
2455 3023 2811 3091 copulantur?
2841 3027 2918 3080 An
2943 3026 3079 3084 forte
3101 3039 3157 3084 ut
3184 3032 3284 3087 hoc
3309 3034 3540 3101 diceres,

1962 3109 2196 3165 nondum
2226 3110 2317 3166 tibi
2345 3112 2396 3165 in
2437 3121 2668 3167 mentem
2700 3126 2915 3170 venerat
2944 3116 3171 3174 duorum
3215 3121 3458 3192 istorum,
3489 3128 3543 3182 id

1962 3209 2065 3266 εει,
2108 3201 2395 3255 necessarii
2446 3201 2815 3273 possibilisque
2841 3205 3154 3262 distinctio?
3198 3210 3270 3265 Et
3319 3221 3377 3267 ut
3426 3226 3546 3284 post

1964 3292 2303 3347 concubitum
2347 3307 2568 3348 sexuum
2613 3304 2859 3351 nascatur
2909 3297 3092 3364 homo,
3144 3304 3383 3360 naturale
3434 3321 3542 3363 non

1965 3392 2066 3451 est,
2095 3384 2217 3455 quia
2244 3398 2349 3439 non
2380 3392 2463 3439 est
2487 3386 2891 3442 necessarium?
2915 3387 3032 3443 Νοιι
3055 3390 3196 3445 enim
3222 3407 3443 3450 necesse
3462 3407 3547 3453 est

1963 3484 2024 3531 ut
2049 3484 2301 3546 sequatur
2324 3485 2612 3547 conceptus
2644 3486 2699 3533 et
2723 3488 2925 3549 partus,
2954 3495 3076 3536 cum
3115 3471 3229 3539 mas
3254 3492 3307 3539 et
3346 3485 3545 3543 femina

1964 3565 2344 3621 concubuerint
2376 3583 2389 3620 :
2422 3567 2524 3623 hoc
2548 3578 2725 3624 autem
2758 3569 3028 3638 possibile,
3056 3586 3163 3629 non
3184 3577 3545 3633 necessarium

1964 3655 2216 3723 definisti,
2243 3656 2385 3726 quod
2422 3656 2539 3713 fieri
2571 3666 2765 3728 potest,
2796 3659 2889 3715 sed
2913 3675 3135 3718 necesse
3163 3678 3269 3719 non
3305 3676 3408 3721 est.
3438 3668 3548 3725 Nec

1966 3746 2277 3800 naturaliter
2300 3746 2717 3803 manducamus?
2743 3749 2876 3817 Quia
2907 3758 2961 3805 et
2996 3751 3098 3808 hoc
3123 3752 3163 3821 ³,
3193 3754 3236 3808 si
3276 3756 3546 3823 nolumus,

1967 3849 2072 3889 non
2101 3835 2190 3901 fit;
2218 3842 2273 3890 et
2300 3835 2418 3892 ideo
2453 3837 2705 3905 possibile
2729 3847 2831 3902 est,
2877 3855 2982 3894 non
3027 3845 3408 3899 necessarium.
3439 3845 3546 3902 Sed

1967 3926 2065 3981 ista
2109 3940 2307 3996 negare
2331 3940 2450 3982 esse
2479 3927 2763 3995 naturalia,
2806 3929 2932 3983 nihil
2968 3940 3050 3984 est
3073 3932 3215 3987 aliud
3248 3920 3406 4004 quam
3434 3952 3547 3991 ma-

1966 4030 2123 4086 gnam
2150 4024 2354 4085 partem
2384 4015 2517 4070 velle
2539 4014 2750 4073 auferre
2770 4026 2990 4074 naturae.
3021 4018 3236 4075 Falsum
3263 4032 3346 4078 est
3368 4023 3548 4094 itaque

1968 4106 2110 4176 quod
2139 4107 2279 4172 aisti,
2316 4126 2336 4160 ι
2372 4107 2635 4180 Quidquid
2667 4109 2862 4166 habent
2903 4120 3161 4168 creatura:
3209 4116 3545 4187 naturaliter,

1968 4212 1998 4252 a
2027 4199 2312 4255 necessarii
2356 4209 2504 4269 parte
2546 4201 2750 4256 sortita:
2778 4212 2902 4257 sunt
2933 4220 2946 4257 :
2989 4222 3007 4255 ι
3038 4205 3464 4277 quandoquidem
3493 4219 3550 4265 et

1972 4291 2087 4348 haec
2112 4306 2231 4362 qua:
2274 4294 2711 4361 commemoravi,
2758 4303 2811 4350 et
2835 4295 2937 4350 alia
2973 4312 3092 4365 quae
3127 4312 3551 4355 commemorare

1971 4382 2185 4452 longum
2215 4391 2318 4450 est,
2351 4384 2663 4439 naturaliter
2689 4383 2905 4452 habent,
2941 4401 3039 4442 nec
3076 4402 3139 4443 ea
3170 4397 3344 4444 tamen
3370 4400 3492 4446 sunt
3515 4406 3546 4445 a

1970 4473 2254 4528 necessarii
2287 4482 2435 4542 parte
2460 4473 2680 4529 sortitae.

2043 4562 2247 4617 XLVII.
2275 4561 2395 4618 IUL.
2434 4563 2532 4631 Qui
2559 4562 2579 4594 ⁸
2609 4572 2787 4618 ιιιιιειη
2809 4565 3043 4619 sentiunt
3073 4564 3125 4620 in
3144 4582 3415 4639 processu,
3439 4584 3546 4624 non

1971 4667 2183 4723 semper
2211 4668 2241 4707 a
2278 4654 2608 4720 necessario,
2650 4653 2745 4709 sed
2775 4655 2939 4709 multa
2968 4670 2996 4708 a
3037 4658 3275 4726 possibili
3309 4659 3547 4729 capiunt.

1971 4743 2085 4799 Hoc
2127 4743 2181 4798 in
2210 4744 2415 4799 cunctis
2461 4744 2584 4800 licet
2621 4745 2801 4800 videre
2829 4729 3146 4816 corporibus
3172 4764 3186 4801 :
3215 4748 3309 4804 sed
3341 4749 3551 4820 longior

1972 4834 2256 4905 disputatio
2302 4833 2573 4901 nascitur;
2620 4851 2783 4906 pauca
2829 4844 3007 4892 tamen
3055 4836 3244 4893 demus
3281 4839 3548 4913 exempla.

1971 4924 2168 4981 Natura
2193 4939 2475 4995 corporum
2492 4933 2594 4992 est,
2623 4934 2681 4980 ut
2698 4927 3160 4996 coagmentatione
3178 4938 3549 4991 concrescant,

1973 5015 2233 5072 divisione
2256 5017 2532 5072 solvantur
2558 5035 2573 5071 :
2601 5017 2817 5087 capacia
2842 5030 2970 5086 ergo
2996 5025 3120 5071 sunt
3145 5017 3404 5085 vulneris,
3431 5033 3551 5088 qua:

1973 5106 2245 5177 patiuntur
2269 5105 2560 5162 interitum.
2591 5104 2663 5161 Ut
2690 5119 2817 5176 ergo
2848 5104 3052 5175 possint
3078 5106 3363 5172 vulnerari,
3393 5122 3425 5162 a
3455 5122 3553 5162 ne-

1974 5197 2207 5253 cessario
2251 5196 2482 5262 habent;
2513 5204 2572 5250 ut
2616 5195 2965 5250 vulnerentur
2990 5206 3188 5260 autem,
3231 5211 3262 5250 a
3294 5196 3549 5264 possibili.

1976 5289 2051 5345 Ita
2077 5305 2107 5344 a
2136 5288 2436 5345 necessario
2461 5296 2545 5343 est
2575 5286 2936 5357 possibilitatis
2966 5294 3177 5352 natura,
3204 5301 3325 5341 cum
3348 5299 3452 5341 non
3482 5285 3554 5339 sit

1975 5382 2305 5437 necessarius
2330 5379 2692 5450 possibilitatis
2710 5378 2949 5435 effectus.
2972 5379 3133 5436 Verbi
3153 5378 3339 5450 gratia,
3359 5391 3552 5447 equits,

2042 5561 2059 5593 ³
2080 5560 2226 5623 aditi,
2239 5572 2336 5623 qua
2356 5570 2536 5623 rerum.
2558 5558 2859 5623 castigantur
2880 5568 2947 5607 ει
2978 5553 3332 5618 utentum-iptio.

2041 5623 2063 5684 ξ
2096 5618 2387 5683 \‘iguierius,
2409 5620 2540 5684 quia.
2566 5618 2815 5684 Mss.,'qui.

2044 5683 2066 5745 ξ
2096 5677 2177 5732 δίε
2190 5690 2293 5730 Mss.
2320 5677 2380 5729 ιιι
2396 5677 2553 5745 vlgn.,
2572 5679 2690 5741 quia
2706 5677 2772 5730 ea:
2791 5677 2900 5729 hoc.

2044 5744 2067 5776 δ
2098 5749 2258 5805 Forte,
2283 5751 2414 5805 Qua.

2670 5840 3256 5921 (Quarants-upt.)
