3934 6178
365 306 384 361 Ι
405 305 501 359 583

361 421 477 483 bos,
506 427 559 473 et
585 416 785 471 similes
811 414 1105 468 animantes
1143 406 1528 462 vulnerabilem
1559 403 1758 458 habent
1788 411 1939 455 nam-

360 525 497 572 ram,
527 517 583 563 et
610 506 728 561 ideo
764 500 1085 559 incommodi
1129 499 1344 568 capacia
1385 512 1415 551 a
1444 494 1745 550 necessario
1775 500 1898 546 sunt
1927 508 1939 542 :

363 613 420 656 ιιι
443 610 620 656 autem
666 600 1028 660 vulnerentur,
1062 606 1168 646 non
1198 604 1409 659 semper
1450 585 1810 642 necessarium
1840 591 1942 638 est.

361 694 419 748 Si
448 693 588 748 enim
616 704 713 759 per
736 686 1062 756 diligentiam
1098 680 1375 736 custodum
1403 675 1753 732 defendamur
1780 688 1809 727 a
1836 673 1947 743 pla-

361 785 458 854 gis,
491 789 712 852 possunt
736 792 842 832 non
870 773 1132 830 vulnerari
1158 789 1169 825 :
1194 770 1334 841 quod
1356 770 1528 824 sinon
1555 765 1940 827 custodiantur,

362 879 585 943 possunt
622 869 780 924 etiam
805 864 1091 922 vulnerari.
1143 860 1434 916 Plurimum
1473 872 1599 928 ergo
1626 856 1787 910 distat
1812 853 1951 907 inter

361 982 423 1021 ea
453 979 574 1035 qua:
600 978 630 1017 a
663 959 899 1031 possibili
935 956 1172 1019 veniunt,
1205 962 1259 1008 ει
1283 966 1346 1007 ea
1385 964 1503 1020 quae
1528 964 1558 1001 a
1599 944 1903 1001 necessario
1932 961 1944 996 :

362 1074 481 1128 quae
525 1055 626 1111 nisi
670 1050 998 1108 custodiatur
1039 1045 1344 1110 distinctio,
1395 1042 1449 1096 in
1491 1042 1798 1095 innumeros
1847 1037 1951 1089 itur

365 1165 595 1207 errores.
634 1146 787 1216 Quod
812 1153 869 1199 ut
893 1139 1290 1213 comparatione
1327 1135 1589 1191 clarescat
1617 1151 1626 1184 :
1662 1128 1796 1198 lapsi
1827 1137 1951 1180 sunt

363 1242 577 1312 quidam
626 1235 904 1292 medicina:
952 1236 1362 1300 oppugnatores,
1415 1219 1767 1293 argumentali
1814 1218 1951 1271 hanc

364 1305 535 1387 artem
558 1327 685 1383 nihil
712 1324 909 1379 habere
934 1319 1170 1376 utilitatis
1192 1334 1210 1383 ;
1236 1315 1614 1384 disputantque
1644 1309 1745 1362 hoc
1768 1305 1946 1361 modo:

366 1411 702 1475 Moriturisne
730 1412 990 1469 medicina
1020 1405 1284 1472 subvenit,
1311 1420 1379 1457 an
1408 1398 1667 1456 victuris?
1693 1398 1748 1452 Si
1777 1396 1941 1451 mori-

369 1514 522 1580 turis,
553 1509 684 1565 nihil
724 1510 1003 1577 promovet
1032 1519 1045 1556 :
1075 1501 1120 1555 si
1150 1497 1390 1562 victuris,
1423 1493 1614 1549 frustra
1642 1489 1818 1562 gestit.
1851 1486 1951 1554 Qui

369 1605 510 1658 enim
541 1598 783 1655 morituri
813 1603 984 1658 erant,
1017 1593 1119 1647 hac
1144 1603 1355 1661 quoque
1381 1587 1676 1650 laborante,
1718 1581 1954 1636 morien-

369 1704 455 1749 tur
487 1711 499 1747 :
532 1692 621 1761 qui
645 1687 872 1753 victuri,
924 1687 1039 1740 sine
1067 1696 1277 1753 quoque
1318 1679 1477 1747 hujus
1517 1674 1779 1732 beneﬁcio
1824 1671 1954 1726 salvi

369 1800 489 1840 esse
517 1788 821 1853 potuerunt.
853 1778 1020 1846 Quam
1048 1789 1240 1843 nempe
1264 1772 1544 1836 concinna,
1569 1782 1726 1838 quam
1754 1764 1955 1819 urbana

375 1875 684 1932 conclusio!
716 1871 809 1927 sed
835 1869 1140 1926 dissolvitur
1178 1881 1207 1918 a
1259 1859 1735 1933 propugnatoribus
1783 1854 1956 1909 medi-

368 1968 502 2022 cina:
534 1966 634 2020 hoc
675 1960 836 2018 modo
863 1976 878 2012 :
912 1958 1038 2013 Ilaec
1064 1970 1171 2019 ars,
1215 1953 1476 2024 inquiunt,
1510 1948 1726 2019 prodest
1755 1960 1854 2001 nec
1878 1944 1957 1999 vi-

368 2058 552 2121 cturis,
602 2068 700 2110 nec
744 2050 1014 2106 morituris
1056 2047 1315 2102 duntaxat
1354 2059 1383 2097 a
1431 2039 1758 2106 necessario,
1806 2037 1899 2092 sed
1925 2051 1957 2091 a

369 2146 608 2220 possibili
658 2144 709 2200 id
759 2132 1043 2211 utrumque
1092 2135 1333 2208 passuris
1366 2152 1379 2187 :
1410 2148 1518 2188 non
1568 2145 1696 2201 ergo
1743 2128 1959 2197 adjuvat

370 2239 628 2296 medicina
653 2248 774 2292 cum
807 2234 897 2304 qni
925 2233 1042 2288 sine
1066 2229 1228 2285 dubio
1255 2225 1542 2281 moriturus
1570 2231 1671 2288 est,
1704 2220 1956 2291 quoniam

371 2333 545 2387 facere
573 2327 925 2384 immortalem
952 2338 1059 2378 non
1106 2325 1318 2390 potest;
1347 2315 1443 2371 sed
1471 2327 1642 2383 neque
1672 2312 1722 2366 ei
1760 2311 1956 2365 subve-

369 2425 467 2486 nit,
510 2421 600 2491 qui
642 2419 758 2473 sine
795 2416 957 2471 dubio
1001 2413 1204 2467 iuturus
1237 2411 1255 2442 ί
1294 2406 1576 2463 incolumis
1604 2412 1686 2460 est
1725 2421 1739 2458 :
1771 2418 1956 2457 verum

371 2513 470 2580 illi,
499 2511 587 2581 qui
615 2510 659 2564 si
690 2523 794 2563 non
824 2512 1059 2571 curetur,
1091 2498 1379 2573 periclitari
1410 2504 1618 2568 potest;
1649 2495 1694 2550 si
1719 2501 1955 2559 curetur,

370 2603 584 2659 liberari
615 2608 791 2671 potest
821 2616 835 2652 :
866 2598 1005 2652 sicut
1045 2609 1173 2665 ergo
1199 2606 1302 2647 nec
1340 2591 1545 2645 victuro
1574 2600 1676 2642 nec
1701 2585 1959 2640 morituro

371 2712 401 2751 a
430 2693 718 2751 necessarii
746 2689 1051 2747 conditione
1075 2684 1379 2750 subvenire,
1409 2683 1480 2737 ita
1521 2688 1575 2735 et
1618 2679 1877 2734 morituro
1906 2684 1961 2731 et

370 2791 599 2851 victuro,
628 2785 721 2841 sed
751 2800 781 2840 a
826 2781 1086 2853 possibili,
1114 2793 1203 2834 ars
1231 2784 1409 2849 potest
1448 2772 1654 2830 erudita
1683 2769 1956 2842 prodesse.

373 2880 447 2934 Illi
495 2892 624 2948 ergo
673 2876 877 2947 priores
925 2872 1285 2927 medicantum
1334 2866 1523 2922 studiis
1569 2865 1954 2934 obloquentes,

373 2971 791 3041 propositionem
821 2982 850 3021 a
881 2962 1119 3037 possibili
1150 2961 1511 3024 inchoantem,
1539 2955 1828 3012 necessarii
1858 2952 1961 3007 ﬁne

370 3066 681 3120 clauserunt
719 3078 733 3115 :
781 3059 922 3130 quod
952 3053 1324 3126 disputationis
1366 3066 1536 3123 genus
1580 3050 1632 3104 in
1680 3048 1959 3102 innumera

371 3153 696 3229 extenditur.
743 3148 905 3207 Verbi
951 3147 1141 3219 gratia,
1190 3143 1437 3215 prohibet
1479 3141 1565 3196 lex
1615 3136 1959 3193 homicidium

373 3246 506 3311 ﬁeri,
534 3226 781 3314 prohibet
798 3241 958 3296 etiam
986 3236 1318 3308 negligentia:
1344 3248 1440 3303 per
1462 3245 1621 3302 quam
1647 3229 1699 3284 in
1724 3226 1960 3300 pericula

372 3340 541 3394 ruitur
568 3335 903 3393 occasionem
932 3331 1067 3396 dari,
1100 3337 1158 3384 ut
1183 3327 1237 3381 in
1265 3336 1419 3380 tauro
1446 3329 1732 3393 cornupeta
1761 3318 1957 3392 (Exod.

375 3444 486 3495 xxi,
514 3425 750 3497 28—32%,
775 3432 934 3494 atque
963 3422 1016 3476 in
1047 3419 1329 3474 domorum
1356 3414 1570 3469 coronis
1613 3410 1789 3483 (Deut.
1819 3424 1960 3477 χιιι,

372 3520 449 3588 8).
481 3519 735 3586 Atpotest
761 3512 865 3568 dici
891 3531 905 3566 :
932 3510 1150 3565 Victuro
1178 3505 1424 3560 subvenit
1452 3504 1550 3556 ista
1575 3500 1867 3569 diligentia,
1895 3514 1963 3554 an

374 3605 677 3665 morituro?
705 3603 760 3660 Si
777 3602 1056 3664 morituro,
1084 3598 1214 3653 nihil
1239 3602 1550 3667 promovet:
1580 3592 1625 3646 si
1649 3590 1876 3656 victuro,
1897 3604 1963 3644 ex

373 3695 665 3758 abundanti
706 3692 973 3757 consulit;
1002 3689 1049 3745 si
1077 3697 1361 3757 utrumque
1390 3683 1493 3739 hoc
1534 3680 1881 3745 contrarium,
1910 3687 1964 3733 et

377 3805 472 3861 per
518 3785 894 3856 impedimenta
945 3789 1001 3836 et
1046 3779 1163 3834 sine
1216 3773 1606 3845 impedimentis
1658 3770 1963 3826 necessario

375 3884 787 3949 consequentur.
820 3874 890 3928 At
917 3872 1020 3927 hoc
1044 3870 1237 3925 falsum
1265 3875 1349 3924 est
1380 3885 1393 3922 :
1424 3865 1626 3936 optimo
1653 3863 1794 3918 enim
1821 3877 1966 3917 mor-

375 3971 569 4027 talibus
605 3968 723 4038 jure
765 3964 1081 4027 consulitur,
1123 3969 1181 4014 ut
1222 3958 1363 4030 quod
1404 3962 1651 4027 poterant
1693 3953 1807 4023 pati
1847 3952 1964 4006 sine

375 4061 668 4133 diligentia,
699 4056 985 4129 diligentias
1008 4052 1196 4124 opibus
1223 4053 1245 4083 ³
1275 4049 1519 4105 evadant.
1548 4043 1705 4100 Aliud
1735 4057 1860 4114 ergo
1882 4052 1965 4097 est

377 4172 408 4209 a
433 4151 689 4225 possibili,
723 4147 866 4205 aliud
896 4162 926 4201 a
946 4142 1271 4201 necessario.
1302 4137 1675 4203 Ostendamus,
1698 4135 1808 4206 jam
1831 4133 1956 4204 quid

383 4223 469 4300 liis
509 4239 830 4311 anteloquiis
857 4236 1187 4306 adjuvemur.
1239 4229 1388 4285 Fecit
1417 4228 1557 4283 Deus
1584 4226 1855 4281 hominem
1896 4223 1964 4278 li-

286 4378 297 4389 .
381 4335 498 4391 beri
526 4331 753 4398 arbitrii,
783 4336 988 4384 naturae
1012 4325 1199 4388 honre;
1227 4318 1322 4376 sed
1352 4334 1470 4390 quae
1496 4332 1660 4388 capax
1689 4323 1831 4370 esset
1858 4315 1964 4367 vir-

382 4435 575 4490 tutum,
598 4437 732 4494 quas
752 4419 852 4477 sibi
873 4433 937 4475 ex
962 4431 1023 4472 se
1045 4413 1345 4483 mancipata
1365 4408 1542 4463 animo
1562 4412 1924 4475 comparasset
1948 4420 1961 4457 :

382 4515 525 4587 quod
551 4514 778 4569 liberum
819 4508 1093 4576 arbitrium
1123 4505 1277 4559 aliter
1308 4508 1554 4558 constare
1581 4513 1688 4552 non
1727 4504 1963 4567 poterat,

382 4584 543 4676 quam
570 4612 632 4657 ut
669 4601 894 4656 haberet
921 4598 1080 4653 etiam
1123 4592 1373 4666 peccandi
1416 4589 1842 4662 possibilitatem.
1875 4584 1965 4639 Li-

384 4700 651 4754 bertatem
674 4705 803 4762 ergo
828 4705 857 4744 a
882 4688 1184 4744 necessario
1210 4685 1391 4750 habet,
1421 4682 1747 4738 voluntatem
1778 4693 1808 4733 a
1836 4691 1965 4747 pos-

385 4786 547 4843 sibili.
574 4783 693 4839 Non
720 4788 896 4852 potest
922 4792 1029 4833 non
1064 4791 1182 4833 esse
1208 4776 1377 4840 liber;
1403 4772 1499 4829 sed
1525 4773 1577 4827 in
1599 4777 1839 4826 neutram
1868 4783 1967 4823 vo-

386 4881 642 4933 luntatem
668 4873 787 4944 cogi
814 4876 1024 4942 potest,
1050 4867 1326 4937 factusque
1350 4863 1430 4919 rei
1456 4861 1768 4918 necessariae
1792 4858 1968 4930 possi-

388 4967 510 5024 bilis
551 4963 789 5020 eﬁ'ectus.
841 4960 899 5015 ιιι
944 4956 1187 5032 possibili
1231 4968 1358 5025 ergo
1399 4952 1607 5024 peccari
1653 4957 1867 5021 potest,
1915 4949 1969 5003 in

391 5054 694 5117 necessario
732 5067 838 5107 non
881 5056 1091 5122 potest;
1129 5045 1252 5119 quia
1282 5044 1305 5076 '
1328 5041 1630 5099 necessario
1652 5055 1759 5094 non
1794 5046 1961 5105 actor,

390 5146 484 5203 sed
506 5152 691 5200 auctor
712 5142 826 5212 ipse
846 5150 1128 5206 censetur;
1154 5145 1316 5208 atque
1337 5134 1441 5190 hoc
1460 5131 1600 5204 quod
1616 5138 1787 5202 potest
1807 5131 1968 5184 homo

392 5253 459 5293 ex
488 5236 695 5307 integro
725 5230 821 5287 Dei
855 5237 965 5295 est,
996 5245 1025 5284 a
1062 5226 1305 5299 possibili
1336 5234 1512 5280 autem
1554 5223 1667 5295 ipse
1690 5233 1839 5277 actor
1864 5235 1966 5275 ex-

394 5326 779 5481 Ρθῐλῗὲπρυιςι
803 5409 936 5466 dicis
957 5407 1024 5464 de
1051 5407 1263 5463 diabolo
1284 5448 1298 5473 ,
1328 5406 1394 5463 de
1416 5419 1524 5476 quo
1565 5403 1818 5473 scriptum
1858 5410 1967 5467 est,

395 5569 798 5696 Mt“
820 5564 922 5616 sine
937 5558 1344 5613 dubioincotmis
1365 5563 1450 5611 at.
1468 5564 1533 5608 Ex
1553 5564 1661 5606 Mss.
1682 5555 1971 5616 addendum,

459 5694 480 5724 θ
514 5679 584 5740 sic
604 5696 710 5739 Mss.
738 5695 794 5751 At
817 5687 952 5749 editi,
972 5679 1213 5751 operibus.

457 5756 478 5788 ι
510 5758 666 5811 Forte,
685 5748 798 5812 quia
816 5761 866 5800 α.

1058 292 1298 350 OPERIS
1336 287 1747 347 IMPERFECTI
1786 284 2057 342 CONTRA
2101 283 2459 351 JULIANL‘M,
2501 285 2556 339 S.
2601 284 2967 342 AUGUSTINI

3506 288 3635 343 HM

2056 399 2131 452 Ab
2153 398 2294 451 initio
2316 399 2545 453 diabolus
2570 410 2737 469 peccat
2762 401 2805 470 (I
2832 401 2986 453 Jomt.
3018 416 3093 465 ιιι,
3119 400 3634 472 8)?Possibilitatcm

2057 489 2308 558 peccandi
2343 489 2501 543 habet
2528 506 2594 543 an
2626 492 2995 545 necessitatem
3018 491 3042 544 ἲ
3063 490 3118 547 Si
3160 494 3558 552 necessitatem.
3582 509 3640 550 tu

2059 578 2254 633 videris
2284 580 2553 650 quomodo
2578 579 2870 634 secundum
2899 590 3015 635 tuas
3052 581 3443 650 disputationes
3481 599 3635 639 excu-

2058 679 2204 724 setur
2248 684 2278 721 a
2320 670 2543 723 crimine
2570 670 2586 701 ¹
2626 688 2639 722 :
2682 670 2725 724 si
2776 678 2953 724 autem
2999 671 3433 739 possibilitatem;
3466 684 3642 743 potest

2058 778 2184 831 ergo
2212 771 2265 817 ει
2297 778 2406 817 non
2445 777 2689 832 peccare,
2722 772 2894 831 potest
2923 759 3121 818 habere
3149 764 3346 819 bonam
3386 767 3632 821 volunta-

2059 864 2197 920 tem,
2226 864 2402 925 potest
2427 869 2585 925 agere
2614 855 2979 923 poeuitentiam
3015 863 3070 910 et
3104 856 3395 925 impetrare
3431 859 3643 912 miseri-

2061 946 2298 1000 cordiam
2327 945 2451 1009 Dei;
2484 945 2605 1013 quia
2632 960 2725 999 cor
2744 945 3030 999 contritum
3056 955 3112 1000 et
3137 945 3473 1001 humiliatum
3500 948 3633 1003 Deus

2060 1052 2165 1093 non
2195 1037 2453 1106 despiciet
2499 1035 2667 1107 (Psat.
2701 1053 2751 1102 ι,
2787 1036 2898 1108 I8).
2928 1036 3079 1103 Quod
3109 1038 3322 1108 quidem
3351 1040 3522 1093 visum
3563 1049 3638 1094 est

2058 1127 2396 1198 quibusdam,
2429 1128 2656 1196 Origene
2691 1137 2747 1181 ut
2769 1128 3075 1195 perhibetur
3102 1139 3322 1184 auctore
3354 1130 3486 1185 :sed
3521 1130 3637 1196 hoc,

2061 1232 2117 1273 ιιι
2147 1234 2305 1274 nosse
2335 1227 2387 1274 te
2416 1219 2694 1283 existimo,
2725 1218 2857 1273 ﬁdes
2884 1219 3148 1273 catholica
3179 1227 3233 1274 et
3260 1235 3386 1274 sana
3419 1237 3526 1275 non
3553 1238 3638 1275 re-

2059 1308 2202 1377 cepit
2220 1309 2240 1339 ²
2266 1326 2279 1361 :
2308 1307 2448 1363 unde
2478 1307 2717 1362 nonnulli
2743 1307 3025 1378 Origenem
3053 1323 3263 1379 quoque
3289 1309 3465 1379 ipsum
3510 1311 3640 1365 alie-

2059 1414 2185 1453 num
2202 1397 2362 1454 fuisse
2380 1401 2447 1455 ab
2462 1399 2562 1454 hoc
2574 1415 2758 1455 errore
2774 1401 2854 1455 vel
2873 1400 3119 1469 probant,
3136 1401 3217 1456 vel
3238 1402 3443 1456 volunt.
3465 1403 3644 1458 Restat

2061 1492 2238 1562 igitur,
2266 1501 2358 1545 aut
2382 1498 2507 1546 ante
2535 1492 2851 1561 supplicium
2876 1491 3014 1563 ignis
3036 1493 3243 1558 aeterni,
3270 1494 3431 1548 etiam
3456 1510 3643 1549 neces-

2060 1583 2190 1638 sitas
2232 1583 2330 1638 ista
2379 1583 2634 1652 peccandi
2672 1598 2862 1652 magna
2907 1583 2977 1637 sit
3004 1582 3214 1638 diabolo
3238 1585 3415 1654 magni
3441 1584 3463 1615 ³
3490 1600 3643 1655 paena

2063 1667 2266 1738 peccati
2290 1683 2462 1737 neque
2487 1666 2617 1722 hinc
2642 1676 2934 1723 excusetur
2960 1683 2991 1722 a
3018 1669 3242 1723 crimine
3260 1709 3274 1734 ,
3304 1670 3557 1740 quoniam
3593 1681 3644 1726 et

2061 1762 2160 1815 ista
2191 1760 2418 1816 vindicta
2442 1769 2527 1816 est
2551 1775 2650 1832 pro
2670 1762 2904 1815 maximo
2932 1761 3159 1816 crimine
3178 1759 3219 1828 ⁸,
3253 1770 3313 1816 ιιι
3347 1777 3471 1817 eum
3500 1763 3642 1819 dele-

2060 1864 2169 1911 ctet
2211 1854 2322 1909 sola
2367 1854 2589 1921 malitia,
2631 1868 2731 1909 nec
2772 1854 2943 1924 possit
2984 1852 3253 1909 delectare
3296 1854 3524 1923 justitia.
3564 1854 3645 1910 Ad

2062 1945 2199 2001 hanc
2223 1955 2401 2000 autem
2423 1944 2532 2016 jam
2561 1944 2829 2016 poenalem
2853 1944 3111 2014 peccandi
3135 1947 3511 2001 necessitatem
3541 1961 3642 2001 non

2063 2037 2245 2106 utique
2273 2036 2638 2106 pervenisset,
2668 2035 2770 2090 nisi
2802 2035 2949 2104 prius
2978 2034 3145 2091 libera
3175 2036 3472 2101 voluntate,
3500 2037 3639 2090 nulla

2062 2126 2384 2182 necessitate
2417 2135 2714 2196 peccasset.
2757 2124 3006 2180 Deﬁnitio
3048 2126 3227 2196 itaque
3262 2126 3349 2180 illa
3402 2126 3638 2195 peccati,

2061 2234 2182 2275 cum
2206 2218 2265 2273 ﬁt
2291 2218 2433 2289 quod
2455 2217 2659 2287 justitia
2680 2226 2844 2280 vetat,
2877 2226 2931 2272 et
2951 2215 3093 2271 unde
3116 2217 3338 2272 liberum
3362 2224 3447 2271 est
3484 2217 3641 2271 absti~

2063 2325 2214 2378 nere,
2251 2308 2318 2364 ad
2359 2308 2486 2364 illud
2532 2318 2809 2380 peccatum
2836 2306 3069 2378 pertinet
3097 2306 3234 2377 quod
3277 2307 3638 2362 tantummodo

2060 2410 2338 2474 peccatum
2368 2410 2470 2467 est,
2501 2416 2607 2455 non
2636 2399 2778 2469 quod
2803 2400 2962 2454 etiam
2984 2413 3142 2469 pana
3173 2399 3396 2468 peccati.

2131 2491 2363 2547 XLVIII.
2392 2492 2512 2547 JUL.
2545 2492 2613 2546 Et
2636 2491 2831 2545 malum
2861 2506 2988 2561 ergo
3013 2499 3067 2545 et
3096 2491 3294 2545 bonum
3325 2506 3393 2544 ex
3435 2492 3639 2560 propria

2062 2582 2334 2638 voluntate
2380 2582 2541 2637 facit:
2574 2581 2668 2637 sed
2709 2581 2907 2636 bonum
2935 2595 3091 2636 suum
3132 2580 3292 2634 etiam
3330 2580 3441 2635 Deo
3468 2580 3641 2645 debet,

2063 2674 2152 2744 qui
2178 2675 2314 2744 parti
2345 2673 2487 2739 huic,
2522 2688 2628 2728 non
2669 2673 2884 2743 quidem
2923 2671 3311 2745 praajudiciu'm,
3340 2683 3522 2730 tamen
3554 2676 3646 2730 ad-

2059 2765 2316 2835 jutorium
2347 2765 2738 2821 subministrat.

2136 2858 2269 2913 Auc.
2304 2856 2432 2911 'I'am
2459 2856 2657 2911 bonum
2701 2864 2848 2912 certe
2888 2872 3044 2926 quam
3089 2859 3286 2912 malum
3324 2872 3391 2911 ex
3435 2858 3646 2929 propria

2064 2947 2248 3016 homo,
2278 2948 2413 3002 sicut
2440 2947 2593 3012 dicis,
2613 2948 2890 3003 voluntate
2913 2947 3063 3014 facit,
3092 2956 3145 3002 et
3173 2948 3450 3017 utriusque
3476 2949 3527 3002 in
3556 2949 3648 3003 illo

2065 3039 2391 3109 possibilitas
2421 3053 2572 3107 requa
2601 3038 2754 3093 lance
2780 3039 3029 3100 libratur,
3057 3047 3110 3093 et
3134 3038 3201 3092 ad
3223 3039 3244 3069 ⁸
3267 3038 3407 3093 bene
3443 3038 3645 3094 facien-

2065 3130 2191 3185 dum
2222 3130 2363 3184 Deus
2392 3129 2716 3200 adjutorium
2741 3128 3111 3184 subministrat
3142 3146 3155 3183 :
3180 3143 3277 3182 cur
3295 3143 3422 3198 ergo
3439 3129 3506 3183 ad
3534 3144 3651 3199 pec-

2064 3221 2292 3279 candum
2333 3221 2623 3292 proclivior
2665 3228 2747 3275 est
2786 3229 2976 3274 natura
3022 3219 3327 3274 mortalium
3352 3219 3394 3285 ‘,
3433 3220 3480 3273 si
3519 3220 3650 3275 nihil
3740 3273 3747 3279 .

2065 3313 2177 3384 egit
2215 3311 2475 3383 originale
2516 3310 2833 3379 peccatum?
2861 3309 3116 3377 Quamvis
3143 3317 3199 3364 et
3240 3311 3413 3380 ipsum
3438 3308 3653 3379 adjuto-

2067 3404 2229 3467 rium,
2274 3401 2414 3472 quod
2450 3400 2860 3473 subministrare
2888 3401 3054 3455 Deum
3099 3400 3353 3471 cogimini
3382 3400 3645 3465 conﬁteri,

2067 3493 2224 3564 quale
2257 3490 2450 3547 dicatis
2484 3507 2638 3558 esse,
2668 3506 2778 3544 non
2816 3489 3001 3544 lateat.
3044 3488 3243 3560 Legem
3281 3490 3512 3560 quippe,
3542 3506 3647 3545 non

2068 3585 2313 3655 spiritum
2333 3571 2513 3639 dicitis
2537 3623 2551 3648 ,
2580 3596 2700 3637 cum
2740 3581 2935 3638 Paulus
2960 3580 3235 3650 apostolus
3263 3596 3364 3651 per
3388 3580 3650 3635 submini-

2068 3664 2380 3732 strationem
2401 3674 2632 3743 Spiritus
2654 3673 2823 3728 sancti
2850 3685 2948 3726 nos
2973 3670 3166 3727 doceat
3201 3671 3440 3741 adjuvari
3478 3670 3644 3742 (Phi-

2070 3766 2198 3839 lipp.
2220 3782 2259 3834 ι,
2291 3763 2403 3837 I9).
2432 3763 2584 3832 Quod
2628 3762 2748 3817 ideo
2787 3760 3313 3817 commemorandum
3342 3760 3560 3831 putavi,
3589 3776 3653 3815 ne

2071 3859 2208 3914 forte
2231 3857 2321 3927 qui
2347 3856 2569 3911 audiant
2605 3854 2689 3908 vel
2719 3853 2903 3923 legunt
2937 3851 3005 3907 de
3045 3851 3547 3906 subministratione
3572 3851 3653 3905 di-

2069 3952 2178 4005 vini
2197 3948 2447 4019 adjutorii
2473 3945 2790 4003 sententiam
2818 3953 2982 4012 tuam,
3001 3943 3383 3999 obliviscantur
3401 3942 3651 3999 hzeresim

2069 4048 2300 4096 vestram
2311 4078 2324 4089 .

2140 4129 2328 4186 XLIX.
2358 4128 2476 4183 JUL.
2506 4127 2735 4182 Tantum
2757 4139 2886 4195 ergo
2907 4124 3047 4180 valet
3079 4123 3179 4179 ista
3204 4122 3499 4188 distinctio,
3527 4130 3584 4176 ut
3608 4121 3652 4177 si

2070 4222 2394 4283 nescientes,
2424 4216 2567 4289 quod
2599 4231 2630 4270 a
2659 4215 2898 4286 possibili
2940 4213 3160 4283 incipit,
3199 4212 3253 4268 in
3285 4212 3649 4268 necessarium
3712 4259 3727 4265 -

2070 4310 2472 4376 concludamus,
2519 4308 2700 4363 omnia
2744 4307 2966 4361 crimina
3010 4303 3078 4360 ad
3125 4304 3291 4359 Deum
3343 4312 3649 4359 recurrant.

2070 4402 2223 4472 Quod
2241 4399 2564 4457 Manichacus
2592 4397 2797 4463 videns,
2822 4396 3070 4452 tenebras
3097 4395 3299 4465 peccati
3329 4394 3655 4463 excogitavit

2070 4504 2316 4550 auctores
2348 4508 2363 4546 :
2404 4506 2511 4547 non
2549 4489 2692 4544 enim
2730 4487 2899 4541 valuit
2928 4487 3067 4541 inter
3106 4482 3360 4554 possibile
3399 4498 3654 4537 necessa-

2071 4586 2314 4654 riumque
2337 4582 2681 4651 distinguere.
2708 4578 2877 4634 Omne
2898 4592 3025 4647 ergo
3054 4574 3195 4647 quod
3225 4574 3542 4629 naturaliter
3566 4574 3659 4628 lia-

2072 4677 2162 4732 bet
2183 4676 2364 4736 homo,
2393 4687 2423 4726 a
2444 4671 2732 4727 necessarii
2766 4678 2918 4739 parte
2956 4668 3179 4723 sortitus
3207 4674 3291 4722 est
3334 4686 3347 4720 :
3393 4666 3518 4736 quia
3548 4681 3657 4720 non

2076 4766 2243 4839 potuit
2259 4764 2417 4819 aliter
2439 4778 2560 4818 esse
2584 4777 2743 4833 quam
2770 4760 2942 4815 factus
2965 4768 3068 4815 est.

2147 4858 2281 4912 Auc.
2328 4854 2446 4909 Jam
2483 4853 2641 4924 paulo
2686 4860 2809 4906 ante
2848 4849 3161 4917 monstravi,
3210 4863 3369 4919 quam
3405 4862 3543 4902 vana
3590 4848 3661 4902 sit

2076 4946 2336 5002 sententia
2356 4945 2464 5011 ista
2490 4961 2501 4996 :
2540 4941 2943 4998 stolidissimum
2973 4949 3054 4996 est
3083 4939 3227 4994 enim
3251 4939 3295 5007 ⁷,
3325 4937 3527 4993 habere
3554 4937 3660 4992 ho-

2144 5184 2161 5215 ί
2197 5188 2247 5231 ιη
2271 5180 2417 5249 editis
2437 5180 2684 5249 οωίεεξιιφς
2707 5174 2943 5249 comedo
2964 5175 3230 5249 ξεαπιάιμπι
3244 5180 3351 5225 ηεαδ
3366 5175 3664 5249 rm

2077 5247 2435 5316 nesegccusetur
2458 5254 2490 5290 a
2512 5237 2730 5291 crimine.
2752 5239 2946 5301 Legitur
2970 5244 3134 5288 tamen
3154 5238 3205 5287 in
3247 5237 3474 5287 omnibus
3496 5248 3665 5285 mauu-

2078 5311 2325 5424 δοξριῗξεὶη
2349 5362 2536 5427 recipit.

2144 5426 2167 5460 ⁸
2198 5422 2335 5484 Editi,
2360 5422 2552 5488 "mgna,
2567 5422 2822 5488 mendose.
2900 5483 2928 5488 __
2958 5483 2967 5488 _
3032 5458 3039 5459 κ

2146 5488 2169 5518 ι
2203 5490 2277 5537 Sic
2293 5475 2396 5537 ai'ss.
2419 5475 2609 5534 ti'ar.'et
2630 5482 2750 5532 Clar.
2778 5490 2833 5532 At
2854 5483 2990 5545 editi,
3006 5488 3077 5533 est
3099 5481 3324 5545 proxim
3345 5475 3565 5531 crimine.

2143 5551 2165 5581 ⁸
2198 5555 2347 5597 vetus
2360 5546 2513 5597 codex
2537 5553 2685 5603 Port.,
2709 5544 2795 5595 sed
2817 5544 2900 5595 ad.

2149 5610 2169 5641 ⁸
2204 5610 2492 5680 νὶεῐιὶετὶιιδ,
2512 5601 2686 5673 natura
2703 5605 2913 5656 humana
2936 5601 3226 5655 mortalium.
3252 5604 3417 5665 Abest,
3433 5602 3666 5665 humana,

2088 5686 2115 5722 3
2139 5678 2491 5730 manuscriptis.

2158 5734 2176 5765 τ
2209 5740 2351 5779 Vetus
2373 5732 2523 5779 codex
2551 5736 2671 5779 hort.
2699 5729 2776 5779 hic
2799 5727 2957 5789 addit,
2995 5727 3172 5778 dicere.
