3934 6178
350 283 481 349 αδδ

350 406 521 460 mines
573 404 888 459 naturaliter
934 401 1339 473 possibilitatem
1388 401 1769 466 manducandi,
1822 403 1916 457 sed

342 510 444 551 non
472 495 783 549 naturaliter
817 494 964 549 cibos
1003 503 1204 549 natura:
1243 508 1507 564 congruos
1549 492 1911 559 manducare;

342 598 432 642 aut
462 587 662 642 habere
706 586 949 642 homines
987 586 1300 641 naturaliter
1334 584 1916 654 possibilitatem,cou-

342 678 644 745 cumbendi,
675 679 769 734 sed
809 692 915 732 non
953 676 1267 731 naturaliter
1306 676 1627 746 genitalibus
1670 675 1923 729 membris

343 786 500 825 sexus
552 770 827 838 utriusque
862 767 1245 821 concumbere.
1288 766 1418 834 Quis
1470 765 1573 820 hoc
1626 764 1786 832 dicat,
1833 765 1921 834 qui

341 853 644 917 considerat
681 868 971 927 utcumque
995 857 1011 888 ί
1044 857 1183 926 quod
1230 855 1397 911 dicit?
1438 854 1735 925 Utrumque
1779 856 1924 909 enim

342 951 583 1005 naturale
607 957 709 1017 cst,
731 960 784 1005 et
805 949 945 1019 quod
977 949 1088 1003 ﬁeri
1117 957 1337 1018 possunt
1360 948 1481 1013 ista,
1509 956 1563 1001 et
1588 946 1729 1017 quod
1754 945 1884 999 ﬁunt
1907 963 1921 1001 :

339 1043 429 1096 sed
452 1049 534 1096 est
555 1040 681 1095 illud
710 1049 763 1095 et
786 1039 998 1110 quando
1030 1039 1311 1105 nolumus;
1343 1038 1444 1094 hoc
1468 1053 1573 1092 non
1597 1047 1677 1092 est
1706 1038 1804 1092 nisi
1833 1054 1926 1093 ve—

340 1131 516 1183 limus.

409 1220 473 1274 L.
504 1220 624 1276 Jun.
658 1220 851 1276 Malum
874 1229 1051 1275 autem
1086 1218 1223 1289 quod
1255 1221 1379 1289 agit,
1404 1235 1431 1272 a
1461 1220 1699 1292 possibili
1723 1218 1850 1289 agit.

410 1313 544 1367 Anu.
574 1311 804 1366 Attende
833 1327 954 1366 eum
981 1311 1067 1380 qui
1100 1310 1248 1377 dicit,
1274 1309 1425 1377 Quod
1449 1311 1566 1365 nolo
1593 1311 1805 1374 malum,
1834 1308 1927 1361 Itoc

339 1420 476 1475 ago;
521 1412 575 1458 et
620 1402 885 1474 responde
943 1411 1118 1456 utrum
1163 1402 1532 1456 necessitatem
1578 1417 1683 1455 non
1735 1401 1929 1454 habeat

337 1494 529 1564 agendi
556 1495 779 1559 malum,
810 1492 903 1564 qui
934 1508 1038 1547 non
1064 1495 1085 1525 ³
1111 1492 1255 1563 quod
1292 1494 1403 1547 vult
1432 1493 1557 1547 facit
1582 1493 1803 1558 bonum,
1831 1490 1926 1547 sed

336 1585 481 1655 quod
511 1601 618 1641 non
646 1586 757 1640 vult
778 1588 995 1653 malum,
1030 1585 1131 1639 hoc
1155 1584 1283 1654 agit.
1315 1585 1465 1650 Quod
1492 1585 1538 1638 si
1570 1585 1825 1655 Apostolo
1844 1599 1931 1638 re-

339 1691 579 1746 pugnare
602 1682 708 1730 ‘non
735 1676 920 1744 audes,
951 1691 1077 1731 ecce
1107 1674 1269 1729 homo
1309 1690 1337 1728 a
1381 1677 1685 1730 necessario
1728 1674 1926 1729 malum

335 1783 503 1838 agens
529 1768 866 1823 deﬁnitiones
902 1776 1018 1824 tuas
1044 1766 1329 1836 disrumpit
1354 1776 1407 1821 et
1436 1766 1660 1836 dissipat
1686 1785 1698 1820 :
1730 1782 1923 1821 neces-

334 1860 496 1914 sitate
534 1860 730 1930 quippe
765 1859 963 1913 malum
995 1859 1121 1928 agit,
1146 1858 1236 1928 qui
1267 1872 1373 1911 non
1408 1859 1539 1922 vult,
1564 1867 1618 1913 et
1648 1857 1772 1926 agit.
1813 1856 1926 1911 Hoc

335 1956 515 2003 autem
535 1949 677 2018 quod
708 1948 895 2003 nolens
922 1948 1049 2018 agit,
1077 1948 1120 2001 si
1150 1947 1518 2002 tantummodo
1547 1947 1929 2017 concupiscere

333 2049 421 2094 est
438 2054 620 2104 carne,
649 2040 763 2094 sine
788 2040 895 2093 ulla
922 2039 1117 2094 mentis
1146 2038 1501 2093 consensione
1534 2036 1929 2091 membrorum-

332 2146 443 2199 que
468 2130 813 2199 operatione;
845 2129 981 2181 mala
1007 2137 1089 2183 est
1116 2136 1171 2181 et
1209 2124 1637 2195 concupiscentia
1667 2124 1690 2156 ³
1724 2125 1921 2191 carnis,

333 2223 548 2276 etiamsi
582 2235 692 2275 non
718 2222 767 2276 ei
794 2221 1159 2276 consentiatur
1189 2218 1255 2273 ad
1287 2218 1518 2282 malum;
1549 2232 1707 2286 quam
1750 2224 1802 2270 te
1848 2225 1929 2269 ta-

334 2326 464 2365 men
508 2310 724 2364 laudare
756 2310 1024 2364 delectat:
1060 2309 1103 2363 si
1139 2316 1314 2361 autem
1346 2313 1548 2360 tantum
1589 2306 1796 2375 cogitur
1832 2305 1930 2359 istc

331 2402 430 2472 qui
460 2403 674 2466 clamat,
709 2400 859 2467 Quod
879 2401 996 2454 nolo
1023 2399 1214 2452 malum
1234 2439 1248 2463 ,
1276 2398 1372 2451 hoc
1397 2414 1494 2468 ago
1515 2438 1529 2461 ,
1557 2405 1614 2450 ut
1642 2395 1803 2451 etiam
1832 2410 1927 2449 sua

331 2491 577 2548 membra
606 2492 858 2547 exhibeat
882 2505 1027 2544 arma
1059 2496 1307 2557 peccato;
1332 2503 1440 2541 non
1469 2486 1643 2541 solum
1670 2486 1926 2555 concupi-

331 2591 556 2638 scuntur
594 2597 624 2635 a
660 2581 963 2635 necessario
999 2579 1158 2643 mala,
1186 2593 1369 2632 verum
1392 2578 1551 2631 etiam
1584 2575 1929 2632 committun-

332 2685 442 2731 tur.
475 2672 575 2729 Ubi
604 2672 728 2726 suut
753 2670 1087 2725 deﬁnitiones
1112 2675 1235 2731 tum,
1268 2682 1404 2736 quas
1432 2674 1578 2721 tanta
1606 2664 1927 2735 loquacitate

331 2764 660 2836 distinguis?
684 2763 887 2832 Nempe
913 2770 969 2816 ιιι
996 2760 1171 2815 fumus
1198 2759 1509 2815 defecerunt
1537 2767 1591 2813 et
1631 2758 1921 2828 perierunt.

331 2858 705 2914 Necessarium
735 2864 892 2923 atque
919 2852 1171 2923 possibile
1197 2867 1384 2921 magna
1412 2866 1538 2906 cura
1564 2848 1925 2905 discernenda

330 2948 712 3014 commendas,
743 2945 1101 3000 necessarium
1137 2943 1322 2997 dicens
1362 2956 1483 2997 esse
1510 2940 1650 3011 quod
1692 2941 1805 2993 ﬁeri
1832 2955 1927 2994 ne-

330 3055 492 3099 cesse
518 3050 633 3103 eSt;
665 3035 918 3104 possibile
948 3045 1125 3088 autem
1154 3031 1294 3101 quod
1325 3032 1437 3086 ﬁcri
1470 3039 1664 3098 potest,
1695 3029 1789 3083 sed
1834 3043 1928 3083 ne-

334 3145 496 3187 cesse
523 3144 629 3183 non
661 3135 762 3182 est.
809 3124 1038 3179 Proinde
1081 3125 1452 3179 necessitatem
1493 3120 1797 3174 necessario
1828 3118 1927 3171 tri-

332 3221 508 3276 buis:
557 3218 810 3288 possibile
850 3230 978 3271 vero
1025 3215 1172 3269 nulla
1217 3214 1536 3268 necessitate
1584 3211 1926 3280 constringis.

333 3317 507 3372 Malos
528 3324 677 3369 actus
710 3328 814 3367 non
845 3311 943 3365 das
968 3309 1294 3372 necessario,
1324 3307 1416 3362 sed
1450 3305 1719 3376 possibili;
1752 3315 1805 3359 et
1845 3304 1928 3358 di-

331 3409 414 3463 cis
457 3408 680 3475 loquens
712 3402 781 3457 de
823 3402 1072 3466 homine,
1118 3397 1318 3452 Malum
1363 3406 1530 3450 autem
1567 3395 1700 3466 quod
1729 3395 1863 3466 agit,
1897 3412 1931 3448 a

337 3499 571 3572 possibili
610 3496 747 3567 agit;
798 3509 866 3548 ne
902 3493 1179 3563 quisquam
1223 3491 1360 3543 male
1403 3503 1559 3558 agere
1589 3487 1926 3553 necessitate,

338 3607 452 3648 non
478 3591 771 3653 voluntate,
800 3586 1025 3639 dicatur.
1062 3582 1167 3638 Sed
1199 3580 1439 3651 procedit
1481 3580 1533 3633 in
1566 3579 1797 3634 medium
1839 3578 1929 3648 qui

337 3685 440 3740 tibi
468 3681 792 3737 validissime
821 3675 1172 3739 contradicit,
1203 3682 1259 3729 et
1286 3674 1451 3727 dicit:
1490 3671 1626 3738 Quid
1665 3679 1749 3725 est
1789 3670 1930 3741 quod

337 3774 512 3830 dicis?
538 3774 673 3827 Ecce
703 3785 802 3840 ego
831 3786 932 3822 non
957 3766 1094 3839 quod
1122 3766 1256 3831 volo,
1279 3764 1413 3833 facio
1439 3764 1661 3828 bonum;
1687 3765 1774 3817 sed
1793 3763 1931 3834 quod

338 3866 464 3920 nolo
494 3864 701 3928 malum,
738 3862 831 3914 hoc
852 3876 947 3929 ago
969 3856 1145 3931 (Rom.
1169 3871 1238 3908 vn
1256 3895 1271 3921 ,
1302 3853 1413 3925 l9).
1441 3852 1634 3907 Notum
1663 3861 1745 3907 est
1789 3852 1929 3923 quod

341 3958 509 4012 homo
534 3955 735 4025 primus
755 3951 1025 4006 voluntate
1052 3947 1249 4002 malum
1280 3945 1406 4015 egit,
1431 3958 1538 3999 non
1568 3943 1886 3998 necessitate
1915 3961 1928 3997 :

341 4048 445 4104 sed
470 4048 569 4102 iste
597 4046 684 4115 qui
705 4044 853 4107 dicit,
880 4038 1028 4106 Quod
1054 4037 1172 4091 nolo
1209 4037 1431 4103 malum,
1465 4036 1559 4089 hoc
1585 4051 1719 4106 ago;
1747 4048 1935 4089 neces-

342 4140 503 4193 sitate
545 4152 605 4191 se
642 4132 876 4193 ostendit
917 4130 1115 4185 malum
1164 4144 1322 4200 agere
1348 4170 1362 4194 ,
1407 4142 1511 4182 non
1542 4127 1848 4191 voluntate;
1881 4134 1936 4179 et

342 4230 482 4286 nens
512 4228 754 4283 miserias
780 4239 922 4289 suas,
951 4222 1090 4276 ridet
1114 4220 1449 4276 delinitiones
1477 4227 1612 4273 tuas.

420 4319 507 4374 LI.
556 4318 679 4372 Jun.
724 4315 834 4369 Nisi
880 4327 1008 4382 ergo
1046 4311 1345 4366 necessaria
1376 4308 1697 4379 possibilitas
1726 4306 1932 4373 fuisset,

347 4412 573 4468 effectus
599 4406 866 4479 possibilis
892 4419 998 4458 non
1042 4401 1245 4456 fuisset.
1271 4400 1490 4469 Utergo
1529 4399 1700 4468 possit
1735 4397 1934 4451 malum

346 4511 403 4556 et
433 4502 629 4555 bonum
666 4496 863 4561 facere,
902 4492 1262 4548 necessarium
1289 4497 1373 4544 est
1401 4498 1497 4543 :ut
1522 4497 1700 4542 autem
1738 4487 1935 4540 malum

350 4593 534 4658 faciat,
572 4606 677 4645 non
720 4586 1045 4650 necessario,
1082 4583 1178 4640 sed
1218 4580 1457 4652 possibili
1495 4595 1592 4634 suo
1626 4578 1803 4633 debet.
1835 4577 1937 4633 Ubi

352 4694 535 4740 autem
589 4680 912 4751 possibilitas
960 4689 1041 4732 est
1096 4675 1259 4745 partis
1307 4674 1606 4742 utriusque,
1648 4670 1937 4725 necessitas

350 4785 539 4831 neutra
562 4783 661 4829 est.
692 4772 781 4827 Sic
809 4772 865 4824 lit
905 4778 962 4823 ut
1000 4767 1133 4822 nihil
1165 4766 1235 4820 sit
1273 4764 1415 4818 aliud
1445 4772 1750 4832 peccatum,
1775 4776 1936 4831 quam

350 4869 600 4920 voluntas
626 4863 812 4933 agendi
857 4860 995 4931 quod
1022 4859 1223 4929 justitia
1260 4866 1418 4922 vetat,
1448 4864 1503 4910 et
1533 4856 1670 4908 unde
1712 4854 1934 4907 liberum

352 4967 437 5013 est
463 4955 748 5010 abstinere.
774 4953 829 5009 Si
859 4951 990 5005 nihil
1022 4949 1089 5003 sit
1111 4957 1287 5002 autem
1314 4945 1457 5000 aliud
1486 4946 1748 5009 voluntas,
1779 4957 1936 5014 quam

351 5058 531 5105 motus
564 5047 746 5109 animi,
775 5051 998 5115 cogente
1024 5041 1199 5104 nullo;
1232 5037 1499 5109 quomodo
1530 5051 1658 5106 ergo
1690 5037 1850 5099 Dens,
1879 5044 1936 5088 ut

356 5140 612 5196 mundum
644 5138 862 5203 faceret,
891 5151 920 5190 a
957 5133 1194 5204 possibili
1240 5132 1452 5193 habuit;
1487 5130 1714 5183 mundus
1763 5138 1940 5182 autem

358 5233 493 5301 ipse,
520 5240 580 5285 ut
604 5229 878 5291 existeret,
909 5242 936 5280 a
969 5224 1271 5279 necessario
1300 5222 1518 5291 pertulit
1550 5237 1562 5270 :
1598 5220 1667 5273 ita
1697 5220 1855 5273 etiam
1887 5218 1939 5272 in

348 5324 585 5393 imagine
627 5323 717 5376 Dei
761 5319 936 5374 simile
978 5315 1227 5386 quiddam
1271 5312 1600 5377 intelligitur.
1637 5310 1843 5378 Quippe
1885 5317 1943 5361 ut

359 5413 571 5486 habeat,
598 5426 753 5480 quam
782 5410 1000 5478 elegerit
1022 5406 1369 5467 voluntatem,
1394 5418 1499 5455 non
1526 5402 1759 5471 cogitur;
1792 5399 1885 5455 sed
1911 5414 1941 5452 a

361 5504 595 5573 possibili
617 5504 664 5557 ei
694 5502 837 5556 venit
864 5519 878 5555 :
910 5499 1035 5553 illud
1062 5506 1239 5554 autem
1271 5496 1411 5566 quod
1446 5495 1583 5549 male
1611 5493 1817 5559 fecerit,
1844 5508 1940 5547 ne-

426 5635 441 5666 ι
476 5637 549 5684 sic
569 5641 675 5682 Mss.
705 5639 751 5682 tu
776 5634 934 5695 vign.,
958 5635 1229 5693 utrumque.

424 5698 445 5760 ξ
476 5698 737 5760 sicomnes
760 5686 863 5743 uss".
892 5686 944 5760 at
968 5694 1082 5742 editi
1105 5686 1209 5760 pro,
1236 5689 1317 5752 qui
1339 5702 1463 5759 non;
1495 5690 1705 5760 habent,
1731 5686 1941 5753 quando.

427 5758 449 5789 ³
476 5758 634 5807 (index
651 5763 797 5816 Port.,
816 5755 945 5803 mala
962 5762 1030 5804 est
1054 5755 1153 5803 sola
1175 5755 1573 5814 concupiscentia.

1709 285 1910 346 LIBER
1950 282 2264 359 QUINTUS.

3470 292 3607 356 N86

2031 405 2333 459 cessitatem
2363 394 2520 459 habet
2558 412 2752 460 reatus.
2782 402 2857 461 Ita
2887 407 3087 464 crimen
3124 417 3154 463 'a
3191 411 3494 468 heCessario
3522 412 3609 468 in:

2028 496 2197 551 currit
2224 495 2526 561 horrorem;
2559 496 2683 552 licet
2709 508 2948 555 exortum
2976 501 3063 567 sit,
3086 518 3188 557 non
3212 519 3240 556 a
3269 503 3608 565 necessitate.

2029 587 2122 641 sed
2161 601 2190 639 a
2231 586 2577 655 possibilitate
2617 587 2878 644 facientis.
2905 591 3052 660 Opus
3082 608 3208 664 ergo
3244 586 3609 665 possibilitatis

2031 675 2390 730 testimonium
2421 685 2502 731 est
2529 677 2680 732 liberi
2708 678 3010 735 animantis.

2102 786 2237 841 Anc.
2278 786 2393 840 .lam
2428 797 2477 841 te
2508 789 2723 843 omnino
2748 791 2982 862 negligit,
3004 793 3093 862 qui
3109 809 3170 849 ea
3198 810 3314 865 quae
3334 797 3427 852 tibi
3452 812 3613 869 supra

2032 877 2425 944 respondimus,
2467 878 2611 948 legit.
2659 878 2919 946 Quoniam
2975 884 3065 953 qui
3112 884 3259 953 dicit,
3311 885 3430 942 Non
3476 893 3612 961 quod

2030 967 2164 1032 volo,
2194 970 2326 1038 facio
2352 970 2535 1022 bonum
2554 988 2573 1036 ;
2594 972 2681 1025 sed
2703 973 2837 1042 quod
2863 975 2978 1028 nolo
3006 977 3214 1045 malum,
3239 978 3333 1033 hoc
3362 998 3459 1052 ago
3481 998 3500 1047 ;
3521 1000 3616 1039 nec

2031 1062 2281 1115 cessitate
2328 1076 2386 1115 se
2425 1061 2489 1115 ad
2519 1062 2780 1132 agendum
2819 1065 3016 1120 malum
3064 1070 3232 1138 premi
3259 1072 3389 1128 satis
3427 1086 3613 1143 aperto

2034 1151 2231 1204 iudicat
2271 1159 2325 1206 et
2352 1152 2586 1206 ostendit
2615 1152 2807 1208 falsum
2836 1171 2953 1210 esse
2977 1158 3118 1228 quod
3145 1160 3300 1227 dicis,
3329 1162 3397 1217 Ut
3426 1165 3616 1218 malum

2033 1242 2206 1329 faciat,
2242 1259 2342 1297 non
2372 1246 2652 1298 necessario
2678 1286 2693 1311 ,
2716 1246 2803 1300 sed
2829 1248 3054 1318 possibili
3079 1267 3170 1307 suo
3199 1252 3340 1307 debet
3367 1270 3386 1308 :
3417 1264 3471 1310 et
3508 1271 3614 1311 CiC-

2034 1341 2146 1387 tera
2170 1334 2289 1387 talia
2320 1350 2438 1403 quae
2463 1335 2632 1404 garris
2656 1336 2899 1392 inaniter.
2927 1339 3015 1395 Sic
3044 1341 3101 1393 ﬁt
3122 1350 3180 1396 ut
3206 1342 3295 1398 illa
3314 1344 3330 1375 ¹
3349 1343 3616 1413 deﬁnitio,

2032 1440 2133 1495 qua
2162 1423 2373 1491 dicitur,
2396 1441 2518 1482 esse
2546 1440 2822 1497 peccatum
2858 1430 3102 1487 voluntas
3138 1435 3328 1504 agendi
3363 1437 3505 1506 quod
3531 1437 3617 1508 ju~

2033 1517 2175 1571 stitia
2206 1526 2371 1583 vetat,
2399 1528 2453 1572 et
2481 1518 2619 1572 unde
2646 1518 2869 1574 liberum
2897 1530 2978 1575 est
3011 1523 3302 1587 abstinere.
3336 1526 3465 1581 illud
3493 1544 3620 1597 pec-

2032 1615 2208 1660 catum
2251 1608 2673 1676 complectatur,
2715 1610 2851 1664 sicut
2890 1611 3001 1680 iam
3042 1614 3287 1683 superius
3324 1616 3615 1682 admonui,

2032 1697 2173 1766 quod
2223 1699 2590 1754 tantummodo
2640 1712 2911 1769 peccatum
2956 1713 3074 1771 est,
3120 1722 3225 1760 non
3267 1708 3409 1778 quod
3452 1711 3615 1765 etiam

2033 1800 2187 1855 pmna
2234 1789 2457 1856 peccati.
2487 1789 2601 1843 Tali
2645 1806 2875 1861 namque
2918 1809 3072 1862 paena
3114 1795 3213 1852 iste
3255 1798 3447 1868 agebat
3473 1801 3618 1871 quod

2034 1878 2250 1933 nolebat
2279 1880 2513 1957 malum;
2548 1880 2687 1935 unde
2711 1881 2784 1935 illi
2814 1882 2858 1936 si
2888 1883 3112 1939 liberum
3153 1895 3298 1942 esset
3321 1889 3614 1959 abalinere,

2034 1984 2364 2039 nequaquam
2390 1970 2612 2038 diceret,
2641 1971 2763 2027 Non
2785 1975 2919 2044 quod
2943 1977 3054 2029 volo
3074 2016 3090 2042 ,
3119 1979 3251 2049 facio
3271 1979 3503 2048 ibonum;
3527 1983 3617 2037 sed

2034 2060 2169 2129 quod
2199 2060 2315 2113 nolo
2362 2062 2583 2126 malum,
2613 2063 2706 2116 hoc
2734 2080 2849 2135 ago.
2894 2065 3043 2120 Sicut
3080 2082 3208 2138 ergo
3242 2085 3341 2125 nos
3376 2075 3620 2142 agnosci-

2035 2165 2151 2203 mus
2178 2148 2447 2204 hominem
2479 2151 2530 2205 in
2561 2166 2785 2221 corpore
2817 2155 2935 2209 vita:
2975 2156 3119 2212 illius
3162 2159 3397 2226 beatum,
3431 2163 3519 2219 ubi
3556 2165 3621 2218 li-

2034 2241 2221 2296 berum
2253 2242 2436 2297 habuit
2472 2245 2492 2275 ²
2539 2245 2680 2314 quod
2710 2246 2870 2301 vellet
2898 2263 3085 2317 agere,
3117 2251 3231 2307 sive
3260 2251 3480 2321 bonum,
3507 2257 3621 2311 sive

2034 2331 2230 2384 malum
2264 2350 2277 2386 :
2308 2332 2386 2387 sic
2411 2341 2466 2387 et
2496 2343 2548 2387 tu
2585 2350 2815 2404 agnosce
2840 2336 3108 2393 hominem
3135 2340 3187 2394 in
3218 2357 3444 2412 corpore
3467 2361 3617 2401 moro

2036 2420 2102 2483 tis
2132 2420 2291 2490 hujus
2318 2423 2607 2490 miserum,
2633 2426 2722 2480 ubi
2764 2428 2965 2495 perdita
3008 2429 3256 2487 libertate
3293 2434 3446 2489 audis
3492 2451 3617 2491 eum

2033 2508 2232 2575 dicere,
2266 2510 2387 2564 Non
2412 2513 2548 2581 quod
2575 2514 2707 2578 volo,
2739 2532 2870 2586 ago;
2898 2517 2988 2571 sed
3006 2520 3141 2588 quod
3164 2521 3269 2586 odi,
3296 2522 3428 2577 illud
3446 2524 3580 2593 facio
3596 2524 3619 2592 ξ

2034 2608 2107 2664 et,
2140 2600 2260 2654 Non
2288 2602 2425 2669 quod
2443 2604 2572 2668 volo,
2605 2604 2740 2675 facio
2767 2607 2983 2674 bonum;
2998 2609 3088 2663 sed
3106 2610 3242 2680 quod
3258 2614 3378 2666 nolo
3402 2616 3614 2681 malum,

2033 2690 2127 2744 hoc
2153 2708 2280 2763 ago;
2302 2702 2376 2760 et,
2405 2693 2561 2748 Miscr
2589 2713 2680 2766 ego
2707 2696 2878 2765 homo,
2903 2698 3014 2766 quis
3039 2716 3118 2754 me
3146 2701 3374 2756 liberabit
3402 2705 3465 2759 de
3499 2722 3617 2760 cor-

2033 2799 2155 2852 pore
2178 2785 2352 2839 mortis
2382 2783 2533 2856 hujus
2563 2787 2738 2858 (Rom.
2768 2804 2863 2854 vu,
2898 2789 2987 2856 15,
3022 2790 3108 2855 I9,
3134 2790 3262 2863 2i)?

2101 2895 2210 2949 LII.
2237 2896 2357 2953 Jun.
2389 2897 2556 2968 Hujus
2591 2901 2908 2971 vituperatio
2947 2904 3015 2958 ad
3053 2909 3351 2962 necessaria
3393 2925 3498 2964 non
3528 2925 3619 2966 re-'

2033 2986 2200 3040 currit
2231 3005 2244 3041 :
2275 2988 2398 3057 quia
2424 2989 2679 3059 quidquid
2707 2992 2775 3046 ad
2800 2996 3160 3050 necessarium
3184 3000 3507 3068 pervenerit,
3538 3002 3620 3071 ip-

2030 3089 2150 3129 sum
2176 3076 2351 3143 pulsat
2377 3087 2673 3135 auctorem.

2106 3166 2239 3221 Anc.
2262 3166 2529 3237 Numquid
2557 3170 2659 3224 hoc
2682 3172 2876 3226 malum
2899 3173 3153 3245 hominis,
3176 3177 3263 3233 ubi
3292 3178 3442 3246 dicit,
3470 3181 3621 3248 Quod

2034 3253 2153 3309 nolo
2175 3256 2385 3323 malum,
2410 3258 2503 3312 hoc
2523 3277 2639 3331 ago,
2668 3260 2837 3330 ipsum
2862 3263 3097 3320 hominis
3118 3267 3293 3336 pulsat
3316 3273 3619 3325 auctorem?

2032 3346 2101 3401 Et
2130 3356 2308 3404 tamen
2345 3365 2466 3405 eum
2500 3352 2591 3422 qui
2631 3353 2710 3407 sic
2747 3354 2856 3425 agit
2890 3356 3086 3410 malum
3109 3399 3124 3423 ,
3154 3358 3284 3414 satis
3308 3371 3529 3431 apparet
3551 3362 3620 3417 ad

2036 3440 2395 3496 necessarium
2461 3444 2769 3512 pervenisse
2826 3463 2841 3500 :
2889 3449 3208 3505 necessitate
3258 3451 3456 3522 quippe
3512 3454 3624 3524 agit

2034 3529 2176 3599 quod
2203 3545 2308 3586 non
2334 3532 2444 3603 agit
2466 3532 2758 3590 voluntate.

2105 3644 2237 3699 LIII.
2265 3645 2384 3701 Jun.
2410 3645 2690 3715 Quomodo
2722 3663 2850 3721 ergo
2876 3652 3017 3722 quod
3051 3667 3081 3707 a
3112 3656 3417 3712 necessario
3445 3651 3621 3721 venit.

2035 3736 2273 3805 possibili
2296 3726 2419 3792 meo
2440 3737 2671 3794 adacribi
2702 3756 2808 3796 non
2834 3753 3011 3811 potest
3035 3761 3048 3797 :
3074 3746 3144 3800 ita
3169 3748 3309 3816 quod
3330 3763 3361 3802 a
3383 3750 3625 3819 possibili

2036 3826 2203 3892 venit,
2235 3828 2541 3881 necessario
2565 3828 2796 3884 adscribi
2827 3847 2930 3886 non
2962 3842 3159 3901 potest.
3189 3835 3246 3890 Id
3275 3847 3375 3903 est,
3401 3852 3624 3909 quomoé-

2036 3915 2106 3969 do
2134 3924 2320 3970 natura
2341 3918 2585 3985 corporis
2614 3927 2667 3972 et
2690 3919 2853 3973 animi
2877 3921 2980 3975 mei
3010 3922 3270 3978 voluntati
3298 3941 3435 3982 mea:
3454 3929 3627 3998 appli-'

2037 4003 2148 4059 cari
2184 4021 2291 4060 non
2328 4015 2539 4075 potest,
2581 4016 2637 4062 ut
2674 4008 2798 4063 Ideo
2835 4010 2915 4065 sic
2939 4000 3123 4067 videar
3148 4028 3269 4070 esse
3292 4017 3415 4086 quia
3437 4020 3621 4088 volui,

2037 4109 2159 4149 cum
2183 4110 2287 4149 non
2318 4095 2585 4166 potuerim
2611 4098 2747 4153 velle
2770 4109 3057 4171 antequam
3085 4117 3280 4171 essem,
3314 4106 3385 4161 ita
3423 4106 3624 4165 malum

2037 4186 2325 4241 voluntatis
2346 4194 2548 4242 natura
2575 4203 2682 4242 non
2706 4197 2882 4259 potest
2904 4191 3201 4262 admoveri,
3234 4204 3292 4252 ut
3317 4199 3627 4256 necessitati

2038 4276 2401 4346 pOSsibilitatis
2421 4292 2582 4348 opera
2613 4280 2940 4336 misceantur
2964 4281 3008 4334 ³.

2112 4368 2245 4424 Anc.
2277 4369 2316 4424 A
2342 4370 2663 4425 necessitate
2683 4370 2893 4440 quidem
2916 4372 3045 4427 satis
3065 4372 3341 4432 evidenter
3362 4388 3416 4433 et
3440 4365 3659 4449 aper't'e‘

2041 4459 2385 4528 discernitur,
2415 4462 2559 4531 quod
2583 4463 2653 4517 ita
2686 4464 2798 4518 ﬁeri
2824 4473 3017 4534 potest,
3048 4475 3106 4519 ut
3133 4481 3239 4522 non
3263 4469 3333 4524 sit
3360 4485 3583 4527 necesse
3610 4490 3625 4525 :

2044 4551 2146 4608 hoc
2167 4562 2220 4606 tu
2245 4553 2496 4622 possibile
2516 4554 3035 4626 appellas,tauquam
3050 4559 3377 4628 impossibile
3389 4563 3461 4619 sit
3480 4560 3625 4635 quod

2043 4645 2157 4700 ﬁeri
2190 4661 2295 4699 non
2329 4645 2502 4700 solum
2533 4655 2728 4716 potest,
2757 4663 2940 4703 verum
2961 4651 3120 4705 etiam
3145 4668 3364 4710 necesse
3389 4665 3489 4711 est.
3521 4658 3628 4713 Sed

2042 4735 2292 4804 quoniam
2324 4734 2523 4804 placuit
2557 4736 2650 4791 tibi
2689 4737 2809 4794 talia
2835 4739 3189 4818 duobusistis
3214 4745 3426 4799 nomina
3456 4747 3629 4818 impo-

2048 4842 2196 4892 nere,
2229 4826 2586 4898 intelligamus
2614 4836 2670 4883 ut
2690 4844 2993 4898 possumus,
3017 4812 3075 4887 et
3094 4833 3346 4890 feramus.
3374 4836 3479 4892 Sed
3502 4812 3629 4908 quid

2045 4927 2128 4974 est
2152 4918 2292 4988 quod
2319 4919 2453 4974 dicis
2474 4961 2489 4986 ,
2525 4934 2544 4971 ι
2576 4919 2767 4974 Malum
2794 4921 3084 4976 voluntatis
3108 4938 3214 4977 non
3242 4932 3414 4994 potest
3443 4925 3632 4984 admo-

2048 5011 2165 5067 veri
2186 5012 2428 5067 naturze‘t
2456 5029 2477 5063 ι
2510 5011 2698 5065 Nonne
2726 5027 2847 5065 cum
2874 5014 3115 5083 angelus,
3144 5017 3226 5070 vel
3250 5016 3410 5073 homo
3430 5021 3629 5090 aliquid

2046 5102 2178 5168 vult,
2199 5109 2385 5156 natura
2411 5101 2610 5171 aliquid
2635 5102 2746 5156 vult
2761 5100 2826 5155 ⁸⁵2
2852 5102 2919 5156 Et
2943 5105 3161 5175 angelus
3174 5111 3228 5163 et
3247 5107 3408 5165 homo
3429 5122 3631 5165 natum:

2072 5258 2214 5365 “imm
2250 5257 2441 5365 1λὲεδὶε
2483 5252 2539 5320 ﬁt
2577 5253 2678 5307 ulla
2715 5253 2949 5320 deﬁnitio.
2993 5264 3315 5322 correximus,
3353 5269 3404 5313 ut
3419 5262 3535 5323 illa,
3563 5279 3630 5317 ex

2048 5327 2452 5452 Tignviglr‘iierius,
2472 5377 2740 5452 ubiltabuit
2768 5378 2970 5432 liberum
2991 5380 3263 5432 arbitrium.
3296 5384 3474 5445 Abest,
3499 5385 3633 5437 arbi-

2049 5446 2213 5496 trium,
2237 5454 2265 5489 a
2288 5446 2637 5502 nianuscriptis.

2115 5505 2134 5534 ³
2167 5508 2271 5550 Mss.
2298 5508 2407 5549 alar.
2436 5509 2488 5551 et
2508 5501 2647 5563 Clam,
2674 5501 2949 5554 misceatur.
2973 5510 3055 5551 Ms.
3084 5510 3226 5561 Port.,
3252 5503 3470 5557 misceat.

2105 5564 2135 5627 λδ
2166 5564 2396 5629 attingimus
2417 5563 2738 5629 Aquileiensis
2762 5567 2809 5615 in
2831 5565 3013 5627 synodo
3035 5568 3345 5629 Lateranensi
3367 5571 3478 5619 anni
3517 5570 3616 5621 649

2050 5620 2143 5672 act.
2253 5610 2411 5694 locum
2450 5610 3634 5694 ιῖίιίιέζίῑειῖάξιέιῑξτωξιηεᾱζᾶᾱιῑῑιῑτεῖῖιιῷῐιῑδ

2265 5692 2346 5736 aut
2376 5684 2516 5737 homo
2536 5684 2722 5750 aliquid
2747 5686 2842 5737 vult
2858 5721 2873 5748 ,
2918 5684 3013 5734 non
3051 5691 3224 5737 natum
3257 5684 3423 5745 eorum
3444 5684 3631 5759 aliquid
