3934 6178
280 266 416 329 1487

274 395 379 436 non
400 385 522 433 sunt
541 376 594 431 ⁸7
612 374 742 444 Quis
757 373 860 429 hoc
878 369 1107 427 dixerit?
1122 370 1175 425 Si
1193 382 1320 439 ergo
1338 374 1539 421 naturae
1558 372 1678 419 sunt
1701 378 1853 433 auge-

270 474 357 530 lus
394 480 449 526 et
481 468 677 533 homo;
713 463 947 535 profecto
991 469 1176 515 natura
1207 458 1318 513 vult
1345 455 1714 527 quodcumque
1742 452 1856 506 vult

274 562 518 635 angelus,
541 566 726 615 natura
745 556 852 609 vult
869 553 1237 625 quodcumque
1252 550 1363 604 vult
1380 549 1558 603 homo.
1575 544 1854 632 Quomodo

273 671 406 727 ergo
444 652 644 708 malum
669 647 955 704 voluntatis
983 652 1186 699 natura:
1211 658 1318 698 non
1350 650 1519 712 potest
1546 639 1853 701 admoveri;

275 761 401 801 cum
428 744 562 800 velle
587 739 783 811 aliquid
808 738 908 793 nisi
932 746 1118 792 natura
1140 750 1243 789 non
1268 731 1474 804 possit?
1495 732 1599 786 Aut
1624 746 1728 784 non
1757 730 1858 783 im-

276 843 490 906 putetur
519 830 719 888 homini
750 835 1026 900 peccatum
1063 825 1349 880 voluntatis
1373 837 1516 887 sum;
1546 821 1666 891 quia
1699 820 1857 875 homo

276 939 464 984 natura
492 935 594 989 est,
625 931 679 979 et
708 920 906 976 malum
928 917 1237 981 voluntatis,
1269 925 1328 971 ut
1348 915 1503 980 dicis,
1525 922 1731 968 natura:
1751 927 1856 965 non

275 1026 451 1088 potest
474 1013 768 1071 admoveri.
799 1013 880 1066 An
908 1011 963 1065 in
990 1017 1193 1065 tantum
1222 1015 1310 1062 tua
1338 1004 1674 1076 progreditur
1710 1001 1861 1057 vani-

276 1120 377 1175 tas,
409 1116 470 1163 ut
495 1114 701 1162 natura:
738 1103 884 1158 dicas
911 1100 1110 1156 debere
1145 1095 1435 1167 imputari,
1477 1094 1620 1165 quod
1656 1101 1859 1147 natura:

276 1215 383 1255 non
401 1203 580 1269 potest
603 1192 913 1250 admoveri?
932 1189 1064 1245 Nam
1092 1188 1212 1259 quis
1234 1186 1374 1242 dicat
1396 1194 1599 1240 natura:
1625 1197 1733 1237 non
1754 1182 1859 1236 im-

276 1289 450 1362 putari
470 1327 486 1355 ,
514 1284 656 1358 quod
682 1284 971 1353 imputatur
1000 1278 1200 1334 homini
1223 1319 1236 1341 ,
1266 1276 1367 1331 nisi
1397 1274 1636 1346 quisquis
1663 1273 1734 1327 ita
1762 1271 1859 1326 de-

276 1383 424 1452 sipit,
446 1386 507 1434 ut
533 1376 805 1432 hominem
832 1380 990 1443 neget
1010 1384 1129 1426 esse
1149 1366 1428 1424 naturam?
1449 1363 1679 1420 Videsne
1698 1377 1858 1433 quam

277 1472 505 1527 multum
532 1466 789 1539 loquaris,
820 1463 1069 1521 nesciens
1097 1459 1225 1533 quid
1254 1457 1526 1530 loquaris?
1551 1456 1604 1512 Si
1626 1470 1754 1525 ergo
1780 1454 1862 1510 di-

277 1576 404 1629 cas,
434 1556 694 1615 Voluntas
729 1553 1037 1611 necessitati
1082 1567 1189 1607 non
1230 1557 1408 1620 potest
1445 1545 1755 1609 admoveri;
1792 1559 1861 1599 ne

280 1654 384 1707 hoc
407 1649 625 1722 quidem
652 1645 1026 1702 universaliter
1050 1657 1232 1698 verum
1257 1647 1358 1695 est.
1392 1635 1690 1709 Aliquando
1719 1634 1860 1689 enim

280 1743 421 1816 quod
461 1753 684 1796 necesse
722 1745 806 1792 est
832 1735 1111 1798 volumus;
1139 1732 1278 1787 sicut
1311 1743 1533 1784 necesse
1557 1734 1641 1782 est
1674 1735 1735 1779 ut
1772 1724 1863 1816 qui

282 1840 692 1905 perseveranter
728 1830 867 1883 bene
903 1825 1125 1889 vivunt,
1176 1822 1306 1877 ﬁant
1348 1820 1490 1877 beati
1532 1836 1545 1874 :
1581 1815 1864 1888 aliquando

279 1926 442 1982 etiam
464 1936 688 1980 necesse
708 1917 1007 1989 estaliquid
1029 1926 1087 1972 ut
1108 1915 1367 1979 velimus;
1388 1913 1523 1968 sicut
1544 1924 1765 1966 necesse
1784 1915 1868 1963 est

283 2032 381 2074 nos
410 2013 794 2071 beatitudinem
819 2010 957 2065 velle
988 2027 1002 2063 :
1036 2006 1178 2063 unde
1204 2004 1447 2076 quaadam
1486 2011 1571 2058 est
1615 2010 1672 2057 et
1711 2001 1867 2057 beata

284 2106 597 2169 necessitas,
624 2103 746 2173 quia
768 2101 789 2133 ³
816 2113 1035 2155 necesse
1060 2106 1142 2152 est
1168 2096 1333 2151 Deum
1355 2108 1569 2163 semper
1596 2101 1651 2147 et
1678 2092 1870 2146 immu-

285 2196 518 2252 tabiliter
558 2202 615 2249 et
653 2191 959 2249 beatissime
1000 2188 1201 2243 vivere.
1239 2184 1346 2241 Sed
1385 2183 1636 2256 quoniam
1665 2190 1790 2237 sunt
1814 2187 1871 2236 et

283 2287 527 2359 quaedam
557 2285 905 2341 necessitates
940 2281 1019 2335 sic
1047 2295 1078 2333 a
1103 2275 1466 2333 voluntatibus
1490 2275 1700 2337 alienae,
1732 2281 1789 2327 ut
1816 2280 1870 2326 et

287 2378 578 2433 necessitas
618 2374 688 2430 sit
727 2373 814 2428 ubi
850 2372 1098 2427 voluntas
1137 2384 1245 2423 non
1272 2377 1351 2422 est
1379 2408 1394 2435 ,
1427 2375 1481 2421 et
1503 2365 1749 2420 voluntas
1780 2362 1869 2418 ubi

289 2483 393 2522 non
423 2474 508 2522 est
532 2462 826 2519 necessitas
853 2478 867 2514 :
898 2475 965 2516 ex
992 2468 1142 2530 parte
1175 2457 1366 2512 saltem
1390 2470 1579 2511 verum
1616 2463 1697 2509 est
1728 2453 1871 2524 quod

288 2559 503 2623 dicitur,
529 2556 786 2610 Voluntas
807 2551 1107 2609 necessitati
1131 2565 1235 2605 non
1257 2556 1434 2619 potest
1453 2546 1748 2603 admoveri.
1771 2545 1871 2611 Qui

286 2665 416 2706 vero
442 2648 610 2713 dicit,
638 2645 771 2700 Mala
804 2643 1048 2698 voluntas
1090 2657 1195 2695 non
1237 2648 1412 2709 potest
1446 2647 1651 2693 naturae
1687 2637 1874 2691 admo-

290 2740 401 2796 veri
429 2756 445 2796 :
474 2737 614 2793 idem
641 2734 826 2798 nobis,
859 2736 902 2789 si
934 2740 1139 2803 potest,
1170 2726 1507 2785 voluntatem
1525 2728 1608 2783 vel
1644 2727 1832 2783 malum
1855 2768 1869 2793 ,

287 2832 373 2886 vel
404 2831 594 2885 bonam
620 2870 635 2896 ,
675 2826 765 2882 ubi
791 2834 979 2881 natura
1016 2840 1120 2878 non
1157 2831 1239 2878 est
1263 2863 1278 2889 ,
1305 2821 1588 2887 ostendat;
1615 2828 1705 2875 aut
1729 2819 1872 2890 quod

289 2922 539 2978 voluntas
568 2935 689 2976 esse
712 2919 887 2988 aliqua
916 2917 1098 2987 possit,
1123 2915 1169 2970 si
1201 2924 1388 2969 natura
1412 2930 1517 2970 non
1543 2914 1614 2969 sit
1636 2929 1755 2985 quae
1777 2912 1875 2968 ali-

289 3012 416 3084 quid
449 3011 597 3067 velit.
631 3009 861 3065 Attende
896 3008 1055 3079 igitur
1082 3023 1241 3078 quam
1273 3007 1347 3062 sis
1372 3022 1402 3061 a
1435 3007 1657 3063 veritate
1695 3006 1873 3061 seclu-

290 3120 415 3160 sus..
452 3103 533 3159 Tu
584 3101 755 3168 dicis,
806 3100 1060 3155 Voluntas
1107 3099 1243 3153 maia
1293 3105 1495 3153 natura:
1547 3113 1656 3152 non
1698 3106 1876 3166 potest

289 3194 562 3252 admoveri
594 3212 607 3249 :
642 3193 838 3250 veritas
857 3201 1036 3247 autem
1060 3190 1208 3257 dicit,
1233 3189 1495 3257 Quamdiu
1520 3198 1602 3246 est
1632 3189 1875 3245 voluntas

292 3288 416 3352 ulla,
449 3302 481 3342 a
511 3294 697 3341 natura
722 3299 828 3339 non
857 3291 1032 3353 potest
1056 3283 1316 3351 separari.

362 3375 493 3431 LlV.
521 3376 639 3432 εῐιιι..
670 3374 822 3429 llanc
860 3387 988 3443 ergo
1017 3372 1367 3425 subtilitatem
1407 3370 1726 3426 divisionum
1769 3386 1873 3424 non

291 3467 666 3536 introspiciens
692 3464 1015 3519 Manichacus
1034 3505 1050 3529 ,
1079 3461 1531 3516 Traducianorum
1564 3462 1717 3515 nobis
1747 3476 1875 3530 pro-

290 3558 444 3613 duxit
467 3555 730 3610 examina.
760 3556 1174 3624 Argumentatur
1194 3552 1335 3606 enim
1363 3552 1463 3605 hoc
1493 3551 1651 3605 modo
1685 3569 1700 3606 :
1727 3551 1876 3606 Unde

292 3646 529 3704 malum?
557 3645 815 3701 Nimirum
841 3644 909 3699 de
936 3642 1229 3697 voluntate.
1260 3641 1411 3699 Unde
1435 3642 1684 3697 voluntas
1712 3642 1875 3697 mala?

294 3718 622 3811 Respondet.
647 3736 723 3791 De
742 3735 979 3790 homine.
1008 3733 1158 3789 Unde
1181 3732 1384 3789 homo?
1404 3732 1505 3787 Per
1526 3732 1715 3788 Deum.
1738 3733 1879 3788 Con-

295 3810 565 3902 cluditque
592 3848 606 3884 :
633 3829 687 3884 Si
715 3826 910 3891 malum
948 3841 1013 3881 ex
1049 3824 1302 3891 homine,
1342 3823 1504 3881 homo
1543 3839 1640 3894 per
1672 3823 1873 3890 Deum;

296 3922 495 3978 malum
526 3920 684 3992 igitur
711 3932 807 3989 per
832 3917 1019 3972 Deum.
1041 3914 1109 3969 Et
1126 3923 1249 3986 post
1273 3914 1394 3980 hoc,
1408 3915 1557 3984 quasi
1576 3913 1873 3983 religiosus,

295 4030 366 4071 ne
384 4012 727 4071 criminosum
750 4008 909 4066 faciat
929 4008 1118 4071 Deum,
1140 4005 1231 4061 dat
1252 4006 1590 4061 tenebrarum
1609 4014 1872 4072 naturam,

294 4108 381 4164 cui
420 4105 620 4161 malum
658 4102 948 4158 debeamus
988 4098 1314 4155 adscribere.
1355 4097 1488 4153 Hinc
1528 4106 1583 4153 ct
1622 4099 1877 4169 Augusti-

295 4212 397 4253 nus
434 4213 447 4249 :
495 4194 647 4251 Unde
689 4191 924 4247 malum?
973 4190 1048 4245 De
1095 4188 1384 4243 voluntate.
1425 4186 1612 4252 Unde,
1664 4188 1873 4258 inquit,

293 4292 408 4361 ipsa
421 4287 687 4344 voluntas?
712 4287 785 4340 De
804 4283 1040 4349 homine,
1058 4281 1147 4352 qui
1170 4290 1252 4335 est
1273 4293 1406 4350 opus
1425 4280 1541 4335 Dei.
1555 4278 1626 4334 Et
1645 4280 1872 4351 colligit:

294 4382 351 4436 Si
378 4380 573 4436 malum
622 4392 687 4434 ex
714 4376 1018 4440 voluntate,
1069 4372 1311 4427 voluntas
1351 4385 1419 4425 ex
1449 4369 1684 4436 homine,
1715 4370 1875 4425 homo

296 4484 431 4540 opus
450 4469 544 4525 Dei
564 4487 578 4534 ;
598 4467 795 4523 malum
812 4465 970 4538 igitur
992 4479 1085 4535 per
1108 4463 1292 4521 Deum.
1312 4459 1464 4530 Quod
1482 4460 1632 4531 quasi
1652 4469 1875 4516 conatus

292 4563 609 4624 absolvere,
658 4575 725 4615 ne
771 4559 938 4614 Deum
983 4556 1329 4612 criminosum
1376 4554 1556 4610 dicere
1604 4552 1876 4609 videretur

294 4651 460 4724 (quod
492 4648 677 4705 tradux
708 4648 822 4714 ejus
847 4646 1122 4717 afﬁrmat),
1150 4646 1439 4701 violentum
1467 4659 1617 4715 teque
1641 4659 1736 4714 pro
1765 4645 1875 4701 Deo

294 4742 451 4799 nobis
471 4737 603 4795 nihil
625 4736 837 4801 obtulit,
860 4735 910 4789 id
943 4746 1045 4801 est,
1073 4735 1318 4791 tenebras
1339 4735 1531 4804 quibus
1553 4736 1749 4790 malum
1773 4735 1876 4791 hoc

293 4832 599 4891 adscribere
627 4829 963 4886 deberemus.
1001 4845 1021 4878 ι
1055 4826 1172 4882 Non
1198 4827 1339 4882 enim
1362 4868 1377 4891 ,
1409 4845 1429 4878 ι
1464 4826 1663 4897 inquit,
1700 4846 1717 4879 ι
1756 4828 1875 4885 ideo

293 4925 347 4980 in
373 4920 587 4978 homine
614 4920 810 4976 malum
838 4927 1019 4974 natum
1049 4926 1152 4983 est,
1181 4917 1305 4988 quia
1328 4932 1463 4988 opus
1488 4919 1578 4974 Dei
1600 4928 1747 4985 erat,
1779 4920 1875 4977 sed

294 5014 418 5071 ideo
442 5012 563 5084 quia
584 5010 651 5067 de
678 5009 843 5067 nihilo
869 5018 983 5067 erat
1008 5028 1026 5063 ι
1047 5008 1149 5085 (De
1178 5008 1343 5080 Nupt.
1364 5019 1412 5064 et
1427 5007 1785 5082 Coacup.,lib.
1816 5012 1871 5078 2,

292 5122 348 5159 η.
374 5104 488 5175 48).
528 5101 690 5171 Quasi
714 5102 911 5167 veritas
948 5101 1275 5172 respondere
1318 5118 1423 5157 non
1450 5104 1621 5174 possit
1644 5121 1657 5158 :
1683 5104 1751 5158 Et
1768 5120 1871 5175 qua

293 5192 619 5265 impudentia
644 5191 814 5262 primo
837 5192 1085 5247 mentitur
1111 5193 1252 5248 Deus
1278 5201 1418 5259 tuus,
1441 5208 1561 5249 esse
1582 5196 1634 5248 in
1658 5193 1875 5250 homine

293 5287 657 5348 voluntatem;
695 5282 888 5338 deinde
914 5281 1268 5350 condemnat,
1308 5298 1429 5338 cum
1471 5284 1666 5338 malum
1694 5285 1869 5353 istud,

293 5377 540 5434 videlicet
558 5382 855 5448 peccatum,
866 5371 936 5430 de
950 5374 1265 5429 necessitate
1284 5374 1494 5430 noverit
1508 5374 1868 5441 tenebrarum,

351 5587 546 5662 flgiti,
966 5587 1143 5639 eruisse
1184 5594 1401 5653 negante
1441 5588 1706 5654 particula,
1731 5604 1875 5656 quam

293 5659 357 5699 ex
379 5651 717 5710 mauscriptis
735 5651 1055 5702 restituimus.

357 5711 380 5746 ⁸
404 5715 480 5758 Ν
492 5718 562 5772 ⁸ου
583 5720 695 5772 φησι

987 256 1230 313 Ol’EmS
1268 252 1678 311 [MPERFECTI
1717 248 1990 307 CONTRA
2030 247 2389 316 JULIANUM,
2430 248 2487 303 S.
2531 246 2894 304 AUGUSTINI

3420 244 3549 299 ιιδιι

1963 359 2015 415 id
2038 371 2139 427 est,
2170 360 2376 431 antiqui
2413 359 2562 414 nihili
2591 357 2913 430 contigisse?
2943 355 3249 412 lnﬁeximus
3276 368 3368 424 per
3393 370 3549 411 casus

1964 451 2132 519 nihil,
2158 462 2217 506 ut
2244 460 2527 522 appareret
2550 451 2869 506 Traduciaui
2898 452 3062 505 virtus
3094 452 3145 503 in
3176 447 3348 503 nihilo
3378 450 3550 504 collo-

1964 544 2135 599 cautis
2174 558 2322 614 spem
2359 558 2529 598 suam.
2573 544 2705 598 Vide
2741 552 2917 598 tamen
2960 540 3382 598 imbecillitatem
3422 539 3548 606 Dei,

1964 624 2523 706 qucm'Traducianus
2554 636 2771 692 inducit.
2815 637 2995 706 ipsum
3036 635 3258 690 nihilum
3301 651 3555 704 superare

1965 741 2073 781 non
2124 726 2332 784 valuit:
2375 741 2604 797 cumque
2646 727 2915 781 hominem
2962 726 3181 782 fecisset
3236 743 3305 781 ex
3354 726 3548 791 nihilo,

1967 832 2073 872 non
2095 833 2217 873 eum
2247 819 2416 888 potuit
2448 834 2481 873 a
2500 819 2804 873 conditione
2836 817 2995 883 mali,
3023 833 3147 888 qua:
3166 817 3234 873 de
3267 816 3437 872 nihilo
3464 832 3556 872 ve-

1968 909 2176 977 niebat,
2208 918 2421 966 exuere
2444 928 2457 964 :
2484 910 2580 966 sed
2619 925 2797 966 rerum
2841 909 3155 987 difﬁcultate
3194 909 3369 965 factus
3410 924 3557 964 ama-

1967 1001 2077 1055 rior
2094 1042 2109 1066 ,
2139 1016 2236 1071 pro
2256 1001 2367 1056 suis
2394 1002 2565 1071 culpis
2584 1002 2854 1057 hominem
2874 1001 3207 1067 criminatur,
3235 1010 3291 1057 et
3312 1003 3558 1073 imaginis

1967 1103 2078 1145 sua:
2106 1090 2275 1145 exitio
2314 1091 2462 1147 nihili
2502 1092 2694 1147 delicta
2729 1092 3067 1149 condemnat.
3112 1093 3403 1163 Beniguius
3432 1109 3557 1150 cum

1967 1194 2033 1234 eo
2058 1182 2166 1250 agit
2193 1196 2352 1237 senex
2376 1181 2554 1238 Manes
2572 1223 2588 1250 ,
2618 1190 2675 1237 ut
2699 1182 2841 1238 dicat
2863 1183 3015 1237 illum
3040 1197 3145 1238 non
3175 1200 3560 1255 usquequaque

1970 1270 2307 1326 tenebrarum
2348 1281 2507 1342 gente
2541 1282 2835 1340 vastatum;
2881 1273 3034 1343 cujus
3067 1273 3399 1330 debilitatem
3442 1284 3559 1330 tan—

1970 1368 2074 1415 tam
2104 1361 2303 1417 inducit
2328 1363 2690 1420 Traducianus
2708 1406 2725 1433 ,
2757 1373 2815 1420 ut
2841 1374 3236 1421 commentetur
3262 1382 3388 1422 eum
3416 1383 3445 1421 a
3472 1370 3559 1423 ni-

1970 1452 2082 1507 hilo
2108 1452 2273 1510 fuisse
2303 1466 2632 1527 superatum.

2041 1545 2175 1600 Anc.
2200 1544 2369 1627 Nemo
2380 1555 2658 1617 superatur
2677 1562 2705 1600 a
2733 1546 2931 1615 nihilo;
2948 1549 3043 1604 sed
3068 1557 3122 1604 tu
3142 1551 3413 1620 superaris
3430 1551 3561 1606 nihil

1969 1633 2233 1690 dicendo:
2264 1652 2480 1707 necego
2507 1638 2557 1691 in
2581 1638 2748 1693 nihilo
2768 1639 3027 1695 collocavi
3055 1655 3206 1711 spem
3231 1656 3443 1707 meam;
3466 1644 3562 1698 sed

1971 1734 2026 1781 tu
2051 1726 2117 1781 ad
2147 1727 2370 1784 nihilum
2402 1729 2694 1799 perduxisti
2721 1731 3099 1802 loquacitatem
3126 1742 3289 1788 tuam.
3323 1734 3491 1799 Sane,
3518 1737 3562 1789 si

1971 1830 2119 1875 recte
2161 1819 2429 1892 intelligas
2466 1823 2608 1893 quod
2650 1839 2905 1893 perverse
2950 1826 3207 1896 loqueris,
3259 1828 3363 1882 isto
3402 1828 3566 1882 modo

1974 1908 2115 1964 Deus
2143 1925 2173 1963 a
2212 1910 2381 1965 nihilo
2425 1920 2742 1982 superatur,
2781 1916 3033 1985 quoniam
3079 1916 3245 1972 Deum
3289 1917 3433 1971 nulla
3474 1932 3566 1972 res

1973 2008 2193 2069 superat
2236 2017 2249 2053 :
2290 2001 2421 2056 nihil
2466 2002 2611 2057 enim
2650 2004 2779 2074 quid
2817 2014 2936 2073 est,
2969 2006 3073 2062 nisi
3112 2020 3202 2062 res
3240 2007 3429 2063 nulla?
3457 2008 3568 2063 lsto

1975 2088 2135 2145 modo
2175 2091 2336 2145 etiam
2376 2092 2516 2148 Deus
2557 2108 2662 2148 non
2709 2103 2884 2165 potest
2920 2110 3177 2166 superare
3219 2098 3390 2161 nihil;
3439 2098 3565 2168 quia

1974 2181 2177 2239 nullam
2217 2197 2332 2238 rem
2377 2199 2481 2238 non
2527 2195 2785 2253 superat,
2830 2186 2920 2257 qui
2969 2195 3187 2256 superat
3227 2188 3444 2254 omnia;
3481 2196 3571 2243 est

1977 2273 2119 2326 enim
2145 2288 2307 2343 super
2329 2275 2527 2330 omnia.
2563 2273 2668 2330 Sed
2705 2294 2724 2328 ι
2762 2290 2868 2331 ιιοιι
2895 2278 3229 2347 introspexit,
3271 2297 3290 2329 ι
3327 2287 3386 2332 ut
3406 2278 3565 2343 dicis,

1983 2382 2002 2415 ι
2039 2363 2360 2421 Manichmus
2389 2366 2709 2422 subtilitates
2733 2367 3055 2424 divisionum
3103 2376 3335 2436 tuarum,
3361 2379 3417 2424 et
3443 2369 3568 2425 ideo

1977 2454 2139 2522 dicit,
2168 2455 2225 2513 Si
2252 2457 2448 2513 malum
2477 2472 2547 2513 ex
2572 2457 2787 2514 homine
2807 2499 2821 2525 ,
2851 2459 3011 2514 homo
3032 2469 3211 2514 autem
3242 2475 3337 2530 per
3361 2460 3529 2515 Deum
3547 2501 3561 2525 ,

1979 2547 2177 2601 malum
2202 2548 2360 2617 igitur
2384 2562 2478 2618 per
2503 2548 2671 2604 Deum
2702 2567 2716 2603 :
2755 2567 2774 2602 ι
2803 2550 2980 2604 uthac
2998 2550 3342 2605 conclusione
3372 2550 3567 2616 territi,

1979 2647 2071 2692 aut
2092 2638 2361 2692 hominem
2395 2653 2489 2708 per
2516 2639 2707 2706 Deum,
2736 2648 2828 2695 aut
2856 2640 3054 2694 malum
3085 2650 3341 2711 negemus
3366 2656 3432 2696 ex
3464 2641 3568 2694 ho-

1979 2728 2143 2794 mine,
2169 2736 2265 2783 aut
2286 2738 2596 2800 utrumque,
2625 2740 2684 2786 ut
2704 2731 2814 2797 ille,
2838 2731 3028 2787 falsum
3055 2747 3176 2788 esse
3195 2732 3474 2798 dicamus;
3509 2748 3569 2788 ac

1979 2818 2057 2873 sic
2091 2818 2245 2875 nobis
2273 2819 2574 2875 introducat
2610 2822 2793 2877 nescio
2832 2837 2991 2893 quam
3034 2822 3387 2878 substantiam
3422 2831 3569 2878 tene-

1978 2908 2193 2965 brarum
2213 2950 2231 2978 ,
2254 2926 2374 2981 quae
2398 2911 2670 2967 hominem
2702 2912 2923 2979 fecerit,
2951 2922 3007 2968 et
3043 2929 3164 2984 qua:
3200 2914 3568 2985 principaliter

1979 3001 2178 3057 malum
2219 3004 2320 3070 sit,
2350 3002 2490 3059 unde
2515 3003 2711 3059 malum
2738 3019 2897 3060 omne
2930 3005 3184 3060 credatur
3214 3007 3253 3058 ⁸.
3284 3005 3366 3059 Tu
3403 3021 3565 3076 ergo,

1980 3094 2185 3150 divisor
2204 3096 2573 3163 subtilissime,
2604 3098 2725 3151 huic
2752 3099 2962 3154 astutia:
2991 3113 3095 3167 qua
3126 3107 3280 3169 putas
3306 3099 3566 3168 sapientia

1979 3187 2378 3244 resistendum?
2405 3206 2425 3241 ι
2467 3189 2669 3255 Dicam,
2700 3207 2720 3241 ι
2748 3189 2941 3260 inquis,
2972 3208 2990 3241 ι
3025 3191 3222 3244 malum
3249 3192 3320 3246 ab
3346 3189 3570 3246 homine

1980 3293 2045 3333 ex
2088 3279 2327 3348 possibili
2372 3280 2681 3346 exstitisse,
2730 3296 2834 3336 non
2880 3297 2946 3336 ex
2993 3283 3319 3338 necessario.
3358 3281 3568 3349 aQuasi

1980 3383 2109 3422 vero
2150 3368 2245 3423 tibi
2287 3369 2374 3424 ille
2416 3370 2744 3440 respondere
2781 3387 2886 3426 non
2927 3373 3135 3442 possit,
3178 3372 3236 3428 Si
3272 3375 3479 3429 malum
3505 3389 3568 3428 ex

1982 3443 2257 3527 possibili,
2285 3460 2610 3527 possibilitas
2649 3476 2714 3516 ex
2753 3470 2943 3516 natura
2967 3502 2982 3527 ,
3021 3470 3210 3516 natura
3238 3477 3333 3531 per
3364 3462 3567 3529 Deum,

1982 3549 2182 3604 malum
2210 3550 2369 3620 igitur
2388 3566 2486 3622 per
2507 3552 2694 3606 Deum.
2718 3551 2868 3607 Hanc
2887 3553 3284 3609 conclusionem
3309 3554 3354 3609 si
3385 3564 3439 3609 tu
3465 3570 3571 3609 non

1982 3641 2142 3696 times
2163 3681 2180 3708 ,
2216 3656 2317 3696 nec
2339 3657 2439 3713 ego
2474 3643 2620 3698 illam
2650 3645 2936 3714 :quoniam
2964 3645 3120 3701 ambo
3152 3662 3256 3700 non
3287 3662 3355 3701 ex
3381 3662 3568 3703 neces-

1982 3732 2163 3797 sario,
2205 3732 2299 3786 sed
2339 3747 2404 3787 ex
2448 3734 2692 3802 possibili
2732 3748 2986 3804 peccasse
3028 3734 3298 3791 hominem
3342 3738 3569 3805 primum

1982 3822 2317 3879 conﬁtemur.
2343 3823 2556 3878 Etenim
2586 3838 2685 3880 nos
2711 3824 2950 3880 dicentes
2979 3824 3252 3881 hominem
3286 3837 3571 3897 propterea

1982 3912 2219 3982 potuisse
2253 3927 2476 3983 peccare
2497 3955 2514 3981 ,
2548 3915 2669 3984 quia
2699 3928 2804 3969 non
2842 3923 2926 3993 est
2966 3915 3085 3986 ejus
3124 3925 3311 3972 natura
3340 3916 3479 3972 facta
3507 3917 3572 3973 de

1984 4007 2113 4075 Deo,
2140 4009 2383 4079 quamvis
2408 4009 2629 4064 omnino
2658 4024 2779 4066 esse
2805 4012 2906 4066 nisi
2937 4012 3029 4068 illo
3062 4023 3282 4069 creante
3310 4031 3417 4071 non
3442 4031 3572 4085 pos-

1982 4108 2095 4165 set;
2123 4114 2230 4154 non
2267 4101 2339 4155 ita
2375 4098 2479 4155 hoc
2505 4100 2734 4177 dicimus
2755 4142 2771 4166 ,
2798 4109 2861 4158 ut
2892 4118 2959 4158 ex
2985 4104 3086 4158 hoc
3114 4104 3164 4158 ei
3204 4105 3446 4160 dicamus
3474 4106 3572 4161 im-

1982 4198 2191 4258 pactam
2217 4231 2229 4251 ,
2276 4188 2416 4244 sicut
2455 4190 2798 4246 calumniaris
2822 4231 2837 4256 ,
2876 4191 3130 4261 peccandi
3173 4194 3568 4250 necessitatem.

1983 4279 2209 4335 Prorsus
2231 4294 2455 4350 peccare
2477 4289 2685 4351 poterat
2703 4290 2760 4337 et
2780 4297 2887 4337 non
2921 4300 3143 4355 peccare
3170 4287 3190 4317 ³
3221 4303 3234 4338 :
3269 4285 3363 4342 sed
3394 4290 3435 4340 si
3464 4302 3593 4342 non

1983 4370 2051 4425 de
2077 4370 2244 4425 nihilo
2271 4371 2439 4427 factus
2466 4380 2639 4439 esset,
2673 4372 2725 4427 id
2763 4383 2876 4442 est,
2905 4375 2949 4429 si
2979 4374 3045 4431 de
3089 4377 3197 4431 Deo
3234 4386 3427 4432 natura
3454 4379 3572 4448 ejus

1982 4470 2145 4529 esset,
2170 4477 2395 4532 peccare
2416 4463 2637 4519 omnino
2663 4478 2769 4519 non
2795 4474 2996 4535 posset.
3028 4466 3157 4533 Quis
3180 4468 3324 4523 enim
3350 4478 3438 4524 est
3463 4480 3569 4524 tam

1983 4553 2226 4618 demens,
2249 4555 2339 4625 qui
2361 4554 2542 4611 dicere
2563 4555 2776 4622 audeat,
2800 4559 3186 4615 immutabilem
3208 4569 3263 4616 et
3288 4561 3572 4617 inconver-

1984 4643 2188 4700 tibilem
2220 4654 2464 4700 naturam
2491 4661 2610 4716 qua:
2638 4647 2778 4702 Deus
2800 4657 2903 4713 est,
2934 4649 3042 4704 ullo
3068 4650 3230 4706 modo
3257 4666 3417 4722 posse
3446 4668 3569 4723 pec-

1982 4748 2137 4800 care;
2176 4734 2243 4790 de
2272 4750 2377 4804 quo
2405 4735 2545 4791 dicat
2574 4737 2862 4808 Apostolus
2881 4780 2898 4806 ,
2927 4738 3136 4812 Negare
3174 4759 3229 4797 se
3267 4744 3435 4813 ipsum
3473 4754 3599 4800 non‘

1985 4834 2144 4896 potest
2174 4825 2248 4898 (ιι
2272 4824 2406 4879 Tim.
2439 4842 2511 4894 ιι,
2544 4826 2667 4894 ιδιι
2695 4827 2918 4899 Utrique
2963 4831 3121 4902 igitur
3160 4832 3457 4890 Manichaee
3486 4851 3571 4890 re-

1980 4917 2241 4982 sistimus,
2258 4915 2498 4975 dicentes
2510 4934 2538 4974 a
2560 4919 2701 4976 bono
2725 4928 2781 4977 et
2789 4920 2934 4991 justo
2950 4922 3062 4979 Deo
3076 4914 3192 4979 non
3209 4926 3287 4980 sic
3300 4925 3571 4983 hominem

1983 5008 2178 5063 factum
2206 5022 2346 5076 esse,
2378 5018 2437 5064 ut
2459 5010 2507 5065 ei
2532 5020 2677 5067 esset
2702 5026 2924 5068 necesse
2946 5029 3199 5084 peccare;
3222 5026 3277 5071 et
3304 5016 3426 5071 ideo
3450 5032 3571 5087 pec-

1982 5112 2135 5153 casse
2171 5099 2296 5169 quia
2335 5100 2541 5170 voluit,
2569 5102 2658 5172 qui
2704 5112 2884 5172 posset
2907 5111 2966 5159 et
3003 5105 3166 5160 nolle.
3208 5104 3317 5160 Sed
3348 5105 3486 5175 quod
3520 5106 3570 5159 in

1983 5187 2099 5258 cjus
2114 5190 2369 5259 progenie
2385 5191 2520 5245 mala
2541 5199 2686 5249 tanta
2702 5201 2757 5248 et
2771 5201 2878 5248 tam
2893 5194 3171 5261 maniIesta
3190 5196 3568 5266 conspicimus,

1984 5294 2090 5334 non
2110 5280 2407 5337 voluntaria
2437 5280 2743 5351 hominum,
2778 5284 2874 5340 sed
2903 5299 3023 5340 cum
3051 5288 3243 5356 quibus
3271 5288 3379 5341 nati
3408 5296 3565 5353 sunt,

1982 5383 2103 5424 cum
2146 5386 2207 5423 ca
2246 5373 2427 5427 venire
2466 5372 2534 5428 de
2565 5374 2748 5429 vitiata
2788 5390 2884 5445 per
2916 5385 3192 5446 peccatum
3237 5378 3444 5448 origine
3472 5390 3566 5433 vias

1983 5461 2221 5532 negatis,
2263 5462 2502 5532 profecto
2537 5463 2605 5519 ad
2644 5475 2887 5522 naturam
2926 5467 3051 5523 mali
3090 5468 3528 5525 introduccndam
3551 5502 3567 5527 9

2050 5593 2066 5626 ⁸
2102 5593 2261 5643 codex
2286 5602 2431 5656 Port.,
2456 5596 2635 5648 nulum
2655 5610 2757 5649 esse
2779 5599 3025 5650 credatur.

2049 5656 2070 5686 ί
2103 5660 2150 5703 tu
2177 5657 2320 5727 editis
2340 5657 2447 5707 loco
2466 5691 2480 5713 .
2503 5672 2739 5724 peccare;
2763 5660 2889 5712 male
2909 5663 3253 5724 substitutum,
3276 5667 3489 5726 poterat,
3507 5664 3559 5707 Ct

1985 5719 2367 5779 repugnantibus
2391 5727 2493 5770 Mss.
