3934 6178
379 406 397 461 l
411 405 513 467 i89

373 523 522 596 cujus
548 525 928 582 commixtione
957 525 1050 581 Dei
1078 534 1264 582 natura
1289 533 1539 597 corrupta
1568 527 1661 595 sit,
1701 538 1951 599 tanquam

373 616 421 668 in
448 630 573 671 arce
602 615 951 671 Maniehmum
980 617 1199 673 haeresis
1228 626 1401 673 vestra
1428 618 1723 688 constituit,
1750 633 1822 676 ex
1850 635 1954 691 qua

367 717 418 760 et
448 706 594 761 illum
619 707 776 763 simul
802 716 855 763 et
889 722 980 764 vos
1002 709 1202 767 veritas
1229 708 1430 780 dejicit.

435 800 544 855 LV.
575 799 690 855 JUL.
718 800 999 856 Patiuntur
1037 802 1175 857 hanc
1212 817 1400 859 omnes
1435 802 1777 874 ignominiam
1803 846 1819 872 ,
1858 805 1950 876 qui

363 890 601 946 indicunt
619 892 830 947 veritati
857 893 1076 949 bellum.
1108 890 1216 949 Nos
1241 909 1370 964 ergo
1395 895 1538 966 quod
1565 896 1770 966 egimus
1798 896 1951 952 colli-

360 996 563 1050 gamus.
605 983 873 1050 Quaeritur
910 986 1052 1041 unde
1092 986 1179 1042 illa
1221 987 1390 1057 prima
1430 987 1674 1044 voluntas
1713 988 1851 1043 mala
1890 988 1946 1044 in

359 1073 577 1129 homine
604 1073 766 1131 fuerit
794 1086 998 1131 exorta.
1034 1076 1462 1146 Respondemus,
1489 1078 1534 1133 Α
1563 1085 1712 1134 motu
1739 1078 1940 1146 animi,

354 1172 581 1234 cogente
605 1166 770 1221 nullo.
799 1165 1060 1237 Objicitur
1084 1208 1098 1236 ,
1129 1167 1188 1224 Si
1218 1169 1236 1200 ³
1268 1169 1320 1223 in
1346 1183 1510 1240 opere
1536 1169 1631 1225 Dei
1659 1169 1942 1240 apparuit?

352 1256 690 1313 Assentimur
736 1274 924 1314 verum
966 1275 1106 1316 esse.
1148 1262 1386 1332 Rogatur
1426 1262 1695 1332 quomodo
1735 1261 1787 1318 id
1831 1277 1938 1319 non

349 1348 669 1416 abnuamns,
697 1351 787 1420 qui
814 1366 1070 1421 negamus
1095 1354 1335 1408 naturale
1361 1363 1660 1425 peccatum.
1690 1354 1936 1426 Respon-

347 1437 558 1506 demus,
588 1438 721 1505 Quia
746 1441 798 1495 in
824 1455 986 1511 opere
1013 1442 1104 1497 Dei
1134 1458 1164 1496 a
1195 1445 1430 1513 possibili
1453 1444 1634 1500 existit
1661 1456 1934 1514 peccatum

346 1530 487 1584 istud
513 1571 529 1596 ,
577 1547 682 1586 non
726 1548 756 1586 a
797 1536 1119 1590 necessario.
1160 1534 1431 1592 Naturalia
1465 1552 1594 1608 ergo
1632 1538 1933 1593 necessaria

342 1628 505 1688 sunt,
538 1622 813 1691 possibilia
843 1633 1021 1680 autem
1049 1626 1362 1681 voluntaria.

356 1754 361 1761 .
410 1714 548 1768 Ave.
576 1713 711 1769 Sunt
730 1721 786 1769 et
809 1715 1109 1773 voluntaria
1134 1720 1455 1785 necessaria,
1488 1720 1625 1776 sicut
1646 1720 1784 1777 beati
1810 1736 1930 1780 esse

341 1803 607 1871 volumus,
636 1814 691 1860 et
719 1822 942 1864 necesse
967 1819 1049 1865 est
1076 1820 1131 1865 ut
1150 1812 1373 1867 velimus
1400 1830 1413 1868 :
1437 1821 1563 1867 sunt
1581 1822 1635 1868 et
1658 1815 1925 1885 possibilia

339 1897 630 1965 naturalia;
658 1899 735 1953 sic
759 1901 1013 1970 possibile
1044 1911 1128 1958 est
1164 1905 1306 1959 enim
1349 1914 1405 1961 ut
1431 1908 1692 1976 concipiat
1731 1910 1925 1965 femina

336 2002 457 2056 quae
506 1993 812 2047 concumbit
858 2009 980 2049 cum
1026 1996 1141 2051 viro
1184 1998 1295 2053 suis
1333 2007 1387 2053 et
1424 2000 1565 2054 illius
1606 2002 1924 2071 genitalibus

332 2079 614 2147 membris,
645 2081 690 2136 si
713 2097 814 2138 nec
840 2085 951 2153 ipsa
973 2086 1170 2142 sterilis
1197 2088 1286 2153 sit,
1322 2104 1420 2144 nec
1449 2090 1566 2154 ille;
1599 2091 1692 2146 sed
1715 2101 1924 2148 nonest

332 2171 698 2227 necessarium
742 2190 756 2226 :
798 2173 913 2228 ﬁeri
954 2178 1149 2246 quippe
1189 2187 1399 2247 potest,
1430 2181 1523 2234 sed
1564 2196 1784 2238 necesse
1813 2199 1920 2238 non

328 2267 446 2324 est;
471 2269 524 2314 et
555 2271 731 2317 tamen
761 2267 1001 2322 naturale
1021 2277 1122 2323 est.
1146 2269 1306 2334 Tace,
1329 2271 1557 2327 obsecro
1581 2290 1593 2325 :
1619 2289 1770 2328 Vana:
1795 2285 1920 2330 sunt

325 2348 696 2419 definitiones;
722 2369 820 2410 nec
840 2356 1083 2425 subtiles,
1106 2359 1201 2414 sed
1223 2363 1452 2429 pueriles
1472 2363 1764 2420 divisiones
1792 2375 1914 2421 tune.

394 2439 530 2494 LVI.
557 2442 677 2498 Jun.
709 2446 790 2502 Ac
818 2461 913 2515 per
938 2447 1039 2503 hoc
1063 2491 1077 2515 ,
1111 2459 1168 2504 ut
1197 2462 1469 2519 peccatum
1500 2455 1666 2509 motui
1703 2455 1874 2511 libero
1896 2497 1911 2522 ,

322 2529 399 2585 ita
426 2541 671 2587 naturam
701 2535 811 2590 Deo
836 2538 1185 2594 adscribimus
1209 2540 1490 2596 conditori.
1517 2543 1612 2598 Est
1638 2544 1796 2614 igitur
1820 2559 1913 2599 na-

323 2630 441 2675 tura
482 2622 710 2679 humana
737 2625 934 2682 bonum
965 2643 1098 2697 opus
1127 2630 1219 2685 Dei
1253 2648 1267 2685 :
1298 2639 1383 2686 est
1418 2631 1640 2688 libertas
1667 2634 1907 2702 arbitrii,

318 2710 372 2766 id
396 2721 501 2778 est,
526 2716 847 2783 possibilitas
867 2719 951 2774 vel
976 2712 1345 2791 delinquendi,
1367 2724 1451 2778 vel
1478 2734 1627 2780 recte
1654 2725 1904 2794 faciendi,

316 2804 520 2861 bonum
543 2822 694 2877 mque
714 2824 847 2880 opus
866 2811 979 2866 Dei.
1005 2812 1298 2884 Utrumque
1319 2815 1420 2871 hoc
1442 2817 1641 2872 homini
1662 2833 1692 2872 a
1715 2833 1906 2875 neces-

315 2902 458 2956 sario
485 2903 671 2957 venit:
701 2914 887 2960 neutra
926 2906 1105 2962 dehis
1142 2908 1347 2964 duabus
1385 2910 1543 2965 rebus
1580 2912 1707 2967 mali
1744 2928 1903 2968 causa

312 3000 411 3046 est.
436 2991 548 3048 Sed
574 2992 678 3049 huc
709 3010 877 3066 usque
898 2994 1200 3052 necessaria
1224 2998 1313 3053 illa
1343 3011 1605 3056 venerunt
1632 3018 1646 3054 :
1672 3002 1782 3071 jam
1811 3017 1905 3057 vo-

310 3082 488 3139 luntas
514 3086 727 3156 quidem
754 3087 807 3142 in
839 3087 923 3143 his
948 3090 1209 3153 exoritur.
1239 3092 1335 3146 sed
1362 3108 1467 3147 non
1497 3093 1565 3148 de
1596 3093 1697 3148 his.
1731 3095 1906 3165 Capa-

308 3174 691 3231 riavoluntatis
710 3181 1067 3250 suntquippe,
1097 3197 1205 3236 non
1231 3182 1416 3252 plena;
1441 3199 1541 3240 nec
1564 3185 1780 3251 faciunt,
1807 3187 1901 3242 sed

305 3266 577 3338 accipiunt
605 3267 966 3326 diversitatem
994 3272 1326 3329 meritorum.

374 3358 518 3414 Anc.
571 3357 824 3413 Naturam
877 3370 932 3415 et
983 3362 1211 3419 liberum
1264 3365 1542 3421 arbitrium
1599 3370 1899 3426 rectissime

302 3445 442 3502 bona
473 3449 752 3505 conﬁteris
777 3465 898 3506 esse
929 3452 1021 3507 Dei
1051 3467 1212 3523 opera
1239 3473 1252 3509 :
1276 3456 1370 3511 sed
1398 3458 1539 3527 quod
1568 3460 1896 3535 voluntatem

302 3539 354 3592 in
398 3539 486 3594 his
527 3540 764 3610 quidem,
798 3543 891 3597 sed
934 3560 1039 3598 non
1070 3546 1137 3601 de
1168 3546 1250 3601 his
1287 3548 1485 3603 asseris
1520 3551 1736 3617 exoriri,
1768 3553 1893 3622 quid

300 3629 547 3686 insanius
578 3631 683 3687 dici
726 3635 938 3702 potest?
969 3637 1113 3690 itane
1140 3652 1290 3704 vero,
1324 3637 1551 3706 Juliane,
1580 3657 1646 3695 ex
1677 3641 1894 3699 homine

302 3723 535 3779 hominis
561 3726 810 3781 voluntas
839 3743 945 3782 non
976 3729 1162 3796 oritur,
1190 3745 1311 3785 cum
1345 3731 1506 3787 homo
1533 3732 1730 3788 bonum
1758 3750 1893 3805 opus

299 3817 391 3874 Dei
434 3821 549 3875 sit?
587 3821 865 3877 Postremo
895 3824 1133 3892 potuitne
1168 3825 1459 3881 ascendere
1500 3827 1554 3882 iu
1594 3843 1689 3883 cor
1718 3836 1887 3896 tuum,

298 3914 496 3968 exoriri
522 3914 736 3984 quidem
765 3916 996 3973 hominis
1020 3918 1366 3986 voluntatem,
1389 3919 1482 3975 sed
1503 3935 1610 3974 non
1627 3920 1695 3976 de
1720 3921 1889 3978 libero

295 4003 409 4072 ejus
429 4006 693 4061 arbitrio?
713 4009 807 4063 Dic
834 4024 961 4079 ergo
988 4010 1147 4077 unde,
1172 4011 1217 4066 si
1244 4027 1350 4067 non
1377 4012 1444 4068 de
1472 4022 1679 4079 natura,
1703 4013 1755 4067 id
1782 4022 1884 4083 est,

296 4111 399 4150 non
428 4098 500 4152 de
532 4099 647 4168 ipso
679 4099 927 4167 homine;
956 4101 1000 4157 si
1038 4118 1143 4157 non
1178 4103 1245 4159 de
1286 4105 1455 4160 libero
1490 4105 1605 4175 ejus
1642 4104 1883 4174 arbitrio,

294 4186 398 4255 die,
431 4204 585 4260 rogo,
618 4191 758 4247 unde
787 4194 1031 4249 voluntas
1068 4194 1297 4251 hominis
1326 4197 1547 4252 oriatur.
1578 4198 1764 4253 Dixisti
1795 4199 1884 4254 ubi

291 4279 520 4347 oriatur,
552 4282 638 4337 dic
667 4294 720 4338 et
748 4285 909 4340 unde.
935 4285 1080 4340 Bona
1108 4294 1268 4357 Opera
1298 4288 1389 4343 Dei
1434 4296 1560 4343 sunt
1598 4298 1785 4344 natura
1829 4298 1884 4346 et

290 4368 519 4426 liberum
548 4374 822 4429 arbitrium
847 4393 859 4428 :
889 4393 909 4427 ‹
942 4375 997 4429 In
1024 4376 1128 4444 his,
1163 4396 1182 4429 ι
1213 4378 1406 4448 inquis,
1435 4397 1455 4430 t
1482 4381 1726 4435 voluntas
1754 4395 1883 4437 exo-

290 4460 441 4527 ritur,
484 4463 581 4518 sed
611 4480 718 4518 non
759 4464 827 4521 de
866 4466 966 4520 his.
1000 4485 1020 4520 i
1057 4467 1205 4524 Unde
1234 4470 1401 4540 ergo?
1426 4469 1543 4537 die;
1575 4471 1873 4539 audiamus,

287 4548 576 4608 discamus.
618 4555 725 4610 Aut
769 4558 991 4615 ostende
1038 4560 1239 4630 aliquid
1279 4561 1475 4616 alicubi
1514 4572 1688 4619 ortum
1731 4580 1873 4633 esse,

184 4702 187 4711 ι
284 4653 403 4696 cum
435 4644 579 4701 unde
605 4661 710 4702 non
742 4658 906 4704 esset.
935 4649 1157 4707 Mundus
1186 4652 1397 4722 quidem
1428 4653 1497 4709 de
1526 4654 1692 4711 nihilo
1720 4671 1877 4711 exor-

283 4741 367 4788 tus
395 4744 500 4803 est,
525 4736 620 4793 sed
646 4739 760 4795 Deo
788 4740 1045 4808 faciente;
1077 4759 1197 4797 nam
1227 4745 1271 4799 si
1299 4744 1466 4800 Deum
1492 4747 1734 4817 Opiﬁcem
1765 4764 1871 4803 non

283 4821 526 4893 haberet,
564 4827 631 4883 de
660 4830 818 4884 nullis
844 4832 1002 4887 rebus
1027 4834 1247 4890 omnino
1274 4836 1403 4891 oriri
1443 4853 1549 4892 non
1592 4848 1788 4909 posset.
1814 4839 1871 4897 Si

278 4928 407 4987 ergo
434 4928 489 4973 et
514 4919 761 4977 voluntas
791 4924 842 4978 in
874 4925 1092 4980 homine
1122 4927 1204 4982 vel
1234 4928 1285 4983 in
1317 4928 1431 5000 ejus
1457 4929 1625 4988 libero
1649 4934 1871 4990 arbitrio

277 5004 346 5060 de
395 5009 567 5064 nihilo
612 5023 797 5069 exorta
847 5024 947 5082 est,
993 5016 1113 5087 quis
1159 5032 1276 5073 eam
1328 5019 1491 5075 fecit?
1521 5023 1626 5077 Aut
1670 5026 1714 5079 si
1761 5041 1869 5081 non

276 5094 438 5166 facta,
471 5103 555 5157 vel
584 5112 701 5158 orta
729 5115 812 5160 est
835 5108 879 5172 ',
904 5109 1023 5177 quis
1051 5124 1167 5163 eam
1194 5112 1411 5180 genuit?
1434 5114 1515 5168 An
1546 5117 1657 5170 sola
1694 5125 1776 5171 est
1813 5119 1865 5173 in

275 5189 472 5256 rebus,
517 5210 636 5264 quae
680 5213 799 5253 esse
839 5211 1147 5269 cmperunt,
1194 5203 1329 5258 facta
1358 5219 1387 5259 a
1416 5207 1562 5262 nullo
1585 5208 1625 5273 ³,
1650 5220 1770 5264 nata
1796 5211 1865 5268 de

274 5278 460 5334 nullo?
486 5280 593 5338 Cur
621 5300 748 5356 ergo
788 5298 1006 5359 propter
1054 5291 1197 5347 illam
1237 5293 1521 5351 damnatur
1548 5298 1728 5364 homo,
1757 5317 1864 5371 quo

271 5383 378 5425 non
409 5374 623 5432 volente
663 5390 846 5435 exorta
888 5392 971 5438 est
1013 5388 1062 5438 in
1109 5385 1201 5439 illo
1231 5388 1479 5445 voluntas
1518 5394 1679 5460 mala,
1709 5396 1863 5465 cujus

269 5471 387 5516 erat
428 5471 629 5522 tantum
674 5483 861 5539 capax,
893 5489 996 5527 non
1041 5475 1268 5532 ei‘licax?
1294 5478 1351 5535 Si
1397 5490 1597 5546 autem,
1644 5493 1702 5540 ut
1735 5486 1858 5556 jure

331 5639 350 5707 ξ
385 5638 547 5707 φάθι
573 5650 837 5707 Vox-tarum,
862 5649 971 5700 sed.

328 5699 352 5763 ξ
385 5700 518 5763 Idem
539 5707 692 5755 codex
707 5741 722 5763 ,
746 5699 950 5761 sellaria
972 5717 1059 5761 est.

558 5767 619 5816 de
641 5760 809 5840 nullo;
846 5760 1064 5835 asinino
1089 5781 1211 5836 post,
1240 5790 1332 5840 quo
1361 5778 1546 5833 nolente
1564 5790 1735 5838 exorta
1765 5794 1852 5840 est.

300 5823 587 5876 mandantur
612 5841 673 5878 ex

1746 408 1947 468 LIBER
1987 413 2301 482 QUINTUS.

3512 448 3532 502 i
3545 447 3644 505 lOO

2063 526 2366 603 damnetur,
2406 551 2471 592 eo
2513 540 2726 599 volente
2775 545 2826 599 in
2877 547 2969 603 illo
3012 562 3195 610 exorta
3241 568 3353 623 est;
3396 574 3491 616 cur
3531 564 3647 634 ejus

2060 621 2227 691 ipsius
2254 626 2575 687 voluntatem
2602 633 2670 688 de
2700 636 2792 690 illo
2819 649 3060 696 exortam
3089 660 3268 716 negas,
3302 666 3408 719 quo
3434 653 3645 709 volente

2057 720 2298 771 aortam
2321 732 2459 786 esse,
2484 730 2536 777 et
2561 738 2667 793 quo
2693 726 2794 782 nisi
2817 728 3027 787 volente
3054 735 3250 790 exoriri
3276 755 3380 793 non
3406 744 3641 810 potuisse

2056 818 2162 860 non
2210 809 2410 879 negas?
2445 811 2577 868 Cum
2621 830 2751 871 vero
2794 817 2862 874 de
2913 821 3001 876 illo
3041 832 3156 879 orta
3201 838 3301 893 est.
3345 809 3416 886 de
3456 843 3641 890 natura

2053 907 2237 952 exorta
2264 910 2367 969 est,
2392 902 2514 973 quia
2535 903 2696 962 homo
2719 915 2906 966 natura
2927 923 3008 969 est
3033 931 3047 980 ;
3073 924 3127 971 et
3145 919 3266 988 quia
3288 925 3457 991 potuit
3478 926 3636 980 etiam

2051 988 2197 1044 nolle
2232 992 2373 1061 quod
2399 995 2586 1061 voluit,
2613 997 2683 1055 de
2719 999 2886 1057 libero
2911 1003 3028 1075 ejus
3057 988 3502 1069 arbitrio—exorta
3532 1028 3635 1085 est,

2049 1081 2191 1149 quod
2235 1092 2290 1138 et
2334 1085 2530 1157 ipsum,
2560 1090 2699 1146 sicut
2744 1092 2947 1161 lateris,
2980 1100 3212 1168 pertinet
3250 1104 3316 1158 ad
3348 1115 3588 1163 naturam

2048 1184 2145 1224 cur
2173 1186 2302 1243 ergo
2341 1190 2502 1247 negas
2543 1180 2738 1238 clausis
2779 1185 2948 1243 oculis
2976 1203 3064 1244 res
3092 1201 3327 1261 apertas,
3350 1194 3418 1250 de
3445 1206 3631 1254 natura

2048 1259 2279 1318 hominis
2318 1267 2515 1323 exoriri
2543 1271 2869 1330 voluntatem
2897 1259 3194 1349 hominis",
3219 1282 3343 1339 dum
3385 1286 3538 1343 times
3565 1307 3632 1346 ne

2044 1348 2368 1410 Mauichams
2402 1369 2607 1416 natura:
2642 1362 2802 1434 hujus
2841 1379 3054 1426 accuset
3086 1378 3401 1431 auctorem?
3422 1376 3632 1437 Sufﬁcit

2042 1441 2110 1496 ad
2157 1444 2303 1500 illam
2347 1451 2701 1519 pestilentiam
2746 1458 3134 1533 refellendam,
3179 1468 3323 1535 quod
3366 1470 3622 1527 catholica

2041 1534 2235 1590 veritas
2264 1539 2535 1608 praedicat,
2576 1544 2645 1600 ab
2687 1549 2891 1617 optimo
2930 1552 3040 1608 Deo
3081 1555 3160 1611 sic
3199 1572 3321 1614 esse
3350 1559 3618 1619 hominem
3692 1588 3697 1591 ι

2038 1627 2332 1697 conditum,
2362 1641 2418 1687 ut
2444 1637 2818 1696 necessitatem
2846 1646 3099 1713 peccandi
3125 1664 3231 1705 non
3256 1650 3494 1723 haberet,
3524 1673 3623 1713 nec

2036 1727 2300 1787 peccaret,
2327 1723 2370 1776 si
2402 1739 2628 1793 peccare
2655 1731 2859 1800 nollet”;
2881 1748 3001 1789 cum
3041 1739 3201 1794 etiam
3240 1754 3453 1813 semper
3482 1746 3622 1802 nolle

2036 1808 2215 1880 utique
2235 1825 2436 1883 posset.
2460 1817 2591 1885 Quis
2613 1824 2754 1878 enim
2785 1833 2891 1880 tam
2919 1829 2987 1883 sit
3014 1840 3192 1888 mente
3220 1848 3411 1902 caecus,
3437 1847 3615 1894 utnon

2031 1901 2238 1970 videat,
2270 1905 2407 1962 sicut
2448 1908 2609 1966 homo
2647 1923 2730 1968 est
2774 1917 3019 1985 primitus
3057 1923 3323 1993 conditus,
3365 1943 3629 1999 magnum-

2031 1991 2229 2047 bonum
2251 2010 2371 2052 esse
2392 2008 2613 2065 naturai,
2639 2018 2797 2073 posse
2824 2023 2931 2063 non
2960 2025 3215 2080 peccare;
3242 2020 3482 2085 quamvis
3503 2037 3615 2076 ma-

2025 2078 2113 2147 jus
2142 2082 2233 2147 sit,
2262 2099 2367 2139 non
2400 2102 2561 2158 posse
2588 2107 2807 2160 peccare
2832 2113 2845 2149 :
2873 2078 3030 2168 atque
3059 2102 3452 2164 ordinatissime
3479 2125 3611 2167 con-

2028 2171 2306 2241 stitutum,
2358 2187 2416 2232 ut
2463 2177 2565 2235 hoc
2608 2182 2759 2252 prius
2806 2199 2951 2243 esset
2995 2191 3135 2248 unde
3185 2195 3336 2252 ﬁeret
3380 2188 3610 2258 hominis

2093 2445 2249 2501 LVII.
2290 2449 2409 2505 Jun.
2451 2453 2595 2509 Bona
2628 2473 2755 2529 ergo
2784 2464 3111 2530 possibilitas
3136 2470 3263 2526 mali
3295 2482 3455 2545 atque
3482 2476 3607 2535 boni

2022 2537 2347 2596 voluntatem
2396 2560 2502 2600 non
2547 2550 2706 2619 c0git,
2748 2554 2841 2608 sed
2887 2560 3146 2626 permittit
3189 2537 3407 2622 oboriri.
3435 2567 3605 2627 Nemo

2020 2624 2179 2695 igitur
2217 2629 2339 2686 ideo
2381 2631 2554 2691 bonus
2593 2649 2697 2707 est,
2740 2645 2859 2713 quia
2890 2624 3075 2705 libero
3123 2652 3344 2712 allectus
3385 2659 3605 2717 arbitrio

2017 2727 2137 2787 est;
2169 2732 2291 2778 sunt
2318 2726 2514 2797 quippe
2552 2732 2705 2787 multi
2744 2734 2989 2795 homines
3018 2758 3170 2813 aeque
3199 2745 3372 2815 liberi,
3399 2752 3493 2807 sed
3521 2763 3600 2808 ta-

2015 2825 2139 2866 men
2170 2815 2425 2883 pessimi:
2456 2821 2552 2876 sed
2591 2839 2692 2881 nec
2734 2826 2854 2884 ideo
2892 2831 3117 2904 quisque
3153 2838 3324 2895 malus
3348 2851 3450 2912 est,
3477 2847 3602 2915 quia

2015 2901 2167 2960 liberi
2210 2908 2413 2966 arbitrii
2454 2922 2573 2983 est;
2603 2928 2728 2974 sunt
2774 2923 2917 2977 enim
2959 2901 3109 2983 multi
3147 2945 3301 3002 aeque
3337 2901 3599 2995 libertatis

2013 2989 2171 3063 hujus
2198 3000 2505 3071 participes,
2532 3012 2705 3062 tamen
2732 3011 2940 3079 optimi.
2967 3014 3077 3071 Nec
3098 2989 3269 3075 bonus
3296 3022 3472 3093 igitur,
3499 3043 3598 3084 nec

2012 3082 2183 3139 malus
2212 3086 2375 3144 homo
2402 3092 2525 3147 ideo
2553 3104 2654 3159 est.
2684 3099 2804 3168 quia
2842 3101 2980 3158 liber
3002 3114 3084 3161 est
3111 3125 3124 3163 :
3154 3111 3246 3165 sed
3276 3082 3377 3169 nec
3400 3082 3592 3187 bonus,

2011 3190 2110 3231 nec
2138 3178 2308 3235 malus
2345 3196 2465 3238 esse
2488 3196 2688 3255 posset,
2720 3190 2821 3246 nisi
2860 3192 2995 3251 liber
3023 3207 3186 3255 esset.
3216 3200 3309 3257 Est
3338 3218 3466 3276 ergo
3495 3209 3596 3264 ista

2009 3268 2354 3339 possibilitas,
2390 3290 2510 3346 qua:
2548 3282 2765 3339 nomine
2811 3285 3072 3346 libertatis
3113 3268 3431 3368 ostenditur,
3462 3301 3532 3356 ita
3561 3318 3593 3359 tt

2006 3358 2407 3427 sapientissimo
2452 3370 2738 3427 constituta
2779 3375 2909 3442 Deo,
2952 3385 3011 3434 ut
3047 3381 3163 3439 sine
3200 3383 3313 3454 ipsa
3355 3404 3460 3445 non
3499 3393 3588 3459 sit,

2003 3448 2147 3516 quod
2176 3464 2272 3519 per
2298 3452 2469 3522 ipsam
2498 3473 2619 3516 esse
2647 3477 2752 3519 non
2777 3467 3001 3537 cogitur.
3022 3466 3422 3534 Contrariorum
3445 3481 3589 3539 enim

2003 3552 2108 3593 una
2136 3544 2430 3612 capacitate
2456 3549 2525 3604 ab
2555 3562 2899 3629 utrorumque
2927 3563 3232 3634 praejudicio
3255 3569 3585 3642 vindicatur;

2001 3630 2053 3685 id
2084 3642 2188 3700 est,
2222 3651 2322 3691 nec
2360 3641 2514 3696 malae
2542 3645 2858 3715 voluntatis,
2896 3668 2997 3709 nec
3032 3655 3185 3713 bonae
3220 3673 3380 3718 causa
3411 3674 3467 3720 et
3495 3682 3588 3722 ue-

1999 3724 2221 3781 cessitas
2263 3726 2367 3783 dici
2412 3740 2606 3800 potest,
2651 3751 2770 3806 quae
2801 3750 3079 3812 utramque
3123 3748 3200 3803 sic
3249 3753 3473 3822 recipit,
3530 3764 3587 3811 ut

1998 3825 2242 3872 neutram
2267 3824 2548 3891 compellat
2576 3829 2825 3886 existere.
2855 3831 3291 3895 Necessariorum
3322 3860 3449 3916 ergo
3475 3847 3587 3901 sin-

1995 3906 2196 3975 gularis
2235 3908 2445 3979 ductus,
2484 3924 2540 3969 et
2579 3932 2740 3972 unum
2775 3923 3003 3990 quodam
3042 3928 3202 3983 modo
3237 3906 3411 3987 Iilumv
3429 3943 3513 3990 est
3531 3939 3579 4005 ',

1996 3998 2140 4052 velut
2178 4003 2501 4070 geometrica
2544 4005 2634 4061 illa
2678 4008 2796 4065 sine
2841 4011 3120 4072 latitudine
3164 4018 3437 4091 longitudo
3473 4036 3576 4095 est,

1994 4101 2094 4142 nec
2130 4089 2218 4144 hic
2257 4092 2384 4147 unio
2425 4093 2589 4151 dividi
2630 4108 2822 4168 potest.
2852 4102 3112 4171 Quamdiu
3139 4089 3278 4180 ergo
3295 4089 3577 4185 singularis

1992 4180 2318 4248 extenditur,
2341 4185 2449 4240 vim
2476 4199 2678 4245 natura:
2706 4184 2815 4248 sua:
2843 4204 2987 4252 tenet
3013 4217 3027 4253 :
3050 4209 3104 4255 at
3134 4202 3218 4258 ubi
3250 4205 3298 4260 ei
3325 4221 3576 4263 occurre-

1989 4270 2062 4324 rit
2085 4271 2105 4302 ³
2148 4274 2289 4342 quod
2327 4276 2381 4332 in
2418 4278 2628 4336 diversa
2666 4283 2926 4355 findatur,
2959 4290 3086 4347 illud
3116 4299 3475 4354 necessarium
3506 4303 3574 4357 il-

1989 4364 2092 4419 lico
2139 4368 2471 4427 terminatur.
2513 4372 2570 4429 ld
2621 4386 2720 4444 est,
2765 4379 2937 4437 bonus
2971 4383 3113 4440 Deus
3156 4387 3354 4444 bonum
3399 4391 3525 4449 fecit
3551 4395 3573 4428 ⁸

1987 4456 2278 4516 hominem.

2055 4551 2188 4607 Auc.
2225 4553 2332 4608 Cur
2355 4571 2483 4625 ergo
2510 4557 2711 4627 dixisti,
2737 4578 2836 4619 nec
2862 4565 3079 4635 bonum,
3104 4587 3204 4629 nec
3229 4576 3423 4632 malum
3448 4595 3569 4638 esse

1984 4638 2274 4709 hominem,
2301 4645 2401 4700 nisi
2429 4650 2640 4729 propria
2665 4653 2971 4723 voluntate;
3001 4667 3058 4716 et
3083 4665 3335 4736 quidquid
3365 4685 3431 4725 ex
3457 4670 3568 4728 Deo

1982 4730 2167 4797 habet,
2197 4750 2263 4788 ex
2290 4726 2593 4796 necessario
2634 4741 2849 4815 habere,
2885 4762 2990 4806 non
3017 4767 3082 4808 ex
3101 4726 3393 4825 possibili?
3413 4726 3565 4829 Quod

1979 4823 2060 4878 vis
2086 4823 2326 4896 intelligi,
2367 4843 2432 4883 ex
2459 4840 2678 4900 natura,
2714 4852 2819 4892 non
2856 4854 2923 4894 ex
2954 4823 3260 4914 voluntate;
3291 4857 3349 4904 ut
3498 4868 3558 4910 se

1979 4912 2151 4982 ipsum
2179 4914 2351 4972 bonus
2378 4918 2450 4974 sit
2474 4920 2653 4989 homo,
2684 4940 2791 4980 non
2821 4942 2919 4996 per
2940 4930 3127 5000 Deum,
3153 4947 3245 4991 aut
3272 4948 3417 4996 certe
3441 4957 3561 4999 me-

1976 5105 2062 5151 tua
2111 5109 2272 5154 sunt:
2302 5118 2321 5153 (
2350 5100 2539 5168 Nemo,
2575 5124 2594 5158 ι
2626 5107 2820 5178 inquis,
2854 5129 2872 5163 ι
2906 5112 3027 5171 ideo
3072 5117 3244 5177 honus
3274 5100 3402 5189 est,
3437 5128 3560 5197 quia

1972 5186 2141 5242 libero
2186 5189 2407 5246 allectus
2457 5195 2678 5252 arbitrio
2718 5208 2817 5254 est.
2851 5219 2871 5254 ι
2898 5203 2963 5258 Et
3011 5210 3168 5276 paulo
3215 5186 3420 5281 postzit
3447 5186 3558 5271 Nec

1971 5278 2092 5333 ideo
2117 5284 2343 5351 quisque
2367 5284 2541 5341 malus
2567 5296 2668 5353 est,
2701 5309 2722 5344 ι
2753 5292 2947 5363 inquis,
2978 5316 2998 5350 ε
3025 5302 3148 5370 quia
3179 5278 3327 5358 liberi
3351 5304 3557 5364 arbitrii

1968 5382 2068 5428 est.
2100 5392 2121 5425 ›
2155 5375 2358 5441 Quibus
2385 5378 2565 5436 verbis
2589 5382 2719 5455 quid
2743 5384 2895 5454 dicis,
2926 5391 3024 5446 nisi
3056 5392 3193 5463 quod
3226 5409 3325 5450 nec
3352 5395 3552 5455 bonum

2030 5609 2047 5677 ξ
2080 5609 2238 5677 Codex
2256 5617 2399 5672 Pori...
2631 5616 2813 5672 homini
2832 5622 3131 5677 voluntatem.

2028 5670 3057 5762 :ms’tgmnlsis;editibnagessmiittntcréo
3068 5670 3330 5753 singularis
3353 5693 3544 5762 ductus,

1964 5738 2009 5781 et
2029 5730 2205 5803 portum
2228 5730 2579 5803 quodaminodo
2601 5730 2741 5803 ﬁltmt
2755 5730 2871 5794 esse.

2027 5793 2048 5866 ξ
2080 5798 2208 5866 nassa,
2230 5793 2513 5847 Occurrerit.
2542 5793 2808 5866 [occurril.]

2028 5851 2050 5884 ι
2080 5854 2241 5904 Codex
2265 5863 2526 5922 l’ortarum,
2543 5851 2680 5922 facit.
