3934 6178
370 368 463 423 £9!
1001 355 1242 416 OPERIS
1280 350 1687 421 IMPERFEC'DI
1718 347 1934 419 CONTR,

2043 347 2386 415 IULIANUM,
2428 349 2486 404 S.
2525 349 2891 407 AUGUSTINI

335 497 435 535 nec
480 479 675 533 malum
720 477 859 531 Deus
902 473 1088 531 fecerit
1132 471 1425 534 hominem,
1469 467 1562 524 sed
1610 462 1922 520 utrumlibet

336 573 528 626 horum
562 569 675 640 ipse
709 586 766 623 se
796 567 941 635 facit,
973 583 1093 625 cum
1121 565 1256 619 bene
1283 564 1363 618 vel
1394 562 1531 617 male
1562 561 1726 616 utitur
1752 559 1922 614 libero

336 663 589 727 arbitrio?
610 660 747 729 Quid
773 669 855 719 est
877 673 1002 728 ergo
1024 656 1165 727 quod
1192 670 1334 709 nunc
1353 654 1507 720 dicis,
1542 671 1561 703 ι
1587 652 1765 707 Bonus
1783 650 1923 704 Deus

339 758 533 822 bonum
565 754 687 809 fecit
707 751 1014 815 hominem;
1045 768 1065 801 ι
1097 748 1143 802 si
1171 762 1272 801 nec
1300 747 1492 811 bonus,
1521 759 1621 799 nec
1647 742 1817 796 malus
1842 746 1926 794 est

339 847 583 902 habendo
611 846 837 901 liberum
864 843 1141 897 arbitrium
1166 839 1308 910 quod
1340 840 1392 895 in
1416 853 1482 893 eo
1502 839 1640 892 Deus
1662 834 1808 899 fecit,
1828 832 1924 888 sed

339 941 477 1003 liene
502 936 718 1000 utendo,
743 935 792 990 id
821 943 922 1002 est,
945 949 1065 990 cum
1088 933 1196 1002 jam
1224 932 1336 1001 ipse
1357 931 1495 986 bene
1517 930 1647 994 vult,
1675 944 1781 981 non
1802 942 1923 981 eum

343 1030 502 1084 habet
542 1026 952 1099 possibilitatem
988 1023 1202 1090 volendi
1242 1022 1415 1078 bene?
1443 1022 1509 1078 Et
1535 1018 1801 1091 quomodo
1829 1032 1926 1072 ve-

340 1137 456 1188 rum
485 1119 605 1184 erit,
632 1116 776 1171 Fecit
799 1116 934 1170 Deus
963 1114 1217 1177 hominem
1247 1121 1438 1169 rectum
1462 1110 1652 1178 (Eccle.
1677 1124 1776 1174 vlt,
1809 1106 1927 1177 50)?

342 1212 423 1265 An
468 1218 647 1265 rectus
688 1220 803 1263 erat
844 1222 949 1269 non
992 1205 1195 1270 habens
1232 1204 1554 1264 voluntatem
1583 1201 1799 1264 bonam,
1832 1198 1928 1257 sed

345 1302 462 1371 ejus
494 1299 940 1371 possibilitatem?
970 1298 1111 1368 Ergo
1136 1307 1191 1352 et
1214 1310 1412 1369 pravus
1441 1303 1557 1349 erat
1587 1309 1692 1353 non
1726 1291 1930 1347 habens

343 1392 675 1451 Voluntatem
723 1390 941 1455 malam,
974 1388 1068 1444 sed
1099 1388 1215 1459 ejus
1259 1386 1696 1457 possibilitatem;
1728 1391 1782 1438 et
1809 1398 1840 1439 a
1869 1397 1929 1439 se

347 1485 466 1552 ipso
492 1484 569 1537 illi
597 1492 680 1538 est
714 1482 958 1538 voluntas
984 1476 1146 1547 bona,
1184 1479 1480 1548 falsumque
1500 1478 1517 1509 ί
1539 1477 1794 1546 scriptum
1824 1485 1929 1542 est,

347 1573 683 1645 Prwparatur
726 1574 959 1628 voluntas
996 1588 1028 1624 a
1063 1571 1282 1625 Domino
1317 1569 1335 1637 (
1362 1568 1516 1623 Prov.
1554 1583 1666 1633 vm,
1707 1567 1797 1633 55,
1827 1582 1929 1620 sec.

348 1664 518 1734 LXX)
541 1682 557 1729 ;
586 1673 660 1732 et,
689 1664 828 1719 Deus
853 1665 906 1718 in
933 1664 1069 1718 vobis
1099 1672 1337 1732 operatur
1362 1671 1409 1716 et
1434 1661 1559 1715 velle
1584 1659 1843 1732 (Philipp.
1870 1675 1928 1726 ιι,

350 1757 462 1828 15).
491 1756 801 1827 Quanquam
830 1766 884 1811 tu
914 1771 1017 1812 nec
1038 1770 1070 1810 a
1094 1769 1152 1809 se
1183 1755 1300 1825 ipso
1336 1753 1388 1808 ei
1416 1754 1564 1809 dicas
1597 1768 1718 1808 esse
1745 1752 1934 1807 volun-

351 1857 515 1903 tatem
558 1847 752 1902 bonam
793 1847 879 1902 vel
919 1847 1149 1912 malam;
1186 1843 1280 1900 sed
1322 1843 1451 1899 oriri
1494 1844 1548 1898 in
1588 1843 1702 1910 illo,
1734 1856 1839 1896 non
1867 1841 1935 1897 de

350 1940 464 2009 illo.
495 1940 569 1998 Ita
600 1938 676 2006 fit,
709 1947 767 1993 ut
810 1954 904 2008 per
948 1949 1091 1992 tuam
1135 1935 1433 1992 mirabilem
1474 1934 1936 2004 sapientiam,nec

356 2031 494 2096 Dens
531 2029 718 2085 fecerit
750 2036 954 2084 rectum
981 2027 1286 2091 hominem;
1314 2028 1409 2080 sed
1438 2025 1527 2095 qui
1553 2032 1731 2079 rectus
1758 2031 1937 2093 posset

352 2137 493 2187 esse,
521 2122 565 2175 si
592 2121 753 2177 vellet
777 2139 789 2174 :
814 2136 913 2178 nec
938 2121 1053 2190 ipse
1076 2134 1133 2175 se
1156 2117 1332 2184 faciat,
1357 2117 1452 2172 sed
1477 2117 1655 2173 nescio
1679 2131 1785 2187 quo
1807 2129 1937 2171 casu

353 2222 534 2271 rectus
577 2212 685 2277 fiat,
730 2213 853 2282 quia
893 2226 991 2266 nec
1029 2211 1098 2268 de
1142 2210 1253 2276 illo,
1295 2209 1389 2264 sed
1432 2208 1613 2264 nescio
1651 2207 1812 2272 unde,
1845 2215 1937 2261 aut

355 2305 536 2357 nescio
561 2301 849 2371 quomodo,
892 2302 947 2356 in
991 2301 1083 2355 illo
1122 2301 1369 2356 voluntas
1410 2300 1580 2354 oritur
1619 2313 1722 2368 qua
1760 2308 1937 2353 rectus

356 2394 467 2447 tiat.
490 2392 608 2448 Non
637 2380 718 2447 est
747 2393 844 2447 ista
871 2392 1131 2461 sapientia
1159 2391 1437 2446 desursum
1464 2389 1817 2455 descendens,
1843 2387 1938 2443 sed

354 2492 588 2553 terrena,
611 2482 876 2547 animalis,
904 2480 1167 2536 diabolica
1194 2479 1394 2550 (Jacobi
1424 2496 1498 2545 ιιι,
1532 2478 1639 2550 IS).

429 2574 611 2633 LVIII.
652 2575 774 2629 Jun.
816 2574 887 2628 Et
915 2575 1171 2644 incipere,
1196 2582 1249 2628 et
1274 2572 1409 2628 bene
1436 2574 1671 2641 incipere
1695 2572 1941 2628 substan-

357 2668 505 2734 tiam,
535 2682 566 2722 a
594 2665 881 2721 necessarii
914 2666 1110 2720 unione
1143 2664 1404 2734 dirigitur.
1436 2663 1642 2733 Accipit
1664 2665 1822 2719 etiam
1849 2679 1939 2717 ar-

355 2761 496 2816 bitrii
542 2760 879 2825 libertatem;
909 2773 1061 2828 aeque
1086 2757 1260 2813 adhuc
1287 2756 1573 2817 necessarii
1603 2755 1739 2810 linea
1764 2756 1939 2810 conti-

357 2852 668 2907 neturzsed
711 2851 822 2922 jam
864 2850 1287 2906 necessariorum
1336 2848 1455 2903 linis
1498 2857 1614 2915 est;
1662 2847 1789 2903 hinc
1838 2848 1939 2902 fin-

356 2944 553 2997 duntur
599 2942 652 2997 in
695 2942 963 2997 contraria
1009 2941 1330 2996 voluntates.
1360 2939 1442 2995 Ad
1472 2938 1724 2998 unionem
1764 2953 1893 3009 ergo
1918 2940 1938 2970 ²

357 3035 642 3089 necessarii
667 3032 943 3088 divisionis
970 3041 1160 3087 natura
1190 3047 1295 3086 non
1320 3031 1576 3101 pertinet.
1607 3031 1685 3085 Ita
1709 3030 1939 3100 possibi-

355 3126 556 3195 litatem
587 3123 784 3179 habere
807 3123 1048 3193 cogimur
1073 3140 1085 3176 :
1116 3123 1190 3177 uti
1219 3129 1395 3177 autem
1421 3122 1505 3175 vel
1531 3122 1667 3178 bene
1692 3121 1773 3176 vel
1801 3119 1941 3176 male

356 3198 468 3285 ipsa
496 3215 849 3286 possibilitate
879 3229 984 3269 non
1014 3214 1274 3285 cogimur.
1300 3213 1373 3268 Ita
1404 3213 1461 3269 fit
1492 3222 1548 3268 ut
1577 3214 1736 3268 etiam
1770 3216 1941 3283 possi-

353 3308 531 3373 bilitas
576 3308 833 3380 peccandi
875 3323 1043 3379 capax
1079 3307 1205 3363 boni
1245 3306 1498 3376 maiique,
1528 3305 1622 3361 sed
1656 3306 1939 3361 voluntarii

354 3400 739 3470 sitzquoniam
786 3399 916 3454 boni
965 3397 1166 3468 proprii
1203 3411 1371 3467 capax
1413 3409 1532 3452 esse
1559 3410 1668 3450 non
1706 3402 1936 3467 poterat,

357 3491 457 3545 nisi
487 3506 654 3561 capax
677 3499 821 3545 esset
844 3498 899 3545 et
922 3490 1089 3559 pravi.

427 3584 562 3641 Auc.
604 3582 701 3638 Dic
746 3583 923 3653 potius
951 3623 967 3645 ,
1006 3584 1052 3636 si
1102 3582 1183 3637 vis
1220 3597 1403 3637 verum
1445 3580 1623 3636 dicere
1651 3621 1667 3647 ,
1707 3580 1942 3636 hominis

359 3681 601 3736 naturam
648 3688 899 3744 capacem
948 3673 1074 3728 boni
1114 3683 1169 3728 et
1205 3672 1355 3743 pravi
1394 3673 1540 3741 prius
1566 3672 1756 3727 factam
1785 3687 1798 3725 :
1832 3688 1938 3726 non

357 3766 501 3837 quod
525 3766 546 3798 ³
572 3781 677 3821 non
722 3774 906 3836 posset
944 3765 1108 3821 solius
1137 3765 1263 3819 boni
1291 3779 1456 3835 capax
1498 3764 1645 3829 fieri;
1673 3764 1768 3820 sed
1795 3764 1939 3835 quod

356 3861 425 3914 ab
452 3860 570 3929 ipso
592 3858 757 3930 gradu
787 3858 1178 3913 ordinatissime
1203 3870 1423 3926 surgere
1446 3856 1650 3923 debuit,
1677 3866 1734 3910 ut
1758 3856 1800 3910 si
1835 3871 1940 3911 non

357 3960 632 4022 peccasset
657 3950 872 4021 quando
901 3964 1123 4020 peccare
1154 3957 1353 4018 posset,
1384 3948 1451 4002 ad
1493 3963 1610 4003 eam
1655 3947 1941 4003 beatitudi-

357 4061 477 4103 nem
508 4046 816 4115 perveniret
854 4044 944 4099 ubi
987 4058 1207 4113 peccare
1242 4057 1352 4096 non
1390 4050 1588 4110 posset.
1619 4040 1774 4108 Quia,
1803 4040 1941 4094 sicut

352 4140 461 4209 jam
511 4138 639 4203 dixi,
690 4146 975 4206 utrumque
1022 4148 1271 4203 magnum
1309 4134 1508 4188 bonum
1555 4141 1655 4198 est,
1698 4131 1941 4202 quamvis

357 4233 531 4295 minus
573 4246 756 4296 unum,
797 4228 1021 4284 alterum
1067 4226 1258 4295 majus.
1287 4225 1459 4280 Minus
1486 4234 1569 4280 est
1600 4227 1742 4281 enim
1780 4241 1939 4294 posse

357 4340 460 4380 non
507 4337 760 4392 peccare,
810 4319 982 4389 majus
1019 4326 1197 4378 autem
1242 4331 1349 4373 non
1393 4331 1553 4386 posse
1592 4331 1817 4385 peccare
1844 4335 1859 4371 :
1885 4326 1940 4373 et

355 4414 632 4483 oportebat
659 4427 690 4466 a
719 4412 909 4466 merito
939 4409 1062 4465 boni
1099 4408 1322 4463 minoris
1349 4407 1414 4462 ad
1445 4407 1719 4477 praemium
1745 4423 1937 4477 perve-

355 4508 472 4560 nire
513 4505 753 4571 majoris.
796 4503 929 4557 Nam
981 4502 1027 4557 si
1063 4520 1082 4554 ‹
1114 4501 1238 4556 boni
1285 4500 1503 4571 proprii,
1545 4518 1564 4552 ι
1610 4500 1748 4554 sicut
1782 4499 1935 4565 dicis,

362 4615 380 4646 ι
414 4609 583 4663 capax
611 4607 729 4647 esse
760 4609 865 4655 non
890 4601 1100 4660 poterat
1128 4612 1147 4644 ι
1182 4592 1412 4648 humana
1444 4599 1648 4655 natura,
1683 4610 1703 4644 ι
1733 4591 1829 4646 nisi
1851 4606 1941 4646 ca-

358 4704 457 4756 pax
486 4694 631 4741 esset
657 4695 710 4739 et
731 4686 876 4754 pravi
902 4701 916 4749 ;
952 4703 971 4737 »
1001 4700 1098 4738 cur
1124 4694 1242 4753 post
1264 4685 1401 4739 hanc
1420 4686 1580 4739 vitam
1607 4684 1690 4754 pie
1710 4693 1935 4753 gestam,

354 4779 479 4834 boni
518 4777 686 4832 solius
716 4778 839 4843 erit,
872 4785 925 4830 et
953 4792 1058 4830 nou
1092 4775 1216 4829 mali
1246 4790 1434 4844 capax,
1465 4774 1533 4830 ab
1561 4776 1704 4833 omni
1736 4776 1940 4831 scilicet

353 4871 543 4935 aliena,
575 4886 679 4925 non
721 4870 897 4924 solum
944 4870 1216 4925 voluntate
1256 4867 1340 4921 vel
1385 4868 1721 4936 necessitate,
1753 4884 1937 4923 verum

354 4963 513 5016 etiam
565 4962 918 5034 possibilitate
967 4959 1254 5031 peccandi?
1287 4959 1371 5013 An
1416 4974 1543 5015 vero
1592 4959 1935 5015 metuendum

353 5063 456 5120 est,
498 5068 564 5107 ne
613 5062 740 5115 tunc
785 5055 944 5108 etiam
997 5053 1132 5108 forte
1178 5065 1477 5120 peccemus,
1506 5052 1715 5121 quando
1740 5054 1937 5107 sanctis

353 5144 576 5213 Angelis
603 5143 804 5199 erimus
842 5144 1112 5211 aequales?
1141 5143 1216 5198 De
1244 5142 1439 5211 quibus
1467 5143 1583 5197 sine
1608 5142 1937 5197 dubitatione

351 5235 678 5293 credendum
714 5243 813 5297 est,
843 5232 982 5303 quod
1027 5235 1328 5303 acceperint
1371 5248 1481 5288 non
1517 5248 1673 5303 posse
1712 5249 1937 5315 peccare

355 5347 450 5399 pro
497 5330 688 5385 merito
734 5325 1123 5395 permansionis
1167 5340 1297 5391 sine,
1347 5325 1595 5394 quoniam
1647 5332 1931 5390 steterunt,

350 5423 562 5496 quando
587 5424 703 5477 aliis
732 5419 1039 5477 cadentibus
1064 5417 1224 5499 etiam
1254 5419 1349 5487 ipsi
1380 5432 1601 5487 peccare
1627 5426 1930 5499 potuerunt.

412 5599 429 5663 ξ
466 5572 636 5663 πρηέες
663 5595 894 5663 falsaque.
1159 5658 1168 5663 .
1232 5653 1259 5663 ..
1302 5657 1312 5663 .
1600 5653 1611 5663 .

352 5722 359 5730 _
411 5659 435 5730 ξ
466 5660 547 5705 uie
570 5653 851 5718 particulam
871 5692 884 5718 ,
910 5665 1040 5719 ergo,
1066 5653 1808 5715 auctoritatennanuscriptorum
1850 5653 1937 5719 ad-

345 5730 568 5791 jeciuius.

412 5782 431 5843 ξ
468 5786 597 5839 Mss,
618 5791 709 5829 non
729 5792 835 5842 quo.

3477 353 3613 411 N92

2032 461 2280 530 Alioquin
2325 462 2497 517 adhuc
2546 463 2838 519 timendum
2886 470 3048 528 esset,
3094 478 3163 523 ne
3209 464 3407 521 multos
3451 482 3615 522 novos

2031 552 2288 619 diabolos,
2321 563 2374 609 et
2397 569 2580 608 eorum
2606 570 2773 610 novos
2798 555 2970 611 malos
2999 556 3014 587 ¹
3040 558 3260 627 angelos
3286 557 3513 614 haberet
3534 558 3616 615 hic

2033 645 2280 699 mundus.
2299 645 2615 701 Sanctorum
2636 646 2794 702 etiam
2816 648 2904 717 qui
2925 646 2994 702 de
3013 648 3327 717 corporibus
3350 651 3616 716 exierunt,

2035 736 2137 790 erit
2182 736 2335 791 nobis
2373 738 2477 791 vita
2508 746 2772 808 suspecta,
2805 752 2873 793 ne
2902 738 2975 792 ibi
3002 740 3162 793 etiam
3193 755 3300 810 quo
3336 752 3619 809 venerunt,

2034 826 2256 883 forsitan
2296 831 2660 900 peccaverint,
2687 839 2779 885 aut
2808 829 3032 885 forsitan
3076 843 3334 901 peccent;
3365 835 3411 889 si
3444 836 3496 889 in
3529 852 3620 889 na-

2036 928 2151 975 tura
2197 922 2438 976 rationali
2484 922 2807 992 possibilitas
2852 923 3111 991 peccandi
3159 936 3474 993 permanet,
3524 942 3622 982 nec

2034 1020 2213 1082 potest
2237 1028 2358 1069 esse
2382 1029 2548 1084 capax
2576 1014 2722 1082 boni,
2750 1015 2794 1068 si
2823 1030 2928 1069 non
2959 1015 3030 1069 sit
3055 1024 3109 1070 et
3137 1016 3282 1071 mali.
3314 1017 3445 1084 Quae
3488 1034 3622 1088 quo-

2036 1102 2179 1156 niam
2205 1103 2549 1160 vehementer
2576 1104 2808 1160 absurda
2846 1115 2989 1172 sunt,
3024 1106 3138 1162 hzec
3175 1108 3358 1178 opinio
3404 1119 3493 1165 est
3538 1126 3623 1166 re-

2035 1194 2310 1264 spuenda;
2348 1197 2629 1266 potiusque
2671 1196 3032 1264 credendum,
3080 1197 3201 1253 ideo
3255 1198 3420 1255 fuisse
3470 1201 3624 1254 istam

2036 1296 2282 1344 naturam
2314 1298 2368 1343 et
2394 1290 2519 1344 boni
2545 1297 2601 1344 et
2627 1289 2751 1344 mali
2780 1304 3029 1359 capacem
3055 1290 3300 1360 primitus
3331 1291 3545 1357 factam,
3571 1301 3626 1347 ut

2038 1379 2230 1435 horum
2270 1382 2493 1437 alterum
2534 1382 2823 1452 diligendo,
2852 1383 3099 1437 meritum
3131 1394 3493 1452 compararet,
3520 1400 3626 1455 quo

2038 1469 2163 1525 boni
2191 1471 2378 1539 solius,
2410 1473 2494 1527 vel
2530 1474 2654 1527 mali
2681 1473 2847 1528 solius
2872 1488 3037 1544 capax
3067 1475 3402 1544 postmodum
3435 1476 3623 1533 fieret:

2039 1563 2112 1617 ita
2157 1572 2333 1619 tamen
2383 1576 2440 1618 ut
2486 1566 2530 1619 si
2580 1566 2900 1635 plecteretur
2945 1567 3287 1623 damnatione
3333 1578 3624 1639 perpetua,

2039 1656 2148 1724 pati
2190 1665 2471 1727 cogeretur
2499 1666 2738 1728 tantum,
2781 1674 2889 1714 non
2931 1661 3093 1716 etiam
3136 1659 3316 1717 facere
3363 1663 3629 1720 sineretur

2039 1747 2256 1803 malum.

2110 1839 2247 1910 LIX.
2287 1840 2398 1896 ιω..
2446 1842 2554 1901 Sed
2597 1855 2849 1913 quantum
2896 1845 3121 1902 interest
3161 1846 3301 1902 inter
3326 1848 3544 1916 plenum
3575 1861 3627 1905 et

2040 1948 2289 2000 vacuum,
2320 1943 2522 1990 tantum
2554 1937 2805 1997 nimirum
2838 1938 2975 1992 inter
3000 1938 3406 2008 possibilitatem
3439 1950 3495 1995 et
3532 1958 3627 1996 ne-

2040 2025 2364 2080 cessitatem.
2394 2026 2723 2083 Possibilitas
2768 2028 2911 2083 enim
2954 2030 3032 2083 rei
3077 2030 3239 2097 illius,
3273 2032 3428 2100 cujus
3464 2024 3629 2101 capax

2042 2115 2260 2180 dicitur,
2285 2132 2448 2171 vacua
2473 2119 2771 2174 ostenditur
2796 2137 2809 2173 :
2832 2120 3045 2189 quando
3071 2121 3116 2175 si
3141 2137 3303 2175 vacua
3327 2139 3434 2176 non
3465 2132 3627 2190 esset,

2043 2222 2141 2261 nec
2169 2222 2337 2276 capax
2378 2217 2539 2263 esset.
2573 2209 2671 2275 Qui
2714 2210 2855 2264 enim
2897 2222 3133 2280 caperet,
3161 2212 3302 2282 quod
3327 2213 3441 2281 jam
3472 2212 3631 2270 habe-

2041 2299 2156 2352 ret?
2182 2298 2482 2354 Necessitas
2507 2309 2683 2355 autem
2710 2316 2816 2355 non
2847 2302 3186 2370 vacuitatem,
3218 2304 3311 2362 sed
3344 2305 3631 2372 plenitudi-

2044 2404 2165 2444 nem
2199 2391 2397 2445 indicat
2429 2411 2442 2446 :
2474 2406 2579 2446 non
2614 2402 2789 2462 potest
2814 2395 3010 2465 quippe
3040 2411 3230 2465 capere
3260 2399 3413 2467 quasi
3442 2415 3629 2468 vacua,

2042 2482 2184 2550 quod
2211 2482 2321 2551 jam
2347 2485 2496 2553 quasi
2537 2485 2690 2554 plena
2721 2502 2842 2541 esse
2871 2489 3162 2558 compellit.
3196 2490 3425 2545 Tantum
3458 2493 3629 2562 itaque

2042 2573 2182 2627 inter
2208 2575 2509 2630 necessaria
2549 2585 2603 2630 et
2638 2577 2909 2646 possibilia
2940 2580 3180 2643 interest,
3208 2590 3467 2650 quantum
3497 2582 3632 2639 inter

2043 2665 2284 2720 conferta
2321 2677 2378 2722 et
2416 2668 2613 2723 inania.
2645 2669 2726 2723 Ab
2757 2670 3031 2740 utriusque
3071 2687 3200 2742 ergo
3227 2674 3520 2742 qualitatis,
3542 2689 3633 2728 cu-

2037 2757 2125 2827 jus
2170 2774 2322 2827 anque
2363 2774 2530 2829 capax
2569 2769 2672 2825 est,
2702 2762 3024 2831 priejudiciis
3067 2765 3178 2833 ipsa
3222 2767 3631 2835 repugnantium

2043 2851 2380 2920 susceptione
2415 2850 2733 2906 defenditur.
2767 2853 2936 2909 IIabet
2975 2870 3106 2926 ergo
3143 2856 3341 2911 bonum
3382 2873 3632 2913 necesse-

2044 2939 2181 2993 rium
2210 2941 2262 2995 in
2295 2951 2480 2996 natura
2510 2952 2737 3012 tantum,
2763 2954 3017 3014 quantum
3051 2948 3117 3001 ad
3144 2948 3403 3004 honorem
3429 2960 3633 3019 spectat

2043 3033 2310 3098 auctoris;
2341 3034 2481 3104 quod
2510 3042 2593 3088 est
2622 3035 2923 3091 innocentia
2953 3038 3080 3093 nulli
3110 3039 3252 3093 malo
3277 3039 3511 3095 admixta
3538 3057 3633 3095 na-

2043 3126 2305 3194 turaliter,
2333 3128 2532 3197 proprii
2558 3129 2735 3197 operis
2766 3144 2861 3197 pro
2890 3129 3017 3185 boni
3047 3133 3370 3201 pr0prietate
3392 3142 3451 3189 et
3472 3148 3631 3189 accu-

2043 3219 2247 3273 satione
2274 3220 2397 3274 mali
2430 3221 2713 3290 reccptrix.
2741 3220 2879 3277 Illud
2906 3238 3034 3293 ergo
3069 3224 3209 3294 quod
3240 3227 3291 3280 ei
3318 3225 3387 3281 de
3413 3229 3630 3299 proprio

2042 3309 2207 3375 venit,
2234 3325 2460 3379 peccans
2485 3312 2708 3382 quisque
2730 3314 2969 3370 sauciare
2993 3324 3164 3385 potest
3186 3334 3200 3369 :
3222 3317 3324 3373 hoc
3340 3334 3473 3376 vero
3491 3321 3629 3391 quod

2042 3402 2109 3457 de
2132 3403 2223 3458 Dei
2264 3418 2426 3472 epere
2460 3405 2719 3474 suscepit,
2756 3405 3067 3463 decolorare
3093 3423 3197 3462 non
3231 3418 3430 3479 potest.
3458 3412 3630 3469 Manet

2041 3507 2169 3562 ergo
2196 3494 2338 3548 etin
2367 3495 2522 3550 malis
2565 3495 2869 3552 hominibus
2918 3499 3117 3554 taxatio
3158 3494 3423 3556 naturalis
3471 3504 3626 3569 boui;

2043 3598 2144 3638 nec
2185 3599 2416 3653 unquam
2464 3586 2663 3640 malum
2708 3586 2830 3650 erit,
2873 3587 3073 3642 bonum
3120 3591 3429 3662 malumque
3474 3609 3631 3664 agere

2045 3675 2280 3745 potuisse
2310 3693 2324 3729 :
2353 3675 2446 3731 sed
2477 3692 2721 3746 persona:
2756 3679 2828 3733 illi
2858 3680 2987 3735 nihil
3014 3681 3270 3751 proderit,
3294 3698 3417 3754 quae
3443 3700 3628 3741 neces-

2044 3766 2167 3821 sarii
2196 3767 2279 3822 sui
2304 3767 2542 3838 instituta
2570 3784 2676 3823 non
2705 3769 2923 3826 damnat
2945 3773 3179 3841 quidem,
3202 3775 3297 3830 sed
3326 3785 3506 3832 tamen
3532 3779 3630 3833 sibi

2041 3869 2106 3907 ea
2148 3871 2255 3912 non
2299 3858 2552 3927 prodesse
2594 3860 2869 3930 compulit.
2894 3860 3043 3917 Sicut
3064 3878 3191 3933 ergo
3221 3864 3273 3919 in
3300 3880 3368 3920 eo
3390 3864 3627 3934 homine,

2043 3947 2095 4000 in
2126 3964 2231 4018 quo
2257 3956 2341 4003 est
2358 3949 2468 4018 jam
2495 3950 2757 4019 explicata
2784 3951 3023 4021 libertas,
3051 3968 3172 4008 cum
3203 3965 3411 4024 peccat,
3435 3959 3632 4015 malum

2042 4041 2395 4096 adscribimus
2417 4043 2693 4107 voluntati,
2714 4053 2956 4099 naturam
2978 4054 3154 4100 autem
3173 4047 3283 4102 Deo
3307 4049 3631 4105 conditionis

2042 4131 2246 4185 auctori
2275 4148 2287 4184 :
2319 4132 2389 4185 ita
2420 4134 2465 4186 si
2493 4133 2766 4202 parvulus,
2794 4137 2882 4205 qui
2907 4136 3194 4191 voluntatis
3221 4155 3376 4193 usum
3405 4157 3512 4197 non
3540 4142 3632 4196 lia-

2042 4221 2152 4288 bet,
2183 4238 2280 4277 ncc
2321 4223 2608 4293 quidquam
2649 4226 2883 4281 ostendit
2913 4239 3105 4297 pratter
3135 4230 3372 4285 instituta
3403 4242 3626 4298 natura,

2042 4316 2246 4369 scelere
2282 4315 2474 4384 plenus
2509 4330 2628 4371 esse
2665 4316 2892 4385 dicatur,
2933 4330 3102 4389 atque
3135 4320 3333 4377 habere
3374 4324 3571 4378 malum
3599 4339 3630 4377 a

2044 4405 2368 4472 necessario,
2399 4405 2541 4475 quod
2582 4407 2719 4462 alter
2745 4422 2776 4461 a
2809 4408 3047 4477 possibili
3089 4406 3267 4480 Capit;
3308 4412 3426 4468 sine
3469 4413 3631 4469 dubio

2042 4496 2089 4551 is
2116 4504 2300 4551 auctor
2328 4497 2588 4563 criminis,
2612 4499 2700 4567 qui
2728 4508 2930 4553 natura:
2954 4509 3159 4566 auctor,
3188 4503 3448 4571 arguitur.

2113 4589 2251 4644 Auc.
2292 4588 2521 4657 Regulas
2550 4597 2662 4641 tuas
2687 4599 2870 4659 aperte
2903 4590 2956 4644 in
2988 4591 3274 4660 majoribus
3302 4591 3629 4665 frangimus,

2042 4687 2099 4731 ut
2128 4692 2219 4731 cas
2259 4678 2323 4730 ad
2354 4677 2603 4746 parvulos
2644 4677 2933 4734 transferre
2963 4695 3069 4735 non
3114 4682 3308 4750 possis.
3354 4682 3470 4737 Non
3515 4694 3633 4738 erat

2042 4769 2291 4838 parvulus
2314 4769 2400 4838 qui
2428 4768 2657 4836 diccbat,
2688 4768 2807 4823 Non
2828 4771 2963 4840 quod
2988 4772 3120 4838 volo,
3145 4775 3279 4843 facio
3301 4775 3487 4828 bonum
3502 4792 3521 4838 ;
3543 4776 3633 4830 sed

2039 4864 2170 4929 quod
2198 4859 2315 4912 nolo
2346 4860 2555 4927 malunt,
2586 4861 2680 4914 hoc
2704 4877 2820 4930 ago.
2848 4862 2960 4917 Non
2988 4866 3034 4919 ei
3065 4866 3430 4934 possibilitatis
3456 4870 3631 4923 inani-

2043 4960 2142 5017 tas,
2166 4952 2258 5006 scd
2287 4954 2618 5008 necessitatis
2648 4954 2817 5008 inerat
2841 4955 3133 5023 plenitudo,
3160 4968 3215 5012 ut
3240 4970 3331 5013 tuo
3352 4959 3419 5014 de
3443 4962 3524 5014 his
3547 4979 3633 5014 re-

2042 5045 2140 5101 bus
2159 5046 2435 5117 loquamur
2462 5048 2619 5102 modo
2652 5066 2663 5101 :
2696 5064 2802 5103 non
2825 5061 2941 5104 crat
2964 5066 3186 5105 vacuum
3211 5052 3354 5121 quod
3378 5063 3630 5122 caperet,

2041 5137 2133 5205 sed
2162 5142 2416 5193 refertum
2448 5156 2554 5211 quo
2588 5150 2802 5211 ceperat
2832 5142 3046 5195 malum.
3079 5142 3194 5197 Non
3222 5144 3365 5197 enim
3396 5145 3504 5210 ait,
3532 5146 3637 5199 Bo-

2043 5245 2167 5282 num
2189 5230 2493 5301 malumque
2517 5247 2673 5302 agerc
2698 5248 2945 5302 possum;
2975 5249 3095 5303 qute
3122 5235 3447 5302 possibilitas
3478 5248 3637 5291 uatu-

2042 5338 2114 5375 rzu
2144 5323 2385 5379 humana:
2412 5325 2609 5383 malum
2638 5342 2740 5378 non
2772 5326 2888 5393 fuit,
2921 5341 3019 5379 nec
3046 5326 3333 5382 voluntatis
3364 5346 3377 5381 :
3410 5328 3504 5383 sed
3535 5328 3634 5393 ait,

2043 5412 2162 5467 Non
2189 5416 2321 5485 quod
2350 5414 2492 5481 volo,
2529 5418 2659 5491 facio
2688 5416 2891 5477 bonum.
2934 5417 3043 5471 Nec
3083 5426 3320 5483 tantum;
3367 5434 3553 5474 verum
3582 5428 3638 5474 et

2042 5508 2277 5574 addidit,
2305 5509 2394 5563 sed
2418 5509 2552 5579 quod
2580 5511 2696 5563 nolo
2724 5511 2933 5576 malum,
2968 5512 3062 5565 hoc
3086 5529 3202 5581 ago.
3238 5513 3377 5568 Ecce
3402 5523 3455 5568 et
3489 5512 3636 5586 quod

2044 5616 2146 5655 neu
2178 5602 2285 5669 agit
2316 5600 2531 5665 bonum,
2562 5612 2615 5656 et
2642 5602 2780 5672 quod
2812 5604 2915 5673 agit
2947 5604 3144 5659 malum
3169 5645 3185 5671 ,
3230 5620 3336 5660 non
3365 5604 3632 5674 possibili,

2113 5777 2127 5809 ι
2164 5780 2225 5824 Ex
2253 5783 2354 5824 uss.
2380 5776 2680 5826 restituiuius
2701 5810 2714 5836 ,
2737 5775 2902 5827 malos.
