3934 6178
306 380 441 443 1495

302 509 356 553 ut
386 498 496 567 ipse
516 495 815 562 constituis,
837 490 931 550 sed
959 500 1014 549 ut
1040 492 1127 548 ille
1153 490 1348 561 patitur
1374 499 1428 545 et
1448 490 1661 555 fatetur,
1690 504 1878 544 neces«

304 590 443 643 sario
470 604 566 643 suo
592 586 751 642 debet
775 606 787 639 :
818 586 1059 639 infirmus
1093 582 1305 652 quidem
1332 580 1399 635 ad
1425 580 1742 636 auferendas
1784 580 1885 635 mi-

303 678 471 732 serias
500 692 624 731 suas
642 719 658 743 ,
686 677 780 731 sed
817 676 971 745 plane
1000 673 1333 728 ﬁrmissimus
1359 671 1579 725 malleus
1603 670 1668 725 ad
1698 679 1882 725 conte-

306 766 501 822 rendas
531 766 739 835 regulas
767 774 989 820 vestras.
1021 762 1146 817 Vult
1168 771 1221 816 et
1248 776 1353 814 non
1388 760 1496 831 agit
1522 759 1661 829 quod
1688 759 1885 813 bonum

307 867 409 921 est,
431 872 539 910 non
561 857 669 910 vult
690 866 745 910 et
763 855 871 924 agit
892 853 1031 925 quod
1057 853 1250 907 malum
1273 860 1354 907 est
1377 869 1390 903 :
1416 851 1554 905 unde
1576 851 1673 904 ista
1698 866 1886 905 neces-

309 948 476 1002 sitas?
504 949 812 1018 Agnoscunt
846 958 962 1000 eam
989 944 1203 1015 quidem
1231 942 1476 998 catholici
1503 942 1769 1007 doctores,
1797 941 1887 1011 qui

309 1037 529 1091 Paulum
552 1036 846 1106 apostolum
873 1034 1173 1104 intelligunt
1198 1033 1358 1087 etiam
1380 1032 1446 1087 de
1468 1046 1526 1086 se
1546 1031 1660 1099 ipso
1685 1032 1782 1085 ista
1809 1031 1889 1085 di-

306 1135 552 1193 centem,
585 1134 637 1180 et
666 1143 731 1181 ex
775 1126 890 1196 lege
935 1140 1053 1194 quae
1092 1125 1144 1178 in
1192 1124 1443 1178 membris
1489 1130 1747 1193 repugnat
1786 1122 1887 1192 legi

308 1218 543 1283 tuentis,
590 1218 704 1272 sine
740 1232 840 1285 qua
888 1216 1063 1270 nullus
1109 1214 1381 1270 hominum
1426 1214 1678 1280 nascitur,
1704 1212 1890 1267 venire

308 1324 411 1362 non
444 1308 718 1373 dubitant;
751 1316 803 1360 et
834 1305 952 1360 ideo
990 1304 1093 1360 dici
1132 1312 1187 1359 et
1224 1319 1254 1358 a
1285 1303 1482 1359 sanctis
1519 1302 1734 1369 vident,
1771 1300 1889 1356 Non

305 1400 440 1469 quod
485 1399 596 1453 volo
620 1440 635 1466 ,
682 1400 814 1470 facio
857 1398 1075 1463 bonum;
1105 1398 1194 1452 sed
1235 1396 1371 1469 quod
1399 1397 1514 1451 nolo
1540 1397 1748 1461 malum,
1797 1396 1890 1449 hoc

307 1508 401 1560 ago
422 1506 445 1544 :
474 1491 595 1559 quia
624 1489 803 1543 vident
833 1496 1086 1558 quantum
1130 1488 1326 1542 bonum
1358 1488 1426 1542 sit
1450 1501 1549 1541 nec
1574 1502 1733 1542 carne
1757 1501 1889 1541 con-

306 1580 587 1649 cupiscere
606 1620 620 1644 ,
648 1595 767 1649 qum
793 1588 971 1632 mente
1007 1586 1316 1632 aversantur
1334 1578 1350 1608 ί
1374 1593 1389 1643 ;
1420 1591 1619 1646 eosque
1643 1576 1695 1631 id
1722 1576 1853 1631 velle
1872 1616 1887 1642 ,

307 1685 405 1723 nec
431 1669 610 1724 facere
639 1688 652 1723 :
684 1680 738 1723 et
758 1670 951 1723 malum
979 1683 1118 1735 che,
1146 1668 1386 1738 quamvis
1420 1676 1595 1722 mente
1630 1682 1735 1722 non
1764 1681 1889 1721 cou~

306 1760 592 1825 sentiente,
622 1759 707 1814 vel
736 1774 897 1813 carne
920 1768 1094 1812 tamen
1121 1758 1240 1812 talia
1262 1757 1669 1827 concupiscere;
1691 1771 1890 1827 eosque

306 1848 358 1903 id
386 1852 552 1915 nolle,
581 1849 673 1904 sed
704 1849 898 1915 facere,
922 1848 1036 1904 sine
1057 1848 1164 1903 ulla
1184 1848 1396 1918 quidem
1423 1847 1886 1913 condemnatione,

305 1941 558 2009 quoniam
584 1940 786 2010 peccati
815 1939 977 2010 hujus
993 1948 1141 1994 reatu
1167 1940 1567 2010 regenerationc
1587 1939 1783 2004 deleto,
1805 1953 1890 1992 re—

305 2031 503 2084 sistunt
524 2038 721 2095 mente,
753 2045 821 2084 ne
844 2029 1118 2099 perficiant
1142 2029 1281 2099 quod
1302 2030 1683 2097 concupiscunt
1706 2044 1886 2093 carne;

303 2119 402 2174 sed
430 2136 536 2174 non
582 2121 698 2175 sine
737 2134 833 2174 suo
876 2120 1052 2190 aliquo
1095 2120 1272 2185 malo,
1315 2120 1439 2189 quia
1469 2134 1574 2172 non
1612 2119 1690 2173 eis
1718 2120 1890 2174 aliena

308 2211 625 2277 commixta,
643 2210 738 2265 sed
756 2225 939 2265 eorum
967 2218 1155 2264 natura
1180 2219 1260 2265 est
1280 2220 1333 2265 et
1358 2210 1409 2264 in
1433 2218 1610 2265 mente
1629 2211 1747 2264 etin
1774 2225 1891 2265 car-

306 2316 396 2355 ne.
431 2284 580 2355 Hunc
608 2315 821 2355 sensum
857 2301 998 2370 pium
1027 2312 1076 2355 et
1108 2316 1290 2355 verum
1317 2310 1500 2378 contra
1521 2310 1749 2355 vestram
1776 2316 1893 2356 sus-

304 2399 518 2458 ceptam
564 2405 669 2444 non
711 2390 870 2445 vultis
907 2390 1217 2457 admittere;
1247 2392 1395 2460 quasi
1424 2398 1703 2460 propterea
1730 2390 1892 2447 facia-

302 2481 396 2546 tis,
427 2488 485 2532 ut
511 2479 562 2532 in
580 2479 780 2548 judicio
800 2495 905 2550 quo
925 2480 1227 2535 defenditur
1247 2495 1275 2533 a
1299 2482 1469 2548 vobis,
1495 2497 1601 2536 non
1628 2483 1799 2537 solum
1822 2485 1890 2540 de

300 2568 519 2633 litteris,
552 2584 734 2622 verum
761 2570 920 2623 etiam
959 2569 1026 2624 de
1057 2570 1185 2639 ipsis
1217 2570 1487 2624 hominum
1532 2572 1766 2627 moribus
1792 2589 1887 2643 ge-

307 2656 629 2727 mitibusque
653 2668 980 2724 sanctorum,
1024 2660 1151 2712 nihil
1181 2659 1436 2715 adversus
1467 2676 1584 2716 eam
1613 2664 1883 2733 recitetur,

306 2750 612 2803 uolentibus
636 2750 823 2816 vobis;
857 2759 909 2805 et
934 2758 1075 2804 tanta
1100 2752 1337 2807 veritatis
1363 2752 1785 2810 manifestatione
1805 2772 1888 2811 rc-

304 2842 519 2909 citetur,
548 2849 606 2895 ut
631 2857 733 2897 non
761 2843 1082 2913 eloquentia,
1108 2844 1199 2898 sed
1223 2845 1334 2898 sola
1360 2845 1682 2915 impudentia
1710 2857 1884 2903 vestra

302 2943 598 3001 remaneat,
629 2950 730 3004 qua
754 2935 894 2989 illam
925 2950 1029 2989 non
1060 2936 1271 3004 possitis
1293 2935 1599 3002 defendere,
1629 2939 1724 2994 sed
1753 2941 1885 3010 veli-

304 3025 389 3079 tis.
412 3025 553 3092 Quid
580 3026 719 3081 enim
745 3027 917 3096 agitis,
949 3027 1089 3097 quod
1117 3043 1204 3082 res
1224 3037 1437 3097 apertas
1459 3030 1682 3085 turbidae
1703 3031 1887 3101 loqua-

302 3118 481 3172 citatis
508 3126 817 3188 tempestate
838 3120 1080 3174 nubilare
1100 3121 1363 3175 conamini
1385 3122 1407 3175 ?
1427 3120 1632 3177 Clamat
1656 3125 1888 3192 Aposto-

301 3208 402 3273 lus,
438 3207 563 3263 Νοη
591 3210 725 3279 quod
752 3211 863 3264 volo
882 3252 896 3277 ,
922 3211 1053 3282 facio
1087 3211 1270 3265 bonum
1287 3228 1307 3277 ;
1337 3212 1424 3265 sed
1459 3212 1594 3282 quod
1627 3215 1743 3267 nolo
1773 3231 1885 3267 ma—

304 3300 436 3365 lum,
472 3298 565 3353 hoc
607 3316 724 3371 ago.
753 3298 957 3355 Clamat
992 3301 1155 3356 etiam
1195 3303 1439 3372 superius
1469 3321 1482 3358 :
1509 3303 1629 3357 lam
1662 3322 1759 3360 non
1795 3323 1886 3377 ego

302 3406 486 3459 operor
527 3391 656 3443 illud
678 3433 692 3455 ,
724 3391 811 3444 sed
847 3391 981 3461 quod
1011 3392 1201 3445 habitat
1245 3394 1297 3447 in
1338 3410 1416 3447 me
1454 3406 1755 3465 peccatum;
1781 3398 1883 3451 scio

303 3482 431 3533 enim
464 3482 585 3551 quia
611 3496 710 3534 non
741 3481 930 3534 habitat
952 3482 1004 3534 in
1040 3498 1147 3547 me,
1181 3482 1273 3537 hoc
1294 3494 1366 3537 est
1386 3484 1437 3538 in
1458 3501 1567 3538 mea
1595 3503 1765 3553 carne,
1793 3487 1883 3541 bo-

302 3584 416 3621 num
459 3568 637 3639 (Rom.
668 3587 760 3637 vn,
795 3572 1002 3642 17-19).
1034 3571 1169 3639 Quid
1200 3582 1301 3641 est,
1331 3576 1465 3645 quod
1491 3577 1608 3632 uolo
1633 3578 1804 3646 facio?
1830 3588 1885 3635 et

301 3661 420 3729 quid
451 3670 571 3726 est,
600 3679 700 3716 non
730 3680 819 3734 ego
844 3665 1061 3734 operor?
1087 3663 1224 3733 Quid
1253 3675 1366 3732 est,
1399 3668 1503 3721 nisi
1528 3670 1665 3738 quod
1692 3685 1883 3727 conse-

301 3761 529 3819 quenter
552 3754 807 3823 exponit?
836 3752 1071 3810 Dicendo
1091 3757 1305 3826 quippe,
1328 3759 1462 3828 quod
1487 3760 1604 3813 nolo
1632 3762 1799 3831 facio;
1825 3779 1883 3817 se

302 3839 484 3896 facere
512 3843 743 3898 os1endit
771 3862 785 3897 :
816 3853 869 3899 et
896 3859 1083 3899 rursus
1112 3844 1337 3901 dicendo
1356 3888 1372 3911 ,
1413 3863 1513 3901 non
1543 3865 1633 3919 ego
1667 3866 1883 3920 operor;

301 3946 401 3986 non
441 3943 677 3989 mentem
718 3937 1162 4003 consentientem,
1194 3937 1288 3992 sed
1317 3952 1534 3993 carnem
1565 3955 1716 3995 suam
1746 3958 1877 3997 con-

303 4024 664 4091 cupiscentem
690 4025 740 4079 id
768 4024 942 4080 facere
964 4025 1198 4081 ostendit
1226 4043 1241 4081 :
1274 4029 1701 4098 concupiscendo
1731 4033 1883 4101 quip-

306 4126 366 4178 pe
393 4128 524 4167 caro
549 4115 677 4184 agit,
705 4115 806 4170 etsi
827 4115 892 4169 ad
914 4131 1229 4172 consensum
1253 4125 1486 4173 mentem
1509 4135 1613 4174 non
1643 4122 1879 4177 attrahit.

306 4199 532 4272 Propter
559 4203 661 4258 hoc
684 4205 941 4275 adjungit,
973 4205 1093 4261 Scio
1120 4209 1238 4275 quia
1270 4225 1368 4262 non
1391 4210 1581 4263 habitat
1600 4213 1651 4264 in
1687 4228 1783 4265 me.
1818 4215 1884 4268 Et

303 4307 576 4361 exponens
603 4295 726 4364 quid
757 4296 899 4350 dicat
927 4296 977 4350 in
1013 4312 1135 4352 me:
1165 4298 1259 4352 hoc
1287 4310 1387 4368 est,
1418 4302 1615 4372 inquit,
1650 4305 1703 4357 in
1732 4321 1885 4360 carne

304 4400 429 4448 utea,
465 4384 670 4440 bonum.
704 4386 898 4440 Verum
930 4388 1035 4441 sint
1062 4389 1175 4444 istae
1201 4406 1378 4460 voces,
1407 4409 1510 4447 non
1538 4397 1797 4466 Apostoli,
1827 4406 1882 4452 ut

305 4474 483 4541 vultis,
515 4474 606 4529 sed
633 4476 916 4543 cujuslibet
956 4478 1182 4532 hominis
1214 4481 1349 4533 mala
1380 4498 1475 4537 sua
1501 4488 1879 4543 consuetudine

307 4565 638 4634 prmgravati,
670 4581 825 4634 quam
844 4567 1112 4622 voluntate
1129 4584 1232 4623 non
1248 4578 1424 4640 potest
1440 4572 1652 4629 vincere
1671 4592 1683 4627 :
1704 4592 1880 4633 nonne

305 4666 353 4708 et
382 4656 499 4710 h:ec
537 4666 642 4710 tam
675 4658 887 4711 robusta
911 4667 1025 4725 est,
1065 4668 1124 4714 ut
1152 4664 1635 4731 argumentationes
1674 4677 1879 4725 vestras

305 4746 366 4797 ile
387 4747 621 4815 possibili
648 4754 705 4801 et
729 4750 1030 4803 necessario
1054 4758 1300 4821 tanquam
1323 4754 1550 4822 pueriles
1571 4764 1625 4810 et
1647 4757 1877 4815 ludicras

305 4837 521 4890 tabellas
545 4837 736 4892 robore
756 4853 857 4893 suo
884 4838 1090 4908 frangat
1110 4849 1163 4895 et
1187 4843 1461 4898 conterat?
1484 4844 1743 4913 Quoniam
1770 4860 1873 4917 est,

303 4928 437 4994 quod
467 4944 570 4983 non
600 4931 778 4993 vultis,
803 4945 906 4984 non
936 4931 1105 4986 solum
1140 4933 1491 4989 voluntarium
1518 4946 1674 5008 atque
1701 4943 1878 5010 possi-

304 5017 424 5084 bile,
450 5019 590 5074 unde
608 5019 832 5074 liberum
862 5030 944 5076 est
968 5022 1265 5087 abstinere;
1294 5040 1475 5079 verum
1498 5028 1657 5082 etiam
1687 5046 1875 5086 neces-

303 5107 494 5161 sarium
536 5118 845 5178 peccatum,
880 5111 1020 5175 unde
1062 5112 1326 5168 abstinere
1354 5114 1576 5171 liberum
1619 5135 1724 5175 non
1755 5130 1871 5189 est,

302 5197 438 5261 quod
460 5198 571 5267 jam
600 5214 703 5254 non
735 5201 903 5253 solum
938 5213 1224 5270 peccatum,
1258 5205 1350 5259 sed
1372 5207 1529 5261 etiam
1562 5224 1713 5277 poena
1745 5228 1873 5281 pec—

305 5286 401 5339 cati
428 5296 525 5343 est.
547 5289 656 5344 Nec
683 5291 957 5345 attendere
982 5292 1160 5357 vultis,
1185 5295 1325 5362 quod
1350 5296 1400 5349 in
1424 5313 1738 5370 unoquoque
1759 5306 1871 5373 agi-

312 5389 392 5432 tur
415 5394 505 5447 per
532 5381 835 5435 violentiam
881 5384 1279 5437 censuetudiuis
1310 5383 1508 5458 (quam
1536 5391 1745 5460 quidam
1771 5394 1871 5448 do-

307 5466 372 5516 cti
390 5468 630 5524 dixerunt
649 5487 766 5525 esse
794 5474 1078 5526 secundam
1104 5487 1344 5530 naturam
1367 5477 1408 5550 ),
1437 5479 1537 5536 hoc
1554 5493 1729 5536 actum
1751 5499 1872 5541 esse

312 5566 397 5617 per
420 5563 715 5617 violentiam
748 5568 1008 5633 pmnalem
1034 5570 1222 5621 summi
1249 5570 1386 5626 illius
1410 5575 1727 5647 maximique
1748 5557 1868 5647 pec«

368 5725 381 5753 ¹
415 5744 553 5788 \‘etus
579 5741 730 5790 codex
753 5750 897 5801 Port.,
924 5745 1068 5794 menti
1087 5746 1415 5799 adversantur.

1640 374 1837 430 LIBER
1876 372 2189 440 QUINTUS.

3430 386 3562 444 MM

1992 489 2095 543 cati
2138 489 2290 558 primi
2330 488 2560 545 hominis
2598 491 2649 545 in
2693 493 2939 548 omnibus
2967 496 3054 564 qui
3096 505 3250 552 erant
3291 496 3342 551 in
3373 498 3565 555 lumbis

1993 578 2128 647 ejus,
2162 596 2257 648 per
2284 580 2399 648 ejus
2425 583 2913 651 concupiscentiam
2938 586 3197 653 esorturi,
3219 602 3339 643 cum
3367 604 3567 660 pr0pa-

1992 680 2206 740 garetur
2229 672 2517 728 humanum
2540 689 2705 745 genus
2720 717 2735 743 ,
2757 692 2916 746 quam
2936 680 3416 748 concupiscentiam
3440 698 3567 753 pec-

1994 762 2225 815 cantium
2250 762 2422 831 pudor
2440 765 2649 833 operuit
2673 766 2725 820 in
2757 764 2973 835 regione
3000 768 3319 825 lumborum.

2066 852 2177 907 LX.
2217 854 2337 909 Juc.
2377 856 2481 911 Sed
2509 858 2636 926 quid
2667 874 2763 913 nos
2792 860 2857 913 ad
2887 862 3166 930 parvulos;
3198 877 3319 918 cum
3350 868 3573 935 quarstio

1995 940 2405 999 Manichmorum
2436 962 2533 1000 nec
2559 947 2803 1015 perfectio
2828 951 2998 1005 anatis
3021 951 3287 1008 hominem
3315 955 3456 1011 dicat
3482 973 3575 1013 vo-

1997 1031 2199 1088 luntate
2225 1038 2482 1113 peccare?
2525 1038 2655 1091 Nam
2682 1040 2726 1093 si
2757 1040 2876 1096 ideo
2899 1051 3142 1099 exortum
3169 1054 3251 1100 est
3277 1047 3329 1101 in
3358 1047 3575 1105 homine

1996 1125 2214 1189 malum,
2247 1129 2367 1196 quia
2414 1129 2481 1184 de
2523 1131 2687 1186 nihilo
2708 1131 2878 1188 factus
2918 1145 3051 1201 erat,
3098 1152 3127 1190 a
3155 1142 3456 1195 necessario
3477 1157 3574 1197 au-

1997 1222 2102 1268 tem
2144 1216 2327 1272 habuit
2365 1218 2524 1274 homo
2549 1231 2604 1275 ut
2622 1222 2688 1276 de
2732 1223 2896 1279 nihilo
2927 1225 3110 1293 fieret;
3138 1229 3254 1284 sine
3273 1230 3435 1287 dubio
3457 1248 3576 1286 ma-

1997 1305 2103 1359 lum
2132 1323 2236 1361 non
2281 1327 2309 1363 a
2356 1312 2615 1378 possibili,
2662 1314 2755 1368 sed
2782 1330 2810 1369 a
2842 1319 3143 1373 necessario
3170 1321 3388 1391 recepit.
3422 1324 3573 1390 Quod

1996 1398 2119 1466 quia
2159 1398 2312 1468 longa
2343 1399 2702 1471 disputatione
2729 1405 3056 1462 destructum
3100 1417 3211 1476 est;
3241 1412 3415 1469 adhuc
3456 1430 3571 1468 mo—

1996 1489 2169 1544 dicum
2198 1533 2213 1557 ,
2242 1507 2346 1561 quo
2369 1495 2537 1563 magis
2586 1510 2649 1550 ac
2688 1499 2854 1568 magis
2881 1501 3158 1557 iteratione
3202 1503 3451 1570 lucescat,
3481 1520 3575 1560 su-

1997 1598 2091 1652 per
2133 1583 2233 1639 hoc
2274 1585 2463 1641 eodem
2509 1588 2856 1645 disseramus.
2887 1592 3091 1660 Quaeris
3122 1611 3250 1665 ergo
3277 1597 3435 1653 unde
3461 1599 3573 1668 ἰνεει

1995 1676 2241 1731 voluntas
2258 1678 2393 1739 mala
2416 1678 2467 1732 in
2492 1680 2663 1750 primo
2682 1684 2896 1738 homine
2920 1686 3201 1740 exstiterit.
3227 1687 3569 1757 Rcspondco,

1999 1764 2075 1819 De
2103 1776 2249 1820 motu
2287 1768 2448 1821 animi
2470 1809 2486 1834 ,
2515 1779 2737 1839 cogente
2766 1772 2933 1827 nullo.
2967 1774 3173 1841 Qumris
3201 1785 3255 1832 et
3293 1777 3433 1833 unde
3463 1778 3575 1847 ipse

1998 1865 2192 1911 motus.
2222 1857 2561 1927 Respondeo,
2585 1862 2719 1928 Quid
2742 1864 3006 1932 requiris?
3028 1867 3166 1923 unde
3189 1884 3307 1925 esse
3323 1871 3573 1940 potuerit,

1996 1959 2061 1997 an
2093 1946 2233 2000 unde
2260 1962 2378 2001 esse
2409 1952 2716 2018 compulsus
2742 1953 2844 2006 sit?
2873 1953 2926 2009 Si
2955 1954 3120 2023 dicas,
3151 1958 3291 2028 quod
3317 1959 3576 2030 scripsisti

1996 2050 2228 2104 quoque,
2256 2035 2408 2090 Unde
2431 2052 2548 2094 esse
2569 2042 2878 2110 compulsus
2904 2054 3018 2099 est:
3043 2046 3266 2101 referam
3298 2056 3348 2102 te
3374 2060 3579 2119 asysta-

1999 2135 2049 2180 ta
2070 2136 2125 2181 et
2152 2129 2417 2181 contraria
2448 2130 2610 2200 loqui.
2631 2131 2837 2199 Qum-ris
2856 2136 2996 2188 enim
3018 2138 3136 2207 quis
3157 2139 3411 2208 coegerit,
3434 2142 3573 2210 quod

1996 2231 2117 2271 esse
2155 2232 2259 2272 non
2289 2220 2487 2288 possit,
2525 2221 2627 2275 nisi
2655 2233 2880 2292 cogente
2910 2226 3055 2280 nullo
3089 2244 3102 2281 :
3135 2228 3275 2298 quod
3304 2231 3425 2300 quia
3465 2232 3575 2302 ipsa

1996 2307 2077 2361 sui
2108 2310 2483 2366 contrarietate
2506 2310 2831 2380 dissolvitur,
2863 2316 2997 2370 nihil
3030 2316 3189 2373 habet
3212 2319 3402 2375 virium
3423 2337 3573 2391 qua»

1996 2398 2116 2463 stio,
2149 2416 2266 2470 qua:
2293 2402 2532 2458 ordinem
2562 2419 2666 2459 non
2698 2405 2877 2462 habet.
2913 2407 3072 2478 Igitur
3113 2410 3456 2468 stolidissime
3496 2414 3581 2468 in-

1998 2498 2270 2561 terrogas,
2301 2494 2441 2550 unde
2480 2496 2591 2567 ipsa
2630 2499 2872 2555 voluntas
2912 2502 3071 2556 mala.
3115 2502 3227 2579 lloc
3266 2504 3407 2559 enim
3434 2506 3576 2576 quod

1995 2579 2159 2647 dicis,
2189 2582 2372 2651 Unde,
2404 2601 2509 2640 non
2536 2589 2869 2644 occasionem
2896 2631 2912 2658 ,
2942 2591 3036 2646 sed
3066 2593 3325 2663 originem
3355 2595 3490 2665 ejus,
3524 2596 3575 2651 id

1994 2681 2096 2738 est,
2128 2682 2367 2730 naturam
2414 2680 2640 2748 requiris
2678 2698 2691 2734 :
2723 2690 2776 2734 at
2806 2682 2855 2736 id
2876 2724 2891 2749 ,
2921 2684 3058 2739 sicut
3095 2700 3253 2756 supra
3295 2695 3574 2743 tractatum

1994 2773 2094 2829 est,
2123 2767 2168 2820 si
2208 2776 2449 2823 naturam
2477 2773 2687 2842 accipit,
2731 2774 3094 2843 definitionem
3124 2779 3206 2834 sui
3239 2779 3435 2849 perdit,
3466 2797 3571 2852 qua

1991 2856 2193 2913 dictum
2220 2869 2319 2923 est,
2374 2880 2393 2913 ι
2422 2874 2645 2934 cogente
2673 2866 2851 2933 nullo;
2886 2886 2906 2920 ι
2952 2869 2999 2924 si
3040 2886 3167 2927 vero
3209 2871 3573 2929 definitionem

1994 2957 2159 3016 tenet,
2189 2953 2553 3022 pratjudicium
2580 2958 2870 3014 nativitatis
2895 2961 3144 3019 excludit.
3166 2963 3282 3019 Non
3308 2965 3428 3021 ideo
3447 2982 3574 3037 ergo

1993 3043 2228 3109 peccavit
2252 3045 2431 3112 homo,
2451 3048 2573 3116 quia
2596 3050 2663 3104 de
2685 3051 2849 3104 nihilo
2872 3050 3040 3107 factus
3057 3064 3157 3122 est,
3182 3071 3287 3110 non
3309 3057 3428 3113 ideo
3447 3060 3572 3129 quia

1991 3144 2020 3183 a
2049 3132 2157 3186 Deo
2184 3133 2350 3188 factus
2371 3145 2472 3202 est,
2503 3152 2606 3192 non
2636 3138 2754 3195 ideo
2779 3142 2899 3210 quia
2922 3142 2988 3197 de
3012 3146 3242 3201 tenebris
3268 3145 3438 3203 factus
3465 3158 3570 3216 est,

1994 3237 2097 3276 non
2129 3223 2248 3280 ideo
2273 3228 2397 3295 quia
2422 3227 2575 3282 liberi
2603 3230 2805 3284 arbitrii
2834 3231 3002 3287 factus
3032 3243 3149 3288 est:
3181 3236 3275 3290 sed
3300 3237 3422 3293 ideo
3448 3253 3574 3309 pec-

1992 3313 2150 3381 cavit,
2178 3315 2298 3384 quia
2328 3316 2528 3384 voluit;
2560 3318 2609 3372 id
2639 3329 2739 3387 est,
2770 3320 2889 3376 ideo
2910 3321 3092 3378 habuit
3111 3326 3432 3383 voluntatem
3461 3343 3571 3384 ma-

1992 3402 2118 3467 lam,
2148 3406 2268 3475 quia
2295 3408 2477 3463 voluit.

2062 3496 2196 3551 Anc.
2235 3495 2342 3552 Nos
2361 3539 2375 3563 ,
2405 3499 2489 3553 vel
2527 3501 2703 3569 potius
2733 3504 2843 3573 ipsa
2889 3505 3097 3563 Veritas
3123 3508 3281 3576 dicit,
3312 3510 3563 3580 perfectae

1990 3585 2163 3640 aetatis
2191 3585 2437 3644 homines
2464 3592 2721 3660 quosdam
2746 3597 3033 3664 voluntate,
3056 3600 3314 3668 quosdam
3337 3605 3571 3660 necessi-

1991 3683 2098 3731 tate
2118 3718 2132 3741 ,
2163 3679 2248 3732 vel
2286 3670 2504 3737 eosdem
2537 3684 2678 3754 ipsos
2720 3687 2772 3740 in
2813 3689 3126 3758 quibusdam
3155 3693 3428 3749 voluntate
3451 3735 3467 3762 ,
3516 3693 3569 3749 in

1990 3769 2303 3836 quibusdam
2332 3775 2649 3831 necessitate
2674 3793 2848 3853 .agere
2880 3782 3098 3835 malum.
3130 3782 3280 3850 Quod
3307 3785 3351 3838 si
3378 3785 3569 3841 falsum

1991 3869 2177 3926 putas;
2201 3860 2348 3915 illum
2372 3865 2550 3932 aspice
2577 3867 2917 3935 clamantem,
2952 3869 3074 3924 Non
3100 3873 3236 3939 quod
3270 3874 3403 3939 volo,
3435 3875 3570 3943 facio

1989 3949 2172 4004 bonum
2186 3968 2207 4015 ;
2232 3954 2320 4006 sed
2357 3955 2494 4024 quod
2514 3957 2631 4010 nolo
2656 3957 2867 4023 malum,
2896 3959 2990 4013 hoc
3009 3978 3124 4031 ago.
3160 3963 3259 4029 Qui
3291 3966 3383 4020 tibi
3411 3968 3571 4022 toties

1990 4040 2042 4094 in
2080 4040 2271 4097 faciem
2302 4047 2693 4115 retorquendus
2721 4057 2802 4102 est
2823 4091 2838 4115 ,
2869 4051 3080 4119 quoties
3108 4051 3293 4108 dicens
3322 4055 3420 4110 ista
3439 4097 3454 4121 ,
3485 4059 3569 4114 vel

1989 4147 2094 4185 non
2125 4133 2308 4190 videre
2345 4144 2395 4190 te
2439 4136 2592 4207 fingis
2626 4138 2816 4204 istum,
2846 4140 2931 4195 vel
2975 4140 3200 4199 fortasse
3245 4161 3353 4200 non
3397 4147 3566 4203 vides.

1988 4222 2126 4288 Quid
2149 4233 2200 4279 te
2223 4227 2576 4283 anfractuosis
2605 4229 2830 4285 involvis
2857 4232 3200 4303 ambagibus?
3226 4235 3338 4291 Non
3364 4238 3458 4293 tibi
3487 4239 3572 4293 di-

1989 4315 2145 4381 citur,
2176 4316 2558 4398 Necessitatem
2602 4322 2895 4389 peccandi‘
2929 4324 3111 4379 habuit
3139 4325 3321 4391 homo,
3349 4329 3470 4398 quia
3502 4330 3569 4384 de

1988 4407 2155 4462 nihilo
2183 4396 2349 4465 factus
2376 4419 2460 4467 est
2500 4429 2512 4464 :
2565 4413 2658 4467 sed
2692 4423 2744 4467 tu
2788 4415 2881 4470 tibi
2912 4416 3011 4470 hoc
3037 4415 3193 4472 dicis.
3239 4396 3465 4473 Prorsus
3495 4420 3565 4474 ita

1988 4501 2154 4556 factus
2180 4514 2296 4570 est,
2339 4513 2396 4557 ut
2430 4505 2679 4574 peccandi
2730 4507 3133 4575 possibilitatem
3166 4508 3384 4565 haberet
3408 4526 3437 4564 a
3469 4527 3565 4565 ne-

1987 4594 2239 4660 cessario,
2266 4603 2539 4663 peccatum
2567 4610 2692 4650 vero
2719 4611 2746 4649 a
2775 4597 3035 4666 possibili.
3065 4598 3435 4657 Verumtamen
3466 4617 3566 4657 nec

1987 4681 2153 4753 ipsam
2183 4686 2433 4753 peccandi
2463 4687 2870 4755 possibilitatem
2899 4689 3140 4758 haberet,
3174 4694 3218 4748 si
3251 4693 3346 4749 Dei
3374 4702 3565 4750 natura

1986 4781 2130 4827 esset
2168 4792 2180 4826 :
2228 4776 2572 4833 immutabilis
2608 4780 2748 4834 enim
2781 4783 3017 4851 profecto
3045 4793 3219 4847 esset,
3264 4794 3317 4840 et
3342 4801 3565 4856 peccare

1986 4880 2090 4917 non
2117 4876 2316 4933 posset.
2338 4866 2452 4922 Non
2482 4869 2639 4938 igitur
2664 4871 2784 4926 ideo
2811 4874 3070 4941 peccavit,
3098 4877 3190 4931 sed
3220 4876 3340 4933 ideo
3374 4894 3565 4947 pecca-

1985 4969 2043 5007 re
2065 4949 2253 5021 potuit,
2277 4957 2397 5024 quia
2428 4960 2494 5013 de
2523 4960 2694 5015 nihilo
2719 4959 2888 5016 factus
2916 4972 3015 5018 est.
3050 4963 3194 5019 Inter
3219 4966 3481 5034 Peccavit,
3509 4980 3564 5023 et

1984 5042 2214 5098 Peccare
2242 5047 2431 5113 potuit,
2474 5049 2758 5116 plurimum
2784 5050 2946 5105 distat
2977 5069 2990 5104 :
3028 5053 3116 5108 illa
3145 5056 3300 5127 culpa
3330 5068 3431 5124 est,
3462 5060 3561 5113 ista

1984 5146 2191 5187 natura.
2222 5134 2333 5190 Nec
2362 5151 2521 5191 omne
2547 5139 2685 5207 quod
2714 5139 2781 5195 de
2802 5139 2968 5195 nihilo
2994 5143 3187 5199 factum
3212 5154 3310 5211 est,
3339 5162 3561 5218 peccare

1983 5226 2181 5294 potuit;
2224 5243 2329 5280 non
2361 5228 2503 5282 enim
2535 5229 2674 5299 ligna
2706 5239 2762 5285 et
2791 5231 2994 5301 lapides
3033 5251 3254 5306 peccare
3293 5248 3515 5307 possunt
3543 5258 3558 5293 :

1981 5316 2074 5371 sed
2109 5327 2282 5373 tamen
2311 5331 2497 5374 natura
2525 5338 2643 5392 qua:
2668 5337 2895 5394 peccare
2925 5328 3113 5396 potuit,
3140 5328 3207 5384 de
3232 5328 3402 5383 nihilo
3423 5330 3558 5385 facta

1979 5417 2078 5465 est.
2121 5408 2229 5463 Nec
2268 5426 2515 5481 magnum
2558 5424 2640 5468 est
2678 5430 2896 5483 peccare
2925 5434 3029 5473 non
3060 5433 3214 5487 posse
3256 5436 3269 5470 :
3314 5418 3408 5472 sed
3439 5435 3555 5474 ma-

1978 5515 2137 5569 gnum
2180 5510 2260 5556 est
2287 5517 2407 5557 cum
2452 5503 2781 5564 beatitudine
2809 5524 3030 5578 peccare
3060 5523 3166 5561 non
3199 5522 3375 5577 posse.
3408 5509 3558 5565 Sicut

1981 5605 2084 5644 non
2114 5600 2486 5661 estmagnum,
2511 5610 2629 5651 esse
2654 5598 2905 5652 miserum
2935 5613 3037 5650 non
3067 5610 3256 5664 posse;
3285 5598 3406 5667 quia
3435 5615 3557 5654 om-

1980 5701 2065 5821 ea;
2099 5708 2299 5810 ιὲιίιιιδεη
2325 5705 2528 5767 peccati.
2570 5709 2740 5757 Eadem
2766 5711 2813 5761 in
2833 5709 2949 5770 ipsis
2969 5707 3111 5758 editis
3134 5707 3281 5761 lectio
3304 5719 3380 5762 est
3401 5712 3559 5783 infra,
