3934 6178
340 292 362 344 1
376 286 478 344 495

340 399 427 454 uia
455 413 576 470 quas
604 412 704 455 nec
728 396 1106 453 beatitudinem
1146 393 1390 463 capiunt,
1425 394 1620 448 misera
1662 407 1783 448 esse
1821 408 1929 446 non

343 500 607 561 possunt:
639 489 732 545 sed
774 502 1022 560 magnum
1057 494 1141 540 est
1167 485 1237 540 ita
1265 484 1474 539 beatam
1506 499 1624 539 esse
1649 493 1891 538 naturam
1913 524 1928 549 ,

344 590 406 638 ut
432 583 628 638 misera
666 594 788 637 esse
812 595 918 635 non
948 578 1138 650 possit.
1169 576 1325 646 Quod
1363 577 1465 632 etsi
1506 573 1678 646 majus
1703 582 1804 644 est,
1834 589 1934 630 nec

347 670 478 727 illud
503 685 720 740 parvum
749 677 852 736 est,
881 670 933 723 in
963 684 1024 724 ea
1057 667 1386 725 beatitudine
1407 665 1676 721 conditam
1701 665 1933 722 hominis

342 775 468 816 esse
498 768 769 827 naturam,
811 759 935 814 utsi
962 758 1161 825 vellet,
1198 765 1379 829 posset
1414 770 1535 812 esse
1578 771 1683 810 non
1714 757 1933 811 misera.

345 850 437 905 Sic
455 848 907 905 autemdicuntur
932 850 1111 904 omnia
1139 848 1276 903 facta
1302 846 1371 902 de
1400 846 1599 913 nihilo,
1630 845 1682 900 id
1722 855 1838 911 est,
1868 860 1935 899 ex

347 938 433 995 his
462 954 582 1012 qua:
610 939 759 995 nulla
779 939 991 1006 erant‘,
1019 947 1079 993 ut
1098 937 1475 1008 intelligamus,
1505 934 1759 1007 quidquid
1782 949 1847 990 ex
1870 949 1936 989 co

347 1032 546 1089 factum
575 1041 659 1089 eet
685 1032 829 1104 quod
855 1031 967 1104 jam
993 1041 1129 1096 erat,
1172 1030 1240 1086 ad
1265 1030 1526 1101 originem
1557 1030 1784 1099 primam
1815 1042 1937 1084 esse

347 1123 711 1182 referendum.
742 1124 819 1180 De
847 1133 987 1179 terra
1014 1122 1156 1179 enim
1177 1137 1334 1189 caro;
1361 1122 1456 1177 sed
1484 1130 1623 1177 terra
1651 1121 1718 1177 de
1747 1121 1933 1175 nihilo.

353 1216 445 1272 Sic
469 1217 612 1271 enim
641 1216 870 1273 dicimus
915 1217 1076 1272 etiam
1120 1231 1311 1271 omnes
1352 1216 1599 1271 homines
1637 1230 1756 1271 esse
1800 1215 1940 1272 lilios

356 1306 549 1371 Adam,
577 1322 699 1363 cum
727 1307 891 1379 patris
910 1306 993 1362 sui
1012 1306 1237 1378 quisque
1257 1306 1327 1362 sit
1348 1306 1507 1360 tilius.
1530 1306 1715 1361 Omnia
1737 1313 1936 1373 tamen,

355 1413 477 1467 qua:
504 1398 638 1454 facta
666 1407 810 1468 sunt,
843 1399 1118 1454 mutabilia
1146 1407 1302 1465 sunt,
1336 1399 1459 1470 quia
1500 1398 1567 1455 de
1608 1400 1773 1455 nihilo
1804 1400 1941 1456 facta

355 1496 502 1558 sunt,
529 1489 583 1545 id
626 1499 729 1559 est,
762 1506 866 1546 non
897 1489 1144 1557 fuerunt,
1188 1499 1245 1547 et
1273 1490 1389 1546 Deo
1414 1490 1644 1548 faciente
1685 1501 1841 1557 sunt,
1886 1503 1943 1549 et

358 1580 497 1635 bOlla
523 1588 685 1636 sunt:
716 1596 746 1635 a
771 1580 917 1637 bono
954 1582 1099 1637 enim
1133 1581 1268 1637 facta
1298 1590 1456 1649 sunt;
1485 1598 1586 1638 nec
1610 1585 1830 1639 omnino
1855 1599 1943 1639 es-

358 1681 480 1729 sent
508 1673 782 1729 mutabilia
808 1674 950 1729 bona
975 1673 1081 1728 ulla
1098 1715 1113 1741 ,
1142 1674 1195 1728 in
1221 1684 1479 1744 quantum
1510 1685 1653 1739 sunt,
1679 1676 1779 1731 nisi
1799 1686 1945 1733 esset

356 1778 389 1815 a
429 1776 537 1834 quo
572 1771 916 1829 crearentur,
960 1764 1291 1820 immutabile
1337 1765 1555 1820 bonum.
1600 1766 1732 1821 Mala
1787 1766 1945 1837 igitur

358 1853 558 1919 omnia,
587 1869 708 1924 quas
745 1853 880 1909 nihil
908 1864 1033 1910 sunt
1062 1854 1208 1910 aliud
1236 1871 1394 1926 quam
1426 1857 1753 1927 privationes
1779 1858 1947 1915 bono-

359 1960 502 2013 rum,
527 1960 594 2001 ex
621 1945 776 2001 bonis
810 1955 929 2002 orta
964 1955 1122 2013 sunt,
1151 1947 1246 2003 sed
1274 1948 1619 2005 mutabilibus
1651 1966 1664 2002 :
1697 1960 1752 2004 et
1780 1966 1945 2021 ange-

358 2037 471 2092 lum
507 2037 703 2108 quippe
744 2046 800 2094 et
826 2037 1095 2095 hominem
1117 2080 1133 2106 ,
1162 2056 1228 2095 ex
1269 2040 1462 2110 quibus
1490 2049 1605 2097 orta
1644 2051 1772 2097 sunt
1808 2043 1947 2106 mala

360 2131 504 2200 (quae
527 2136 705 2184 tamen
727 2138 782 2185 et
806 2144 910 2185 non
938 2130 1066 2186 oriri
1091 2132 1407 2200 potuissent,
1429 2133 1474 2188 si
1502 2131 1578 2187 illi
1606 2149 1831 2203 peccare
1854 2150 1949 2191 [ιο⁴

364 2221 610 2288 luisscnt,
641 2222 766 2292 quia
794 2231 852 2278 et
879 2223 1022 2279 nolle
1051 2223 1395 2295 potuerunt),
1422 2234 1641 2281 naturas
1667 2226 1836 2282 bonas
1859 2242 1947 2283 re-

361 2321 470 2379 cte,
507 2312 866 2367 immutabiles
904 2322 1085 2368 autem
1120 2329 1228 2368 non
1262 2322 1409 2369 recte
1432 2330 1717 2386 possumus
1747 2317 1946 2373 dicere.

363 2403 505 2458 Deus
529 2419 656 2459 vero
684 2412 791 2458 tam
816 2402 990 2459 bonus
1014 2411 1116 2470 est,
1147 2414 1205 2460 ut
1230 2406 1384 2460 malis
1411 2422 1625 2477 quoque
1652 2416 1831 2462 utatur
1859 2409 1951 2465 be—
2002 2396 2005 2397 ν

364 2509 454 2560 ne,
485 2510 605 2564 qua:
649 2493 1003 2565 Omnipotens
1041 2512 1162 2552 esse
1201 2513 1308 2551 non
1339 2498 1574 2565 sineret,
1607 2501 1653 2554 si
1695 2500 1774 2555 eis
1813 2500 1951 2557 bene

364 2585 441 2640 uti
472 2600 679 2640 summa
707 2599 802 2640 sua
832 2585 1071 2641 bonitate
1116 2601 1224 2641 non
1267 2598 1448 2656 posset
1479 2607 1492 2643 :
1525 2598 1579 2650 et
1608 2590 1732 2645 hinc
1775 2596 1951 2660 potius

362 2676 632 2746 impotens
673 2686 958 2748 appareret
991 2687 1049 2733 et
1095 2677 1273 2732 minus
1323 2680 1515 2746 bonus,
1566 2695 1673 2735 non
1724 2659 1952 2737 valendo
2002 2659 2021 2677 ’

364 2769 506 2827 bene
531 2768 607 2824 uti
636 2769 799 2824 etiam
831 2770 992 2824 malo.
1023 2769 1255 2828 Proinde
1294 2779 1350 2825 tu
1376 2786 1571 2841 negare
1601 2787 1704 2827 non
1733 2773 1949 2843 sineris,

345 2873 488 2914 .eum
508 2859 598 2929 qui
620 2858 767 2927 dicit,
794 2859 943 2926 Quod
961 2861 1079 2916 nolo
1101 2859 1313 2929 malum,
1340 2862 1436 2916 hoc
1457 2879 1574 2934 ago,
1596 2879 1624 2917 a
1652 2865 1954 2921 necessario

358 2954 470 3021 jam
496 2951 694 3006 malum
720 2952 1032 3023 sumpsisse,
1066 2968 1171 3009 non
1196 2968 1225 3007 a
1255 2953 1516 3024 possibili.
1541 2953 1655 3009 Non
1678 2956 1854 3026 igitur,
1894 2965 1954 3012 ut

363 3041 519 3108 dicis,
557 3060 577 3094 ι
606 3042 781 3096 omnis
805 3042 945 3097 actio
973 3042 1097 3097 mali
1121 3057 1227 3098 non
1249 3057 1280 3097 a
1305 3043 1628 3113 necessario,
1653 3044 1747 3101 sed
1775 3060 1805 3100 a
1830 3060 1954 3115 pos-

363 3133 547 3189 sibili:
587 3151 608 3185 ι
657 3149 841 3189 verum
882 3134 1139 3189 nonnulla
1167 3142 1223 3188 et
1260 3148 1290 3188 a
1329 3136 1634 3190 necessario
1670 3135 1954 3206 reperitur.

365 3221 501 3279 Vide
527 3239 670 3279 nunc
698 3234 755 3279 ut
786 3233 872 3278 tua
902 3224 1224 3280 machinatio
1267 3232 1375 3279 tam
1420 3225 1691 3282 elaborata
1720 3226 1951 3297 collapsa

364 3312 455 3369 sit.
484 3312 589 3371 Sed
619 3315 877 3385 quaerenti
906 3315 1047 3371 unde
1085 3315 1331 3370 voluntas
1355 3315 1494 3370 mala
1524 3318 1578 3371 in
1603 3315 1820 3373 homine
1845 3317 1956 3388 pri-

365 3420 458 3461 mo
482 3406 765 3471 exstiterit,
796 3408 1001 3462 cautius
1021 3406 1348 3478 respondere
1377 3415 1430 3463 te
1453 3417 1626 3477 putas,
1659 3426 1678 3461 ι
1712 3409 1788 3464 De
1806 3417 1953 3464 motu

365 3496 553 3565 animi,
576 3506 799 3566 cogente
829 3497 976 3552 nullo
1004 3514 1017 3551 :
1048 3516 1068 3549 ι
1099 3498 1250 3568 quasi
1273 3512 1379 3552 non
1404 3498 1564 3554 citius
1582 3508 1637 3555 et
1658 3500 1955 3570 expeditius

368 3585 744 3657 responderes,
777 3587 853 3643 De
890 3586 1108 3642 homine
1137 3588 1274 3658 ipso.
1304 3587 1432 3643 lllud
1458 3589 1653 3660 quippe
1693 3591 1833 3661 quod
1861 3592 1955 3647 ad-

366 3677 532 3745 ditur,
568 3696 589 3731 ι
622 3684 843 3750 cogente
883 3680 1051 3747 nullo,
1083 3698 1102 3732 ι
1155 3680 1314 3736 etiam
1344 3678 1434 3738 hic
1460 3681 1579 3737 addi
1605 3698 1637 3737 a
1666 3691 1717 3739 te
1743 3685 1952 3755 potuit,

369 3770 656 3827 resistente
684 3771 778 3826 tibi
813 3771 979 3826 nullo.
1004 3771 1133 3840 Quis
1161 3773 1304 3829 enim
1343 3773 1737 3832 tibi-resisteret
1757 3775 1955 3833 dicenti

366 3875 495 3918 vera
515 3903 531 3929 ,
562 3862 607 3916 si
635 3861 876 3931 diceres,
918 3861 1055 3917 Mala
1092 3863 1337 3919 voluntas
1366 3864 1418 3919 in
1448 3864 1663 3922 homine
1688 3868 1861 3938 primo
1888 3868 1958 3925 de

368 3951 587 4008 homine
613 3952 728 4023 ipso
752 3953 955 4008 exstitit
977 3962 1201 4025 cogente
1225 3954 1414 4011 nullo?
1435 3954 1586 4013 Nunc
1607 3972 1732 4013 vero
1763 3959 1956 4015 timens

369 4043 588 4114 culpare
613 4052 879 4111 naturam,
905 4053 1156 4115 tanquam
1183 4044 1309 4100 hinc
1326 4045 1387 4101 in
1414 4046 1530 4116 ejus
1553 4056 1823 4103 auctorem
1852 4050 1955 4104 ulla

372 4143 615 4191 recurrat
645 4134 862 4206 injuria,
887 4143 943 4190 et
970 4135 1113 4206 quod
1139 4136 1229 4192 diu
1256 4138 1530 4206 volebas’,
1573 4139 1858 4210 aliquando
1878 4141 1959 4196 di-

371 4226 520 4295 xisti,
548 4234 602 4282 et
624 4241 657 4281 a
681 4234 867 4282 natura
898 4241 1004 4280 non
1034 4227 1324 4282 recessisti.
1356 4228 1579 4284 Animus
1607 4246 1834 4302 namque
1865 4248 1959 4287 na-

373 4327 490 4373 tura
515 4325 599 4373 est
629 4333 643 4371 :
675 4325 730 4372 et
758 4331 822 4373 ea
847 4315 1097 4388 quidem'
1124 4316 1178 4372 in
1214 4316 1445 4372 hominis
1473 4319 1805 4383 institutione
1832 4337 1955 4377 cor-

369 4423 501 4479 pore
541 4409 766 4476 melior,
805 4408 876 4465 de
912 4407 1064 4479 cujus
1090 4416 1272 4474 motu,
1303 4418 1526 4479 cogente
1568 4412 1733 4480 nullo,
1762 4415 1953 4470 malam

370 4500 702 4557 voluntatem
741 4500 1009 4556 exstitisse
1032 4497 1234 4555 dixisti.
1282 4499 1517 4556 Videsne
1564 4516 1670 4557 non
1722 4504 1957 4573 potuisse

373 4592 478 4648 nisi
503 4592 746 4647 alicunde
771 4593 1025 4657 existere,
1048 4592 1191 4663 quod
1218 4607 1415 4663 negare
1443 4607 1549 4648 non
1575 4594 1787 4662 sineris,
1809 4605 1960 4651 aute-

371 4695 534 4752 quam
561 4680 835 4748 existeret,
864 4696 969 4736 non
1012 4681 1219 4738 fuisse?
1257 4682 1403 4750 Quid
1425 4693 1601 4740 autem
1631 4699 1765 4755 opus
1791 4694 1875 4741 est
1899 4700 1960 4744 ut

372 4779 644 4844 quaeratur
670 4770 813 4826 unde
838 4772 1002 4825 animi
1040 4780 1238 4838 motus,
1268 4787 1390 4828 cum
1417 4774 1547 4828 satis
1573 4785 1825 4846 appareat
1848 4792 1956 4835 non

375 4863 613 4935 potuisse
653 4861 816 4918 animi
841 4870 1042 4917 motum
1073 4862 1173 4918 nisi
1199 4862 1268 4919 de
1303 4863 1484 4919 animo
1511 4866 1775 4923 existere?
1803 4867 1958 4935 Quod

372 4958 419 5013 si
446 4955 900 5026 impudentissime
920 4964 1080 5027 atque
1106 4955 1456 5012 insulsissime
1480 4973 1665 5030 negas,
1692 4960 1866 5016 adhuc
1889 4977 1956 5018 ex

376 5058 428 5102 te
456 5047 735 5117 quaeritur,
759 5048 898 5101 unde
918 5046 1183 5103 exstiterit
1202 5047 1253 5102 in
1276 5048 1493 5104 homine
1520 5050 1692 5119 primo
1711 5052 1956 5109 voluntas

375 5137 516 5192 mala
545 5153 559 5190 :
590 5149 693 5191 nec
724 5135 835 5206 jam
862 5136 1185 5206 permitteris
1207 5138 1406 5208 dicere,
1442 5157 1461 5193 ι
1494 5141 1573 5197 De
1596 5150 1743 5198 motu
1769 5145 1953 5211 animi,

372 5235 598 5301 cogente
617 5225 797 5290 nullo;
824 5244 845 5279 ι
874 5227 997 5296 quia
1019 5227 1134 5297 ipse
1158 5231 1323 5286 animi
1347 5239 1521 5287 motus
1540 5241 1765 5302 cogente
1785 5234 1952 5298 nullo,

372 5323 618 5378 voluntas
659 5326 767 5376 est.
807 5318 1160 5390 Quapropter,
1193 5322 1296 5379 hoc
1339 5331 1424 5379 est
1462 5323 1670 5389 dicere,
1698 5324 1957 5381 Voluntas

371 5412 571 5470 exstitit
595 5411 665 5469 de
686 5409 852 5467 animi
876 5420 1045 5478 motu,
1076 5412 1218 5483 quod
1244 5421 1325 5469 est
1344 5412 1543 5481 dicere,
1572 5416 1746 5471 Animi
1778 5425 1955 5471 motus

433 5589 456 5680 ἒ
837 5586 1262 5697 Ιξ(]ιξ.ιιε›ιιιιιο
1281 5586 1413 5639 nullo
1426 5594 1581 5641 erant.

434 5648 456 5680 ι
491 5655 638 5698 vetus
656 5648 811 5699 codex
837 5655 982 5708 Port.,
1007 5648 1220 5701 nolebas.

434 5708 459 5743 ⁸
483 5709 561 5758 sic
580 5716 685 5761 IIIS.
707 5715 759 5761 In
781 5711 942 5774 Vign.,
964 5709 1158 5775 quippe.

1047 281 1288 339 OPERIS
1326 278 1740 336 IMPERFECTI
1778 278 2049 335 CONTRA
2091 277 2450 346 JULIANUM,
2490 279 2547 336 S.
2587 277 2953 337 AUGUSTINI

2708 200 2733 215 κ

3488 280 3626 338 “96

2039 394 2241 447 exstitit
2263 392 2328 448 de
2354 394 2513 448 animi
2544 402 2721 463 motu,
2753 403 2865 460 aut,
2907 394 3170 451 Voluntas
3197 395 3401 452 exstitit
3428 397 3499 452 de
3528 414 3625 454 vo-

2038 482 2295 538 luntate‘.
2323 485 2404 538 An
2434 484 2566 539 dicis
2591 484 2731 539 hunc
2760 493 2962 540 motum
2995 484 3063 541 de
3089 500 3148 541 se
3175 486 3292 556 ipso
3315 489 3583 545 exstitisse
3606 533 3624 558 ,

2040 590 2145 629 non
2175 575 2242 630 de
2265 575 2478 640 animo,
2519 591 2584 630 ne
2612 575 2736 631 hinc
2775 582 2961 629 natura
2991 575 3161 642 bona,
3192 576 3245 631 id
3271 587 3388 644 est,
3416 580 3629 634 animus

2040 666 2155 737 ipse
2181 667 2457 737 culpetur?
2482 666 2596 722 Non
2629 682 2757 738 ergo
2800 666 2924 722 inde
2967 666 3250 724 damnetur
3282 686 3295 721 :
3328 670 3449 739 quis
3486 672 3632 728 enim

2040 758 2164 816 inde
2194 759 2329 815 ferat
2353 761 2587 815 animum
2607 759 2726 829 jure
2750 758 3010 825 damnari,
3040 760 3184 815 unde
3209 776 3316 816 non
3349 769 3525 831 potest
3541 762 3623 832 ju-

2042 867 2101 907 re
2128 852 2372 921 culpari?
2398 850 2503 907 Sed
2524 851 2676 919 dicis,
2707 869 2725 903 ι
2746 849 2871 906 ideo
2897 852 3136 922 peccavit
3167 851 3349 917 homo,
3377 853 3500 924 quia
3532 868 3629 907 vo-

2042 945 2173 1011 luit;
2219 944 2339 1001 ideo
2382 943 2567 1000 habuit
2601 944 2927 999 voluntatem
2967 945 3182 1011 malam,
3223 948 3347 1017 quia
3374 946 3560 1001 voluit.
3605 966 3624 996 ο

2043 1033 2333 1091 Verissime
2361 1035 2532 1091 dicis:
2564 1035 2658 1090 sed
2695 1035 2741 1090 si
2775 1035 2867 1090 lux
2906 1035 3203 1092 clarissima
3243 1038 3481 1092 tenebrae
3525 1052 3632 1092 non

2043 1135 2185 1191 sunt,
2210 1126 2278 1181 de
2300 1126 2392 1181 illo
2418 1127 2622 1181 exstitit
2665 1127 2803 1181 mala
2831 1127 3100 1196 voluntas,
3131 1129 3253 1198 quia
3299 1128 3484 1184 voluit.
3517 1129 3634 1185 Non

2044 1216 2185 1272 cnim
2223 1216 2449 1272 dicimus
2469 1258 2484 1285 ,
2524 1225 2580 1271 ut
2614 1217 2985 1283 calumniaris,
3016 1227 3071 1273 et
3101 1228 3157 1273 ut
3182 1234 3281 1274 nos
3306 1220 3468 1274 etiam
3498 1220 3638 1275 scri-

2045 1308 2216 1377 psissc
2261 1307 2535 1373 mentiris,
2586 1326 2605 1359 r
2639 1319 2814 1363 metus
2855 1312 2956 1364 iste
2992 1309 3130 1364 unde
3169 1324 3288 1365 esse
3325 1312 3638 1381 compulsus

2044 1398 2114 1452 sit
2145 1416 2163 1449 ι
2197 1398 2292 1453 sed
2336 1399 2482 1453 nullo
2519 1399 2869 1470 compellcnte
2911 1400 3052 1456 unde
3091 1402 3384 1469 exstiterit;
3429 1404 3552 1472 quia
3581 1413 3639 1459 et

2047 1489 2194 1543 nullo
2222 1489 2578 1559 compellente
2604 1500 2778 1545 tamen
2806 1492 3038 1558 exstitit,
3069 1500 3122 1546 et
3151 1493 3363 1548 nonnisi
3392 1493 3637 1549 alicunde

2047 1579 2280 1635 existere
2306 1588 2544 1650 poterat,
2586 1580 2728 1651 quod
2757 1591 3042 1650 antequam
3071 1583 3327 1639 existeret
3360 1600 3472 1639 non
3498 1593 3634 1639 erat.

2048 1670 2105 1727 Si
2128 1686 2256 1743 ergo
2283 1671 2443 1727 homo
2463 1672 2649 1739 voluit,
2677 1672 2745 1728 de
2775 1673 2992 1729 homine
3018 1675 3220 1729 exstitit
3245 1691 3261 1728 :
3292 1682 3348 1729 et
3374 1675 3503 1746 quid
3524 1687 3638 1731 erat

2051 1762 2233 1830 homo,
2264 1770 2544 1834 antequam
2571 1762 2639 1817 de
2668 1763 2759 1819 illo
2787 1765 3057 1832 existeret,
3082 1764 3184 1821 nisi
3211 1775 3397 1820 natura
3427 1768 3565 1821 bona
3583 1775 3639 1822 ει

2050 1852 2246 1907 bonum
2279 1868 2412 1922 opus
2442 1853 2577 1907 Dei?
2604 1852 2757 1920 Quod
2803 1862 2885 1908 est
2927 1855 3085 1908 etiam
3127 1854 3298 1909 malus
3341 1855 3541 1921 homo,
3584 1858 3636 1911 in

2050 1952 2305 2013 quantum
2333 1941 2495 1999 homo
2520 1951 2680 1999 estet
2710 1958 2843 2015 opus
2872 1943 2987 1999 Dei.
3010 1943 3377 2000 Confundatur
3396 1961 3524 2015 ergo
3543 1960 3639 2000 sua

2053 2035 2280 2089 vanitate
2306 2034 2572 2100 Julianus;
2605 2035 2854 2105 quoniam
2884 2050 2950 2090 ex
2981 2035 3135 2090 bonis
3171 2051 3290 2091 esse
3329 2036 3468 2090 mala
3496 2046 3633 2102 orta,

2053 2126 2273 2180 verum”
2302 2126 2435 2180 dixit
2454 2126 2767 2181 Ambrosius
2794 2126 2895 2199 (De
2923 2126 3074 2182 Isaac
3102 2137 3148 2181 et
3169 2127 3371 2192 Anima,
3395 2146 3512 2199 rap.
3541 2129 3597 2200 ’1)
3622 2146 3637 2182 :

2052 2215 2145 2270 scd
2167 2215 2287 2286 quia
2304 2225 2526 2287 cogente
2548 2217 2711 2283 nullo,
2736 2218 3030 2290 iuculpatus
3047 2229 3126 2273 est
3148 2220 3286 2274 Dens
3308 2237 3323 2275 2
3348 2221 3492 2291 quod
3514 2236 3643 2277 vero

2053 2321 2115 2360 ea
2137 2307 2375 2376 permisit
2394 2308 2645 2373 existere,
2674 2324 2771 2363 usu
2787 2324 2970 2364 eorum
2990 2308 3135 2380 justo
3157 2319 3209 2365 et
3235 2309 3376 2365 bono
3398 2312 3642 2367 laudatur

2053 2400 2330 2471 insignius.
2727 2474 2729 2476 η

2124 2492 2259 2549 LXI.
2289 2493 2409 2549 Jun.
2442 2493 2700 2548 Voluntas
2726 2508 2882 2564 ergo,
2907 2510 3026 2565 qua:
3053 2495 3182 2549 nihil
3202 2504 3283 2550 cst
3303 2495 3449 2551 aliud
3474 2511 3635 2567 quam

2055 2593 2230 2640 motus
2256 2585 2418 2641 animi
2447 2595 2670 2656 cogente
2699 2586 2846 2640 nullo
2866 2627 2881 2653 ,
2914 2586 3321 2655 possibilitatem
3352 2602 3504 2642 suam
3536 2603 3636 2643 na-

2054 2682 2189 2729 tura:
2239 2674 2436 2741 debet,
2486 2675 2731 2729 elicctum
2780 2690 2933 2729 suum
2978 2675 3100 2730 sibi.
3160 2675 3215 2730 in
3267 2687 3453 2730 natura
3498 2677 3642 2732 enim

2055 2776 2241 2820 exorta
2277 2775 2359 2821 est
2374 2750 2396 2834 1,
2429 2766 2523 2821 sed
2554 2782 2583 2819 a
2612 2766 2888 2838 possibili,
2914 2782 3020 2821 non
3050 2783 3079 2821 a
3107 2768 3436 2822 necessario.
3470 2769 3570 2824 llic
3595 2770 3641 2824 si

2054 2857 2200 2914 dicat
2225 2858 2418 2928 aliquis
2438 2900 2453 2926 ,
2482 2857 2587 2913 Sed
2616 2858 2755 2912 mala
2794 2868 2980 2913 natura
3001 2898 3017 2924 ,
3065 2874 3183 2927 qua:
3224 2862 3398 2928 potuit
3444 2859 3643 2916 habere

2054 2950 2382 3004 voluntatem
2422 2949 2661 3004 malam:
2697 2948 3032 3020 re5pondeo,
3076 2949 3181 3005 Sed
3221 2949 3362 3004 bona
3406 2958 3598 3006 natura
3623 2992 3641 3018 ,

2054 3056 2175 3114 quae
2195 3041 2366 3112 potuit
2391 3041 2587 3096 habere
2608 3041 2935 3095 voluntatem
2963 3041 3180 3095 bonam.
3207 3040 3322 3097 Uno
3346 3057 3481 3112 ergo
3509 3050 3644 3098 tem-

2057 3147 2189 3203 pore
2213 3132 2413 3203 optima
2443 3131 2602 3187 simul
2632 3132 2969 3203 pessimaque
2991 3131 3218 3189 dicetur.
3260 3134 3329 3187 At
3368 3134 3422 3188 id
3462 3150 3644 3189 rerum

2057 3223 2195 3278 ratio
2246 3239 2353 3278 non
2408 3222 2574 3289 sinit,
2628 3231 2688 3276 ut
2735 3237 2843 3277 uno
2895 3218 3191 3293 eodemque
3246 3234 3487 3295 tempore
3539 3241 3642 3279 una

2056 3314 2349 3384 eademque
2375 3329 2463 3369 res
2494 3314 2779 3368 contrariis
2809 3315 3121 3370 meritorum
3158 3315 3504 3387 qualitatibus
3544 3317 3643 3371 im-

2057 3406 2285 3478 picatur.
2310 3406 2366 3460 Si
2398 3405 2558 3476 igitur
2587 3404 2707 3460 ideo
2736 3404 2874 3459 mala
2903 3414 3118 3475 putetur
3141 3445 3157 3472 ,
3185 3407 3308 3476 quia
3337 3408 3510 3476 potuit
3531 3424 3642 3462 ma-

2058 3499 2167 3553 lum
2209 3495 2424 3562 facere;
2466 3496 2585 3551 ideo
2622 3496 2761 3552 bona
2785 3496 3068 3563 credatur,
3095 3497 3220 3567 quia
3249 3499 3421 3567 potuit
3446 3498 3642 3554 bonum

2057 3586 2289 3658 operari.
2319 3584 2427 3641 Cur
2455 3597 2630 3641 autem
2657 3627 2671 3649 ,
2699 3586 2904 3656 inquit,
2949 3596 3002 3641 et
3040 3586 3239 3659 malum
3289 3586 3496 3657 potuit,
3531 3604 3646 3660 qua:

2059 3678 2259 3735 bonum
2294 3677 2658 3748 operabatur?
2695 3676 3050 3748 Respondco,
3089 3678 3222 3746 Quia
3266 3678 3467 3733 bonum
3511 3678 3644 3745 hoc,

2062 3770 2202 3842 quod
2248 3771 2419 3825 virtus
2464 3770 2695 3836 dicitur,
2745 3770 3021 3841 proprium
3069 3784 3189 3824 esse
3244 3786 3348 3823 non
3396 3778 3643 3840 poterat,

2059 3863 2162 3918 nisi
2219 3861 2406 3918 fuisset
2451 3862 2850 3917 voluntarium:
2897 3861 3255 3917 voluntarium
3306 3872 3488 3918 autem
3539 3881 3644 3919 non

2058 3963 2235 4024 esset,
2265 3956 2310 4010 si
2337 3956 2706 4012 necessitatem
2748 3955 2875 4009 boui
2915 3954 3189 4010 habuisset
3221 3972 3235 4009 :
3270 3956 3645 4013 necessitatem

2058 4058 2235 4103 autem
2268 4047 2390 4102 boni
2422 4045 2728 4117 pertulisset
2751 4088 2766 4112 ,
2800 4045 2846 4100 si
2877 4046 2983 4099 non
3012 4044 3286 4101 habuisset
3312 4048 3645 4118 possibilita-

2060 4148 2169 4196 tem
2200 4139 2344 4195 mali.
2374 4138 2444 4195 Ut
2470 4155 2598 4210 ergo
2640 4146 2912 4194 constaret
2945 4138 3035 4208 jus
3076 4137 3204 4194 boni
3228 4139 3270 4206 ³,
3302 4140 3538 4198 admissa
3566 4149 3649 4197 est

2060 4231 2380 4302 possibilitas
2405 4229 2547 4284 mali.

2134 4323 2264 4378 Auc.
2292 4321 2364 4378 Ut
2389 4320 2542 4375 video
2563 4364 2578 4388 ,
2605 4335 2704 4375 nec
2729 4320 2922 4376 bonam
2948 4321 3274 4377 voluntatem
3301 4320 3383 4375 vis
3411 4321 3645 4379 tribuere

2060 4424 2265 4471 natura:
2288 4456 2303 4481 ,
2335 4413 2550 4485 quando
2577 4421 2660 4469 est
2686 4412 2850 4469 homo
2878 4414 3124 4484 primitus
3161 4414 3415 4493 conditus,
3442 4433 3455 4469 :
3497 4417 3647 4486 quasi

2060 4522 2165 4562 non
2197 4508 2423 4576 potuerit
2454 4507 2594 4562 Deus
2625 4505 2898 4562 hominem
2928 4505 3106 4563 facere
3134 4508 3421 4564 voluntatis
3449 4508 3644 4574 bonae;

2060 4599 2114 4653 in
2140 4615 2240 4669 qua
2286 4614 2409 4654 eum
2451 4609 2626 4654 tamen
2671 4614 2986 4669 permanere
3027 4613 3134 4655 non
3178 4610 3437 4671 cogeret,
3470 4602 3565 4658 sed
3594 4604 3649 4658 in

2060 4690 2175 4761 ejus
2201 4701 2342 4745 esset
2369 4690 2589 4746 arbitrio
2618 4691 2734 4746 sive
2760 4692 2810 4745 in
2839 4706 2900 4748 ea
2925 4706 3141 4764 semper
3166 4708 3287 4749 esse
3316 4693 3512 4759 vellet,
3532 4699 3649 4752 sive

2061 4800 2166 4838 non
2199 4798 2412 4854 semper
2434 4825 2451 4849 ,
2484 4783 2579 4838 sed
2602 4799 2667 4838 ex
2696 4784 2780 4837 illa
2809 4799 2868 4839 se
2904 4786 2959 4839 in
2998 4786 3190 4840 malam
3234 4785 3385 4841 nullo
3423 4795 3648 4857 cogente

2061 4883 2329 4941 mutaret,
2357 4874 2495 4930 sicut
2517 4882 2571 4928 et
2599 4872 2795 4929 factum
2823 4882 2926 4929 est.
2962 4874 3145 4946 Neque
3185 4875 3520 4930 enimhomo
3555 4891 3650 4930 vo-

2061 4968 2313 5023 luntatem
2332 4983 2434 5021 nou
2460 4966 2714 5037 peccandi
2733 4975 2857 5022 ante
2876 4982 2981 5021 non
3005 4967 3223 5032 habuit,
3247 4975 3303 5022 et
3319 4983 3351 5021 a
3374 4968 3647 5024 voluntate

2062 5058 2315 5130 peccandi
2341 5072 2563 5113 exorsus
2591 5067 2672 5113 est
2699 5058 2856 5112 vitam
2881 5098 2896 5123 ,
2922 5057 2975 5112 in
3005 5072 3107 5129 qua
3134 5073 3256 5114 eum
3283 5070 3492 5114 rectum
3519 5072 3646 5112 con-

2124 5280 2157 5342 ιγ
2176 5284 2310 5342 Hunc
2330 5289 2543 5342 versum,
2585 5275 2773 5342 scilicet
2805 5291 2832 5326 a
2858 5277 3028 5337 verbo,
3052 5283 3368 5341 Quapropter,
3407 5291 3567 5342 usque
3587 5275 3647 5326 ad

2058 5338 2337 5403 verba,de_
2362 5336 2622 5403 voluntate,
2663 5337 2881 5403 addimus
2912 5351 2976 5388 ex
3016 5336 3103 5390 ns.
3128 5336 3392 5390 Portarum.
3433 5336 3645 5403 Agatho,

2056 5403 2108 5450 in
2166 5399 2370 5463 Epistola
2440 5400 2688 5463 synodng
2723 5399 2783 5449 ad
2812 5461 2821 5463 ᾼ
2858 5408 3212 5462 Imperatores,
3252 5403 3386 5452 addit
3420 5399 3605 5452 tantum
3629 5433 3645 5459 ,

2057 5462 2190 5537 quod
2200 5459 2433 5513 ὐοιωιιαε
2450 5459 2632 5512 mum
2653 5459 2716 5512 de
2748 5459 2999 5522 voluntate,
3024 5459 3218 5513 cteteris
3251 5465 3416 5513 verbis
3445 5471 3647 5525 prater-

2058 5537 2235 5575 llllSSlS.

2120 5585 2557 5649 '_}’ignierius,esse
2577 5582 2708 5649 mala
2728 5590 2834 5634 orta
2855 5583 3000 5645 dixit,
3016 5588 3209 5647 omisso,
3231 5598 3413 5645 rerum,
3423 5584 3551 5649 quod
3567 5584 3642 5634 hic

2060 5644 2249 5698 additur
2287 5659 2350 5695 ex
2383 5648 2733 5708 manuscriptis.

2123 5708 2144 5742 ³
2173 5710 2243 5759 sic
2260 5714 2365 5759 Mss.
2391 5715 2446 5760 At
2469 5708 2602 5773 editi,
2628 5708 2697 5759 eis
2718 5707 2842 5758 boui.
