3934 6178
244 313 377 373 “97

237 424 368 479 didit
390 423 568 483 Deus;
600 423 780 494 utique
810 422 967 478 talem
994 464 1008 488 ,
1040 421 1129 493 qui
1156 422 1230 477 uti
1255 422 1461 478 ratione
1484 420 1589 492 jam
1617 429 1815 492 posset.

239 519 368 586 Quis
398 517 539 571 enim
568 516 731 581 ferat,
771 515 813 569 si
842 515 1049 570 dicatur
1091 515 1212 570 talis
1248 513 1419 570 factus
1442 556 1458 581 ,
1504 514 1688 584 quales
1723 528 1820 567 na-

234 615 455 663 scuntur
484 603 749 659 infantes?
772 603 865 658 llla
891 605 1065 674 itaque
1104 603 1364 675 perfectio
1394 614 1598 657 natum
1619 644 1635 670 ,
1663 618 1820 672 quam

232 712 336 752 non
368 696 565 750 dabant
589 695 715 749 anni
740 736 755 761 ,
796 694 891 750 sed
926 695 1040 749 sola
1082 710 1272 750 manus
1316 695 1451 760 Dei,
1498 710 1604 748 nou
1650 694 1821 763 potuit

233 787 333 841 nisi
358 785 558 840 habere
580 785 907 839 voluntatem
929 784 1191 855 aliquam,
1215 800 1439 855 eamque
1462 799 1566 839 non
1590 776 1780 837 malam
1802 801 1816 839 :

230 878 468 947 alioquin
517 892 624 941 non
667 876 924 945 scriptum
975 886 1154 940 esset,
1203 874 1346 929 Fecit
1394 874 1529 929 Deus
1567 874 1818 928 hominem

230 979 421 1022 rectum
443 967 463 1039 (
486 966 656 1021 Eccle.
678 982 751 1022 vn
777 1008 792 1031 ,
817 966 888 1021 50
913 968 953 1038 ).
977 967 1139 1022 Bonm
1166 967 1328 1037 igitur
1346 967 1629 1021 voluntatis
1652 965 1818 1020 factus

228 1068 311 1113 est
337 1062 500 1113 homo
524 1101 538 1125 ,
584 1066 801 1128 paratus
838 1056 906 1113 ad
952 1058 1306 1114 obediendum
1352 1058 1499 1124 Deo,
1532 1068 1586 1114 et
1616 1073 1817 1127 prtece-

226 1158 375 1218 ptum
406 1149 717 1204 obedienter
743 1148 1012 1218 accipiens
1037 1190 1051 1215 ,
1080 1149 1219 1218 quod
1249 1150 1365 1203 sine
1394 1148 1497 1202 ulla
1521 1189 1536 1214 ,
1565 1147 1814 1218 quamdiu

225 1241 426 1305 vellet,
456 1238 771 1295 difficultate
799 1248 1067 1304 servaret,
1094 1248 1147 1294 et
1165 1239 1280 1293 sine
1309 1239 1441 1304 ulla,
1468 1254 1587 1293 cum
1619 1239 1811 1306 vellet,

223 1332 545 1386 necessitate
572 1332 589 1362 ¹
620 1331 929 1393 desereret;
972 1342 1070 1385 nec
1114 1331 1240 1385 illud
1285 1346 1413 1386 sane
1451 1329 1773 1385 infructuose
1796 1371 1813 1398 ,

222 1439 327 1478 nec
355 1423 493 1477 istud
522 1423 736 1493 impune
764 1424 1019 1477 facturus.
1053 1422 1203 1479 Unde
1229 1424 1310 1493 pia
1332 1432 1387 1479 et
1413 1423 1590 1478 sobria
1615 1424 1816 1494 cogita-

220 1514 374 1569 tione
402 1515 669 1585 colligitur
695 1557 708 1581 ,
741 1516 963 1585 primam
995 1516 1317 1570 voluntatem
1340 1516 1534 1573 bonam
1565 1516 1653 1571 Dei
1680 1531 1813 1586 opus

216 1623 385 1662 esse:
413 1624 532 1662 cum
565 1609 653 1663 illa
684 1609 879 1679 quippe
910 1606 1035 1662 fecit
1062 1608 1329 1663 hominem
1362 1620 1564 1663 rectum
1598 1626 1611 1663 :
1645 1624 1814 1679 neque

214 1700 369 1753 enim
416 1716 647 1770 unquam
675 1743 690 1766 ,
734 1701 833 1755 nisi
876 1709 1016 1753 ret-ta
1059 1700 1279 1765 volens,
1333 1709 1508 1756 rectus
1551 1709 1632 1754 est
1663 1702 1809 1769 quis-

210 1806 404 1861 quam.
435 1792 660 1863 Propter
686 1793 823 1862 quod
854 1791 1098 1846 voluntas
1127 1791 1262 1851 bona
1292 1808 1396 1847 non
1430 1792 1666 1847 redditur
1692 1809 1812 1862 per-

208 1882 369 1951 dita,
416 1884 518 1939 nisi
561 1885 628 1940 ab
672 1885 761 1939 illo
802 1901 831 1939 a
873 1902 978 1957 quo
1027 1896 1107 1941 est
1154 1885 1407 1951 condita;
1456 1900 1554 1944 nec
1596 1885 1811 1939 aliunde

207 1976 518 2045 putandum
540 1985 621 2031 est
651 1970 827 2031 sanari
857 1993 1012 2046 posse
1036 1978 1239 2047 peccati
1269 1979 1640 2032 necessitatem
1665 2020 1678 2043 ,
1709 1979 1810 2035 nisi

205 2066 512 2121 miserante
541 2066 634 2120 illo
659 2108 674 2131 ,
709 2068 860 2136 cujus
889 2068 997 2121 alto
1020 2070 1272 2139 justeque
1295 2068 1497 2137 judicio
1526 2068 1810 2124 subsecuta

201 2167 285 2211 est
332 2167 581 2226 posteros
609 2158 726 2227 ejus
749 2199 766 2225 ,
806 2160 894 2228 qui
925 2160 1040 2214 sine
1068 2160 1176 2214 ulla
1206 2159 1526 2215 necessitate
1552 2162 1807 2229 peccavit.

202 2248 378 2303 l’nde
401 2249 489 2302 ille
513 2256 854 2319 posteaquam
880 2252 1082 2320 peccati
1109 2250 1394 2305 habitantis
1415 2251 1466 2305 in
1489 2266 1646 2306 carne
1672 2266 1768 2306 sua
1791 2292 1806 2317 ,

197 2359 316 2410 quo
358 2342 647 2410 cogebatur
668 2344 866 2397 malmn
890 2359 1048 2414 agere
1076 2346 1218 2415 quod
1247 2346 1497 2410 nolebat,
1527 2349 1810 2401 necessita-

199 2442 315 2488 tem
358 2446 678 2502 poenamque
699 2434 951 2500 deflevit,
979 2451 1098 2490 mox
1127 2436 1193 2490 ad
1214 2452 1376 2506 quem
1401 2436 1806 2506 confugiendum

202 2531 370 2577 esset
393 2522 681 2577 ostendens
705 2539 724 2576 :
760 2523 919 2579 Miser
964 2542 1055 2595 ego
1100 2526 1249 2579 homo
1273 2567 1287 2592 ,
1334 2526 1539 2595 inquit,
1579 2528 1690 2596 quis
1731 2544 1810 2582 me

200 2614 450 2668 liberabit
473 2614 536 2667 de
562 2631 772 2685 corpore
790 2617 965 2670 mortis
985 2617 1137 2688 hujus
1153 2619 1180 2671 Ρ
1201 2617 1378 2671 Gratia
1404 2617 1498 2672 Dei
1518 2636 1608 2687 per
1629 2620 1807 2674 Jesum

200 2704 473 2758 Christum
523 2703 797 2759 Dominum
848 2715 1076 2760 nostrum
1128 2704 1326 2780 (Rom.
1362 2725 1452 2773 vu,
1502 2708 1571 2763 2i
1594 2718 1638 2761 et
1667 2709 1802 2778 23).

200 2787 381 2843 Vides
421 2796 602 2853 certe,
652 2803 811 2857 quam
860 2805 966 2843 non
1014 2790 1294 2845 subveniat
1333 2791 1457 2847 huic
1484 2794 1804 2862 possibilitas

197 2876 292 2932 illa
322 2917 342 2942 ,
394 2893 551 2945 quam
597 2886 649 2932 te
696 2888 945 2949 tanquam
992 2895 1240 2950 magnum
1292 2882 1490 2952 aliquid
1534 2883 1804 2941 invenisse

199 2968 491 3023 arbitraris
516 2985 529 3033 ;
548 2968 657 3038 jam
679 2972 874 3040 quippe
895 2973 1091 3027 amissa
1112 2981 1194 3027 est
1215 3013 1231 3038 ,
1254 2974 1468 3042 quando
1490 2978 1804 3033 necessitate

200 3060 392 3129 agitur
417 3059 612 3114 malum
639 3101 653 3124 ,
683 3070 735 3115 et
756 3062 857 3116 sub
883 3064 1188 3118 necessario
1213 3065 1355 3119 malo
1382 3066 1575 3120 clamat
1602 3066 1766 3123 homo
1784 3111 1800 3135 ,

205 3151 378 3206 Miser
402 3168 494 3223 ego
520 3152 668 3207 homo
697 3169 717 3209 :
743 3153 837 3208 sed
866 3156 1022 3224 plane
1049 3155 1141 3210 ille
1164 3157 1480 3222 subveniat,
1512 3158 1662 3228 cujus
1687 3174 1805 3228 gra-

205 3245 276 3298 tia
299 3254 629 3313 superantur
654 3245 814 3300 etiam
840 3262 959 3316 qure
982 3256 1261 3316 propterea
1287 3250 1585 3303 necessaria
1607 3265 1766 3304 vocas
1785 3289 1801 3314 ,

203 3336 355 3406 quod
383 3336 540 3390 aliter
566 3353 685 3392 esse
713 3354 820 3392 non
852 3348 1091 3408 possunt.
1123 3338 1274 3407 Quod
1317 3339 1457 3394 enim
1500 3341 1803 3396 hominibus

207 3427 546 3497 impossibile
575 3438 656 3483 est
679 3469 695 3495 ,
729 3429 838 3484 Deo
869 3428 1022 3483 facile
1049 3440 1147 3484 est.
1179 3428 1275 3497 Cui
1304 3447 1410 3485 non
1432 3430 1531 3485 fuit
1559 3446 1804 3487 necessa-

208 3519 352 3572 rium
381 3528 435 3571 ut
458 3519 691 3573 camelus
712 3535 806 3588 per
830 3520 1063 3574 foramen
1087 3537 1211 3575 acus
1235 3522 1432 3577 intrare
1458 3538 1560 3576 non
1587 3531 1799 3592 posset,

207 3610 304 3666 sed
334 3610 589 3679 possibile
619 3612 793 3681 potius
819 3623 874 3666 ut
897 3613 1114 3666 intraret
1138 3613 1362 3682 (Matth.
1388 3631 1475 3668 xix
1502 3656 1515 3677 ,
1538 3614 1608 3669 9.6
1629 3658 1643 3680 ,
1669 3615 1797 3684 24);

214 3701 359 3755 sicut
388 3716 516 3755 caro
547 3710 599 3756 et
626 3716 744 3755 ossa
775 3718 867 3771 per
896 3703 1028 3756 ostia
1061 3704 1222 3757 missa
1252 3715 1377 3757 sunt
1402 3704 1579 3759 clausa
1604 3706 1625 3774 (
1642 3704 1799 3760 Joan.

208 3806 280 3844 xx
302 3833 317 3855 ,
348 3790 421 3844 26
448 3791 489 3861 ).
522 3790 739 3845 Frustra
770 3792 946 3860 itaque
978 3793 1188 3847 conaris
1236 3800 1477 3847 naturam
1514 3793 1803 3850 defendere

205 3882 476 3936 vitiatam.
510 3880 566 3936 Si
598 3881 795 3951 aliquid
839 3884 968 3937 utile
1015 3897 1113 3953 pro
1154 3882 1240 3936 illa
1280 3883 1474 3953 quaeris
1512 3899 1702 3953 agere,
1745 3894 1804 3939 ut

205 3980 433 4026 sanetur
458 3986 556 4041 age
574 4013 590 4037 ,
616 3987 720 4025 non
743 3980 799 4026 ut
820 3981 1125 4027 excusetur.
1159 3972 1282 4028 Sine
1304 3981 1362 4027 ut
1392 3973 1503 4042 ipsa
1530 3973 1629 4028 sibi
1660 3974 1801 4028 fece-

206 4064 316 4129 rit,
368 4062 509 4118 unde
556 4064 747 4118 merito
786 4064 1149 4119 damnaretur.
1188 4064 1321 4119 Nam
1364 4065 1502 4121 unde
1540 4066 1804 4122 exstiterit

207 4155 351 4209 mala
379 4154 626 4209 voluntas
647 4196 662 4221 ,
694 4155 949 4225 quidquid
975 4156 1118 4211 aliud
1146 4156 1280 4211 dicis
1304 4198 1319 4223 ,
1348 4167 1401 4212 ct
1422 4158 1489 4213 de
1517 4158 1607 4212 illa
1633 4160 1801 4214 exsti-

206 4244 342 4299 tisse
392 4260 592 4314 negas,
649 4245 898 4315 injustam
938 4246 1333 4303 damnationem
1377 4249 1493 4319 ejus
1544 4249 1854 4307 affirmas."

205 4334 347 4403 Quid
397 4338 542 4391 enim
593 4338 734 4392 aliud
778 4338 951 4401 dicis,
1000 4339 1138 4405 nisi,
1177 4340 1292 4394 Non
1338 4340 1450 4411 ipsa
1497 4341 1622 4398 fecit
1662 4345 1802 4400 unde

204 4426 536 4482 damnatur?
562 4428 699 4497 Quid
724 4445 852 4500 ergo
882 4430 1113 4500 iniquius
1131 4473 1146 4497 ,
1172 4447 1330 4501 quam
1358 4443 1410 4486 ut
1436 4433 1560 4487 inde
1584 4434 1803 4489 damne-

206 4528 298 4574 tur
324 4559 341 4585 ,
375 4520 516 4589 quod
546 4521 658 4590 ipsa
688 4535 792 4575 non
825 4521 990 4577 fecit?
1026 4522 1084 4578 Si
1126 4533 1303 4579 autem
1346 4525 1458 4593 ipsa
1485 4525 1610 4580 fecit
1633 4566 1647 4592 ,
1674 4526 1797 4597 quid

202 4624 330 4665 eam
352 4609 421 4664 de
445 4611 680 4680 possibili
708 4627 966 4669 excusare
991 4613 1201 4669 conaris
1221 4656 1234 4680 ,
1261 4616 1401 4670 unde
1426 4617 1570 4670 illam
1590 4619 1802 4673 inexcu-

203 4702 434 4757 sabilius
459 4717 713 4759 accusare
737 4706 1112 4760 convinceris?
1134 4707 1277 4762 Dicis
1299 4709 1441 4763 enim
1463 4716 1493 4775 ,‘
1510 4727 1529 4761 ι
1559 4711 1802 4765 volunta-

203 4803 319 4848 tem
347 4794 540 4848 malam
571 4795 626 4849 in
652 4805 837 4851 natura
864 4796 1079 4867 quidem
1106 4800 1373 4855 exstitisse
1398 4842 1412 4864 ,
1446 4801 1539 4855 sed
1566 4817 1596 4857 a
1627 4804 1799 4874 possi-

205 4882 348 4949 bili,
406 4899 513 4938 non
562 4899 591 4938 a
637 4888 956 4942 necessario.
988 4905 1008 4939 ι
1042 4887 1097 4943 Si
1139 4887 1253 4943 ha‘c
1296 4890 1615 4958 possibilitas
1651 4902 1799 4949 extra

200 4985 457 5030 naturam
490 4985 610 5041 est;
644 4977 756 5047 ipsa
789 4979 963 5048 potius
988 5021 1003 5047 ,
1048 4979 1187 5035 unde
1213 4982 1348 5035 mala
1376 4983 1579 5037 exstitit
1608 4984 1798 5039 volun-

200 5073 293 5119 tas
320 5104 336 5129 ,
369 5080 476 5119 non
504 5074 691 5121 natura
717 5066 1020 5122 datnnctur.
1044 5068 1100 5124 Si
1130 5084 1257 5125 vero
1280 5070 1346 5124 ad
1374 5082 1614 5127 naturam
1640 5075 1798 5129 etiam

199 5157 537 5227 possibilitas
579 5160 843 5228 pertinet;
888 5160 1056 5229 magis
1098 5161 1196 5214 sibi
1242 5162 1567 5218 voluntatem
1606 5165 1796 5220 malam

198 5259 397 5301 natura
429 5247 553 5304 fecit
575 5291 591 5317 ,
616 5252 735 5320 quia
761 5260 815 5305 et
838 5266 941 5305 non
973 5253 1147 5306 facere
1171 5255 1341 5322 potuit
1367 5273 1379 5308 :
1410 5254 1511 5309 hoc
1536 5256 1675 5309 enim
1704 5257 1798 5311 ahs

202 5349 259 5395 te
289 5341 664 5397 commendata
694 5342 935 5398 definitio
965 5344 1330 5413 possibilitatis
1356 5347 1608 5401 ostendit.
1632 5346 1799 5401 Nemo

203 5430 309 5486 tibi
334 5431 496 5498 dicit,
532 5452 550 5486 ι
572 5432 697 5490 Ideo
725 5435 863 5489 mala
891 5445 1078 5489 natura
1106 5445 1190 5490 est
1213 5478 1227 5502 ,
1257 5438 1378 5506 quia
1408 5439 1577 5508 potuit
1603 5439 1799 5495 habere

199 5521 534 5579 voluntatem
580 5526 794 5580 malam.
826 5545 844 5578 ι
888 5526 996 5582 Nos
1028 5536 1208 5593 certe,
1254 5537 1436 5584 contra
1483 5546 1619 5600 quos
1660 5548 1799 5588 nunc

271 5692 477 5769 :‘f’etus
505 5695 660 5746 codex
687 5700 990 5769 atarianensis
1011 5698 1103 5749 hoc
1134 5712 1325 5751 rursum
1349 5701 1471 5766 loco,
1489 5702 1792 5769 difficultate,

190 5753 375 5815 habet,
399 5769 503 5818 pro,
526 5758 816 5809 necessitate.

1585 309 1785 365 LIBER
1825 308 2137 376 QUINTUS.

3377 331 3519 391 M93

1927 419 2160 494 loqueris
2183 466 2197 490 ,
2228 441 2334 481 non
2365 426 2467 483 hoc
2497 428 2721 485 dicimus
2749 448 2762 484 :
2790 429 2917 502 quid
2947 433 3229 505 superﬂuis
3259 434 3516 494 immora-

1927 517 2040 572 ris?
2069 518 2124 571 ln
2157 534 2222 574 eo
2254 521 2408 589 plane
2431 563 2446 587 ,
2474 521 2616 592 quod
2646 522 2827 578 dixisti
2853 565 2868 590 ,
2922 543 2939 576 ι
2975 525 3179 581 Bonum
3227 527 3330 584 hoc
3371 532 3518 601 quod

1924 607 2095 663 virtus
2119 607 2313 664 dicitur
2336 651 2350 676 ,
2384 626 2489 665 non
2521 621 2663 667 esset
2686 613 3043 669 voluntarium
3068 658 3103 681 ,_
3131 616 3178 671 si
3219 621 3516 675 necessita-

1929 706 2037 752 tem
2070 698 2191 754 boni
2224 701 2534 768 habuisset;
2568 704 2945 777 necessitatem
2968 715 3143 761 autem
3168 707 3299 762 boui
3328 720 3516 778 pertu-

1930 788 2076 842 lisset
2104 831 2118 853 ,
2151 789 2194 843 si
2229 806 2333 845 non
2366 791 2638 847 habuisset
2667 795 3071 863 possibilitatem
3112 797 3274 851 mali:
3304 817 3324 852 ι
3361 815 3518 869 pror-

1924 894 2015 934 sns
2040 881 2237 935 oblitus
2268 898 2327 938 es
2370 884 2535 938 Deum
2563 929 2577 950 ,
2624 885 2776 955 cujus
2816 888 2983 943 virtus
3028 897 3179 944 tanto
3218 892 3386 961 magis
3433 902 3517 948 est

1923 973 2224 1027 necessaria
2248 1014 2261 1036 ,
2292 982 2492 1042 quanto
2519 976 2687 1046 magis
2713 992 2830 1032 eam
2859 978 2936 1032 sic
2965 978 3078 1033 vult
3100 1020 3117 1045 ,
3150 989 3206 1035 ut
3236 982 3379 1036 nolle
3404 998 3514 1039 non

1904 1064 2110 1134 possit.
2143 1064 2275 1119 Nam
2308 1075 2360 1119 ct
2388 1076 2441 1120 tu
2484 1066 2664 1122 dixisti
2705 1068 2759 1122 in
2803 1069 2975 1138 primo
3022 1070 3178 1140 hujus
3217 1075 3394 1141 operis
3439 1075 3515 1130 tui

1921 1155 2058 1209 libro
2078 1199 2093 1223 ,
2123 1176 2141 1209 ι
2169 1158 2332 1212 Deum
2357 1159 2454 1214 nisi
2473 1159 2674 1229 justum
2698 1176 2818 1217 esse
2840 1178 2943 1217 non
2968 1179 3123 1234 posse
3152 1164 3346 1237 3(Cap.
3369 1166 3438 1223 ΞΒ
3459 1169 3512 1238 );

1921 1261 2039 1317 qum
2066 1248 2109 1302 si
2138 1251 2429 1305 necessitas
2456 1251 2679 1306 dicenda
2709 1263 2791 1308 ρει
2811 1296 2825 1320 ,
2856 1253 3064 1311 dicatur
3091 1258 3349 1323 omnino;
3383 1260 3513 1317 dum

1920 1345 2099 1392 tamen
2127 1348 2371 1407 constet,
2404 1341 2532 1395 nihil
2576 1358 2696 1397 esse
2750 1344 2848 1399 ista
2899 1349 3219 1404 necessitate
3263 1348 3510 1417 felicius,

1919 1446 2022 1498 qua
2049 1440 2155 1485 tam
2182 1446 2404 1487 necesse
2434 1443 2515 1487 est
2542 1443 2597 1488 ut
2640 1434 2779 1489 Deus
2827 1452 2932 1491 non
2974 1439 3111 1492 male
3153 1440 3328 1505 vivat,
3351 1456 3510 1510 quam
3547 1508 3554 1515 _

1919 1535 2140 1576 necesse
2164 1532 2248 1576 est
2275 1532 2333 1576 ut
2363 1540 2577 1593 semper
2601 1534 2761 1595 atque
2787 1526 3093 1584 beatissime
3123 1531 3282 1584 vivat.
3327 1532 3512 1602 Neque

1917 1610 2057 1666 enim
2086 1614 2243 1666 verba
2276 1622 2362 1667 tua
2395 1614 2544 1669 timet
2575 1617 2865 1671 necessitas
2891 1619 3042 1685 talis,
3076 1619 3129 1673 in
3175 1621 3366 1691 quibus
3408 1636 3507 1676 no-

1918 1701 2060 1756 luisti
2085 1704 2265 1758 dicere
2284 1745 2299 1771 ,
2329 1722 2346 1755 ι
2371 1703 2756 1761 Necessitatem
2786 1719 2965 1762 autem
2993 1708 3118 1762 boni
3148 1727 3167 1760 ι
3202 1710 3505 1774 habuisset,

1915 1793 2008 1847 sed
2040 1795 2272 1849 maluisti
2316 1794 2530 1864 dicere,
2582 1816 2601 1848 ι
2634 1798 2971 1867 pertulisset,
3010 1801 3054 1853 si
3092 1816 3195 1854 non
3233 1801 3509 1857 habuisset

1916 1886 2322 1955 possibilitatem
2345 1888 2468 1941 mali
2491 1906 2503 1941 :
2532 1907 2552 1941 ›
2583 1896 2641 1943 ιιι
2660 1889 2908 1944 videlicet
2931 1891 3070 1945 Deus
3092 1891 3291 1945 homini
3316 1907 3507 1961 peper-

1915 1976 2054 2028 cisse
2087 1976 2369 2041 videatur,
2394 1993 2462 2031 ne
2492 1985 2744 2047 tanquam
2764 1995 3124 2033 mrumnosum
3156 1981 3352 2050 aliquid
3378 1998 3505 2050 per-

1914 2065 2075 2119 ferret
2105 2069 2477 2123 necessitatem
2506 2068 2631 2123 boni
2653 2110 2669 2135 ,
2696 2084 2801 2123 non
2825 2069 3069 2124 habendo
3096 2072 3508 2140 possibilitatem

1918 2157 2042 2209 mali
2070 2173 2083 2219 ;
2112 2156 2252 2226 quod
2282 2167 2389 2212 tam
2420 2174 2666 2229 magnum
2694 2168 2780 2221 est
2803 2160 3000 2215 bonum
3027 2201 3041 2225 ,
3071 2171 3123 2215 ut
3159 2163 3355 2217 sanctis
3393 2178 3508 2218 ser-

1915 2258 2128 2303 varetur
2155 2249 2222 2303 ad
2254 2250 2531 2318 praemium
2561 2268 2575 2303 :
2605 2266 2740 2321 quos
2784 2251 2965 2306 itidem
3005 2253 3200 2306 oblitus
3226 2268 3285 2309 es
3309 2296 3322 2318 ,
3369 2255 3509 2308 sicut

1915 2340 2102 2394 Deum.
2123 2340 2305 2410 Neque
2326 2340 2469 2396 enim
2495 2348 2619 2396 tunc
2645 2343 2761 2396 sine
2779 2342 2972 2397 virtute
2992 2342 3231 2401 vivemus
3247 2384 3261 2411 ,
3285 2344 3501 2414 quando

1913 2430 2066 2484 nobis
2098 2431 2423 2485 concedetur
2447 2470 2463 2496 ,
2495 2446 2561 2485 ne
2587 2445 2616 2483 a
2655 2431 2883 2485 Domino
2923 2431 3208 2502 aliquando
3250 2434 3505 2489 recedere

1913 2522 2217 2590 possimus,
2254 2522 2504 2592 quoniam
2550 2537 2650 2577 nec
2692 2522 2832 2576 velle
2880 2522 3192 2591 poterimus.
3238 2523 3316 2577 lta
3357 2525 3501 2579 enim

1912 2613 2066 2667 nobis
2094 2623 2300 2667 certum
2331 2614 2433 2666 erit
2466 2613 2663 2667 bonum
2691 2654 2705 2678 ,
2747 2628 2853 2683 quo
2889 2629 3086 2686 semper
3108 2653 3125 2679 ,
3170 2624 3228 2667 ut
3270 2616 3502 2683 promis-

1911 2717 2029 2757 sum
2072 2710 2153 2756 est
2177 2744 2192 2769 ,
2236 2720 2351 2756 cum
2397 2702 2614 2757 Domino
2653 2703 2838 2757 erimus
2877 2701 2938 2773 (l
2970 2702 3145 2759 Thess.
3173 2719 3249 2771 1v,
3282 2703 3347 2759 16
3374 2704 3414 2777 );
3446 2714 3503 2759 ιιι

1910 2792 1976 2846 ab
1998 2810 2063 2847 eo
2083 2794 2337 2847 recedere
2365 2809 2469 2847 non
2498 2794 2721 2847 velimus
2742 2835 2757 2860 ,
2784 2807 2883 2847 nec
2907 2793 3045 2848 velle
3077 2795 3359 2863 possimus.
3383 2793 3500 2849 Non

1908 2898 2036 2953 ergo
2066 2884 2223 2938 aliter
2247 2892 2388 2938 esset
2418 2885 2432 2914 ⁸
2484 2885 2653 2939 virtus
2694 2887 2747 2938 in
2790 2883 2983 2951 nobis,
3029 2885 3131 2939 nisi
3174 2885 3498 2940 voluntatem

1908 2973 2100 3028 malam
2137 2975 2216 3029 sic
2259 2990 2364 3028 non
2412 2974 2770 3040 haberemus,
2818 2984 2876 3028 ut
2923 2974 3122 3030 habere
3169 2990 3493 3044 possemus:

1907 3064 2001 3119 sed
2030 3078 2125 3133 pro
2150 3064 2307 3133 hujus
2332 3064 2552 3119 minoris
2577 3063 2788 3117 virtutis
2811 3062 3002 3118 merito
3025 3104 3042 3129 ,
3064 3063 3323 3117 accedere
3344 3063 3498 3118 nobis

1907 3154 2092 3209 debuit
2121 3155 2293 3209 virtus
2318 3153 2490 3223 major
2518 3154 2569 3211 in
2595 3155 2813 3223 prmmio
2831 3195 2845 3219 ,
2872 3163 2930 3208 ut
2957 3155 3148 3208 malam
3172 3154 3498 3208 voluntatem

1906 3245 1985 3299 sic
2013 3260 2117 3299 non
2148 3244 2468 3298 haberemus
2494 3285 2508 3310 ,
2542 3251 2598 3297 ut
2630 3257 2729 3298 nec
2756 3242 2955 3298 habere
2984 3257 3284 3313 possemus.
3325 3241 3369 3297 0
3395 3242 3496 3297 de-

1892 3337 2190 3394 sideranda
2220 3336 2547 3392 necessitas!
2594 3336 2824 3391 Donabit
2867 3351 2986 3391 eam
3031 3336 3263 3402 veritas,
3313 3344 3371 3389 ut
3418 3337 3489 3391 sit

1906 3438 2049 3484 certa
2080 3428 2342 3483 Securitas
2364 3467 2380 3493 ,
2424 3428 2541 3482 sine
2587 3443 2688 3498 qua
2733 3442 2838 3483 non
2886 3436 3060 3497 potest
3100 3442 3220 3482 esse
3248 3425 3336 3480 illa
3362 3467 3376 3489 ,
3404 3428 3490 3481 cui

1906 3537 2011 3576 non
2038 3529 2123 3575 est
2144 3520 2344 3591 aliquid
2367 3519 2668 3576 addendum
2692 3562 2706 3585 ,
2726 3519 2835 3591 jam
2860 3520 3016 3589 plena
3037 3528 3220 3574 nostra
3243 3518 3491 3575 felicitas.

1976 3613 2135 3667 ιλιι.
2164 3612 2285 3669 ius.
2318 3614 2387 3667 At
2413 3613 2593 3668 hocin
2636 3613 2967 3667 contrarium
3002 3612 3236 3681 torqueri
3277 3620 3490 3681 potest,

1907 3714 1964 3759 ut
1988 3705 2231 3770 dicatur,
2259 3704 2365 3760 Sed
2394 3704 2536 3759 malo
2578 3712 2758 3774 aptata
2810 3714 2997 3759 natura
3042 3713 3164 3777 est:
3210 3720 3332 3757 nam
3375 3704 3495 3771 quia

1907 3795 2105 3849 malum
2138 3793 2497 3847 voluntarium
2525 3794 2644 3847 esse
2669 3808 2774 3847 non
2821 3801 3067 3862 poterat,
3117 3793 3161 3845 si
3206 3792 3496 3846 necesdtas

1907 3886 2094 3940 fuisset
2122 3885 2247 3938 mali
2276 3899 2291 3948 ;
2325 3884 2394 3937 ob
2426 3883 2531 3936 hoc
2558 3882 2679 3936 data
2728 3891 2812 3936 est
2861 3881 3184 3950 possibilitas
3228 3881 3387 3946 boni,
3436 3890 3497 3935 ut

1905 3976 2045 4029 malo
2076 3975 2370 4044 proprietas
2402 3981 2692 4042 pararetur.
2721 3970 2873 4038 Quod
2900 3970 3115 4040 quidem
3138 3983 3352 4025 acutum
3374 3980 3455 4025 est
3476 4012 3491 4037 ,

1906 4067 2001 4124 sed
2046 4069 2333 4123 insanum:
2380 4067 2558 4120 omnia
2599 4066 2743 4120 enim
2790 4079 2969 4119 rerum
3017 4079 3047 4116 a
3098 4064 3321 4118 meliore
3346 4073 3495 4132 parte

1908 4169 2163 4214 taxantur
2190 4176 2203 4212 :
2235 4159 2339 4213 huc
2368 4168 2422 4213 et
2451 4158 2681 4227 dignitas
2720 4155 2957 4211 auctoris
3003 4155 3243 4222 accedit,
3274 4154 3325 4208 id
3372 4166 3489 4221 est,

1906 4253 2042 4315 Dei,
2074 4252 2161 4321 qui
2210 4267 2315 4305 non
2363 4250 2432 4305 oh
2472 4266 2535 4305 ea
2581 4265 2701 4319 qua:
2740 4249 3022 4320 puniturus
3063 4255 3216 4313 erat,
3267 4247 3493 4304 liberum

1904 4342 2099 4396 animal
2141 4342 2300 4409 fecit;
2349 4342 2440 4397 sed
2491 4350 2707 4411 propter
2753 4355 2816 4393 ea
2858 4354 2961 4409 qua
3014 4347 3491 4406 retnuneratnrus,

1906 4433 2311 4501 possibilitatem
2333 4433 2723 4488 contrariorum
2742 4430 2910 4485 dedit.
2933 4429 3309 4484 Verumtamen
3332 4446 3494 4498 super

1908 4522 2006 4576 hoc
2035 4538 2268 4591 pugnare
2296 4523 2420 4576 nolo
2450 4540 2463 4576 :
2497 4520 2590 4575 sed
2633 4520 2883 4589 permitto
2925 4519 3123 4589 aliquid
3167 4521 3448 4574 calumnia:
3474 4564 3490 4585 ,

1906 4623 1963 4668 ut
2019 4613 2151 4668 nihil
2199 4613 2266 4667 de
2313 4613 2517 4681 upiticis
2565 4612 2881 4665 auctoritate
2927 4610 3292 4679 prtescriham.
3348 4611 3488 4666 Illud

1908 4712 2082 4757 tamen
2129 4704 2435 4757 necessario
2477 4703 2754 4772 sequitur,
2803 4709 2860 4755 ut
2903 4703 3014 4755 haec
3063 4703 3384 4771 possibilitas
3416 4704 3493 4757 fa-

1904 4792 2077 4850 ciendi
2110 4793 2233 4848 boni
2259 4803 2312 4847 et
2340 4793 2462 4847 ntali
2491 4802 2826 4849 removeatur
2853 4793 2919 4848 ab
2951 4793 3224 4863 utrinsque
3250 4795 3494 4849 volunta-

1908 4886 1977 4938 tis
2007 4882 2218 4938 echclu.
2250 4884 2327 4936 Ac
2353 4899 2444 4952 per
2467 4882 2569 4937 hoc
2597 4925 2609 4947 ,
2636 4899 2733 4939 nec
2761 4884 2971 4937 virtutis
2996 4900 3023 4936 a
3049 4884 3351 4937 necessario
3371 4899 3493 4952 pro-

1906 4976 2061 5028 batur
2088 4989 2249 5028 causa
2279 4988 2432 5039 esse,
2466 4989 2563 5027 nec
2604 4974 2737 5027 vitii.
2785 4973 2854 5027 Ut
2890 4973 3030 5026 enim
3076 4972 3314 5027 honestis
3356 4973 3494 5029 hanc

1904 5064 2160 5119 faciamus
2177 5046 2433 5133 injuriam
2456 5105 2471 5129 ,
2503 5072 2561 5117 ut
2588 5079 2650 5117 cx
2682 5078 2749 5117 eo
2774 5077 2881 5132 quo
2901 5064 2921 5093 ²
2950 5077 3071 5116 cum
3099 5062 3357 5132 improbis
3377 5080 3493 5118 cer-

1906 5165 2019 5210 tare
2045 5156 2323 5210 videantur
2346 5197 2361 5221 ,
2392 5169 2491 5209 nec
2518 5154 2669 5208 bona:
2699 5154 2745 5208 ei
2764 5196 2778 5218 ,
2830 5169 2929 5210 nec
2973 5155 3125 5210 malae
3161 5155 3493 5209 adscribatur

1905 5246 2149 5301 meritum
2174 5245 2460 5299 voluntatis
2487 5262 2502 5294 :
2532 5244 2690 5298 habet
2711 5259 2838 5314 ergo
2861 5244 3221 5300 testimOnium
3252 5245 3491 5313 ingenui-

1907 5339 2028 5393 tatis
2054 5339 2073 5370 ³
2097 5353 2227 5403 suae,
2256 5336 2398 5408 quod
2424 5338 2679 5392 innocens
2723 5347 2838 5402 est,
2879 5338 3000 5407 quia
3042 5352 3138 5393 nec
3180 5337 3320 5390 beno
3346 5376 3360 5398 ,
3392 5347 3491 5387 nec

1904 5430 2077 5497 malo,
2109 5429 2405 5483 voluntario
2432 5428 2724 5493 duntaxat,
2755 5428 2907 5497 plena
2938 5437 3041 5482 est.
3072 5424 3486 5481 Possibilitazcm

1968 5588 1983 5619 ι
2020 5592 2169 5635 Vetus
2203 5584 2544 5647 eodexgrortq
2581 5591 2678 5632 Non
2716 5595 2833 5647 ergo
2862 5581 3002 5632 aliter
3042 5592 3135 5630 non
3172 5581 3310 5628 esset.
3348 5580 3489 5626 Ferte

1906 5660 2007 5711 pro,
2036 5656 2167 5711 Nth
2190 5658 2305 5707 ergo
2325 5645 2465 5694 aliter
2488 5658 2580 5693 non
2608 5652 2746 5694 esset.

1967 5712 1986 5740 ¹
2019 5709 2176 5755 Codex
2204 5713 2333 5762 tua»...
2358 5718 2421 5755 ea:
2444 5720 2502 5755 ea
2526 5720 2633 5769 quo.

1974 5771 1993 5801 ³
2026 5769 2097 5818 sic
2121 5775 2225 5817 Mss.
2253 5769 2369 5818 Editi
2391 5765 2853 5831 vero,integritatis.
