3934 6178
443 367 575 424 1699

440 499 564 551 ergo
597 479 878 535 voluntatis
901 479 917 511 ¹
944 476 1187 532 adscribe
1220 485 1455 539 naturze;
1488 473 1813 526 voluntatem
1844 476 2020 523 autem

442 590 540 628 nec
564 573 753 628 bonam
773 612 787 636 ,
820 585 916 625 nec
963 569 1154 623 malam
1177 610 1189 631 ,
1216 576 1436 621 natura.
1464 565 1662 619 lnvicte
1708 576 1835 632 ergo
1861 561 2022 614 colle-

439 678 581 717 ctum
600 671 699 726 est,
725 660 1046 715 voluntatem
1068 660 1259 712 malam
1282 666 1521 712 exortam
1544 655 1754 726 quidem
1784 655 1837 708 in
1858 658 2019 722 o'perc

445 753 531 806 Dei
558 770 571 817 ;
595 751 686 805 sed
714 766 742 805 a
774 751 1046 820 p05sibili,
1077 766 1180 802 non
1207 763 1235 801 a
1259 748 1559 802 necessario
1585 764 1598 800 ε
1620 746 1759 815 quod
1788 745 2019 812 reputari

441 857 546 896 non
606 851 777 910 potest
832 839 1193 910 possibilitatis
1246 839 1454 903 datori,
1512 837 1605 891 sed
1658 836 2020 906 possibilitatis

441 933 607 1001 ipsius
636 931 997 1001 gubernatori.

508 1023 643 1076 Auc.
679 1021 1010 1075 Voluntatem
1039 1033 1136 1073 nec
1162 1019 1351 1073 bonam
1375 1060 1390 1085 ,
1413 1033 1512 1072 nec
1543 1018 1732 1071 malam
1756 1057 1773 1084 ,
1818 1026 2018 1070 naturae

440 1111 687 1165 concedis
748 1110 1017 1177 adscribi,
1072 1110 1167 1164 sed
1223 1119 1422 1163 tantum
1480 1109 1881 1179 possibilitatem
1934 1108 2018 1162 vel

440 1206 590 1258 bona:
619 1204 700 1259 vel
729 1205 882 1258 malae
912 1204 1196 1258 voluntatis
1216 1246 1228 1267 ,
1270 1218 1389 1257 eum
1417 1202 1484 1255 sit
1511 1211 1693 1255 natura
1726 1209 1777 1253 et
1802 1200 2019 1269 angelus

440 1307 495 1350 et
524 1297 706 1351 homo.
749 1296 844 1351 Cui
879 1297 924 1350 si
965 1311 1068 1348 non
1109 1303 1190 1348 est
1223 1292 1568 1347 adscribenda
1594 1333 1607 1355 ,
1640 1302 1694 1344 ut
1718 1291 1850 1345 dicis
1873 1332 1888 1356 ,
1923 1306 2016 1343 vo-

442 1387 615 1441 Iuntas
646 1387 783 1441 bona
813 1387 894 1440 vel
925 1386 1094 1450 mala;
1128 1399 1226 1437 nec
1253 1381 1596 1436 honorandus
1620 1380 1687 1434 de
1713 1380 1849 1434 bona
1870 1421 1884 1445 ,
1917 1394 2019 1433 nec

440 1478 506 1532 de
536 1478 668 1530 mala
697 1485 779 1531 est
803 1476 1073 1530 voluntate
1100 1471 1447 1527 damnandus.
1481 1470 1616 1538 Quid
1639 1471 1777 1524 enim
1805 1478 1887 1523 est
1916 1468 2017 1521 ini-

440 1570 596 1638 quius
619 1611 632 1633 ,
664 1585 820 1639 quam
854 1577 911 1623 ut
936 1568 1003 1624 de
1028 1568 1167 1621 man
1190 1606 1206 1632 ,
1234 1566 1370 1635 quod
1400 1564 1448 1619 ei
1476 1578 1578 1618 non
1603 1572 1683 1618 est
1706 1561 2015 1615 adscriben-

439 1662 564 1714 dum
588 1702 600 1725 ,
644 1662 945 1731 judicemus
991 1675 1110 1715 esse
1149 1656 1544 1712 damnandum?
1587 1655 1670 1709 An
1708 1656 1925 1724 angelus
1964 1660 2018 1707 et

448 1750 607 1805 homo
633 1761 834 1806 naturae
862 1766 965 1804 non
997 1750 1160 1803 sunt?
1199 1749 1327 1816 Quis
1367 1749 1466 1803 hoc
1505 1748 1764 1817 loquitur,
1796 1747 1895 1801 nisi
1925 1760 2017 1799 ne-

438 1843 616 1896 sciens
668 1842 798 1911 quid
849 1841 1136 1911 loquatur?
1189 1840 1400 1894 Natura:
1457 1838 1614 1909 igitur
1660 1837 2013 1902 adscribitur,

437 1932 578 2001 quod
613 1933 800 2001 angelo
843 1931 1196 1996 adscribitur;
1247 1940 1449 1984 natum
1485 1928 1804 1984 adscribitur
1827 1970 1841 1992 ,
1874 1927 2016 1997 quod

441 2024 640 2077 homini
669 2024 988 2078 adscribitur
1014 2042 1025 2076 :
1051 2023 1143 2077 sed
1168 2032 1368 2076 natura:
1390 2037 1506 2091 qua:
1531 2037 1560 2074 a
1584 2022 1725 2075 bono
1755 2020 1862 2074 Deo
1889 2034 2017 2072 con-

438 2115 542 2166 dita
590 2122 671 2168 est
710 2114 845 2168 bona
872 2156 887 2180 ,
933 2124 987 2168 et
1028 2114 1298 2167 voluntate
1333 2128 1424 2165 sua
1463 2111 1596 2164 facta
1637 2118 1720 2164 est
1747 2109 1905 2162 mala.
1940 2108 2016 2162 Ac

439 2219 533 2270 per
563 2203 699 2271 hoc,
728 2204 1023 2258 rectissime
1046 2204 1275 2265 malum,
1305 2201 1445 2272 quod
1477 2201 1560 2254 his
1588 2201 1791 2254 naturis
1816 2199 2017 2253 adscri-

438 2293 609 2358 bitur,
640 2293 744 2347 eia
776 2308 881 2362 quo
931 2303 1056 2346 sunt
1097 2292 1324 2347 conditae
1363 2307 1468 2345 non
1516 2290 1865 2355 adscribitur;
1892 2289 2014 2357 quia

439 2399 546 2436 non
572 2399 661 2437 eas
695 2384 763 2437 ita
795 2383 1070 2450 condidit,
1112 2398 1230 2437 cum
1278 2382 1503 2451 primum
1550 2381 1822 2447 condidit,
1857 2388 1913 2432 ut
1937 2379 2016 2434 cis

436 2484 579 2528 esset
609 2474 865 2528 habendae
896 2475 1049 2528 mala:
1080 2474 1365 2527 voluntatis
1413 2474 1516 2526 ulla
1560 2473 1847 2526 necessitas
1874 2514 1887 2534 ,
1919 2471 2012 2524 sed

438 2566 802 2618 tantummodo
832 2565 1153 2634 possibilitas
1178 2581 1192 2630 ;
1223 2564 1309 2617 ubi
1337 2564 1580 2617 meritum
1611 2573 1943 2630 compararet
1968 2563 2010 2625 ’,

436 2665 597 2724 atque
627 2656 887 2709 inveniret
913 2655 963 2709 in
987 2655 1063 2708 eis
1085 2654 1221 2707 bona
1246 2654 1488 2707 voluntas
1514 2668 1616 2706 non
1639 2652 1847 2705 deserta
1874 2667 2012 2721 prac-

439 2749 601 2801 mium
628 2788 642 2811 ,
674 2746 882 2801 deserta
912 2746 1247 2815 supplicium.
1286 2744 1418 2812 Quid
1449 2760 1575 2813 ergo
1605 2744 1801 2797 malitia
1828 2745 2014 2797 volun-

440 2836 565 2889 tatis
593 2836 788 2904 qumris
815 2850 1067 2889 excusare
1094 2845 1373 2900 naturam,
1420 2829 1567 2903 cujus
1611 2846 1691 2888 est
1738 2835 1871 2888 velle
1918 2850 2014 2888 seu

439 2926 620 2981 nolle?
648 2926 830 2995 Neque
868 2928 1008 2980 enim
1048 2937 1131 2980 est
1174 2926 1309 2982 mala
1348 2926 1591 2979 voluntas
1616 2967 1629 2989 ,
1663 2925 1761 2979 nisi
1788 2925 2014 2979 volentis

435 3024 527 3070 aut
553 3016 724 3086 angeli
751 3058 765 3082 ,
788 3024 882 3070 aut
908 3017 1136 3070 hominis
1160 3058 1174 3080 ,
1203 3030 1333 3085 quas
1360 3030 1466 3070 non
1490 3030 1606 3069 esse
1630 3024 1844 3069 naturas
1870 3015 2012 3067 nulla

437 3110 641 3162 ratione
693 3123 977 3178 possumus
1014 3108 1211 3162 dicere.
1262 3107 1403 3174 Cur,
1456 3107 1701 3176 inquam,
1756 3106 2014 3161 adscribis

441 3198 643 3252 homini
701 3199 893 3252 malam
940 3200 1260 3253 voluntatem
1288 3240 1302 3263 ,
1350 3208 1407 3251 ut
1452 3214 1555 3251 non
1604 3197 1796 3265 injuste
1846 3198 2015 3267 possit

437 3289 588 3343 mala:
617 3290 908 3343 voluntatis
938 3290 1129 3343 merito
1157 3303 1341 3358 pmnas
1366 3288 1545 3354 luere;
1571 3297 1624 3342 et
1644 3287 1781 3356 quod
1809 3286 2011 3340 adseri-

436 3381 514 3433 bis
555 3380 789 3443 homini,
834 3396 941 3435 non
984 3381 1062 3434 vis
1106 3380 1410 3435 adscribere
1462 3391 1696 3443 ttaturm,
1726 3380 1873 3447 quasi
1905 3379 2012 3432 ullo

436 3470 593 3524 modo
636 3473 803 3538 possit
844 3470 1004 3524 homo
1043 3485 1148 3524 non
1185 3485 1304 3524 esse
1347 3470 1570 3523 natura?
1611 3470 1818 3535 Quanto
1847 3471 2012 3524 satius

433 3570 515 3611 est
538 3602 552 3624 ,
585 3569 635 3613 te
661 3575 788 3613 sana
812 3561 952 3630 loqui
979 3603 992 3625 ,
1015 3571 1068 3614 et
1094 3560 1272 3615 dicere
1292 3560 1523 3613 hominis
1546 3560 1871 3613 voluntatem
1901 3575 2013 3613 ma-

435 3650 538 3701 lam
576 3650 784 3703 nonnisi
821 3650 1041 3719 alicujus
1080 3664 1198 3705 csse
1238 3659 1471 3715 naturm,
1501 3651 1619 3718 quia
1647 3651 1820 3704 omnis
1852 3650 2011 3704 homo

439 3750 623 3794 natura
656 3751 771 3808 est;
818 3730 909 3795 sed
957 3743 1111 3796 istam
1150 3750 1393 3796 naturam
1420 3781 1433 3806 ,
1462 3755 1583 3795 cum
1615 3742 1786 3810 primo
1813 3741 2009 3795 malum

432 3834 577 3903 egit,
608 3848 714 3887 non
744 3849 809 3888 ex
841 3834 1174 3900 necessario,
1217 3833 1312 3887 sed
1361 3848 1429 3887 ex
1480 3832 1717 3902 possibili
1765 3833 2011 3888 habuisse

398 3908 755 3979 ‘voluntatem
811 3927 1048 3979 malam:
1103 3925 1530 3995 quandoquidem
1581 3925 1664 3979 his
1711 3925 2010 3980 nominibus

433 4014 524 4067 tibi
556 4015 754 4084 placuit
779 4015 885 4068 duo
912 4016 1010 4069 ista
1041 4014 1343 4069 discernere
1365 4057 1378 4080 ,
1402 4030 1624 4084 quorum
1651 4016 1701 4068 in
1725 4030 1829 4069 uno
1851 4015 2008 4069 intel-

431 4107 608 4175 ligitur
638 4106 687 4159 id
717 4107 827 4161 fieri
858 4107 996 4175 quod
1031 4094 1253 4161 necesse
1280 4116 1397 4171 est,
1436 4107 1487 4159 in
1531 4107 1700 4161 altero
1736 4115 1909 4160 autem
1957 4106 2008 4160 id

430 4197 570 4266 quod
601 4196 713 4250 fieri
744 4197 959 4265 quidem
990 4205 1201 4266 potest,
1235 4197 1327 4251 scd
1357 4212 1573 4251 necesse
1603 4213 1706 4250 non
1738 4207 1818 4251 est
1844 4239 1856 4260 ,
1887 4199 2008 4266 quia

429 4300 480 4342 ct
514 4303 616 4341 non
645 4286 757 4340 fieri
785 4285 999 4355 potest?
1025 4287 1135 4340 lloc
1157 4287 1296 4340 enim
1324 4287 1390 4339 de
1414 4299 1633 4355 peccato
1657 4287 1810 4356 primi
1838 4286 2005 4341 homi-

432 4382 544 4445 nis,
586 4379 668 4432 vel
699 4380 987 4447 primorum
1019 4376 1294 4431 hominum
1323 4377 1599 4430 verissime
1649 4378 1840 4430 dicitur
1876 4397 1887 4431 :
1923 4394 2006 4432 re-

429 4479 533 4522 stat
566 4469 653 4523 ille
679 4468 767 4537 qui
797 4468 1027 4533 clamat,
1060 4465 1178 4519 Non
1204 4465 1339 4535 quod
1367 4468 1495 4529 volo,
1522 4467 1653 4536 facio
1680 4467 1895 4533 bonum;
1920 4468 2007 4521 sed

428 4559 563 4627 quod
620 4560 735 4611 uolo
782 4559 1011 4622 malum,
1061 4558 1155 4610 hoc
1197 4574 1291 4627 ago
1341 4556 1534 4629 (Rom.
1571 4573 1683 4624 vn,
1729 4556 1855 4628 19).
1902 4559 2006 4612 Iste

430 4649 625 4715 quippe
654 4663 719 4700 ex
745 4648 1046 4702 necessario
1092 4649 1287 4700 malum
1335 4649 1478 4717 agit,
1524 4649 1610 4717 qui
1656 4664 1759 4703 non
1800 4650 1913 4703 vult
1953 4659 2007 4704 et

429 4738 591 4805 agit:
644 4735 940 4805 frangitque
988 4745 1129 4790 tuam
1185 4740 1457 4807 regulam,
1515 4756 1671 4809 quam
1725 4743 2003 4796 temeraria

427 4827 748 4895 loquacitate
776 4826 971 4879 tinxisti
1001 4827 1187 4881 dicens
1211 4867 1226 4892 ,
1258 4828 1397 4895 quod
1431 4847 1448 4878 ι
1479 4845 1578 4883 nec
1612 4831 1818 4883 virtutis
1852 4847 1880 4885 a
1912 4848 2005 4885 ne-

426 4918 657 4973 cessario
684 4918 934 4989 probetur
959 4933 1116 4972 causa
1135 4933 1272 4983 esse,
1305 4934 1402 4973 nec
1430 4921 1574 4986 vitii;
1608 4941 1625 4973 ι
1661 4938 1778 4977 cum
1805 4924 1826 4953 ³
1849 4923 2003 4991 hujus

425 5024 584 5062 causa
619 5011 873 5077 probetur
909 5024 1028 5064 esse
1078 5024 1107 5063 a
1151 5011 1472 5064 necessario.
1511 5011 1691 5083 Neque
1736 5014 1874 5066 enim
1914 5022 2004 5067 aut

426 5099 565 5151 actio
597 5101 718 5151 mali
763 5100 946 5154 vitium
984 5116 1089 5154 non
1133 5109 1251 5162 est;
1300 5110 1389 5153 aut
1433 5101 1628 5156 bonum
1674 5104 1813 5172 quod
1852 5104 1998 5170 vult,

427 5206 531 5244 non
562 5187 736 5243 facere
760 5232 775 5253 ,
806 5201 856 5244 et
885 5193 1079 5246 malum
1111 5193 1248 5247 nolle
1272 5234 1285 5256 ,
1311 5203 1357 5246 et
1392 5202 1565 5247 tamen
1595 5210 1751 5264 agere
1776 5236 1789 5257 ,
1821 5211 2002 5249 ncces-

424 5285 553 5338 sitas
581 5301 684 5339 non
714 5292 827 5343 est;
860 5292 951 5338 aut
990 5301 1019 5338 e
1055 5288 1320 5340 contrario
1367 5302 1469 5340 non
1510 5287 1610 5339 erit
1652 5287 1802 5341 nobis
1843 5289 1998 5341 etiam

426 5378 629 5430 virtutis
658 5376 943 5431 necessitas
970 5375 1090 5429 felix
1117 5419 1129 5441 ,
1158 5378 1368 5447 quando
1412 5388 1552 5432 tanta
1592 5382 1760 5448 gratia
1809 5390 1997 5432 natura

487 5551 500 5580 ¹
537 5550 619 5598 llic
650 5550 803 5599 codex
826 5556 1066 5598 Portarum
1090 5550 1235 5608 addit,
1261 5549 1331 5600 vel
1353 5549 1502 5611 boum,
1533 5551 1604 5602 vel
1636 5552 1789 5602 malm.

486 5612 506 5641 '
537 5613 696 5659 Codex
721 5618 863 5674 Port.,
887 5619 1235 5675 compararent.
1257 5620 1352 5661 Non
1377 5614 1521 5673 male,
1545 5616 1584 5661 si
1610 5614 1795 5663 releras
1832 5615 1887 5663 ad
1911 5629 1998 5664 na-

477 5684 567 5717 [‘83.

477 5684 499 5715 r
558 5707 567 5717 .

423 5677 474 5720 ω
486 5683 781 5792 ’asl‘articula,
806 5745 932 5794 cum,
959 5736 1227 5789 restituitur
1247 5748 1309 5783 ex
1334 5743 1410 5783 ηδ.
1441 5744 1560 5785 l'ort.

1144 360 1385 417 OPERIS
1426 353 1837 413 IMPERFECTI
1876 351 2145 407 CONTRA
2185 353 2539 426 JCLIANL'SI,
2582 360 2637 414 S.
2682 362 3038 421 AUGUSTINI

3582 374 3723 430 150!)

2133 481 2311 523 nostra
2344 475 2631 543 replebitur
2654 520 2667 542 ,
2696 488 2749 531 ct
2782 480 2920 534 Deus
2947 480 3046 534 erit
3078 481 3252 535 omnia
3287 483 3336 537 in
3371 485 3619 541 omnibus
3648 494 3665 556 (
3696 489 3714 541 I

2129 562 2246 615 Cor.
2281 580 2366 630 xv,
2391 565 2517 637 28),
2548 577 2607 622 ut
2632 571 2768 625 male
2793 572 2988 641 aliquid
3018 574 3155 628 velle
3186 590 3290 629 non
3321 578 3506 644 possit.
3532 579 3716 635 Virtus

2128 664 2206 707 est
2235 656 2432 725 quippe
2457 658 2699 726 justitia;
2733 671 2785 716 et
2824 664 3016 717 cmlum
3057 681 3251 720 novum
3293 676 3347 721 et
3392 678 3532 723 terra
3574 688 3713 725 nova

2128 746 2452 812 promittitur
2472 750 2624 805 nobis
2646 793 2659 815 ,
2682 752 2733 805 in
2755 754 2945 821 quibus
2962 755 3164 823 justitia
3188 756 3480 830 inhabitat(
3501 761 3540 814 Il
3565 760 3709 815 Petr.

2129 851 2180 888 Ill
2206 878 2220 900 ,
2258 838 2382 906 I5).
2417 841 2517 893 Aut
2549 842 2592 894 si
2634 841 2772 897 forte
2810 847 3045 900 turbatus
3069 889 3084 915 ,
3129 852 3377 917 prtesenti
3413 854 3565 921 vitm,
3599 871 3711 909 non

2126 926 2313 979 futurce
2340 928 2491 982 istam
2523 932 2754 999 regulam
2783 933 2999 989 finxisse
3031 945 3079 990 te
3107 938 3239 993 dicis
3264 957 3277 1005 ;
3309 956 3412 994 non
3440 944 3713 998 contendo

2123 1031 2243 1068 cum
2276 1017 2413 1072 victo
2444 1037 2455 1073 :
2491 1021 2615 1074 illud
2646 1031 2788 1076 certe
2817 1023 2882 1076 ad
2920 1024 3053 1080 hanc
3091 1027 3253 1080 vitam
3294 1031 3557 1097 pertinere
3600 1049 3710 1086 non

2123 1121 2284 1174 negas
2309 1148 2323 1171 ,
2356 1109 2444 1162 ubi
2473 1111 2620 1165 vides
2651 1111 2919 1166 hominem
2943 1116 3077 1171 velle
3103 1158 3117 1180 ,
3144 1133 3241 1173 nec
3262 1118 3438 1174 facere
3468 1123 3669 1177 bonum
3692 1143 3706 1186 ;

2124 1206 2172 1247 et
2208 1197 2345 1250 nolle
2370 1240 2384 1265 ,
2412 1208 2570 1268 atque
2597 1216 2755 1270 agere
2784 1204 2982 1258 malum
3015 1224 3027 1259 :
3054 1210 3363 1278 coget-isque
3390 1210 3489 1265 hoc
3516 1214 3709 1267 vitium

2121 1294 2304 1338 contra
2336 1289 2571 1356 regulam
2600 1299 2739 1345 tuam
2771 1295 3071 1349 necessitati
3095 1298 3357 1362 tribucre,
3386 1315 3488 1353 non
3516 1303 3709 1355 volun-

2122 1377 2236 1428 tati.
2265 1378 2345 1431 ΑΙ)
2374 1379 2473 1433 hac
2500 1374 2680 1436 autem
2724 1387 3041 1441 necessitate
3064 1428 3078 1453 ,
3119 1403 3238 1441 cmn
3271 1404 3372 1459 qua
3417 1403 3712 1447 nascuntur

2120 1474 2174 1519 et
2200 1467 2405 1534 parvuli
2430 1510 2443 1534 ,
2479 1471 2571 1525 sed
2602 1473 2773 1527 tetatis
2798 1489 3012 1529 accessu
3042 1476 3226 1546 incipit
3254 1494 3513 1548 apparere
3537 1525 3551 1547 ,
3580 1484 3710 1551 quis

2122 1555 2312 1611 liberat
2339 1557 2607 1614 hominem
2636 1563 2886 1617 miserum
2913 1606 2927 1629 ,
2958 1567 3054 1619 nisi
3086 1568 3252 1637 gratia
3285 1570 3375 1624 Dei
3403 1586 3498 1639 per
3520 1572 3710 1627 Jesum

2121 1645 2393 1702 Christum
2426 1651 2707 1706 Dominum
2751 1664 2990 1710 nostrum
3028 1656 3217 1731 (Rom.
3250 1676 3353 1726 vn,
3382 1659 3518 1734 25)?
3552 1664 3712 1732 cujus

2121 1740 2310 1806 gratia:
2350 1756 2445 1794 vos
2487 1742 2723 1809 inimici,
2765 1745 2817 1798 in
2859 1757 3033 1800 vestra
3068 1749 3263 1804 virtute
3304 1752 3601 1816 conﬁditis;
3653 1764 3711 1807 et

2121 1840 2309 1883 contra
2337 1831 2513 1885 divina
2540 1834 2747 1904 eloquia
2773 1875 2787 1900 ,
2820 1851 2937 1905 quae
2976 1837 3231 1893 damnant
3264 1855 3357 1895 eos
3398 1842 3483 1911 qui
3510 1843 3564 1895 in
3605 1857 3711 1897 sua

2120 1919 2315 1975 virtute
2356 1922 2629 1977 confidunt
2670 1922 2897 1995 (Jerem.
2927 1943 3031 1981 xvu
3057 1968 3072 1992 ,
3104 1926 3200 2001 5),
3252 1930 3408 2000 impia
3453 1933 3709 2001 superbia

2121 2011 2420 2081 diSputatis.

2189 2102 2371 2158 LXIII.
2411 2104 2528 2159 λιιι..
2563 2106 2770 2162 Ιῐωιυρειι
2799 2123 2925 2179 ergo
2953 2110 3229 2181 prudentis
3257 2113 3433 2168 animo
3462 2114 3705 2180 lectoris,

2120 2195 2346 2250 multum
2372 2199 2627 2254 interesse
2655 2200 2792 2254 inter
2820 2216 2882 2255 ea
2910 2218 3027 2271 qua:
3054 2216 3083 2255 a
3111 2204 3348 2272 possibili
3379 2207 3617 2272 veniunt,
3650 2218 3710 2262 et

2120 2301 2181 2342 ea
2212 2304 2330 2355 qua:
2359 2304 2387 2343 a
2420 2292 2753 2357 necessario;
2785 2294 3150 2362 naturaliaque
3177 2297 3353 2349 omnia
3379 2300 3707 2353 necessariis

2119 2380 2375 2447 applicet,
2406 2381 2700 2436 voluntaria
2730 2397 2857 2436 vero
2881 2383 3224 2451 possibilibus
3250 2400 3264 2449 ;
3293 2394 3345 2439 et
3374 2387 3707 2455 quaestiones

2121 2470 2392 2523 universas
2430 2469 2498 2524 ab
2535 2486 2631 2536 ea,
2679 2487 2779 2541 qua
2816 2474 3108 2543 coeperint,
3154 2486 3304 2543 parte
3342 2489 3702 2532 consummet.

2118 2558 2378 2622 Quoniam
2424 2560 2468 2613 si
2498 2576 2589 2628 per
2623 2571 2901 2631 utramque
2940 2578 3083 2617 e:eco
3116 2563 3317 2635 judicio
3359 2576 3607 2637 vagetur;
3646 2569 3705 2623 in

2120 2649 2425 2704 innumeros
2441 2666 2535 2719 per
2551 2653 2708 2707 verba
2730 2669 2862 2722 pene
2880 2656 3053 2707 omnia
3076 2657 3431 2726 prmcipitatur
3446 2672 3665 2713 errores
3688 2678 3703 2712 :

2118 2738 2259 2807 quod
2286 2741 2533 2807 quoniam
2559 2742 2686 2793 satis
2714 2742 2935 2809 claruit,
2964 2751 3183 2811 apparet
3214 2754 3264 2799 te
3289 2746 3446 2800 nimis
3474 2748 3702 2803 omnino

2118 2828 2406 2896 caligasse,
2457 2829 2547 2897 qui
2587 2830 2863 2899 collegisti,
2894 2850 2913 2882 ι
2943 2833 3221 2899 Quomodo
3258 2836 3428 2903 potuit
3475 2837 3704 2902 malum,

2117 2918 2259 2985 quod
2285 2934 2539 2988 nusquam
2566 2930 2699 2985 erat,
2733 2921 2928 2976 exoriri
2961 2924 3013 2977 in
3042 2939 3203 2993 opere
3236 2925 3365 2991 Dei;
3396 2927 3464 2981 ita
3496 2929 3657 2981 etiam
3686 2971 3705 2993 ,

2111 3009 2220 3078 jam
2270 3010 2411 3079 quod
2447 3019 2595 3079 erat,
2640 3014 2846 3067 transiit
2882 3016 3195 3069 naturaliter
3235 3032 3327 3086 per
3358 3032 3491 3086 Opus
3526 3018 3641 3072 Dei.
3676 3038 3699 3070 ι

2125 3100 2249 3155 Vide
2277 3101 2418 3154 enim
2448 3117 2551 3172 quo
2581 3103 2654 3157 sis
2692 3104 2953 3159 involutus
2984 3120 3164 3160 errore
3189 3124 3201 3158 :
3233 3115 3499 3174 peccatum
3527 3109 3704 3177 prima

2116 3192 2383 3247 voluntate
2406 3203 2742 3262 conceptum,
2769 3196 2908 3265 quod
2931 3211 2960 3249 a
2988 3197 3221 3265 possibili
3250 3200 3411 3262 venit,
3433 3197 3482 3251 in
3508 3214 3705 3254 neces-

2116 3283 2253 3336 saria
2281 3283 2414 3338 dicis
2454 3284 2614 3339 fuisse
2645 3294 2925 3365 mutatum,
2966 3297 3022 3340 ut
3053 3287 3318 3356 quomodo
3357 3289 3524 3357 potuit
3569 3290 3701 3345 oriri

2117 3385 2291 3430 motus
2330 3378 2490 3430 animi
2517 3378 2683 3443 liber,
2717 3378 2788 3432 ita
2827 3382 2942 3434 sine
2977 3389 3120 3433 motu
3163 3380 3329 3434 libero
3370 3380 3615 3435 transiret
3642 3381 3699 3436 in

2116 3468 2430 3521 naturalium
2460 3467 2826 3524 necessitatem
2856 3470 2894 3521 ¹.
2924 3469 3027 3524 Sed
3059 3469 3291 3539 intellige
3319 3473 3569 3540 quoniam
3602 3487 3700 3526 ue-

2115 3559 2465 3613 eessariorum
2493 3567 2679 3613 auctor
2702 3561 2769 3614 sit
2798 3561 2953 3615 Deus.
2978 3560 3033 3616 Si
3055 3578 3180 3631 ergo
3209 3561 3311 3616 hoc
3340 3563 3464 3616 facit
3489 3563 3625 3617 Deus
3646 3565 3699 3634 in

2115 3649 2316 3702 naturis
2337 3690 2352 3715 ,
2379 3649 2518 3718 quod
2555 3650 2677 3704 fecit
2706 3650 2915 3704 animus
2945 3650 2995 3704 in
3036 3652 3241 3720 culpis;
3276 3667 3497 3706 necesse
3525 3662 3608 3707 est
3644 3662 3701 3707 ut

2114 3741 2191 3793 sic
2216 3740 2282 3794 sit
2312 3756 2456 3805 reus,
2488 3741 2753 3810 quomodo
2777 3751 2832 3797 et
2858 3742 2944 3797 ille
2969 3742 3119 3812 cujus
3147 3743 3318 3813 arguit
3346 3744 3696 3798 voluntatem.

2115 3831 2226 3885 lmo
2251 3832 2416 3902 magis
2441 3849 2455 3886 :
2488 3840 2685 3902 quanto
2713 3834 2853 3888 enim
2881 3842 2963 3888 est
2997 3835 3115 3904 plus
3155 3836 3514 3889 necessarium
3541 3852 3697 3905 quam

2116 3923 2363 3992 possibile
2381 3964 2401 3988 ,
2426 3931 2570 3977 tanto
2596 3923 2874 3979 scelestius
2898 3934 2981 3979 est
3010 3927 3320 3995 ingenerare
3349 3942 3509 3996 quam
3546 3943 3701 3982 usur-

2116 4028 2242 4082 pare
2270 4023 2558 4088 peccatpm.
2592 4013 2744 4080 Quod
2776 4015 2893 4070 licet
2923 4031 3100 4069 rerum
3129 4028 3314 4070 natura
3344 4031 3452 4070 non
3482 4017 3695 4086 capiat;

2114 4110 2289 4155 tamen
2320 4102 2401 4156 hic
2422 4102 2763 4167 ostenderim,
2793 4106 2961 4159 multo
2986 4106 3218 4175 pejorem
3243 4121 3362 4161 esse
3388 4107 3696 4175 Opinionem

2114 4201 2255 4245 tuam
2283 4192 2348 4245 de
2375 4192 2512 4257 Deo,
2539 4208 2696 4262 quam
2733 4194 3026 4249 Manichmi.
3061 4195 3203 4250 Illius
3240 4197 3382 4249 enim
3413 4196 3582 4250 Deum
3613 4198 3698 4251 vel

2113 4283 2282 4336 subita
2313 4281 2447 4336 bella
2482 4290 2831 4340 truncarunt:
2866 4296 3010 4340 tuum
3037 4301 3162 4340 vero
3188 4288 3401 4356 antiqua
3429 4295 3483 4340 et
3513 4288 3698 4341 multi-

2111 4374 2301 4443 plicata
2345 4374 2563 4427 crimina
2591 4385 2961 4444 corruperunt.
3000 4378 3216 4445 Acvper
3238 4377 3339 4430 hoc
3376 4391 3481 4430 non
3521 4377 3698 4431 solum

2111 4465 2177 4518 de
2214 4465 2505 4534 qumstione
2537 4464 2787 4520 dissentis
2822 4481 2853 4520 a
2892 4466 3210 4530 Catholicis,
3242 4466 3336 4521 sed
3377 4468 3595 4520 omnino
3622 4467 3697 4522 de

2111 4554 2220 4608 Deo
2245 4573 2257 4607 :
2290 4570 2394 4609 non
2423 4555 2593 4622 ipsum
2621 4556 2772 4618 colis,
2800 4571 2958 4624 quem
2985 4570 3082 4609 nos
3106 4556 3490 4625 aequissimum,
3516 4557 3700 4610 omni—

2110 4645 2531 4713 potentissimum
2554 4687 2568 4710 ,
2597 4646 2951 4701 inviolabilem
2984 4648 3038 4701 in
3065 4647 3321 4701 Trinitate
3347 4664 3696 4702 veneramur.

2111 4735 2254 4804 Ergo
2280 4750 2551 4803 permeare
2572 4751 2674 4789 non
2699 4737 2867 4805 potuit
2888 4752 2984 4805 per
3004 4746 3243 4790 naturam
3267 4753 3352 4791 res
3376 4738 3698 4799 voluntatis;

2109 4828 2404 4895 meritoque
2430 4842 2527 4880 nos
2565 4827 2820 4889 diximus,
2852 4828 2971 4895 quia
2994 4837 3135 4896 ‘opus
3174 4828 3374 4882 diaboli
3423 4844 3519 4897 per
3558 4843 3705 4896 opus

2113 4917 2202 4970 Dei
2231 4917 2455 4970 transire
2500 4932 2605 4969 non
2648 4916 3044 4995 sinitur.*0ptts
3085 4916 3227 4969 enim
3270 4917 3474 4971 diaboli
3520 4917 3703 4972 homi-

2111 5007 2294 5074 nisque
2334 5007 2455 5059 mali
2502 5016 2770 5074 peccatum
2799 5015 2908 5071 est,
2937 5006 3075 5075 quod
3104 5008 3154 5060 in
3190 5007 3332 5061 nullo
3373 5017 3548 5075 potest
3572 5008 3699 5062 sine

2109 5096 2288 5149 liberm
2314 5105 2457 5150 motu
2487 5097 2772 5151 voluntatis
2798 5098 3045 5152 existere.
3071 5098 3219 5164 Quod
3246 5112 3381 5167 opus
3401 5111 3454 5154 et
3474 5098 3696 5154 diabolo

2107 5197 2162 5240 et
2188 5186 2385 5239 homini
2419 5202 2449 5240 a
2477 5187 2709 5254 possibili
2738 5188 2879 5240 venit
2921 5197 2973 5241 et
3014 5190 3192 5243 venit:
3228 5203 3364 5255 opus
3389 5199 3564 5242 autem
3592 5188 3697 5245 Dei

2106 5286 2185 5331 est
2214 5288 2425 5342 natura,
2456 5278 2506 5331 in
2552 5293 2652 5346 qua
2683 5291 2785 5331 non
2822 5293 2849 5329 a
2880 5278 3152 5346 possibili,
3195 5278 3286 5333 sed
3319 5294 3350 5332 a
3391 5280 3708 5334 necessario

2108 5370 2345 5423 subsistit
2390 5370 2583 5422 homo:
2625 5386 2742 5438 quae
2785 5378 2968 5423 natura
3015 5372 3195 5424 multis
3235 5381 3318 5425 est
3359 5372 3705 5441 temporibus

2108 5463 2222 5515 sine
2252 5462 2541 5525 voluntate,
2570 5460 2817 5529 quoniam
2845 5461 2923 5514 vis
2948 5461 3061 5530 ejus
3085 5470 3241 5516 actate
3269 5470 3415 5516 certa
3444 5462 3703 5516 sentitur.

2107 5553 2368 5619 Quamdiu
2408 5568 2533 5621 ergo
2565 5560 2647 5605 est
2694 5561 2879 5605 natura
2920 5554 3034 5607 sine
3084 5555 3370 5617 voluntate,
3418 5569 3548 5622 opus
3589 5550 3705 5606 Dei

2173 5740 2187 5769 ¹
2226 5739 2294 5786 sic
2317 5746 2418 5787 Mss.
2451 5740 2733 5801 \igttiet'itts,
2768 5739 2814 5787 in
2854 5738 3118 5788 natm'almn
3150 5737 3495 5789 necessituan
