3934 6178
247 366 384 422 1501

241 489 616 546 tantummodo
644 500 763 546 est:
795 500 851 546 at
871 480 986 548 haec
1007 491 1148 564 quod
1173 507 1278 548 non
1299 493 1504 560 fecerit,
1529 509 1638 548 non
1662 501 1836 564 potest

242 577 444 637 habere
466 591 761 651 peccatum.
785 582 1184 638 lrrel‘utabiliter
1209 599 1336 655 ergo
1361 584 1558 640 dictum
1584 593 1687 649 est,
1709 583 1833 653 quia

240 685 343 742 per
380 687 516 740 opus
546 673 635 728 Dei
666 687 800 744 opus
830 674 1022 729 diaboli
1055 675 1281 730 transire
1315 691 1419 730 non
1465 676 1675 731 sinitur.
1713 673 1830 729 Non

239 761 424 814 minus
441 769 616 816 autem
641 761 832 816 falsum
855 774 933 818 est
955 779 1111 833 quam
1133 763 1436 833 profanum,
1467 765 1609 834 quod
1630 763 1825 828 dixisti,

245 867 265 902 ι
300 851 447 920 Opas
469 853 644 922 operis
665 854 754 908 Dei
780 855 964 908 transit
988 871 1088 925 per
1107 870 1241 924 Opus
1263 856 1376 910 Dei.
1407 873 1427 908 ι
1455 856 1566 910 Hoc
1586 863 1668 909 est
1686 855 1828 910 enim

238 940 444 1006 dicere,
485 943 676 998 Peccat
713 955 768 1000 et
808 945 964 1010 Deus,
995 946 1116 1016 quia
1161 947 1396 1014 peccavit
1438 946 1619 1011 homo,
1669 962 1826 1015 quem

239 1030 366 1085 fecit
402 1033 558 1087 Deus.
591 1032 720 1086 Nam
749 1035 884 1088 sient
911 1050 1172 1104 nusquam
1201 1044 1285 1090 est
1311 1045 1608 1105 peccatum,
1642 1037 1744 1090 nisi
1775 1035 1826 1090 in

235 1136 406 1190 opere
446 1121 705 1188 hominis;
750 1140 923 1194 neque
971 1126 1112 1179 enim
1153 1141 1274 1180 cum
1319 1128 1617 1196 peccaverit
1645 1127 1824 1190 homo,

235 1213 440 1284 aliquid
468 1215 776 1269 substantiae
803 1217 921 1284 ejus
947 1216 1178 1284 additur,
1209 1225 1264 1271 ut
1293 1229 1565 1287 peccatum
1593 1218 1663 1272 ibi
1689 1219 1824 1272 emi-

237 1321 372 1358 nere
396 1305 636 1360 videatur
659 1343 674 1370 ,
705 1307 798 1360 sed
824 1309 1190 1362 tantummodo
1218 1309 1414 1362 malum
1434 1323 1568 1378 opus
1591 1309 1658 1364 de
1683 1309 1824 1363 mala

234 1400 510 1454 voluntate
536 1399 876 1454 commissum
898 1442 913 1466 ,
941 1400 1015 1454 illi
1047 1415 1258 1472 quoque
1284 1416 1312 1454 a
1343 1416 1449 1470 quo
1478 1400 1673 1454 factum
1703 1408 1782 1454 est
1806 1441 1822 1466 ,

233 1501 511 1563 comparat
535 1491 779 1549 meritum
811 1492 1030 1558 malum,
1066 1502 1122 1546 ut
1147 1493 1318 1547 malus
1337 1491 1543 1546 dicatur
1571 1493 1660 1562 qui
1687 1493 1824 1546 mala

232 1583 400 1638 fecit:
447 1584 516 1638 ita
559 1583 716 1638 etiam
758 1583 898 1638 Deus
937 1593 1076 1649 tuus,
1115 1582 1160 1636 si
1199 1582 1396 1636 malum
1438 1583 1490 1636 in
1524 1597 1688 1652 Opere
1725 1597 1824 1636 suo

234 1653 365 1728 iecit
386 1713 402 1740 ,
428 1673 560 1728 nihil
585 1673 798 1744 quidem
825 1673 1135 1728 substantia:
1160 1673 1276 1742 ejus
1307 1673 1531 1740 accedit,
1561 1674 1699 1728 sicut
1725 1687 1824 1728 nec

234 1765 502 1829 hominis;
528 1773 701 1819 tamen
729 1763 974 1818 meritum
1000 1764 1048 1819 ei
1073 1763 1523 1819 deformissimum
1546 1779 1822 1834 compara-

229 1863 322 1906 tur
341 1896 357 1919 ,
387 1863 440 1907 ut
469 1854 640 1908 malus
679 1853 820 1909 male
849 1853 1091 1908 faciendo
1119 1853 1345 1909 dicatur.
1391 1854 1654 1910 Parvulos
1691 1869 1820 1909 sane

225 1947 486 2014 probatur
515 1947 672 2001 etiam
709 1957 833 2002 tunc
868 1961 993 2002 reus
1035 1963 1139 2008 non
1173 1961 1312 2012 esse,
1357 1947 1477 2016 quia
1509 1947 1762 2000 malitiam
1789 1962 1819 2000 a

224 2037 533 2092 necessario
556 2037 753 2104 habet,
777 2053 934 2106 quam
957 2037 1058 2092 nisi
1079 2037 1324 2093 diabolus
1343 2053 1372 2091 a
1399 2037 1634 2106 possibili
1655 2037 1822 2092 habe-

217 2136 309 2180 ret
334 2169 350 2188 ,
383 2143 504 2182 reus
534 2141 653 2184 esse
683 2143 786 2182 non
815 2137 1014 2197 posset.
1059 2127 1198 2183 Deus
1225 2136 1402 2182 autem
1429 2128 1520 2196 qui
1546 2142 1704 2182 verus
1737 2136 1822 2180 est

217 2217 679 2280 Christianorum,
722 2219 918 2271 malum
954 2233 1063 2273 non
1107 2217 1270 2274 facit:
1317 2219 1568 2286 parvulus
1609 2231 1820 2287 quoque

216 2317 350 2360 ante
402 2305 628 2376 propria:
660 2307 946 2361 voluntatis
989 2306 1266 2362 arbitrium
1305 2307 1436 2360 nihil
1486 2305 1666 2372 habet,
1715 2307 1816 2360 nisi

214 2395 367 2466 quod
404 2396 458 2449 in
491 2411 556 2450 eo
587 2396 709 2450 fecit
753 2397 917 2452 Deus.
962 2397 1212 2453 Nalm-ale
1251 2397 1408 2467 igitur
1455 2397 1655 2452 nullum
1699 2412 1817 2452 esse

216 2495 500 2556 peccatum
530 2494 720 2554 potest.
767 2487 870 2542 Sed
909 2489 1156 2557 quoniam
1203 2489 1578 2542 sollicitissime
1611 2488 1814 2556 antiqui

215 2576 426 2632 erroris
455 2586 603 2630 antra
638 2579 978 2648 prorupimus
1007 2579 1020 2610 ¹
1045 2621 1058 2643 ,
1088 2594 1186 2634 nec
1211 2579 1498 2648 quidquam
1530 2592 1690 2646 super
1715 2576 1816 2632 hac

219 2667 521 2738 quaestione
549 2667 810 2721 occultum
854 2669 1113 2721 remansit
1139 2685 1152 2720 ε
1189 2677 1366 2723 teneat
1395 2667 1562 2725 lector
1587 2667 1814 2737 diligens

215 2758 620 2814 distinctionem
656 2760 943 2814 necessarii
973 2769 1132 2830 atque
1160 2761 1466 2829 possibilis;
1495 2769 1549 2814 et
1575 2776 1680 2814 non
1709 2761 1812 2814 mi-

217 2865 330 2906 nus
357 2851 758 2906 Manichaeorum
785 2893 800 2919 ,
829 2865 986 2920 quam
1014 2851 1470 2906 Traducianorum
1511 2858 1812 2906 commenta

217 2942 441 2996 ridebit.

295 3035 433 3090 Avo.
472 3033 626 3104 Apud
653 3034 897 3090 homines
924 3034 1011 3104 qui
1038 3049 1100 3089 ea
1127 3049 1246 3102 qua:
1274 3035 1476 3103 legunt,
1508 3033 1586 3088 sic
1614 3033 1812 3087 intelli-

215 3133 376 3195 gunt,
416 3134 473 3180 ut
507 3125 664 3179 etiam
703 3126 801 3180 ista
829 3126 1100 3196 quaedicis
1140 3126 1458 3195 intelligant,
1499 3125 1630 3178 nihil
1658 3124 1809 3192 egisti

216 3215 386 3276 aliud,
418 3214 604 3270 eadem
628 3230 720 3284 per
745 3215 932 3271 eadem
959 3223 1102 3270 tanta
1125 3216 1474 3286 perplexitate
1497 3214 1808 3284 repetendo,

220 3306 325 3360 nisi
351 3315 405 3361 ut
424 3315 475 3360 te
494 3316 775 3376 appareret
800 3307 1204 3376 responsionem
1227 3315 1465 3361 nostram
1490 3307 1541 3360 in
1565 3321 1669 3360 uno
1692 3321 1812 3362 meo

219 3396 394 3462 libro,
425 3411 582 3466 quem
613 3396 715 3451 tuis
755 3405 878 3450 octo
913 3396 1157 3452 refellere
1187 3397 1492 3467 suscepisti,
1535 3411 1656 3452 cum
1697 3397 1810 3452 dis-

217 3487 432 3541 solvcre
473 3502 579 3540 non
627 3487 854 3550 valeres.
900 3487 1188 3542 obscurare
1227 3489 1478 3544 voluisse.
1530 3488 1685 3558 Apud
1715 3504 1808 3544 eos

218 3588 401 3633 autem
446 3579 534 3648 qui
567 3577 681 3633 haec
713 3594 820 3633 non
849 3579 1178 3650 intelligunt,
1210 3579 1260 3634 id
1291 3579 1444 3650 egisti
1487 3581 1700 3644 saltem,
1750 3589 1810 3634 ιιι

219 3670 344 3725 ideo
372 3679 424 3724 te
462 3679 644 3740 putent
683 3669 880 3724 dixisse
916 3669 1145 3739 aliquid,
1176 3670 1425 3740 quoniam
1457 3685 1562 3724 non
1609 3670 1808 3724 intelli-

217 3759 556 3829 gunt.,Unde
590 3759 820 3815 breviter
862 3759 1179 3814 admonendi
1207 3768 1330 3814 sunt
1367 3759 1576 3814 interim
1615 3759 1682 3814 de
1709 3759 1811 3815 hoc

221 3849 364 3904 unde
403 3863 545 3904 nunc
587 3850 796 3920 agitur,
838 3861 897 3904 ιιι
945 3849 1073 3904 illud
1111 3851 1284 3920 ipsum
1330 3865 1539 3913 meum,
1589 3851 1809 3904 remotis

219 3941 432 3995 nebulis
467 3948 572 3994 tua:
597 3940 963 4012 loquacitatis,
994 3941 1281 4012 aspiciant,
1313 3951 1368 3995 et
1409 3941 1621 3996 videant
1649 3956 1808 4011 quam

217 4033 285 4086 sit
319 4031 593 4086 invictum.
623 4030 704 4085 Tu
743 4031 884 4086 enim
920 4028 1172 4086 dixeras:
1203 4050 1220 4082 ι
1249 4031 1302 4086 Si
1342 4039 1532 4086 natura
1558 4046 1692 4100 Opus
1727 4039 1811 4086 est

217 4123 337 4187 Dei,
356 4139 455 4194 per
469 4137 602 4192 opus
621 4123 716 4178 Dei
731 4137 863 4192 Opus
879 4122 1075 4176 diaboli
1094 4123 1318 4177 transire
1334 4139 1436 4177 non
1454 4122 1664 4177 sinitur.
1689 4141 1708 4174 ι
1728 4122 1808 4176 Ad

213 4213 320 4272 hoc
337 4229 438 4285 ego
457 4232 469 4243 ο
495 4214 659 4282 «Ωιιιά
676 4214 911 4284 estquod
927 4213 1072 4279 dicit,
1087 4232 1104 4265 ι
1123 4214 1358 4283 inquam,
1371 4214 1462 4269 «Si
1478 4224 1662 4268 natura
1675 4227 1808 4282 Opus

213 4315 298 4359 est
324 4301 440 4370 Dei,
457 4320 552 4376 per
571 4319 704 4374 opus
723 4305 813 4359 Dei
835 4319 969 4374 opus
992 4304 1185 4358 diaboli
1209 4307 1433 4360 transire
1455 4317 1559 4361 non
1582 4305 1809 4359 sinitur?

211 4394 406 4450 Nonne
436 4409 569 4464 opus
598 4395 792 4449 diaboli
817 4436 832 4460 ,
865 4394 1076 4466 quando
1107 4395 1158 4448 in
1182 4396 1393 4466 angelo,
1423 4396 1512 4466 qui
1537 4396 1704 4450 factus
1728 4404 1810 4450 est

211 4487 464 4542 diabolus
489 4528 503 4551 ,
533 4487 676 4554 prius
715 4495 888 4540 ortum
920 4496 1034 4551 est,
1073 4485 1124 4539 in
1156 4501 1318 4555 Opere
1349 4487 1442 4540 Dei
1481 4496 1656 4540 ortum
1687 4486 1807 4541 est?

211 4582 556 4648 Quapropter
582 4577 626 4630 si
655 4577 873 4643 malmn,
902 4576 1042 4646 quod
1070 4591 1326 4645 nusquam
1353 4586 1468 4632 erat
1491 4577 1726 4641 omnino,
1755 4577 1807 4631 in

211 4669 308 4722 Dei
337 4681 501 4735 opere
529 4666 656 4721 oriri
686 4667 855 4736 potuit
881 4685 892 4720 :
919 4682 1014 4720 cur
1051 4665 1285 4731 malum,
1310 4666 1449 4736 quod
1482 4666 1670 4720 alicubi
1697 4669 1805 4735 jam

209 4769 329 4811 erat
357 4758 378 4787 ³
404 4798 422 4822 ,
455 4771 551 4827 per
593 4773 725 4826 opus
756 4756 850 4813 Dei
881 4757 1108 4810 transire
1142 4771 1246 4810 non
1279 4757 1484 4824 potuit;
1513 4746 1818 4826 praesertim.

207 4863 338 4902 cum
382 4847 497 4916 ipso
539 4849 702 4901 verbo
751 4855 925 4900 tttalur
967 4847 1252 4918 Apostolus
1298 4846 1503 4912 dicens,
1539 4846 1601 4898 Et
1643 4847 1713 4898 ita
1756 4847 1808 4899 in

205 4957 387 4994 omnes
437 4941 660 4992 homines
699 4939 983 5009 pertransiit
1020 4959 1036 4990 ι
1063 4939 1235 5008 (Rom.
1260 4954 1311 5004 v,
1338 4938 1466 5007 l2)?
1498 4955 1514 4987 ι
1545 4937 1807 5007 Numquid

207 5035 462 5088 homines
490 5048 596 5086 non
623 5041 744 5087 sunt
770 5048 903 5100 Opus
935 5032 1068 5086 Dei?
1097 5032 1407 5085 Pertransiit
1451 5047 1578 5101 ergo
1615 5045 1806 5100 pecca-

205 5135 328 5180 tum
374 5137 468 5192 per
510 5123 772 5188 homines,
819 5121 919 5176 hoc
959 5132 1059 5188 est,
1116 5137 1252 5192 opus
1297 5121 1492 5176 diaboli
1541 5137 1634 5190 per
1674 5137 1807 5190 opus

210 5217 308 5273 Dei
337 5234 352 5270 :
398 5225 556 5284 atque
603 5225 660 5269 ut
694 5216 797 5269 alio
826 5215 984 5268 modo
1016 5215 1242 5282 idipsum
1281 5213 1451 5268 dicam
1473 5255 1487 5277 ,
1521 5229 1654 5282 opus
1681 5229 1808 5283 ope-

207 5309 284 5362 ris
335 5307 429 5360 Dei
463 5322 555 5374 per
581 5321 715 5375 opus
760 5305 870 5359 Dei.
903 5305 969 5358 Et
997 5304 1116 5360 ideo
1153 5306 1291 5360 Deus
1331 5305 1476 5366 solus
1501 5313 1583 5360 est
1613 5305 1806 5359 immu-

209 5396 394 5451 tabilis
437 5405 488 5450 et
537 5396 916 5466 potentissima:
961 5396 1251 5450 bonitatis:
1295 5397 1382 5466 qui
1432 5406 1484 5450 et
1521 5406 1803 5466 antequam

209 5494 359 5543 esset
401 5487 568 5541 ullum
613 5487 832 5550 malum,
861 5487 998 5541 bona
1039 5503 1198 5556 opera
1243 5487 1364 5542 fecit
1405 5488 1604 5554 omnia,
1645 5496 1699 5541 et
1736 5487 1804 5542 de

212 5580 390 5645 malls,
425 5595 540 5648 qua:
563 5579 614 5632 in
648 5577 800 5633 bonis
827 5579 894 5632 ab
921 5594 986 5633 eo
1015 5578 1164 5632 factis
1187 5587 1304 5635 orta
1335 5587 1478 5645 sunt,
1513 5578 1646 5633 bene
1670 5593 1800 5648 ope-

277 5756 294 5788 ι
335 5762 486 5802 vetus
506 5753 657 5802 codex
685 5760 828 5810 Pot't.,
856 5753 1176 5815 pcrrupinms.

281 5817 304 5851 ί
337 5819 412 5867 Sic
565 5822 613 5863 tn
639 5817 791 5878 vign.,
820 5815 995 5866 alicubi
1016 5827 1108 5866 non
1129 5822 1232 5865 erat

1592 373 1793 430 LIBER
1833 368 2146 436 QUINTUS.

3390 383 3534 441 150!

1948 497 2094 541 ratur
2121 502 2213 556 per
2237 490 2411 542 omnia
2451 509 2470 542 ι
2505 489 2606 560 (De
2636 490 2846 562 Nuptiis
2877 503 2921 546 et
2949 492 3380 565 Concupiscentia,
3434 501 3529 554 lib.

1942 577 1998 642 2,
2027 595 2077 630 η.
2111 579 2338 649 48).!lac
2369 588 2422 633 tu
2453 596 2631 636 rermn
2663 582 2923 637 evidentia
2954 587 3306 654 perturbatus,
3338 591 3527 645 oculos

1942 667 2215 750 hominum
2263 669 2332 724 de
2374 673 2608 739 possibili
2645 683 2698 728 et
2743 678 3047 730 necessario
3091 678 3243 748 longa
3281 690 3334 735 et
3381 681 3526 738 inani
3589 671 3592 676 ’

1939 759 2292 830 disputatione
2307 764 2657 820 teuebrandos
2677 769 2890 835 putasti,
2907 778 2962 822 ut
2977 770 3071 824 ista
3085 771 3305 841 caligine
3318 773 3522 843 objecta

1935 853 2253 906 sententiam
2287 863 2425 908 luant
2457 870 2642 909 vanam
2674 873 2779 909 non
2815 859 3177 926 subtraheres,
3210 876 3277 916 ne
3299 863 3529 931 perime-

1936 951 2099 1002 retur,
2121 943 2214 996 sed
2236 958 2304 997 ne
2320 955 2586 1014 perempta
2605 945 2782 1016 jacere
2797 951 3212 1018 conspiceretur,
3232 951 3526 1009 absconde-

1937 1031 2234 1087 res.Utrum
2248 1035 2481 1105 quippea
2500 1039 2819 1104 necessario,
2833 1055 2899 1092 an
2917 1054 2947 1094 a
2967 1042 3352 1113 possibili,qnid
3372 1051 3526 1099 inter-

1933 1131 2014 1176 est
2052 1123 2118 1176 ad
2144 1139 2256 1178 rem
2301 1125 2369 1179 de
2392 1141 2493 1196 qua
2521 1129 2845 1197 quaerimus?
2868 1131 3102 1200 Angelus
3121 1143 3265 1188 certe
3287 1144 3341 1188 et
3361 1135 3521 1188 homo

1933 1225 2223 1282 peccarunt
2246 1231 2260 1268 :
2283 1223 2374 1270 aut
2393 1231 2522 1288 ergo
2543 1218 2680 1274 aude
2700 1221 2879 1275 dicere
2899 1223 3146 1291 angelum
3171 1233 3223 1278 et
3249 1225 3519 1281 hominem

1931 1317 2038 1357 non
2064 1319 2183 1360 esse
2209 1317 2461 1371 naturas;
2494 1319 2602 1373 aut,
2630 1311 2750 1378 quia
2781 1327 2885 1365 non
2917 1313 2986 1366 ita
3009 1328 3066 1367 es
3095 1315 3312 1368 insanus
3341 1325 3399 1369 ιιι
3421 1331 3519 1370 au-

1931 1393 2082 1458 deas,
2115 1396 2446 1452 eouvinceris
2477 1409 2728 1468 peccante
2748 1402 2934 1472 angelo
2961 1417 3211 1472 peccasse
3232 1415 3475 1460 naturam
3499 1448 3516 1472 ,

1929 1484 2260 1538 convinceris
2281 1497 2532 1555 peccante
2554 1487 2767 1544 homine
2793 1506 3044 1560 peccasse
3069 1504 3332 1549 naturam.
3355 1495 3460 1550 Sed
3487 1513 3518 1550 a

1929 1573 2206 1640 possibili,
2256 1576 2466 1645 inquis,
2516 1593 2620 1632 non
2667 1595 2696 1634 a
2746 1584 3049 1637 necessario
3091 1586 3349 1654 peccavit.
3405 1587 3517 1643 [loc

1933 1678 2116 1717 vermn
2141 1673 2258 1720 est:
2288 1675 2463 1722 tamen
2485 1671 2704 1740 angelus
2729 1673 2983 1740 peccavit,
3013 1683 3188 1730 tamen
3212 1676 3372 1732 homo
3394 1695 3517 1747 pee-

1930 1754 2104 1821 cavit,
2134 1764 2310 1811 tamen
2341 1768 2526 1813 natura
2561 1774 2833 1829 peecavut;
2865 1779 2928 1818 ac
2951 1765 3032 1820 sic
3059 1780 3192 1834 opus
3221 1767 3312 1821 Dei
3331 1809 3347 1833 ,
3371 1769 3515 1838 quod

1925 1853 2010 1899 est
2032 1845 2286 1915 angelus,
2331 1849 2472 1917 quod
2507 1859 2589 1904 est
2619 1851 2809 1918 homo,
2841 1869 2946 1906 non
2975 1867 3198 1923 cogente
3240 1857 3352 1911 Deo
3375 1899 3389 1922 ,
3416 1859 3516 1915 sed

1925 1947 2020 1988 sua
2048 1936 2182 1988 mala
2214 1937 2512 2002 voluntate,
2542 1955 2700 2008 quam
2723 1943 2892 2012 potuit
2917 1953 2972 1998 et
3000 1960 3104 1998 non
3138 1946 3353 2015 habere,
3386 1963 3511 2016 pec-

1925 2025 2082 2077 cavit.
2105 2025 2184 2082 Illi
2211 2042 2338 2096 ergo
2357 2039 2561 2084 natura:
2586 2032 2893 2101 ignominia,
2917 2051 3036 2104 qua:
3061 2051 3180 2090 cum
3212 2039 3348 2093 bene
3375 2039 3511 2095 facta

1923 2125 2088 2183 esset,
2110 2127 2164 2172 et
2185 2119 2380 2172 malum
2403 2119 2575 2176 facere
2595 2135 2774 2178 coacta
2798 2140 2902 2178 non
2924 2135 3089 2191 esset,
3115 2137 3290 2182 tamen
3315 2131 3509 2184 malum

1909 2205 2086 2261 fecit:
2118 2209 2227 2263 Deo
2255 2219 2432 2264 autem
2462 2213 2649 2282 gloria,
2679 2215 2846 2284 quiet
2873 2223 3114 2270 naturam
3142 2218 3334 2272 bonam
3367 2220 3508 2286 fecit,

1924 2307 1976 2352 et
2002 2299 2069 2354 de
2094 2301 2234 2354 malo
2257 2302 2390 2357 bene
2416 2304 2556 2366 facit,
2585 2307 2724 2375 quod
2743 2307 2868 2377 ipse
2896 2325 2999 2362 non
3024 2308 3166 2364 fecit.
3194 2309 3324 2368 Cum
3352 2312 3513 2382 igitur

1924 2391 2006 2445 his
2027 2402 2184 2462 atque
2215 2393 2516 2464 lmjusmodi
2546 2398 2684 2452 veris
2704 2401 3085 2471 catholicisque
3115 2405 3427 2472 rationibus,
3455 2416 3512 2460 et

1921 2481 2129 2537 defendi
2159 2493 2212 2538 et
2241 2486 2514 2554 pra-dicari
2550 2499 2732 2542 natura
2766 2492 2932 2560 possit
2958 2495 3184 2548 creatrix
3206 2537 3220 2560 ,
3266 2505 3320 2550 et
3359 2498 3508 2567 argui

1919 2573 2344 2644 reprehendique
2392 2580 2694 2646 peccatrix;
2739 2591 2898 2649 atque
2945 2581 3057 2652 ipsa
3101 2587 3404 2652 peccatrix,
3456 2598 3512 2642 et

1918 2663 2119 2718 laudari
2172 2667 2226 2720 in
2271 2680 2524 2736 quantum
2566 2686 2684 2724 eam
2727 2673 2866 2727 Deus
2913 2673 3070 2740 fecit,
3117 2684 3171 2730 et
3206 2678 3405 2746 culpari
3455 2679 3508 2734 in

1917 2765 2170 2822 quantum
2196 2757 2263 2810 ab
2291 2758 2412 2824 illo,
2459 2761 2603 2815 nullo
2632 2771 2874 2832 cogente,
2907 2763 3129 2830 defecit,
3161 2775 3216 2821 et
3240 2767 3290 2820 in
3325 2777 3504 2837 poste-

1917 2848 1991 2900 ris
2008 2849 2252 2902 meritum
2277 2866 2428 2904 sumn
2452 2855 2648 2922 recepit
2669 2853 2876 2927 (eadem
2895 2858 3088 2928 quippe
3111 2859 3223 2928 ipsa
3246 2869 3429 2914 natura
3454 2862 3505 2916 in

1915 2939 2136 3015 siqgulis
2155 2941 2453 3012 quibusque
2471 2945 2586 3000 sine
2614 2947 2885 3002 voluntate
2907 2950 3159 3015 nascitur,
3185 2966 3302 3020 qua:
3325 2952 3374 3006 in
3399 2967 3508 3006 uno

1917 3029 2189 3084 voluntate
2221 3032 2479 3106 peccavit)
2505 3053 2518 3088 :
2558 3036 2679 3105 quis
2716 3047 2767 3092 te
2799 3039 3145 3107 praecipitavit
3175 3051 3230 3094 ut
3256 3041 3464 3097 diceres
3489 3085 3504 3110 ,

1917 3119 2034 3188 quis
2059 3120 2347 3176 submersit
2373 3131 2435 3176 ut
2457 3125 2740 3191 scriberes,
2769 3145 2787 3178 ι
2816 3127 2870 3180 Si
2899 3137 3087 3182 natura
3113 3145 3245 3198 opus
3275 3140 3357 3185 est
3385 3132 3502 3198 Dei,

1917 3227 2014 3281 per
2040 3227 2175 3282 Opus
2207 3213 2300 3267 Dei
2341 3229 2476 3286 opus
2521 3217 2720 3272 diaboli
2753 3220 2980 3274 transire
3022 3236 3128 3274 non
3161 3222 3384 3276 sinitur?
3411 3243 3432 3276 ι
3461 3224 3506 3278 0

1915 3302 2077 3358 Surde
2113 3305 2166 3357 in
2210 3304 2430 3360 vocibus
2470 3309 2694 3363 sanctis!
2740 3324 2774 3362 ο
2818 3324 2958 3364 caece
3004 3310 3056 3364 in
3114 3312 3506 3370 inventionibus

1915 3395 2020 3447 tuis
2035 3395 2047 3448 l
2068 3392 2256 3449 Nonne
2267 3405 2540 3464 peccatum
2558 3414 2690 3466 opus
2702 3410 2782 3453 est
2801 3399 3030 3454 diaboli?
3049 3400 3234 3456 Nonne
3251 3403 3299 3456 in
3310 3396 3506 3459 'omnes

1915 3483 2161 3539 homines
2177 3489 2506 3554 pertransiit,
2521 3489 2608 3558 qui
2627 3497 2750 3544 sunt
2769 3504 2903 3559 Opus
2923 3491 3050 3546 Dei?
3073 3491 3261 3547 Nonne
3279 3509 3373 3563 per
3393 3510 3510 3563 pec-

1913 3585 2090 3630 catum
2133 3591 2300 3644 mors,
2347 3593 2408 3633 ea
2454 3581 2748 3648 prtcscrtint
2792 3581 3003 3651 qualem
3050 3598 3144 3636 vos
3195 3584 3362 3638 solam
3411 3601 3508 3656 per

1914 3676 2190 3733 peccatum
2231 3667 2406 3722 dicitis
2427 3668 2706 3735 accidisse,
2739 3670 2792 3724 id
2820 3679 2922 3736 est,
2956 3687 3062 3726 non
3093 3674 3334 3743 corporis
3357 3714 3373 3740 ,
3409 3674 3503 3728 sed

1913 3758 2104 3811 anima:
2125 3800 2139 3824 ,
2175 3774 2308 3828 opus
2351 3769 2432 3815 est
2478 3760 2712 3816 diaboli?
2740 3761 2926 3818 Nonne
2957 3764 3007 3817 in
3047 3780 3235 3819 omnes
3265 3766 3507 3822 homines

1917 3849 2245 3916 pertransiit,
2274 3851 2363 3919 qui
2393 3860 2519 3904 sunt
2544 3865 2676 3920 opus
2710 3852 2836 3906 Dei?
2862 3853 2966 3908 Sed
2997 3854 3309 3919 imitatione,
3344 3865 3399 3908 ut
3421 3857 3508 3910 di-

1915 3938 2068 4004 citis,
2100 3939 2327 3992 transiit.
2377 3939 2578 3994 Tamen
2607 3956 2701 4010 per
2726 3941 2969 3996 homines
2997 3946 3234 4006 transiit,
3265 3945 3353 4014 qui
3383 3957 3509 4002 sunt

1914 4043 2048 4098 opus
2081 4030 2194 4084 Dei.
2224 4029 2330 4084 Sed
2373 4045 2402 4084 a
2433 4031 2702 4100 possibili,
2735 4047 2840 4086 non
2869 4047 2898 4085 a
2927 4035 3231 4088 necessario
3275 4037 3506 4091 transiit.

1913 4117 2008 4173 Dic
2031 4119 2285 4190 quidquid
2314 4119 2405 4174 tibi
2440 4120 2609 4193 placet
2637 4139 2650 4176 :
2681 4129 2857 4176 tamen
2884 4138 2978 4192 per
3000 4122 3245 4179 homines
3272 4126 3502 4193 transiit,

1913 4212 2003 4278 qui
2042 4219 2166 4264 sunt
2209 4225 2344 4280 opus
2397 4191 2532 4265 Dci’:
2585 4220 2640 4266 ιιι
2684 4221 2862 4266 autem
2900 4213 3015 4267 sine
3049 4212 3153 4268 ulla
3192 4191 3506 4283 exceptione

1913 4301 2113 4368 dixisti,
2143 4319 2162 4352 ι
2199 4301 2299 4356 Per
2325 4317 2458 4378 opus
2480 4303 2572 4357 Dei
2597 4317 2732 4374 Opus
2761 4302 2954 4357 diaboli
2987 4303 3214 4358 transire
3241 4319 3347 4358 non
3374 4305 3505 4358 sini.

1916 4402 2037 4456 tur;
2073 4412 2090 4444 ι
2125 4403 2178 4447 et
2208 4394 2344 4447 hanc
2369 4395 2647 4448 sententiae
2674 4401 2776 4447 tuze
2807 4405 2914 4448 tam
2943 4394 3273 4463 perspicuam
3299 4394 3504 4447 vanita-

1915 4491 2019 4538 tem
2054 4485 2094 4548 ³,
2125 4491 2184 4538 ιιι
2225 4485 2409 4538 vanior
2437 4483 2591 4538 lieres
2615 4525 2629 4549 ,
2661 4491 2805 4537 tanta
2834 4483 3151 4552 loquacitate
3180 4498 3282 4538 non
3313 4493 3369 4537 ut
3411 4484 3505 4538 ab-

1913 4574 2212 4628 solveretur
2260 4573 2586 4633 defendere.
2639 4572 2734 4626 scd
2789 4589 2856 4627 ne
2907 4573 3234 4642 aspiceretur
3287 4577 3500 4643 cperim

1912 4675 2132 4718 conatus
2160 4679 2238 4720 es.
2281 4665 2340 4717 Si
2369 4666 2418 4717 in
2458 4671 2687 4730 mentem
2723 4664 2816 4718 tibi
2855 4666 3146 4734 apostolica
3185 4667 3344 4720 verba
3390 4681 3496 4720 non

1911 4764 2188 4820 venerant,
2225 4770 2342 4824 qua:
2384 4764 2435 4808 te
2473 4755 2573 4809 hoc
2614 4754 2793 4810 dicere
2834 4755 3206 4826 prohiberent;
3247 4771 3342 4811 cur
3391 4772 3498 4812 non
3585 4763 3592 4768 '

1913 4847 2180 4901 attendisti
2202 4887 2216 4911 ,
2247 4848 2497 4911 obsecro,
2527 4847 2646 4916 plus
2674 4863 2793 4903 esse
2820 4849 2873 4902 in
2917 4863 3077 4916 opere
3106 4849 3196 4901 Dei
3229 4849 3455 4902 existere
3485 4890 3502 4916 ,

1913 4955 2070 5008 quam
2099 4955 2193 5007 per
2221 4954 2353 5007 opus
2387 4939 2476 4992 Dei
2509 4922 2735 4996 transire
2766 4953 2900 5008 Opus
2940 4939 3179 4993 diaboli?
3207 4940 3340 4994 Cum
3369 4955 3497 5008 ergo

1915 5028 2038 5083 illud
2065 5029 2294 5090 fatearis,
2323 5044 2417 5082 cur
2441 5029 2542 5081 hoc
2563 5018 2766 5096 negas?
2792 5030 2871 5081 An
2898 5027 3037 5096 quod
3065 5029 3141 5082 vis
3165 5030 3272 5082 ﬁeri
3297 5037 3491 5098 potest,

1914 5120 2054 5190 quod
2081 5135 2184 5175 non
2209 5121 2286 5174 vis
2314 5136 2416 5174 non
2441 5120 2655 5189 potest?
2677 5119 2989 5172 Miserealur
3015 5120 3086 5172 tui
3111 5119 3270 5186 Deus,
3296 5128 3494 5174 utesse

1915 5205 2126 5266 desinas
2157 5227 2343 5265 vanus.
2374 5211 2521 5264 lianc
2560 5218 2734 5264 autem
2777 5211 3094 5264 sententiam
3140 5221 3278 5264 tuam
3327 5211 3492 5264 Mani-

1913 5301 2093 5356 clneus
2124 5302 2349 5356 libenter
2373 5299 2738 5370 amplectitur,
2773 5307 3019 5370 tanquam
3051 5301 3273 5354 amicam
3300 5313 3446 5352 suam
3467 5335 3486 5362 ,

1912 5401 1966 5446 et
1991 5401 2390 5461 argumentatur
2427 5391 2536 5444 ita:
2579 5391 2632 5444 Si
2666 5407 2760 5461 per
2804 5407 2938 5462 opus
2987 5392 3079 5446 Dei
3123 5404 3254 5458 opus
3296 5387 3490 5441 diaboli

1913 5487 2137 5539 transire
2167 5500 2268 5539 non
2308 5485 2533 5546 sinitur,
2563 5486 2728 5538 nmlto
2758 5485 2933 5540 minus
2974 5485 3025 5536 in
3054 5495 3212 5550 opere
3241 5479 3331 5532 Dei
3375 5479 3490 5532 exi-

1911 5585 2052 5632 stere
2081 5577 2270 5631 sinitur
2296 5592 2309 5629 :
2341 5575 2482 5630 unde
2508 5591 2634 5646 ergo
2664 5579 2893 5642 malum,
2926 5574 3022 5630 nisi
3057 5571 3194 5625 unde
3224 5584 3322 5624 nos
3354 5569 3491 5625 diri-

1975 5753 1999 5822 l.
2027 5752 2139 5861 [itiili
2160 5789 2172 5812 ,
2223 5751 2526 5816 perspiruam
2560 5759 2820 5816 naytrwn;
2871 5745 3270 5799 diSSOﬂlicnlibus
3323 5757 3491 5798 "um?

1975 5828 2036 5861 z'm
2061 5827 2116 5861 IS.

1909 5827 2116 5875 scriptis.
