3954 6178
466 384 485 435 Ι
500 380 603 435 503

458 498 622 554 mus?
651 495 754 552 Sed
782 490 1165 562 respondemus
1190 490 1269 543 eis
1293 505 1303 540 :
1342 486 1553 542 Juliano
1577 484 1736 539 dicite
1766 483 1864 536 ista
1888 521 1901 542 .
1937 494 2043 532 non

462 589 634 644 nobis.
679 585 928 652 Princeps
971 580 1127 650 hujus
1172 578 1450 634 sententia?
1495 575 1690 630 missus
1734 582 1816 627 est
1860 572 2044 625 foras:

364 686 371 691 ‘
462 679 599 733 absit
642 686 697 730 ut
746 672 1052 744 prarjudicet
1094 671 1244 727 nobis
1288 668 1560 724 vobiscum
1603 662 1916 725 Vincendus,
1964 660 2049 714 vel

464 770 638 840 potius
666 766 932 821 vobiscum
956 763 1068 832 jam
1096 761 1265 815 victus
1293 774 1322 813 a
1355 757 1527 813 nobis.

533 855 719 911 LXIV.
747 854 863 908 ιω..
889 850 1021 905 Illud
1050 852 1226 920 itaque
1245 847 1387 902 aliud
1413 846 1480 901 de
1500 843 1685 901 eadem
1718 840 2041 897 hebetudine

464 948 747 1020 protulisti.
777 946 869 1001 Ais
899 945 1041 998 enim
1076 960 1089 995 :
1131 961 1148 993 ι
1185 941 1273 996 Sic
1311 949 1457 994 creat
1494 940 1632 991 Deus
1673 935 1867 1001 malos,
1913 947 2050 1002 quo-

465 1042 627 1097 modo
660 1039 827 1110 pascit
848 1046 898 1091 et
925 1035 1088 1090 nutrit
1112 1032 1280 1086 malos
1313 1050 1331 1082 ι
1361 1029 1460 1099 (De
1482 1026 1692 1097 Nuptiis
1734 1037 1779 1080 et
1802 1024 2054 1093 Concupi-

463 1133 674 1198 sccntia,
721 1130 809 1184 lib.
837 1128 893 1195 2,
924 1145 975 1180 η.
1015 1126 1128 1195 '52).
1162 1124 1284 1195 quia
1333 1122 1587 1192 scriptum
1620 1128 1702 1173 est
1729 1118 1781 1172 in
1812 1116 2057 1184 Evange-

470 1225 563 1287 lio,
610 1220 754 1292 quod
803 1220 971 1274 solem
1018 1231 1172 1269 suum
1220 1214 1345 1268 oriri
1395 1212 1553 1269 faciat
1601 1225 1762 1278 super
1793 1208 1962 1261 bonos
2000 1215 2053 1261 et

464 1316 661 1379 malos,
703 1321 757 1367 et
790 1313 940 1382 pluat
972 1324 1133 1378 super
1175 1306 1350 1376 justos
1387 1314 1441 1359 et
1489 1302 1712 1372 injustos
1754 1298 1965 1371 (Matth.
1998 1312 2052 1361 v,

470 1407 582 1477 45).
616 1406 794 1474 Longe
819 1402 959 1458 enim
983 1402 1193 1469 lateque
1213 1401 1533 1453 contrarium
1555 1402 1659 1458 est,
1686 1391 1828 1463 quod
1852 1403 1905 1444 tu
1925 1405 2056 1445 con-

467 1499 711 1567 junctum
734 1494 944 1565 putasti.
972 1492 1123 1561 Quod
1146 1491 1288 1545 enim
1323 1489 1489 1559 pascit
1513 1488 1652 1542 Deus
1678 1485 1836 1539 etiam
1865 1498 2057 1553 pecea-

474 1599 634 1650 tores,
665 1586 1031 1654 benignusque
1056 1591 1139 1636 est
1167 1596 1329 1651 super
1346 1580 1579 1648 ingratos
1604 1584 1658 1630 et
1683 1575 1870 1639 malos,
1893 1573 2062 1643 pieta-

476 1680 541 1731 tis
572 1686 652 1731 est
678 1677 796 1744 ejus
838 1672 1219 1735 testimonium,
1252 1684 1356 1722 non
1408 1664 1752 1735 malignitatis
1784 1663 1911 1732 :qui
1954 1676 2060 1715 non

475 1769 589 1822 vult
615 1768 810 1836 quippe
840 1773 1065 1818 mortem
1109 1760 1407 1823 morientis,
1440 1757 1532 1812 sed
1577 1765 1632 1811 ut
1686 1762 1986 1809 revertatur
2008 1762 2064 1807 et

476 1859 619 1911 vivat
651 1855 865 1925 (Ezcclt.
896 1870 1044 1919 xvttt,
1074 1852 1189 1921 52);
1222 1865 1321 1906 nec
1346 1850 1452 1904 cito
1472 1849 1623 1917 punit
1651 1856 1891 1901 errantes
1919 1860 1931 1895 :
1965 1857 2065 1897 nec

477 1950 548 2003 ob
572 1948 715 2002 aliud
748 1948 797 2000 id
846 1945 993 2010 facit,
1026 1960 1183 2014 quam
1232 1954 1288 1997 ut
1329 1942 1537 1996 bonitas
1575 1940 1690 2007 ejus
1742 1936 2065 2007 ptenitentiae

478 2050 684 2109 tempus
715 2039 1000 2106 indulgeat.
1030 2036 1118 2091 Sic
1143 2036 1285 2089 enim
1336 2034 1410 2087 ait
1439 2030 1732 2102 Apostolus
1764 2046 1778 2082 :
1812 2029 1891 2081 An
1917 2027 2067 2097 igua-

477 2147 581 2195 ras,
609 2128 848 2197 quoniam
886 2127 1083 2180 bonitas
1111 2125 1202 2178 Dei
1232 2125 1298 2177 ad
1323 2124 1670 2194 pamitentiam
1719 2129 1767 2173 te
1810 2119 2017 2172 adducit
2042 2117 2068 2170 ?

480 2220 770 2276 Secundum
798 2228 966 2272 autent
1004 2217 1244 2270 duritiam
1275 2226 1415 2268 tuam
1444 2224 1489 2267 et
1516 2230 1603 2266 cor
1649 2211 1964 2280 iutpmnitcus
2014 2220 2067 2260 tu

480 2312 567 2365 tibi
591 2312 905 2365 tliesaurizas
934 2311 1064 2363 iram
1117 2306 1292 2380 (Rom.
1328 2323 1386 2372 ιι,
1413 2306 1470 2372 4,
1494 2306 1571 2375 5).
1613 2304 1857 2373 Disputat
1907 2302 2066 2356 etiam

480 2402 622 2472 apud
663 2402 938 2472 Lyeaones
971 2410 1025 2454 et
1057 2399 1429 2468 Areopagitas,
1470 2398 1721 2467 quoniam
1775 2395 1916 2448 Deus
1972 2407 2072 2448 nec

482 2493 810 2559 temporibus
851 2491 1133 2559 przeteritze
1185 2487 1519 2558 ignorantia),
1568 2485 1915 2556 providentia:
1958 2497 2071 2537 suae

480 2582 797 2635 documenta
847 2580 1193 2634 submoverit.
1230 2577 1407 2647 Neque
1452 2577 1585 2630 enirn
1632 2575 1740 2628 sine
1790 2572 2072 2627 testimonio

480 2672 680 2740 reliquit
731 2670 1070 2739 semetipsum,
1104 2668 1251 2732 dans,
1281 2667 1470 2737 inquit,
1506 2666 1700 2735 pluvias
1727 2664 1790 2717 de
1832 2665 1977 2728 caelo,
2027 2672 2075 2717 et

485 2772 712 2828 tempore
736 2762 1019 2831 fructifera,
1050 2759 1266 2828 impletis
1293 2758 1402 2811 cibo
1425 2768 1467 2811 ct
1495 2758 1670 2811 lwtitia
1714 2752 1869 2810 σοι·άὰ
1898 2771 2074 2809 eorum

486 2851 622 2919 (Act.
655 2865 762 2915 xw,
799 2850 886 2912 15,
920 2849 1029 2920 16).
1061 2848 1172 2902 lloc
1198 2862 1327 2917 ergo
1365 2846 1506 2918 quod
1550 2847 1678 2913 pluit
1708 2861 1868 2914 super
1904 2845 2075 2899 bonos

485 2950 540 2994 et
567 2956 732 3009 super
761 2941 950 3003 malos,
1001 2940 1379 2994 documentum
1428 2946 1511 2991 est
1548 2936 1889 3007 benignitatis
1934 2935 2072 3003 ejus,

490 3047 609 3101 quae
640 3032 757 3085 ideo
786 3031 1011 3086 sustinet
1035 3041 1089 3085 et
1113 3039 1384 3100 exspectat
1417 3039 1655 3083 errantes
1676 3069 1690 3095 ,
1723 3036 1779 3082 ut
1828 3027 2078 3081 recedant

491 3121 704 3176 tandem
727 3138 754 3173 a
784 3122 923 3175 malo
953 3130 1006 3175 et
1035 3121 1228 3174 faciant
1252 3119 1471 3173 bonum.
1501 3117 1559 3172 In
1584 3127 1785 3171 tantum
1810 3133 1939 3187 ergo
1967 3131 2074 3171 non

484 3214 600 3268 vult
630 3214 743 3267 fieri
767 3213 988 3277 malum,
1018 3222 1076 3266 ut
1110 3227 1295 3266 amore
1340 3212 1499 3265 etiam
1554 3209 1945 3263 emendationis
1973 3208 2075 3263 bu-

491 3319 663 3357 manze
685 3312 866 3373 pascat
887 3304 1045 3357 etiam
1076 3302 1329 3372 ingratos.
1366 3299 1446 3355 Ad
1474 3301 1523 3354 id
1571 3299 1814 3369 perfecta:
1862 3299 2077 3368 pietatis

493 3395 747 3450 indicium
778 3412 790 3447 :
823 3394 951 3449 illud
1005 3411 1132 3449 vero
1176 3391 1317 3463 quod
1373 3393 1527 3454 dicis,
1573 3411 1590 3442 ι
1619 3390 1777 3445 Creat
1826 3393 2015 3455 malos,
2051 3408 2071 3442 ι

488 3487 740 3557 perfectae
767 3486 1060 3555 iniquitatis
1090 3483 1456 3539 testimonium
1484 3492 1585 3537 est.
1614 3475 1742 3535 Vide
1772 3497 1898 3550 ergo
1918 3496 2075 3551 quant

493 3577 707 3631 nescias
731 3576 857 3645 quid
896 3575 1152 3642 loquaris,
1198 3574 1284 3642 qui
1325 3574 1393 3627 de
1417 3575 1663 3641 exemplo
1695 3572 2075 3626 misericordia:

489 3666 703 3720 voluisti
731 3664 1097 3718 crudelitatem
1139 3663 1383 3732 probare.
1427 3663 1629 3715 Bonum
1677 3672 1759 3717 est
1810 3662 1951 3717 enim
1984 3678 2079 3732 pa-

491 3771 647 3810 scere
674 3756 833 3808 etiam
872 3754 1062 3820 malos,
1088 3754 1202 3809 utsi
1235 3753 1517 3820 voluerint,
1560 3753 1892 3823 corrigantur
1919 3770 1934 3808 :
1963 3769 2079 3809 scc—

499 3849 691 3902 lestum
720 3856 901 3901 autem
929 3846 1102 3900 facere
1131 3846 1379 3915 parvulos
1404 3845 1594 3910 malos,
1619 3853 1676 3898 ut
1704 3845 1793 3913 qui
1818 3844 1955 3899 Velle
1973 3859 2077 3898 non

492 3946 735 4011 possunt,
768 3937 932 4008 iniqui
962 3948 1139 3991 tamen
1169 3952 1289 3992 esse
1310 3947 1587 4007 cogantur.
1616 3935 1931 3991 Liberalitas
1950 3951 2078 4007 ergo

489 4032 876 4100 inpeccatores
902 4030 1133 4084 exercita
1161 4029 1375 4084 abducit
1400 4043 1429 4082 a
1474 4028 1647 4093 malis,
1690 4043 1796 4083 non
1836 4028 1887 4082 in
1940 4028 2076 4085 mala

490 4124 652 4190 cogit.
676 4119 921 4175 Conditio
945 4129 1122 4174 autem
1157 4119 1417 4173 malorum
1459 4135 1561 4190 non
1590 4118 1805 4172 abducit
1837 4133 1866 4172 a
1910 4119 2083 4188 pessi~

492 4216 625 4277 mis;
655 4211 747 4267 sed
767 4222 818 4264 ct
845 4228 979 4280 opus
1007 4219 1409 4278 etoperalorem
1429 4189 1707 4263 in‘uefaria
1721 4220 1906 4263 cuneta
1931 4224 2076 4262 com-

493 4304 660 4376 pellit.
690 4303 894 4357 Insanis
935 4318 1061 4372 ergo
1097 4316 1217 4355 cum
1259 4300 1417 4367 dicis,
1459 4299 1617 4354 Creat
1643 4302 1842 4355 malum
1893 4301 2076 4355 Dens:

492 4396 587 4452 sed
618 4396 736 4466 plus
759 4394 977 4459 insanis,
1022 4408 1141 4448 cum
1187 4390 1240 4446 id
1269 4391 1541 4461 Evangelii
1582 4392 1889 4445 testimonio
1935 4390 2081 4445 affir-

495 4502 641 4540 mare
664 4486 893 4550 conaris,
920 4494 1063 4539 eteo
1091 4482 1394 4538 testimonio
1423 4483 1474 4535 in
1507 4496 1611 4551 quo
1638 4481 1840 4551 grande
1871 4491 1951 4536 est
1984 4497 2078 4535 ar-

494 4585 799 4645 gumentum
831 4576 1083 4631 bonitatis
1120 4574 1339 4629 divinae.
1372 4573 1604 4629 Attende
1648 4573 1825 4643 igitur,
1881 4583 2080 4643 quanto

496 4679 636 4718 nunc
656 4663 841 4717 fortius
869 4664 1174 4718 reflectatur
1206 4681 1219 4718 :
1257 4664 1416 4728 Deus,
1443 4663 1532 4733 qui
1568 4664 1733 4732 pascit
1762 4664 1923 4717 etiam
1963 4679 2077 4716 ma-

400 4778 411 4788 ο
496 4754 597 4819 los,
626 4762 683 4808 ut
714 4754 962 4821 patientia
1013 4769 1109 4809 sua
1144 4755 1316 4808 bonos
1358 4770 1480 4810 esse
1526 4754 1701 4818 faciat,
1741 4756 2078 4809 manifestum

493 4854 575 4899 est
600 4844 865 4914 quodnon
892 4854 1037 4899 creet
1063 4843 1248 4898 malos.
1279 4843 1336 4900 Si
1359 4853 1538 4899 autem
1566 4855 1712 4899 creat
1751 4847 1941 4909 malos;
1981 4860 2080 4899 nec

494 4944 636 4988 amat
664 4950 761 5011 nec
790 4943 1163 4989 remuneratur
1192 4934 1378 4999 bonos,
1410 4950 1509 4989 nec
1535 4935 1646 5004 ipse
1678 4945 1949 5004 postremo
1980 4950 2079 5004 po-

496 5035 597 5079 [Cal
623 5026 815 5082 habere
844 5026 1039 5098 aliquid
1064 5027 1216 5093 boni;
1241 5027 1492 5098 quoniam
1514 5026 1699 5098 quavis
1731 5029 1865 5082 mala
1891 5029 2082 5082 volun-

493 5126 601 5171 tate
638 5116 904 5174 eflicacius
931 5129 984 5173 et
1030 5120 1312 5175 violentius
1343 5127 1502 5174 nocet
1546 5119 1777 5188 potentia
1822 5118 2075 5185 creatrix,

493 5224 599 5263 non
622 5207 791 5262 solum
822 5210 1174 5277 possibilium,
1199 5210 1296 5266 sed
1322 5211 1487 5266 etiam
1513 5188 1934 5263 necessariorum
1964 5224 2078 5261 tua-

493 5300 687 5353 lormn.
714 5299 867 5367 Quod
913 5301 1161 5369 quoniam
1191 5305 1299 5356 Deo
1348 5302 1775 5355 Christianorum
1823 5315 1928 5353 non
1950 5314 2079 5353 con-

491 5391 657 5455 venit,
689 5390 741 5444 id
769 5399 869 5455 est,
899 5390 971 5444 illi
1009 5391 1097 5461 qui
1146 5391 1301 5446 Pater
1336 5390 1720 5446 misericordiae
1756 5389 1973 5456 dicitur,
2026 5398 2080 5443 et

501 5481 646 5536 Deus
675 5482 1057 5537 consolationis
1080 5482 1145 5553 (ll
1168 5482 1284 5536 Cor.
1309 5499 1347 5549 ι,
1374 5483 1452 5553 5);
1484 5484 1635 5551 cujus
1674 5481 1869 5552 judicia
1901 5482 2076 5536 omnia

491 5574 715 5641 :eqnitas
736 5573 1092 5643 praedicantur
1120 5571 1293 5641 (Psal.
1324 5589 1506 5638 cxvm,
1550 5573 1666 5644 75);
1693 5571 1780 5640 qui
1807 5580 1993 5626 cuncta
2024 5571 2077 5626 in

491 5662 749 5729 sapientia
777 5664 963 5719 fecisse
982 5663 1290 5734 perhibetur
1319 5663 1490 5736 (Paul.
1540 5679 1649 5726 cut,
1681 5662 1795 5731 21);
1825 5663 1975 5716 vobis
2021 5671 2078 5715 ut

493 5751 792 5810 lianicbans
821 5770 924 5809 non
950 5757 1106 5811 estin
1138 5757 1227 5811 Dei
1254 5758 1420 5811 nostri
1450 5756 1802 5810 :estimatione
1832 5771 2072 5810 commu-

1128 370 1371 431 Ul’EltlS
1411 364 1819 425 IMPERFECTI
1860 361 2128 418 CONTRA
2170 358 2527 427 JULIANL'M,
2569 359 2628 413 S.
2660 356 3024 416 AL'GlISl'lNl

3608 358 3733 419 ιδιι

2157 478 2244 531 nio
2271 494 2284 530 :
2313 477 2378 531 ad
2403 479 2417 510 ¹
2446 478 2605 532 alium
2633 492 2729 533 vos
2767 478 2988 533 omnino
3028 491 3188 546 quem
3225 476 3418 533 colatis
3445 489 3732 547 auctorem,

2159 578 2332 624 tamen
2357 570 2521 624 Manis
2540 570 2720 647 furore
2752 568 3121 637 simulatum',
3163 569 3322 625 stulta
3362 583 3667 628 commenta
3692 584 3738 630 et

2159 660 2407 728 genitalia
2443 669 2656 716 traxere
2681 670 2918 730 peccata.

2232 752 2365 807 Ave.
2392 751 2501 821 Ego
2531 750 2741 817 faciam,
2795 752 2935 821 quod
2962 759 3019 806 tu
3068 766 3165 806 cur
3204 767 3311 807 non
3361 752 3575 818 feceris,
3621 757 3735 825 quid

2162 856 2247 896 me
2266 842 2455 897 attinet
2491 850 2545 896 et
2572 841 2790 897 dicere?
2828 842 2929 908 Qui
2981 841 3165 912 legunt
3205 842 3451 912 judicent
3484 862 3498 897 :
3531 857 3738 916 propter

2163 933 2263 989 hoc
2285 934 2427 989 enim
2451 934 2571 1005 quia
2604 934 2839 998 dixeras,
2870 952 2890 986 ι
2914 934 3058 1005 quod
3082 935 3380 990 secundum
3411 952 3629 992 sensum
3658 953 3741 992 no-

2162 1036 2331 1081 strum
2356 1027 2498 1082 Deus
2526 1027 2769 1081 homines
2794 1026 3009 1083 diabolo
3048 1026 3229 1091 faciat,
3268 1047 3288 1080 ι
3324 1027 3522 1084 factum
3572 1039 3654 1085 est
3695 1041 3745 1086 ιιι

2163 1118 2228 1171 ad
2272 1119 2435 1174 verba
2475 1119 2573 1173 ista
2607 1118 2880 1173 veniretur
2917 1119 3267 1188 responsione
3295 1135 3436 1185 mea,
3465 1137 3535 1175 ex
3564 1122 3747 1190 quibus

2164 1209 2306 1279 quod
2332 1210 2543 1264 voluisti
2569 1211 2683 1280 ipse
2711 1209 2932 1279 posuisti
2963 1227 2975 1261 :
3006 1209 3101 1263 sed
3145 1224 3247 1279 ego
3266 1210 3428 1263 etiam
3460 1220 3512 1264 te
3540 1212 3748 1266 nolente

2165 1300 2615 1367 commemorabo,
2664 1301 2807 1371 quod
2864 1302 3291 1371 prtetereundum
3334 1304 3557 1373 putasti.
3616 1305 3749 1360 luter

2167 1402 2358 1447 ca-tera
2385 1409 2536 1464 ergo,
2567 1410 2687 1464 qua:
2728 1394 2906 1448 omnia
2950 1394 3131 1449 dicere
3175 1395 3334 1448 nimis
3382 1395 3605 1466 longum
3639 1408 3745 1450 est:

2175 1502 2194 1534 ι
2231 1486 2307 1538 An
2330 1500 2476 1547 vero,
2510 1504 2529 1538 ι
2565 1486 2803 1553 inquam,
2836 1503 2855 1537 ι
2893 1484 3029 1538 filios
3071 1483 3382 1554 perditionis
3405 1485 3594 1540 lia-dos
3631 1488 3752 1541 sini-

2169 1586 2296 1632 strae
2334 1576 2497 1645 partis
2518 1594 2535 1627 ι
2560 1574 2771 1644 (Matth.
2789 1591 2912 1639 xxv,
2934 1575 3081 1646 53),:
3104 1574 3315 1629 diabolo
3340 1576 3529 1644 pascit,
3550 1575 3754 1631 diabolo

2171 1665 2338 1721 nutrit
2372 1674 2426 1720 et
2462 1666 2643 1729 vestit,
2689 1665 2810 1734 quia
2846 1665 2971 1718 facit
3007 1665 3178 1718 solem
3232 1680 3384 1719 suum
3424 1666 3559 1720 oriri
3602 1680 3753 1736 super

2172 1757 2341 1810 bonos
2363 1766 2415 1809 et
2439 1756 2628 1822 malos,
2650 1764 2705 1811 et
2736 1757 2867 1824 pluit
2887 1755 3240 1826 superjustos
3271 1764 3327 1811 et
3348 1755 3580 1824 injustos
3605 1776 3623 1807 ι
3648 1756 3752 1827 (Id.

2171 1865 2225 1909 v,
2256 1846 2367 1919 £5)?
2389 1868 2406 1899 ι
2442 1848 2530 1903 Sic
2552 1850 2729 1918 itaque
2752 1858 2897 1903 creat
2920 1850 3112 1914 malos,
3132 1848 3398 1918 quomodo
3412 1850 3649 1919 paseitet
3664 1867 3755 1905 uu-

2175 1941 2264 1994 trit
2295 1941 2461 2019 malos
2487 1959 2500 1994 :
2526 1942 2648 2010 quia
2671 1941 2810 2009 quod
2837 1941 2919 1995 eis
2939 1940 3173 1995 creando
3202 1942 3421 2005 tribuit,_
3452 1942 3521 1995 ad
3562 1952 3757 1997 natura:

2174 2032 2410 2102 pertinet
2458 2031 2786 2098 bonitatem,
2832 2042 2887 2087 et
2929 2031 3074 2103 quod
3133 2034 3212 2086 eis
3264 2033 3535 2102 pascendo
3572 2045 3626 2089 et
3663 2051 3756 2089 nu-

2179 2125 2389 2181 triendo
2417 2125 2509 2179 dat
2553 2126 2967 2193 incrementum,
3026 2140 3131 2179 non
3164 2126 3346 2195 utique
3397 2126 3620 2181 malitia:
3649 2127 3756 2182 illo-

2177 2233 2292 2270 rum
2315 2259 2330 2283 ,
2358 2217 2450 2272 sed
2474 2216 2646 2271 eidem
2681 2226 2904 2283 naturas,
2941 2231 3099 2287 quam
3126 2217 3328 2270 creavit
3354 2217 3550 2283 bonus,
3574 2218 3758 2272 bonum

2179 2307 2365 2362 tribuit
2392 2308 2773 2377 adjumentum.
2804 2307 2861 2361 In
2896 2319 3156 2378 quantum
3182 2308 3324 2362 enim
3351 2306 3599 2362 homines
3620 2317 3756 2375 sunt,

2178 2398 2375 2453 bonum
2401 2408 2483 2454 est
2519 2410 2743 2464 natum,
2792 2400 2946 2468 cujus
2960 2408 3144 2454 auctor
3168 2409 3251 2454 est
3294 2400 3434 2454 Deus
3471 2417 3484 2451 :
3513 2403 3565 2452 in
3599 2415 3759 2469 quan-

2180 2499 2289 2542 tum
2319 2498 2497 2543 autem
2516 2506 2637 2544 cum
2666 2502 2884 2558 peccato
2921 2498 3230 2556 nascuntur,
3267 2489 3488 2559 perituri
3529 2491 3621 2559 qui
3662 2506 3758 2545 non

2181 2591 2549 2645 renascuntur,
2572 2580 2637 2635 ad
2661 2597 2842 2635 semen
2864 2581 3096 2651 pertinet
3123 2580 3466 2635 maledictum
3488 2581 3718 2635 abinitio
3740 2601 3755 2633 ι

2183 2670 2445 2741 (Sap..xu,
2470 2669 2584 2743 ll),
2609 2691 2629 2723 ι
2667 2672 2807 2726 illius
2833 2672 3064 2741 antiqua:
3095 2671 3472 2726 inobedieutia:
3489 2674 3636 2726 vitio.
3654 2672 3761 2740 Quo

2183 2773 2359 2817 tamen
2384 2764 2520 2817 bene
2545 2765 2708 2827 utitur
2735 2763 2906 2819 factor
2929 2768 3088 2819 etiam
3137 2779 3388 2819 vasorum
3429 2766 3545 2831 iraa,
3591 2776 3646 2819 ut
3682 2781 3763 2822 no-

2183 2865 2263 2910 tas
2296 2855 2452 2910 faciat
2483 2855 2703 2911 divitias
2747 2873 2856 2912 sua:
2881 2858 3065 2927 gloriae
3111 2859 3162 2912 in
3206 2873 3333 2912 vasa
3367 2859 3763 2923 misericordim;

2182 2963 2250 3001 ne
2280 2948 2483 3001 meritis
2508 2949 2617 3001 suis
2640 2948 2857 3014 tribuat,
2876 2950 2919 3002 si
2949 2949 3014 3002 ad
3041 2948 3281 3003 eamdem
3300 2964 3528 3003 massam
3548 2951 3768 3019 quisque

2193 3040 2467 3107 pertinens
2492 3039 2660 3106 gratia
2688 3039 2963 3104 liberetur,
3012 3039 3108 3094 sed
3148 3042 3235 3110 qui
3260 3040 3535 3110 gloriatur,
3567 3042 3621 3094 in
3668 3041 3768 3095 Do—

2186 3133 2331 3185 mino
2356 3131 2616 3201 glorietur
2644 3150 2663 3184 ι
2701 3132 2764 3204 (ll
2786 3131 2905 3186 Cor.
2934 3149 2989 3198 χ,
3024 3134 3134 3205 17).
3185 3134 3279 3189 His
3324 3135 3478 3188 dietis
3505 3135 3607 3189 ista
3646 3136 3767 3189 sub-

2178 3221 2369 3290 junxi:
2405 3240 2424 3273 ι
2454 3222 2536 3276 Ab
2581 3224 2683 3277 hac
2726 3224 2850 3291 fide,
2888 3243 2907 3275 ι
2940 3225 3178 3294 inquam,
3223 3242 3243 3276 ι
3276 3226 3571 3295 apostolica
3614 3238 3769 3298 atque

2181 3315 2463 3381 catholica,
2487 3316 2825 3369 veracissima
2846 3326 2900 3369 et
2928 3314 3318 3379 fundatissima,
3372 3333 3495 3372 eum
3531 3318 3767 3387 Pelagia-

2184 3409 2267 3460 nis
2296 3408 2396 3461 iste
2424 3406 2726 3472 discedens,
2759 3423 2866 3462 non
2892 3409 3005 3462 vult
3055 3419 3337 3463 nascentes
3366 3425 3488 3464 esse
3516 3410 3620 3465 sub
3656 3411 3768 3464 dia-

2185 3498 2329 3565 bolo,
2349 3513 2417 3552 ne
2446 3500 2646 3567 parvuli
2674 3508 2955 3569 portentur
2978 3499 3042 3553 ad
3071 3499 3363 3565 Christum,
3386 3509 3443 3553 ut
3464 3510 3717 3555 eruantur
3740 3517 3769 3556 a

2187 3600 2449 3662 potestate
2473 3592 2831 3657 tenebrarum,
2858 3602 2911 3647 et
2929 3595 2981 3647 in
3010 3608 3234 3662 regnum
3261 3593 3425 3661 ipsius
3450 3594 3772 3647 transferan-

2186 3694 2269 3738 tur
2292 3702 2310 3735 ι
2336 3683 2548 3756 (Coloss.
2568 3684 2729 3755 1,13).
2750 3704 2768 3737 ι
2800 3687 2879 3740 Ac
2899 3687 2978 3740 sic
3013 3694 3224 3740 accusat
3255 3696 3365 3740 toto
3381 3686 3510 3740 orbe
3525 3686 3767 3740 ditfnsam

2188 3775 2499 3840 Ecclesiam,
2529 3776 2583 3831 in
2609 3791 2711 3846 qna
2740 3776 2933 3846 ubique
2969 3792 3155 3831 omnes
3185 3776 3482 3845 baptiz-mdi
3531 3776 3773 3832 infantull

2186 3884 2289 3923 non
2317 3870 2387 3923 ob
2431 3870 2572 3924 aliud
2621 3869 2988 3935 exsufﬂantur,
3016 3870 3116 3924 nisi
3170 3877 3230 3924 ut
3275 3871 3343 3924 ab
3393 3871 3473 3924 eis
3523 3872 3772 3940 princeps

2185 3960 2367 4014 mundi
2399 3962 2636 4014 mittatur
2658 3959 2799 4015 foras
2819 3979 2837 4012 ι
2856 3961 3033 4031 (Joau.
3068 3977 3161 4029 xu,
3188 3959 3279 4034 5t)
3301 3979 3315 4016 :
3340 3982 3359 4013 ‹
3379 3977 3408 4015 a
3431 3980 3537 4031 quo
3558 3978 3773 4018 necesse

2185 4065 2266 4107 est
2300 4066 2425 4106 vasa
2457 4052 2549 4105 ira:
2575 4052 2969 4121 possideantur;
2994 4068 3116 4107 eum
3144 4068 3209 4107 ex
3256 4052 3426 4108 Adam
3462 4065 3774 4121 nascuntur,

2186 4144 2230 4196 si
2260 4143 2309 4195 in
2336 4142 2547 4197 Christo
2568 4157 2672 4197 non
2708 4154 3074 4208 renascantur,
3103 4152 3157 4198 et
3183 4145 3234 4198 in
3266 4144 3383 4214 ejus
3412 4160 3638 4213 regnum
3683 4160 3776 4214 per

2184 4234 2405 4302 gratiam
2434 4234 2564 4288 facta
2605 4249 2728 4288 vasa
2779 4235 3156 4291 misericordia:
3200 4237 3589 4292 transferantur
3622 4257 3642 4290 ι
3675 4237 3777 4307 (De

2188 4321 2416 4393 Nuptiis,
2451 4323 2537 4378 tib.
2582 4323 2639 4393 2,
2672 4342 2761 4379 un.
2794 4326 2883 4391 «Ἦ,
2929 4326 3019 4397 '53)
3055 4345 3068 4383 :
3115 4335 3169 4381 et
3204 4337 3403 4382 cxx-tera
3437 4343 3557 4398 qua:
3587 4328 3659 4382 ibi
3703 4328 3780 4384 le-

2186 4425 2292 4487 gat,
2320 4417 2401 4470 vel
2423 4415 2686 4487 legentem
2713 4418 2912 4485 audiat,
2936 4419 3025 4488 qui
3054 4419 3163 4473 vult
3183 4428 3237 4473 et
3252 4428 3446 4489 potest.
3470 4419 3625 4473 Nunc
3649 4435 3778 4489 ergo

2186 4505 2420 4575 quia'bis
2472 4507 2694 4573 relictis,
2727 4508 2918 4577 quibus
2964 4523 3026 4562 ea
3052 4523 3170 4577 qua:
3207 4508 3431 4578 posuisti
3463 4518 3778 4562 astruuntur

2185 4607 2342 4667 atque
2394 4598 2741 4662 muniuntur,
2791 4598 2869 4652 sic
2917 4597 3003 4652 illa
3050 4598 3244 4667 putasti
3271 4612 3391 4652 esse
3419 4598 3690 4667 ponenda,
3722 4606 3776 4652 ut

2176 4697 2441 4756 tanquam
2468 4688 2521 4743 in
2550 4688 2834 4743 solitudine
2862 4688 3188 4744 defendente
3223 4688 3369 4742 nullo
3396 4689 3778 4743 latrocinanter

2188 4780 2501 4844 invaderes;
2544 4780 2723 4850 legant
2750 4779 2866 4834 hrcc
2895 4780 2984 4849 qui
3006 4781 3194 4834 volunt
3234 4780 3375 4833 scire
3420 4778 3547 4848 quid
3578 4778 3776 4849 egeris,

2189 4873 2266 4927 vel
2298 4872 2469 4941 potius
2498 4869 2565 4924 ad
2609 4870 2847 4940 ejusdem
2890 4870 3009 4925 libri
3053 4868 3542 4924 considerationem
3595 4883 3778 4923 rec-ur-

2187 4973 2325 5030 rant,
2354 4963 2494 5018 unde
2526 4963 2620 5017 ista
2652 4962 2887 5031 reposui,
2916 4970 2971 5016 et
3001 4961 3215 5016 videant
3242 4977 3304 5015 ea
3336 4975 3555 5015 manere
3578 4960 3775 5014 firmis-

2186 5058 2339 5121 sima,
2368 5072 2488 5126 quae
2530 5056 2675 5110 velut
2727 5056 2937 5109 infirma
2981 5054 3306 5110 labefactare
3346 5056 3589 5109 tentasti.
3637 5053 3775 5121 Quid

2187 5149 2347 5220 igitur
2403 5158 2455 5204 te
2496 5147 2732 5217 adjuvat,
2786 5148 2927 5219 quod
2982 5163 3076 5202 eos
3148 5146 3600 5217 mihi'objeciSti,
3642 5160 3776 5216 quos

2187 5250 2462 5311 exspectat
2492 5241 2583 5297 Dei
2615 5243 2867 5311 patientia
2897 5256 2989 5311 per
3010 5240 3379 5311 pmnitentiam
3405 5238 3773 5308 corrigendos,

2186 5341 2241 5387 et
2265 5332 2383 5388 ideo
2399 5348 2559 5401 super
2580 5348 2673 5387 eos
2702 5332 2828 5386 oriri
2857 5332 3021 5386 solem
3043 5346 3198 5385 suum
3223 5320 3344 5385 facit
3373 5340 3426 5385 et
3453 5330 3587 5400 pluit
3617 5344 3771 5384 :cum

2185 5439 2284 5495 ego
2307 5424 2400 5478 tibi
2430 5422 2613 5478 haedos
2644 5421 2872 5477 sinistra:
2902 5422 3066 5493 partis
3088 5419 3396 5491 objecerim,
3431 5434 3568 5490 quos
3600 5433 3768 5489 usque

2250 5578 2266 5609 ¹
2304 5574 2602 5635 Particulam,
2626 5573 2710 5634 ad,
2738 5588 2800 5624 ex
2826 5582 2928 5625 Mss.
2955 5573 3233 5636 adjecimus.

2249 5641 2269 5670 ²
2304 5639 2436 5703 miti,
2463 5633 2948 5703 tmneutt'ignieritm,
2975 5633 3249 5703 «Fortasse,
3269 5633 3597 5703 tatu.»)iuani
3615 5633 3777 5703 [υςοιζς

2184 5691 2517 5760 διὶιιιιιιαειίηιη
2542 5691 2855 5749 διειιὶιενξιιες.
2879 5733 2893 5759 ,
2918 5691 3076 5748 tamen
3117 5691 3268 5748 manis
3309 5697 3377 5760 (id
3402 5691 3480 5746 est
3514 5691 3778 5753 ιιειιὶριιωι)

2190 5764 2352 5823 furore
2375 5758 2666 5809 simulatum.
