3934 6178
144 265 283 323 1505

144 383 198 436 in
228 381 388 435 finem
414 379 531 434 sine
557 375 869 447 poenitentia
890 375 1124 430 victuros
1155 373 1207 427 in
1232 371 1502 441 impietate
1530 378 1587 424 et
1611 384 1727 424 see-

143 472 342 526 Ieribas
368 470 498 531 suis.
528 483 591 524 ac
634 483 728 537 per
754 465 856 521 hoc
886 474 1088 520 :eterno
1117 463 1379 533 supplicio
1407 460 1728 531 puniendos,

144 561 393 630 ignorare
426 573 532 613 non
584 566 762 628 potest
807 556 1061 625 prazscius
1106 554 1345 608 omnium
1393 549 1731 606 futurorum?

140 654 255 709 Nec
281 654 351 708 ab
378 652 457 708 eis
476 651 708 706 abstinet
730 649 927 704 bonum
956 646 1244 703 creationis
1263 660 1396 711 sum,
1415 644 1608 714 quibus
1630 656 1729 698 nec

142 746 292 801 nasci
322 744 629 815 expediret;
673 757 771 798 nec
814 741 1015 796 bonum
1054 738 1356 796 nutritionis
1401 746 1455 793 et
1497 736 1733 791 vivifica-

141 840 310 893 tionis
335 853 466 902 suae,
509 844 763 907 quantum
792 834 841 889 ei
889 833 1170 903 placuerit,
1218 831 1506 896 diuturnre,
1543 828 1733 899 quibus

144 932 287 988 mori
340 930 656 1001 quantocius
699 926 1018 997 expediret:
1051 926 1190 979 inter
1233 939 1368 995 quos
1420 930 1545 977 sunt
1587 928 1736 977 certe

143 1022 385 1095 plurimi,
414 1021 504 1091 qui
531 1021 575 1075 si
604 1035 670 1074 ex
701 1019 801 1073 hac
829 1019 936 1072 vita
963 1017 1338 1087 abriperentar
1365 1013 1615 1079 infantes,
1645 1027 1735 1067 se—

130 1112 384 1169 'cundum
412 1112 597 1167 falsam
637 1119 871 1165 vestram
911 1107 1179 1171 hmresim,
1210 1106 1419 1177 penitus
1446 1105 1515 1159 ab
1554 1102 1731 1167 omni;

129 1183 469 1265 secundum.
498 1213 675 1260 autem
718 1202 1036 1259 catholicam
1083 1200 1264 1267 fidem,
1311 1214 1340 1252 a
1394 1197 1735 1254 damnatione

127 1271 461 1370 lgravissima
489 1296 822 1351 tollerentur.
852 1292 990 1360 Quid
1028 1290 1223 1346 deinde
1262 1288 1391 1344 illttd
1437 1298 1540 1353 est,
1591 1285 1732 1356 quod

142 1392 203 1445 in
227 1390 314 1445 his
340 1390 572 1444 sinistrae
602 1387 768 1457 partis
800 1384 986 1448 hazdis,
1016 1383 1067 1437 in
1096 1382 1191 1437 Dei
1219 1380 1577 1452 prrescientia,
1609 1392 1731 1449 qua}

140 1481 261 1537 falli
295 1497 401 1537 non
430 1487 631 1552 potest,
660 1478 768 1549 igni
798 1484 1057 1547 perpetuo
1081 1473 1383 1537 destinatis,
1416 1471 1565 1526 multi
1611 1477 1737 1524 sunt

140 1576 237 1645 qui
259 1575 474 1629 lavacro
499 1570 920 1643 regenerationis
936 1567 1121 1633 abluti,
1148 1576 1334 1635 postea
1352 1564 1432 1619 vel
1464 1562 1736 1632 apostasia

145 1674 405 1736 pereunt,
461 1666 543 1720 vel
599 1672 706 1719 tam
774 1662 1075 1718 facinorose
1133 1658 1497 1729 flagitioseque
1529 1657 1734 1723 vivunt,

138 1766 203 1812 ιιι
224 1757 400 1813 eidem
422 1756 651 1811 sinistra:
677 1754 794 1809 sine
816 1753 979 1808 dubio
1005 1751 1351 1821 deputentur;
1377 1761 1475 1803 nec
1519 1746 1737 1816 rapiuno

135 1856 253 1913 tur,
307 1847 443 1902 sicut
494 1846 731 1917 quidam,
800 1858 868 1899 ne
916 1841 1114 1898 malitia
1188 1846 1360 1894 mutet
1409 1836 1737 1892 intellectum

135 1953 338 1993 eorum
362 1937 517 2010 (ευρ.
546 1952 624 2002 rv,
649 1935 767 2006 ll)?
791 1935 976 2005 Neque
1004 1940 1062 1986 ut
1093 1932 1195 1991 hoc
1214 1931 1293 1985 eis
1318 1929 1459 1984 Deus
1489 1937 1596 1982 tam
1626 1941 1738 1979 ma-

135 2044 316 2099 gnam
348 2028 663 2083 beneﬁcium
692 2041 797 2080 non
824 2023 1085 2087 conferat,
1106 2022 1249 2076 fatali
1272 2020 1589 2075 necessitate
1614 2032 1737 2087 pro—

137 2117 403 2183 hibetur;
429 2132 602 2187 neque
633 2124 692 2170 ut
732 2115 851 2168 aliis
877 2112 1137 2177 conferat,
1182 2123 1531 2180 personarum
1578 2121 1737 2162 acce-

132 2208 334 2279 ptione
364 2215 619 2262 mutatur.
642 2204 781 2271 Quid
808 2204 895 2259 hic
919 2204 1117 2257 faciunt
1142 2202 1229 2256 illa
1264 2210 1353 2255 tua
1387 2196 1657 2269 possibilia
1685 2205 1741 2252 et

130 2297 472 2361 necessaria,
503 2311 620 2366 qua:
649 2295 938 2365 diligenter
975 2290 1346 2363 distinguenda
1373 2287 1736 2354 commendas,

130 2391 233 2445 ubi
283 2398 341 2443 te
366 2389 641 2443 nesciente
667 2386 793 2457 quid
823 2386 1081 2456 loquaris,
1109 2384 1257 2439 novit
1284 2383 1376 2438 ille
1419 2381 1547 2453 quid
1596 2388 1736 2451 agat,

130 2481 300 2551 cujus
328 2478 533 2533 occulta
560 2486 783 2547 possunt
804 2492 922 2533 esse
953 2476 1178 2547 judicia,
1211 2475 1409 2544 injusta
1464 2490 1570 2528 non
1608 2489 1737 2544 pos-

132 2572 314 2631 snnt?
342 2570 454 2625 Non
480 2577 565 2624 est
606 2569 768 2638 igitur
809 2568 1063 2637 injustam
1121 2576 1180 2622 ut
1215 2567 1354 2622 bona
1392 2565 1739 2622 conferantur

135 2662 310 2717 malis
340 2659 467 2716 :sed
492 2660 743 2729 injustam
764 2667 847 2713 est
872 2666 930 2712 ut
954 2658 1093 2712 mala
1118 2656 1612 2728 ingeranturbonis.
1644 2657 1738 2712 Dic

137 2769 283 2825 ergo
308 2767 411 2823 qua
433 2753 636 2822 justitia
662 2751 869 2821 parvuli
905 2760 1048 2805 tanta
1093 2751 1232 2804 mala
1280 2750 1546 2819 patiantur
1574 2766 1588 2804 :
1617 2766 1738 2820 quae

139 2863 300 2917 saepe
332 2859 762 2901 commemorare
789 2859 889 2899 nos
916 2843 1086 2914 piget;
1115 2857 1212 2897 vos
1235 2856 1362 2898 vero
1391 2838 1576 2896 eadem
1600 2842 1738 2896 mala

137 2938 424 3009 paradiso,
473 2937 681 2992 etiamsi
729 2952 890 2992 nemo
933 2941 1228 3006 peccasset,
1282 2933 1569 3002 importare
1632 2947 1739 2987 non

143 3028 337 3100 pudet.
389 3026 544 3082 «Non
610 3036 925 3094 creantur,»
985 3035 1045 3081 ut
1095 3024 1251 3090 dicis,
1331 3042 1350 3075 ι
1381 3023 1526 3089 mali,
1565 3043 1585 3077 ι
1639 3022 1740 3077 hoc

143 3130 255 3187 est,
284 3118 557 3175 trahentes
583 3118 819 3189 orginale
856 3124 1169 3187 peccatum:
1204 3130 1306 3186 qua
1351 3116 1510 3186 igitur
1538 3114 1555 3145 ί
1581 3114 1734 3185 justi-

148 3212 221 3265 tia
250 3217 569 3280 premuntur
592 3209 737 3279 gravi
763 3209 893 3279 jugo
922 3224 950 3262 a
974 3208 1063 3263 die
1086 3206 1262 3263 exitus
1296 3205 1366 3261 de
1387 3214 1574 3260 ventre
1627 3220 1740 3259 ma-

150 3302 250 3355 tris
294 3314 481 3356 eorum
512 3297 698 3370 (Eccli.
723 3314 810 3365 XL,
841 3296 923 3368 l)?
944 3297 1001 3353 In
1027 3312 1135 3368 quo
1169 3296 1299 3367 jugo
1337 3304 1481 3351 tanta
1524 3296 1739 3351 miseria

151 3399 255 3458 est,
274 3398 334 3445 ιιι
358 3405 476 3446 eam
506 3388 712 3444 facilius
737 3389 1038 3459 deplorare,
1068 3402 1226 3458 quam
1257 3386 1532 3457 explicare
1570 3389 1742 3459 possi-

153 3499 293 3538 mus.
321 3483 600 3537 Peccatum
632 3498 662 3536 a
691 3480 931 3552 possibili
962 3481 1015 3535 in
1043 3479 1427 3546 necessarium,
1460 3479 1561 3535 hoc
1588 3489 1687 3545 est,
1708 3496 1738 3534 a

158 3574 463 3629 voluntario
489 3573 541 3628 in
571 3589 681 3628 non
706 3572 1086 3640 voluntarium,
1113 3572 1248 3627 dicis
1270 3586 1377 3627 non
1425 3582 1586 3643 posse
1633 3589 1741 3627 rna-

154 3670 284 3735 tari;
306 3666 449 3738 quod
475 3666 714 3738 potuisse
748 3665 1078 3721 ostendimus
1103 3666 1154 3718 in
1184 3679 1249 3719 eo
1280 3664 1370 3735 qui
1396 3664 1543 3730 dicit,
1592 3664 1741 3731 Quod

153 3759 269 3814 nolo
290 3758 505 3821 malum,
532 3757 627 3813 hoc
654 3773 751 3829 ago
785 3754 961 3828 (Rom.
988 3768 1081 3821 vit,
1111 3754 1226 3823 19).
1253 3754 1370 3809 Hoc
1400 3769 1490 3809 vos
1521 3769 1741 3809 consue-

156 3851 355 3907 tudinis
380 3849 643 3905 violentite
666 3848 919 3911 tribuitis,
940 3862 1047 3902 non
1075 3846 1275 3901 vitiatm
1312 3845 1534 3916 originis
1554 3847 1738 3901 vincu-

156 3942 218 3997 lis
240 3960 253 3993 :
279 3950 558 4012 peceatum
585 3948 762 3995 tamen
788 3954 819 3993 a
856 3937 1096 4009 possibili
1140 3937 1195 3991 in
1234 3937 1595 3991 necessarium
1643 3952 1740 4005 po-

157 4036 319 4088 tuisse
357 4031 597 4087 converti
644 4030 871 4095 videtis;
902 4044 1003 4083 nec
1050 4026 1118 4082 de
1163 4027 1360 4082 vestris
1402 4027 1643 4082 distortis
1690 4036 1744 4082 et

159 4123 432 4181 fallacibus
457 4124 659 4196 regulis
682 4122 1020 4179 erubescitis.
1076 4120 1205 4176 Tale
1245 4119 1445 4190 aliquid
1493 4122 1743 4177 universo

157 4218 337 4286 generi
366 4217 601 4272 humano
646 4232 742 4287 per
767 4231 928 4271 unum
967 4213 1259 4278 hominem,
1314 4212 1368 4266 in
1404 4228 1508 4283 quo
1556 4228 1744 4269 omnes

159 4305 391 4374 fuerunt,
422 4307 666 4362 accidere
697 4306 934 4376 potuisse
961 4320 1069 4359 non
1114 4304 1307 4358 vultis:
1336 4310 1391 4357 et
1419 4312 1593 4360 tamen
1642 4304 1744 4360 sub

157 4396 659 4470 omnipotentissimi
687 4405 741 4453 et
761 4395 1043 4467 justissimi
1071 4397 1090 4427 ²
1122 4396 1212 4450 Dei
1239 4410 1303 4450 ca
1316 4413 1371 4452 ra
1390 4404 1464 4451 tot
1489 4410 1552 4451 ac
1574 4404 1744 4451 tantas

160 4506 347 4561 pinnas
365 4490 595 4546 infantes
614 4488 852 4561 pendere
874 4503 981 4542 non
1019 4489 1264 4557 negatis;
1306 4488 1555 4558 quoniam
1594 4487 1745 4543 vobis

62 4594 65 4597 λ
159 4598 248 4638 ora
270 4582 547 4646 claudant,
597 4590 651 4636 et
690 4580 878 4635 oculos
916 4577 1137 4646 feriunt,
1186 4579 1237 4634 si
1280 4578 1507 4650 negetis.
1555 4578 1744 4633 Nonne

157 4689 285 4746 ergo
339 4674 649 4739 attenditis,
709 4687 867 4742 quem
934 4670 1139 4725 faciatis
1181 4670 1457 4740 injustam,
1516 4686 1744 4727 cernen-

161 4774 239 4818 tes
267 4763 696 4820 evidentissimas
716 4775 902 4832 pmnas
927 4769 980 4816 et
997 4770 1253 4832 negantes
1267 4761 1371 4814 ulla
1398 4760 1534 4814 mala
1557 4760 1743 4815 merita

159 4854 533 4925 parvulorum?
555 4853 771 4909 Falsum
796 4868 859 4908 ac
878 4853 1157 4922 profanum
1180 4852 1271 4907 tibi
1294 4853 1464 4907 visam
1482 4860 1584 4920 est,
1602 4852 1744 4922 quod

157 4962 258 5017 ego
289 4946 434 5012 dixi,
468 4963 488 4997 ι
522 4943 669 5015 Opus
701 4945 880 5014 operis
909 4943 1002 4999 Dei
1036 4943 1242 4998 transiit
1270 4958 1368 5013 per
1392 4959 1525 5013 opus
1562 4943 1674 4998 Dei.
1720 4962 1739 4995 ι

157 5022 293 5104 Quia
328 5037 512 5108 utique
549 5035 772 5106 angelus
810 5049 946 5105 Opus
983 5044 1066 5089 est
1110 5034 1222 5089 Dei.
1268 5021 1550 5089 Peccatum
1594 5050 1743 5105 ergo,

156 5128 298 5198 quod
327 5140 411 5183 est
440 5142 576 5197 opus
600 5126 791 5197 angeli,
823 5118 1069 5196 opusest
1095 5125 1272 5195 operis
1302 5125 1417 5189 Dei,
1447 5140 1550 5179 non
1579 5126 1745 5196 ipsius

159 5219 276 5273 Dei.
308 5219 374 5273 Et
409 5217 477 5274 de
516 5217 599 5274 his
636 5216 815 5272 verbis
840 5216 911 5271 ita
940 5231 1025 5271 me
1051 5216 1225 5287 arguis
1248 5255 1265 5282 ,
1295 5216 1447 5287 quasi
1476 5216 1699 5272 dixerim
1726 5259 1741 5284 ,

160 5328 186 5362 ι
231 5310 421 5365 Peccat
458 5318 512 5365 et
549 5308 694 5365 Deus
726 5350 740 5373 ,
780 5307 904 5378 quia
955 5308 1190 5375 peccavit
1229 5306 1390 5363 homo
1426 5323 1583 5379 quem
1623 5308 1747 5364 fecit

154 5404 301 5457 Deus
340 5420 353 5455 :
392 5421 412 5456 ι
448 5401 591 5473 quod
630 5416 729 5472 ego
771 5416 878 5455 non
917 5399 1049 5455 dixi.
1091 5400 1335 5481 Peccavit
1377 5401 1575 5471 quippe
1611 5415 1745 5471 Opas

221 5576 242 5645 ξ
274 5574 408 5645 alia:
433 5573 559 5645 03nd
585 5573 756 5645 φέρητε
777 5574 1076 5645 castigentur
1101 5583 1165 5645 ex
1190 5571 1541 5645 ωεπιιιξετίριίε-

158 5637 251 5747 »ἐξ
278 5632 566 5749 mins,
949 5632 1232 5684 t-‘mendatur
1255 5632 1540 5685 auctoritate
1577 5647 1744 5685 mana-

158 5707 180 5727 .
254 5712 286 5759 ρ
449 5733 463 5747 ,

1481 253 1683 309 LIBER
1722 252 2032 320 QUINTUS.

3292 269 3429 328 1506

1847 370 1933 424 Dei
1959 414 1974 437 ,
2007 371 2060 426 id
2086 382 2166 427 est
2191 374 2430 443 angelus,
2459 376 2540 430 vel
2572 376 2760 443 homo;
2788 378 2881 435 sed
2907 396 3071 449 Opere
3102 396 3198 437 suo
3228 398 3418 452 pecea-

1841 470 2032 516 verunt
2053 502 2069 525 .
2115 478 2218 518 non
2245 479 2406 535 opere
2439 465 2528 521 Dei
2563 485 2577 521 :
2606 468 2703 537 ipsi
2733 479 2856 524 sunt
2891 471 3033 525 enim
3066 473 3260 528 bonum
3291 490 3425 545 Opus

1842 552 1970 617 Dei;
1994 564 2270 622 peccatum
2293 571 2419 611 vero
2447 572 2631 612 eorum
2654 561 2850 614 malum
2883 576 3016 630 Oplls
3042 564 3278 632 ipsorum
3307 575 3386 620 est
3409 608 3423 631 ,

1842 659 1944 697 non
1973 644 2087 699 Dei.
2115 644 2220 701 Sed
2242 646 2369 715 quid
2399 657 2482 703 est
2509 648 2659 718 pejus
2684 649 2883 720 dicere,
2921 672 2939 705 ι
2971 654 3161 711 Peccat
3181 665 3233 711 et
3264 657 3423 725 Deus,

1840 733 1961 802 quia
1992 737 2232 805 peccavit
2257 736 2418 792 homo
2444 754 2602 811 quem
2637 739 2759 796 fecit
2786 743 2953 810 Deus;
2985 763 3004 796 ι
3031 747 3171 815 quod
3200 762 3300 817 ego
3321 763 3427 803 non

1840 824 1946 880 dixi
1979 846 1991 881 ;
2020 843 2085 881 an
2108 827 2180 882 ita
2212 844 2406 900 negare
2433 830 2688 902 originale
2712 845 3009 903 peccatum,
3034 847 3090 892 ut
3118 854 3271 908 pmna
3305 856 3427 909 par-

1842 920 1947 973 vuli
1986 918 2177 989 injusta
2212 922 2343 975 nihil
2370 921 2439 976 sit
2459 923 2600 978 aliud
2626 940 2783 995 quam
2815 937 3091 996 peccatum
3118 931 3243 984 Dei?
3275 931 3427 999 Quod

1841 1008 1883 1061 si
1909 1008 1960 1063 in
1984 1009 2149 1063 Deum
2169 1010 2360 1067 cadere
2381 1027 2484 1066 non
2511 1023 2712 1083 potest,
2729 1018 2873 1085 justa
2896 1033 3021 1089 ergo
3043 1024 3246 1090 parvuli
3273 1038 3428 1091 pmoa

1839 1108 1921 1154 est
1955 1117 1968 1153 :
1997 1100 2041 1154 si
2065 1110 2242 1156 autem
2275 1102 2418 1172 justa
2441 1113 2543 1169 est,
2576 1121 2673 1176 pro
2702 1118 2919 1177 peccato
2946 1120 3048 1164 est.
3077 1112 3243 1167 Nemo
3273 1114 3431 1184 igitur

1842 1199 2018 1259 potest
2052 1192 2104 1245 in
2144 1201 2222 1246 tot
2256 1195 2518 1266 tantisque
2548 1198 2721 1266 poenis
2760 1201 3098 1268 parvulorum
3140 1206 3431 1272 praedicare

1843 1283 2008 1338 Deam
2032 1285 2233 1354 justum
2256 1329 2272 1355 ,
2306 1303 2504 1358 negans
2528 1291 2785 1360 originale
2810 1304 3107 1363 peccatum.
3142 1298 3295 1351 Esset
3326 1300 3429 1352 ita-

1840 1388 1978 1443 que,
2012 1375 2183 1445 inquit
2206 1376 2222 1408 ¹
2245 1418 2260 1443 ,
2294 1377 2586 1448 iniquitatis
2617 1383 2977 1439 testimonium
3003 1402 3185 1441 creare
3218 1390 3384 1445 malos
3408 1431 3425 1456 ,

1840 1464 1886 1517 si
1909 1465 2101 1519 malum
2125 1481 2231 1535 quo
2259 1468 2381 1522 mali
2406 1478 2548 1535 sunt,
2574 1471 2687 1540 ipse
2707 1475 2997 1529 creavisset
3025 1495 3038 1530 :
3065 1493 3203 1532 nunc
3224 1489 3424 1545 autem,

1840 1567 1961 1607 cum
1989 1553 2233 1611 homines
2264 1558 2389 1611 mali
2417 1560 2539 1625 sint,
2567 1571 2617 1614 et
2641 1561 2743 1616 hoc
2769 1575 2916 1618 creet
2936 1566 3050 1635 ipse
3079 1568 3222 1637 quod
3252 1570 3427 1624 homi-

1770 1666 1785 1679 ε
1840 1659 1937 1700 nes
1962 1654 2115 1713 sunt,
2146 1658 2399 1717 sequatur
2432 1659 2609 1705 autem
2655 1667 2748 1707 eos
2786 1654 2853 1708 de
2895 1656 3072 1711 vitiata
3116 1670 3303 1713 natura
3337 1677 3429 1728 per

1841 1747 2116 1807 peceatum
2142 1739 2284 1809 quod
2311 1742 2432 1796 mali
2463 1752 2619 1809 sunt;
2653 1745 2894 1814 profecto
2919 1749 3080 1803 etiam
3104 1766 3223 1804 cum
3260 1754 3427 1807 malos

1841 1836 2008 1895 creat,
2041 1829 2238 1884 bonum
2262 1841 2345 1885 est
2373 1833 2484 1901 ipse
2507 1834 2647 1903 quod
2668 1847 2849 1904 creat;
2877 1842 3129 1910 quoniam
3154 1844 3275 1897 mali
3304 1855 3429 1898 sunt

1841 1919 1971 1973 vitio
1995 1920 2137 1989 quod
2166 1923 2307 1976 nulla
2340 1934 2525 1979 natura
2554 1937 2668 1991 est,
2697 1941 2845 1984 creat
2875 1948 3000 1986 vero
3030 1934 3144 2002 ipse
3185 1946 3427 1991 naturam

1842 2022 1960 2078 qua:
1977 2010 2159 2064 vitium
2176 2027 2283 2066 non
2306 2021 2408 2080 est,
2428 2016 2527 2069 etsi
2548 2017 2727 2071 vitiata
2756 2028 2858 2074 est.
2882 2021 3008 2076 Tale
3020 2034 3100 2077 est
3124 2034 3301 2080 autem
3331 2030 3428 2080 tri-

1842 2098 2007 2154 buere
2058 2102 2344 2157 creationis
2371 2105 2392 2136 ⁸
2445 2105 2642 2162 bonum
2668 2109 2818 2179 stirpi
2853 2111 3049 2166 vitiatre
3091 2122 3143 2169 et
3173 2115 3294 2185 jure
3329 2116 3428 2171 da-

1844 2202 2059 2256 muatm,
2089 2194 2243 2263 quale
2268 2203 2349 2249 est
2373 2196 2533 2251 etiam
2561 2199 2760 2254 homini
2794 2204 2932 2257 malo
2961 2205 3193 2261 tribuere
3222 2208 3340 2262 vitae
3365 2225 3429 2263 ac

1843 2284 2030 2338 salutis
2058 2283 2252 2339 bonum
2272 2327 2286 2352 ,
2322 2297 2540 2358 propter
2570 2290 2708 2359 quod
2734 2291 2898 2348 homo
2923 2304 3038 2359 est,
3078 2313 3183 2351 non
3214 2309 3424 2368 propter

1843 2372 1983 2441 quod
2014 2375 2184 2429 malus
2213 2385 2310 2431 est.
2340 2376 2490 2445 Quod
2534 2390 2712 2434 autem
2758 2382 2891 2436 dicis
2930 2399 3049 2440 esse
3085 2405 3103 2437 ι
3142 2389 3428 2444 scelestum

1842 2462 2018 2518 facere
2044 2467 2292 2535 parvulos
2318 2468 2509 2537 malos,
2540 2482 2596 2524 ut
2619 2472 2707 2541 qui
2737 2472 2873 2527 velle
2909 2490 3016 2528 non
3047 2488 3289 2545 possunt,
3322 2479 3427 2534 iui-

1841 2556 1931 2624 qui
1972 2563 2148 2610 tamen
2181 2571 2300 2612 esse
2343 2569 2618 2629 cogantur.
2657 2581 2675 2613 ι
2714 2563 2796 2616 Ad
2842 2562 3039 2635 aliquid
3082 2569 3239 2638 cogi,
3284 2572 3427 2624 nulla

1841 2659 2063 2718 possunt
2093 2649 2297 2707 ratione
2318 2653 2408 2723 qui
2438 2668 2542 2708 non
2573 2665 2715 2710 sunt.
2746 2656 2803 2711 Si
2840 2666 3013 2711 autem
3049 2661 3282 2716 nondmn
3311 2664 3429 2733 qui~

1841 2737 1961 2793 dem
1990 2742 2315 2810 proprietate
2352 2759 2593 2811 personae
2626 2755 2787 2816 atque
2815 2749 3133 2805 conditionis
3160 2767 3269 2808 sure
3289 2795 3303 2818 ,
3332 2754 3425 2808 sed

1842 2831 2197 2886 occultissima
2240 2834 2446 2889 ratione
2476 2837 2697 2892 seminis
2721 2838 2829 2909 jam
2859 2851 3013 2907 sunt,
3046 2843 3183 2897 sicut
3214 2844 3339 2899 Levi
3374 2846 3429 2900 in

1842 2919 2039 2975 lumbis
2062 2921 2289 2978 Abraha:
2316 2923 2501 2995 (Hebr.
2525 2942 2615 2991 vu,
2640 2929 2693 2994 9,
2723 2926 2811 3001 10)
2843 2949 2855 2984 :
2887 2931 2955 2985 ibi
2984 2942 3187 2988 natura:
3216 2936 3340 2989 vitio
3361 2937 3429 2990 de

1843 3023 2062 3079 peccato
2096 3014 2252 3082 primi
2292 3016 2523 3073 hominis
2551 3021 2799 3076 veniente
2823 3024 2935 3092 jam
2973 3027 3095 3079 mali
3132 3038 3286 3093 sunt;
3320 3046 3426 3084 non

1844 3102 1939 3159 Dei
1968 3106 2258 3170 creatione,
2283 3108 2369 3179 qui
2393 3124 2490 3163 nec
2513 3110 2647 3165 velle
2670 3121 2912 3180 possunt,
2938 3116 3060 3169 mali
3086 3131 3204 3171 esse
3229 3134 3427 3189 eugan~

1844 3203 1949 3251 tur.
1981 3196 2116 3253 Vide
2144 3212 2273 3255 sane
2308 3199 2573 3256 mirabilia
2616 3204 2800 3273 gratim
2840 3203 3074 3273 Christi,
3115 3209 3268 3279 cujus
3298 3212 3427 3265 estis

1842 3289 2027 3345 miseri
2063 3290 2282 3346 inimici.
2315 3292 2454 3349 Ecce
2490 3296 2725 3364 parvuli,
2764 3298 2853 3368 qui
2895 3298 3089 3354 bonum
3123 3303 3201 3355 vel
3232 3304 3425 3358 malum

1843 3382 1978 3438 velle
2006 3394 2099 3438 aut
2126 3384 2267 3440 nolle
2293 3399 2399 3441 non
2431 3396 2681 3455 possunt,
2711 3398 2886 3445 tamen
2914 3392 3126 3462 quando
3156 3396 3425 3452 reluctan-

1844 3481 1927 3530 tes
1963 3485 2018 3530 et
2060 3491 2180 3531 cum
2220 3479 2471 3551 lacrymis
2513 3480 2873 3538 reclamantes
2916 3500 3068 3540 sacro
3108 3486 3430 3556 Baptismate

1842 3576 2218 3633 renascantur,
2256 3571 2427 3624 sancti
2460 3578 2511 3625 et
2530 3569 2660 3641 justi
2686 3588 2805 3628 esse
2831 3557 3111 3646 coguntur.
3140 3577 3269 3633 Nam
3302 3596 3428 3650 pro-

1843 3658 1931 3712 eul
1956 3658 2139 3727 dubio,
2172 3661 2214 3714 si
2246 3672 2369 3717 ante
2401 3677 2556 3717 usum
2587 3666 2809 3721 rationis
2836 3668 3097 3732 obierint,
3136 3670 3187 3724 in
3219 3672 3310 3726 Dei
3341 3689 3431 3727 re-

1844 3764 1948 3818 gno
1978 3750 2147 3805 sancti
2174 3759 2229 3804 et
2253 3751 2381 3820 justi
2411 3763 2569 3808 erant
2590 3794 2602 3818 ,
2630 3770 2691 3809 ea
2721 3759 2888 3825 gratia
2918 3757 2985 3812 ad
3013 3776 3171 3828 quam
3204 3777 3307 3815 non
3336 3778 3429 3818 sua

1845 3838 2213 3907 possibilitate,
2241 3840 2338 3895 sed
2367 3843 2687 3898 necessitate
2715 3856 2994 3912 venerunt,
3025 3860 3235 3904 sanctas
3266 3860 3316 3905 et
3338 3851 3430 3920 ju-

1846 3940 1955 3985 stas
1976 3931 2091 3986 sine
2110 3931 2211 3985 fine
2229 3932 2486 3989 ducentes
2507 3934 2640 3989 vitas
2663 3951 2806 4003 suas,
2830 3938 3093 3993 calcantes
3113 3951 3164 3995 et
3186 3941 3433 4012 frangen-

1848 4030 1929 4078 tes
1947 4022 2015 4078 de
2044 4024 2279 4093 possibili
2309 4033 2364 4079 et
2390 4027 2694 4081 necessario
2719 4028 2929 4097 regulas
2953 4037 3089 4084 tuas.
3116 4032 3242 4087 Sine
3267 4033 3429 4088 dubio

1845 4125 2022 4171 autem
2059 4117 2177 4187 plus
2208 4126 2290 4173 est
2317 4119 2457 4174 nolle
2496 4120 2692 4173 malum
2719 4135 2907 4191 agere,
2940 4138 3097 4193 quam
3127 4140 3226 4180 nec
3252 4127 3393 4181 nolle
3413 4170 3430 4190 ,

1846 4225 1946 4265 nec
1969 4210 2107 4265 velle
2135 4228 2147 4264 :
2181 4220 2235 4265 et
2261 4218 2434 4265 tamen
2464 4212 2552 4267 ille
2578 4212 2792 4268 nolebat
2819 4222 2875 4271 et
2902 4214 3124 4284 agebat,
3154 4217 3240 4286 qui
3282 4218 3430 4274 dice-

1847 4303 1936 4357 bat
1955 4342 1971 4369 ,
2005 4300 2155 4368 Quod
2184 4303 2300 4357 nolo
2327 4303 2516 4357 malunt
2537 4345 2552 4371 ,
2586 4304 2681 4358 hoc
2705 4322 2822 4377 ago.
2851 4305 2965 4360 Non
2998 4306 3173 4377 itaque
3201 4309 3430 4375 insanio,

1850 4406 1948 4446 nec
1968 4392 2087 4447 dico
2106 4434 2121 4459 ,
2150 4410 2170 4445 ι
2200 4393 2394 4447 Malum
2416 4404 2565 4449 creat
2586 4396 2744 4450 Deus.
2780 4416 2798 4448 ι
2827 4396 3029 4450 Bonum
3054 4403 3194 4455 enim
3218 4410 3364 4455 creat
3389 4401 3433 4465 ³,

1847 4486 1936 4557 qui
1963 4487 2122 4541 etiam
2144 4486 2211 4541 de
2238 4487 2351 4557 ipsa
2383 4488 2563 4541 vitiata
2588 4497 2773 4543 natura
2803 4505 2907 4545 non
2936 4503 3083 4547 creat
3111 4493 3316 4556 vitium,
3340 4493 3434 4548 sed

1850 4587 2111 4632 naturam.
2154 4578 2340 4633 Trahit
2368 4594 2496 4633 vero
2522 4579 2611 4633 illa
2640 4580 2822 4634 vitium
2851 4624 2866 4649 ,
2912 4598 3017 4638 non
3060 4585 3152 4640 Dei
3197 4585 3433 4654 opificio,

1849 4669 1941 4723 sed
1965 4669 2185 4739 judicio.
2227 4668 2307 4725 Tu
2343 4681 2519 4725 autem
2563 4682 2741 4728 utrum
2768 4660 2887 4729 non
2935 4679 3170 4733 insanias
3195 4720 3209 4743 ,
3243 4679 3288 4734 si
3328 4696 3433 4734 non

1848 4760 2002 4816 valde
2037 4761 2239 4816 insanis
2265 4762 2512 4830 attende,
2545 4766 2634 4835 qui
2669 4781 2775 4822 non
2808 4769 3007 4824 malum
3052 4771 3264 4839 poenale
3292 4772 3433 4842 quod

1846 4851 2050 4922 justam
2078 4863 2192 4918 est,
2226 4854 2319 4908 sed
2358 4855 2552 4910 malum
2593 4858 2734 4928 quod
2763 4869 2985 4916 vocatur
3024 4860 3277 4931 iniquitas
3301 4864 3436 4919 dicis

1851 4942 2025 4998 facere
2052 4944 2218 4998 Deum
2248 4962 2261 4997 :
2294 4945 2419 5016 quid
2448 4949 2591 5001 enim
2634 4948 2776 5003 aliud
2824 4948 2983 5016 facit,
3024 4953 3067 5005 si
3109 4953 3255 5008 nullo
3291 4955 3435 5010 male

1849 5036 1956 5090 reis
1981 5034 2213 5105 parvulis
2249 5043 2391 5117 tanta
2417 5037 2555 5092 mala
2584 5038 2666 5093 vel
2698 5040 2926 5109 ingerit,
2952 5041 3037 5096 vel
3077 5043 3244 5111 ingeri
3269 5045 3435 5099 sinit?

1850 5125 2047 5181 Veram
2073 5134 2125 5180 tu
2149 5142 2252 5180 non
2284 5142 2315 5181 a
2348 5127 2501 5181 nobis
2530 5128 2879 5200 alloquendus
2908 5141 2964 5187 et
2988 5133 3391 5203 redarguendus
3416 5154 3432 5203 ;

1850 5220 1942 5271 sed
1971 5218 2038 5271 ab
2066 5217 2310 5272 universa
2342 5217 2575 5275 Ecclesia
2599 5260 2612 5284 ,
2645 5220 2687 5275 si
2727 5236 2910 5290 posses
2931 5265 2945 5287 ,
2986 5226 3350 5283 exsufflaudus
3378 5237 3434 5284 et

1850 5308 2235 5364 exoreizandus
2260 5324 2407 5365 esses
2427 5351 2441 5375 ,
2476 5326 2505 5364 a
2536 5327 2638 5382 qua
2677 5313 2870 5372 frustra
2898 5317 3171 5373 exsufflari
3197 5329 3250 5374 et
3274 5333 3431 5373 επον-

1849 5399 2006 5453 cizari
2033 5399 2167 5455 dicis
2191 5398 2437 5454 infantes.

1914 5574 1930 5605 ι
1965 5578 2122 5635 Forte,
2146 5570 2317 5635 inquis.

1920 5635 1939 5665 ²
1967 5633 2101 5691 Editi,
2124 5632 2379 5685 creatoris.

1920 5697 1942 5726 ι
1966 5701 2031 5744 Ex
2056 5693 2392 5759 maattscriptis
2412 5695 2678 5752 addidimus
2703 5711 2716 5746 :
2744 5706 2922 5748 εαιιιιιι
2938 5698 3065 5751 eadm
3084 5705 3236 5750 creat.
