3934 6178
512 290 649 347 15οῚ

1191 288 1436 345 OPERIS
1475 290 1893 346 IMPERFECTI
1929 288 2202 347 CONTRA
2241 284 2599 363 JULIANUM,
2641 294 2697 351 S.
2738 292 3105 353 AUGUSTINI

3665 302 3801 363 I508

1542 477 2020 585 LIBER
2113 479 2739 587 SEXTUS.

565 639 784 705 ostendit
806 642 1096 705 Augustinus
1117 639 1357 689 Julianum
1377 637 1553 689 frustra
1570 636 1694 690 libro
1713 653 1809 705 suo,
1823 648 1967 705 sexto
1989 642 2236 705 disputare
2259 648 2425 692 contra
2450 642 2496 691 id

2516 644 2643 714 quod
2669 643 2792 694 libro
2812 646 3027 714 secundo
3056 646 3120 714 de
3144 649 3328 714 Nuptiis
3360 656 3411 701 et
3433 654 3792 714 wnwpisceu-

506 703 591 773 tia,
614 703 772 773 capite
797 703 1062 773 trigesimo
1074 711 1272 773 quarto,
1301 710 1544 773 assertum
1564 709 1659 773 est,
1680 703 1816 763 primi
1840 703 2046 773 hominis
2069 703 2267 765 peccato
2289 710 2508 773 naturam
2535 703 2810 773 ‘liumanam
2833 707 2997 773 fuisse
3011 709 3059 757 in
3081 703 3305 759 deterius
3325 703 3695 773 commutatam,
3715 703 3793 769 iis

506 772 562 836 _ut
580 761 685 811 nou
702 761 866 836 solum
884 766 1002 813 facta
1024 761 1498 836 sit'liecmtriﬁ,‘w
1528 761 1939 835 etiam'gcnucrit
1959 761 2195 836 deinceps
2232 772 2533 836 peccatores.
2556 768 2927 836 Lilieriuarbitrii
2954 770 3102 836 vires,
3134 772 3313 833 quibus
3346 761 3559 836 integris

504 823 907 901 homouetrecte
928 822 1233 901 agere,'eum
1257 822 1429 882 vellet,
1455 831 1514 895 et.
1528 837 1633 901 non.
1642 822 1863 901 peccare,
1887 826 1926 901 si
1956 822 2395 901 nollet,’pec'ca.ndo
2414 839 2526 901 eu‘m
2551 827 2985 901 perdidisse__docet
3009 843 3020 877 :
3050 822 3179 901 illam
3202 840 3369 881 autem
3394 822 3794 901 prorsus'impro:

504 886 589 956 bat
605 885 938 956 deﬁnitionem
960 885 1215 956 libertatis,
1242 897 1353 956 qua;
1388 886 1566 956 passim
1591 883 1824 956 objectari
1860 888 1922 956 ab
1944 883 2220 937 adversario
2242 886 2388 956 solet,
2408 883 2610 946 scilicet,
2638 889 2925 956 Possibilitas
2948 893 3175 951 peccandi
3200 901 3251 942 et
3275 908 3369 943 non
3394 883 3791 956 'peecandi,i'etc.

502 949 706 1018 polores
728 944 1315 1021 parturientiumhspinas,
1340 944 1561 1021 labores,
1575 944 1797 1019 sudores,
1818 944 2418 1021 "cteterasrptemortalium
2442 944 2686 1021 aerumnas
2708 953 2873 1010 probat
2909 944 3074 1021 pc'enas
3109 966 3223 1003 esse
3261 944 3445 1017 peccati
3464 944 3489 1015 ςί
3514 944 3614 1006 Sed
3632 944 3795 1021 ipsis

502 1009 732 1081 imprimis
758 1013 957 1081 mortem
980 1007 1222 1081 pmrialetii
1240 1020 1361 1081 esse
1388 1008 1582 1081 homini,
1608 1010 1691 1070 qui
1714 1010 1791 1081 sic
1802 1008 2031 1081 divinitus
2044 1007 2298 1081 institutus
2321 1014 2496 1067 fuerat,
2514 1016 2575 1079 out
2597 1011 2688 1081 nisi
2709 1007 2957 1081 peccaret,
2980 1027 3072 1061 non
3094 1007 3391 1081 moreretur.
3413 1007 3795 1081 Eitremafrarte

502 1066 610 1140 libri
637 1066 993 1140 expositionem
1013 1071 1062 1117 in
1087 1068 1203 1140 illud
1227 1068 1478 1140 Apostolit
1622 1066 1714 1140 itv;
1731 1068 1808 1127 2:2,
1828 1067 1954 1140 sirm
1977 1069 2029 1119 in
2048 1066 2683 1140 {dantuomnesptoriumuiu
2713 1066 2763 1140 et
2793 1074 2842 1120 in
2879 1066 3134 1140 sapientia
3154 1077 3377 1140 ejusdem
3405 1082 3577 1140 capitis
3593 1066 3795 1137 ἆίέιέἰξξ

502 1129 692 1197 Julianp
707 1129 947 1197 prolatam
973 1130 1208 1197 eXpendit
1231 1138 1283 1178 et
1306 1129 1505 1197 refellit.
1529 1130 1742 1197 Tandem
1765 1143 1853 1191 per
1878 1138 2029 1197 totum
2052 1132 2158 1197 fere
2178 1132 2353 1197 librum
2374 1133 2548 1197 dogma
2571 1132 2855 1197 catholicum
2877 1134 2940 1197 de
2954 1129 3200 1197 'origiuali'
3210 1140 3345 1196 vitio,
3358 1129 3485 1197 quod
3510 1129 3796 1192 Julianus'ad

503 1191 805 1240 litando-limam
830 1192 1058 1254 hzeresim
1080 1191 1278 1239 trahere
1300 1193 1484 1254 ubique
1509 1192 1725 1254 enititur,
1752 1206 1848 1240 non
1871 1194 2011 1241 modo
2033 1195 2212 1242 abesse
2236 1192 2384 1254 longe
2408 1191 2470 1240 ab
2493 1191 2573 1240 illa
2597 1194 2792 1252 lueresi,
2816 1195 2905 1243 sed
2922 1191 3069 1245 etiam
3087 1198 3313 1248 hteresim
3333 1191 3464 1250 illam
3487 1191 3793 1254 demonstrat

503 1265 749 1314 nunquam
771 1264 799 1299 a
823 1251 1092 1314 Pelagianis
1116 1265 1258 1313 posse
1281 1253 1373 1300 nisi
1397 1250 1618 1301 catholici
1639 1253 1791 1314 ipsius
1813 1254 2052 1316 dogmatis
2069 1255 2248 1304 auxilio
2268 1250 2645 1315 et'professionc
2665 1250 2904 1318 superari.

1990 1359 2357 1413 «Bestiae:

573 1459 614 1514 l.
643 1460 914 1516 Juuwus.
939 1460 1057 1515 Non
1086 1460 1273 1516 dubito
1300 1460 1564 1530 ejusmodi
1612 1460 1917 1529 opinionem
1960 1456 2092 1512 hac-

503 1556 658 1605 tenus
697 1567 857 1623 super
882 1561 1063 1606 nostro
1089 1551 1251 1606 fuisse
1279 1550 1592 1616 certamine,
1634 1559 1695 1604 ut
1730 1549 1796 1603 ad
1841 1548 2094 1618 quaestio-

501 1655 625 1695 nem
660 1642 945 1694 involutam
976 1643 1162 1711 magis,
1204 1656 1360 1710 quam
1393 1641 1458 1694 ad
1485 1656 1745 1695 summam
1768 1648 2008 1708 spectare
2033 1638 2093 1691 fi-

500 1730 584 1785 dei
616 1733 941 1787 crederetur.
973 1733 1162 1786 Procul
1187 1733 1380 1802 quippe
1406 1732 1473 1785 ab
1503 1731 1688 1786 studiis
1727 1729 2093 1800 spiritualibus

501 1824 782 1893 agitantes,
813 1823 941 1877 solis
965 1824 980 1853 ¹
1011 1822 1164 1876 fama:
1193 1822 1391 1875 aurulis
1417 1829 1859 1887 commoventur;
1888 1831 2087 1890 tempo-

501 1931 725 1985 rumque
752 1915 1095 1970 formidantes
1117 1914 1389 1979 invidiam,
1412 1928 1510 1969 nec
1532 1923 1822 1983 compertae
1853 1913 2092 1968 veritatis

502 2008 814 2077 praasidium
852 2016 1091 2062 tenentes
1117 2005 1325 2080 (utfere
1367 2006 1424 2059 in
1463 2005 1622 2060 rebus
1670 2005 1910 2075 trepidis,
1958 2006 2090 2060 nulli

501 2102 679 2156 minus
703 2117 861 2170 quam
890 2101 990 2154 sibi
1011 2099 1311 2169 creditur),
1340 2099 1501 2153 tutius
1521 2099 1641 2164 iter,
1665 2098 1806 2169 quod
1837 2098 2091 2170 frequen-

504 2190 631 2257 tius,
674 2191 1025 2245 arbitrantur.
1436 2190 1449 2199 ’

570 2283 926 2336 Aucusrlxus.
958 2282 1033 2335 Eo
1057 2279 1383 2349 frequentius
1411 2288 1492 2334 est
1536 2278 1637 2333 iter
1676 2287 1941 2346 nostrum,
1985 2293 2090 2348 quo

502 2370 951 2440 antiquius;quia
990 2371 1308 2425 catholicum
1346 2378 1428 2424 est
1453 2386 1466 2424 :
1491 2378 1727 2423 vestrum
1770 2384 1899 2423 vero
1943 2377 2092 2424 tanto

501 2460 683 2513 minus
710 2460 981 2530 frequens,
1006 2469 1204 2530 quanto
1224 2460 1392 2528 magis
1417 2459 1675 2513 novitium
1701 2461 1720 2489 ’
1743 2475 1756 2523 ;
1782 2460 1904 2528 quia
1928 2458 2091 2514 hatre-

505 2549 687 2603 ticum.

572 2640 880 2695 ll.Ju1..lIoc
910 2648 1085 2695 autem
1110 2640 1162 2693 in
1190 2641 1590 2709 prmsentiarum
1613 2639 1817 2694 duabus
1829 2654 1895 2694 ex
1916 2640 2090 2693 causis

498 2729 853 2799 acciditzqnia
878 2740 931 2784 et
963 2729 1223 2784 sententia
1267 2728 1678 2783 Manichazorum
1702 2728 1768 2782 de
1806 2728 2087 2783 criminum

499 2830 583 2875 est
609 2821 828 2890 probata
857 2821 1096 2875 consiliis
1121 2821 1141 2850 ³
1166 2863 1180 2885 ,
1212 2828 1267 2875 et
1292 2820 1478 2875 excita:
1510 2820 1937 2888 persecutionum
1968 2834 2091 2889 pro-

499 2910 647 2964 cella:
676 2912 860 2979 inopes
884 2910 1101 2979 spiritus
1121 2925 1151 2963 a
1178 2910 1414 2963 veritatis
1445 2907 1625 2963 favore
1650 2909 1944 2964 deterrent.

568 3004 704 3058 Avo.
750 3002 1029 3067 Quomodo
1078 3010 1160 3056 est
1200 3002 1301 3055 iter
1337 3001 1665 3070 frequentius
1706 3001 1774 3056 de
1820 3002 2083 3057 sententia

496 3094 925 3160 Manichazorum,
951 3109 1071 3148 cum
1096 3095 1203 3147 sint
1227 3091 1512 3146 admodum
1541 3092 1684 3146 rari?
1712 3104 1800 3146 aut
1822 3094 2091 3163 quomodo

505 3188 935 3258 persecutionem
966 3203 1062 3257 pro
1087 3187 1311 3242 veritate
1336 3186 1598 3255 patimini,
1644 3185 1732 3255 qni
1777 3186 2089 3242 subtrahitis

496 3282 746 3359 parvulos
772 3280 1032 3335 Salvatori
1055 3280 1078 3333 ?

566 3371 653 3425 lll.
676 3371 791 3426 Jun.
818 3371 946 3424 Pars
967 3371 1124 3440 igitur
1143 3378 1196 3423 et
1214 3368 1470 3439 voluptati
1493 3369 1779 3423 consulens
1799 3377 1853 3423 et
1879 3368 2087 3438 pavori,

495 3462 580 3516 vel
604 3462 892 3526 ιιι-ειη,νεί
910 3460 1143 3524 circi,vel
1163 3475 1335 3514 scenae
1355 3460 1563 3529 populis
1584 3460 1833 3514 comitata
1859 3459 2087 3525 luxuria,

497 3552 737 3604 ambiens
757 3552 808 3604 in
832 3551 1079 3604 omnibus
1119 3542 1330 3618 ﬂagitiis
1363 3549 1653 3605 obtendere
1692 3549 2093 3614 necessitatem,

497 3659 598 3711 qua
625 3642 895 3696 commissi
928 3640 1124 3694 invidia
1154 3655 1366 3708 semper
1388 3640 1611 3705 levatur,
1640 3649 1691 3693 et
1713 3636 1951 3708 fragores
1985 3652 2084 3693 sce-

504 3734 609 3787 culi
639 3732 1074 3802 prmvaricatione
1095 3731 1263 3785 vitare
1298 3750 1310 3784 :
1339 3728 1417 3785 ea‘
1433 3745 1560 3800 ergo
1586 3740 1725 3793 sunt,
1752 3744 1870 3799 quae
1917 3729 2085 3782 comi-

506 3828 749 3880 tatiorcm
777 3825 977 3880 faciunt
1000 3825 1247 3879 vitiorum
1271 3822 1652 3877 defensionem.
1680 3822 1757 3875 Ex
1778 3836 1884 3892 quo
1904 3830 2083 3877 tamen

508 3920 664 3990 vulgo
689 3935 813 3988 pars
839 3918 1092 3984 maxima,
1127 3925 1182 3970 ut
1210 3917 1458 3986 przefatus
1487 3930 1626 3981 sum,
1653 3913 2004 3968 Traducianis
2033 3922 2089 3969 et

501 4011 791 4068 Catholicis
816 4012 896 4066 vel
918 4010 985 4065 de
1006 4011 1113 4064 Deo
1140 4010 1372 4063 rationes
1394 4006 1621 4063 credidit
1649 4021 1964 4060 consonare.

573 4106 707 4159 Auc.
734 4102 1141 4157 lnnumerabilis
1183 4099 1464 4154 multitudo
1494 4099 1751 4161 fidelium,
1804 4107 1922 4168 qua:
1962 4111 2087 4166 pro-

498 4194 659 4248 missa
687 4201 768 4246 est
809 4192 1034 4246 Abrahae
1067 4188 1086 4263 (
1115 4188 1241 4243 Gen.
1283 4205 1412 4253 χχιι,
1456 4181 1603 4260 l7),
1647 4189 1799 4258 quasi
1850 4202 1879 4240 a
1937 4187 2089 4241 vobis

497 4285 730 4355 Vulgaris
779 4284 928 4338 turba
969 4282 1365 4336 contemnitur:
1412 4280 1532 4349 quia
1579 4280 1824 4335 videlicet
1883 4279 2084 4349 paucis,

496 4390 631 4447 quos
643 4375 970 4445 Pelagianos,
986 4372 1086 4427 hoc
1102 4380 1203 4435 est,
1217 4370 1436 4424 venenis
1462 4370 1675 4424 novitiaa
1697 4371 2087 4449 pestisinsanos

496 4467 687 4530 facitis,
713 4473 889 4535 potest
906 4464 1117 4534 placere
1144 4461 1284 4532 quod
1307 4460 1502 4526 dicitis,
1519 4469 1624 4514 tam
1651 4460 1956 4516 evidentem
1983 4462 2087 4514 mi-

501 4558 696 4610 seriam
721 4557 930 4626 generis
956 4555 1194 4616 humani,
1219 4569 1339 4624 qum
1367 4561 1589 4623 apparet
1618 4552 1670 4606 in
1701 4552 1845 4622 gravi
1869 4553 1995 4623 jngo
2022 4553 2086 4607 fi-

499 4644 689 4701 liorum
725 4646 892 4700 Adam
922 4661 953 4700 a
999 4645 1088 4700 die
1128 4646 1300 4699 exitus
1340 4641 1409 4698 de
1438 4652 1627 4698 ventre
1674 4643 1858 4696 matris
1899 4659 2085 4698 eorum

497 4739 517 4809 (
545 4737 700 4791 Eccli.
727 4752 812 4800 χι,
839 4736 861 4790 l
889 4733 931 4807 ),
955 4734 1021 4789 de
1041 4735 1241 4804 peccati
1262 4735 1470 4797 merito,
1488 4734 1658 4804 quoin
1683 4733 1895 4787 homine
1913 4735 2087 4802 primo

496 4835 682 4883 ﬂatura
707 4825 936 4879 humana
970 4825 1151 4878 vitiata
1194 4832 1294 4886 cst,
1325 4837 1431 4877 non
1460 4825 1661 4880 venire.
1695 4823 1848 4879 Unde
1879 4839 1973 4879 vos
2002 4839 2088 4879 se-

495 4912 696 4978 quitur,
723 4910 835 4964 utsi
868 4922 1025 4964 nemo
1052 4915 1343 4977 peccasset,
1360 4908 1622 4975 cogamini
1646 4908 1804 4962 etiam
1832 4906 2009 4962 dicere
2031 4908 2086 4962 in

495 5003 740 5072 paradiso
762 5002 932 5057 futura
956 5001 1116 5055 fuisse
1140 5017 1245 5055 non
1262 5000 1432 5055 solum
1459 5009 1596 5055 totet
1618 5010 1760 5054 tanta
1785 5015 1947 5055 onera
1973 5016 2086 5055 mo-

499 5091 949 5161 lcstiarum,~quas
978 5090 1221 5147 videmus
1244 5090 1491 5159 parvulos
1515 5090 1656 5145 ferre
1679 5107 1693 5155 ;
1717 5106 1901 5144 verum
1924 5093 2082 5146 etiam

498 5193 576 5239 tot
603 5194 655 5237 et
694 5192 837 5237 tanta
869 5185 995 5237 vitia
1019 5184 1353 5254 ingeniorum
1385 5193 1439 5238 et
1474 5199 1784 5253 corporum,
1814 5198 1934 5237 cum
1962 5182 2081 5253 qni-

498 5278 593 5331 bus
623 5276 867 5348 plerique
899 5287 1205 5330 nascuntur.
1241 5277 1297 5330 ln
1326 5291 1429 5346 quo
1480 5274 1747 5330 felicitatis
1787 5281 1842 5329 et
1888 5275 2083 5343 quietis

497 5370 613 5423 loco
650 5368 812 5423 etiam
833 5375 1131 5434 susceptam
1161 5377 1415 5432 vestram,
1457 5382 1559 5436 qua
1603 5381 1727 5419 caro
1753 5366 2080 5435 concupiscit

560 5548 576 5576 ¹
612 5546 684 5594 sic
705 5551 810 5593 Mss.
835 5548 885 5590 tn
908 5543 1066 5603 \‘ign.,
1091 5539 1196 5590 soli.

560 5608 580 5637 ²
611 5606 766 5654 (index
790 5613 933 5663 Port.,
957 5616 1145 5652 norum.

562 5666 582 5697 ³
615 5665 776 5725 )torel,
801 5665 944 5727 Elern.
972 5667 1105 5721 Crit.,
1132 5679 1179 5727 p.
1209 5663 1313 5727 Nl,
1345 5666 1420 5727 _sic
1443 5665 1566 5725 legit
1586 5664 1714 5727 hunc
1747 5662 2083 5727 locumqjouia
2139 5703 2148 5712 .

497 5727 726 5778 animuin
743 5724 1113 5777 Munichworum
1131 5724 1191 5776 de
1214 5724 1469 5776 criminum
1483 5724 1551 5777 es:
1566 5726 1751 5784 prolata
1769 5725 1995 5777 consiliis.
2022 5733 2078 5775 at.

2200 1454 2454 1512 adversus
2476 1459 2742 1528 spiritum,
2772 1459 3050 1517 libidinem
3076 1464 3301 1533 ponitis;
3332 1476 3385 1521 et
3412 1482 3510 1521 nos
3557 1470 3647 1539 qui
3672 1486 3791 1525 eam

2200 1554 2448 1617 tanquam
2464 1549 2827 1605 adversarium
2844 1553 3029 1609 vitium
3043 1564 3226 1609 contra
3253 1558 3669 1626 concupiscente
3690 1565 3796 1629 Spi-

2198 1638 2303 1691 ritu
2324 1638 2668 1706 debellamus,
2703 1642 2898 1697 clausis
2922 1645 3093 1700 oculis
3129 1649 3390 1701 accusatis
3417 1650 3564 1705 velut
3585 1653 3790 1707 amicos

2197 1729 2480 1798 voluptatis
2500 1740 2553 1785 et
2570 1731 2788 1787 luxuriae
2808 1750 2822 1797 ;
2846 1733 2898 1788 in
2916 1749 3073 1803 quam
3096 1737 3271 1792 nullus
3294 1737 3555 1808 ﬂagitiose
3585 1757 3647 1796 ac
3673 1754 3787 1797 tur-

2196 1819 2335 1889 piter
2381 1821 2540 1887 cadit,
2589 1823 2688 1877 nisi
2718 1824 2807 1893 qui
2844 1834 3035 1879 vestra:
3063 1826 3137 1879 illi
3175 1840 3459 1897 suscepta;
3483 1846 3646 1899 quam
3693 1848 3789 1889 nos

2196 1912 2487 1981 arguimns,
2511 1929 2605 1969 vos
2624 1913 2930 1984 defenditis,
2956 1917 3261 1974 sollicitanti
3274 1920 3629 1993 suadentique
3648 1940 3778 1980 con-

2196 2002 2378 2057 sentit.

2268 2090 2486 2148 lVJUL.
2506 2093 2700 2149 Verum
2730 2095 2852 2165 quia
2883 2107 2936 2153 et
2959 2098 3010 2151 in
3040 2099 3211 2167 primo
3236 2108 3291 2154 et
3316 2100 3368 2154 in
3392 2105 3645 2171 presenti
3675 2120 3785 2160 eer-

2198 2185 2396 2240 tamine
2421 2227 2436 2252 ,
2485 2189 2943 2257 argumentatione
2983 2191 3263 2260 Augustini
3300 2193 3492 2248 claruit
3533 2212 3642 2250 non
3671 2212 3786 2254 esse

2196 2290 2317 2330 eum
2349 2277 2801 2333 Traducianorum
2833 2281 2999 2335 Deum
3023 2322 3039 2347 ,
3082 2299 3237 2351 quem
3268 2284 3559 2341 Christiani
3583 2289 3782 2357 justum

2196 2375 2359 2437 atque
2380 2370 2615 2424 omnium
2638 2370 2971 2425 conditorem
2992 2374 3294 2428 concinenti
3316 2377 3617 2433 assertione
3639 2396 3787 2437 vene.

2194 2469 2421 2523 rantur;
2468 2462 2723 2532 pra‘cipio
2765 2464 2781 2493 ¹
2820 2462 2928 2532 jam
2958 2465 3153 2529 animo,
3202 2481 3308 2535 quo
3348 2466 3566 2536 plurimi
3604 2485 3783 2525 eorum

2194 2563 2424 2617 quoque,
2453 2550 2544 2620 qui
2569 2566 2715 2606 careo
2742 2567 2925 2607 errore
2951 2552 3086 2623 lapsi
3115 2563 3259 2617 sunt,
3290 2555 3373 2609 his
3398 2558 3593 2628 agnitis
3618 2562 3782 2615 corri-

2194 2646 2407 2706 gantur.

2267 2731 2403 2785 Auc.
2449 2729 2561 2785 [mo
2599 2747 2746 2798 vero,
2780 2732 2863 2788 his
2892 2735 3106 2805 agnitis,
3148 2751 3267 2806 quae
3299 2746 3390 2791 tuo
3431 2737 3609 2794 fallaci
3639 2742 3783 2796 vani-

2194 2819 2373 2890 loqnio
2416 2822 2710 2877 secundum
2758 2825 2995 2879 veritatis
3035 2827 3424 2895 respondemus
3471 2808 3781 2899 eloquium.

2194 2911 2461 2965 neminem
2492 2912 2542 2965 in
2567 2928 2751 2967 errore
2776 2914 2995 2971 hrcresis
3016 2924 3209 2971 vestra:
3231 2918 3330 2971 nisi
3355 2919 3516 2972 nimia
3539 2923 3785 2976 vecordia

2196 3001 2281 3055 vel
2314 3002 2606 3071 pervicacia
2633 3002 2910 3058 detinebit.

2270 3090 2331 3143 V.
2371 3091 2490 3145 Jun.
2535 3092 2715 3146 Credit
2741 3094 2935 3164 quippe
2978 3093 3258 3149 adversum
3292 3112 3389 3151 nos
3418 3099 3782 3164 Manichaaus,

2195 3182 2504 3237 naturaliter
2536 3184 2789 3239 mortales
2816 3185 2866 3238 in
2894 3185 3088 3255 ﬂagitia
3116 3186 3456 3258 facinoraque
3492 3184 3744 3263 compelli
3771 3212 3782 3245 :

2196 3275 2444 3343 opinatur
2485 3276 2826 3330 tenebrarum
2871 3278 3129 3346 originem
3170 3287 3226 3333 et
3266 3279 3579 3348 corporibus
3624 3292 3790 3336 male-

2194 3363 2337 3443 ‘riam
2378 3372 2430 3418 et
2465 3364 2777 3419 criminibus
2818 3367 3131 3436 przcstitisse
3158 3384 3173 3431 ;
3205 3368 3527 3437 voluptatem
3563 3385 3777 3425 sexuum

2197 3456 2371 3510 tabem
2394 3457 2414 3487 ²
2437 3471 2556 3511 esse
2583 3458 2797 3526 generis
2825 3457 3060 3524 humani,
3088 3462 3426 3515 assertricem
3451 3462 3586 3529 juris
3611 3462 3789 3517 diabo-

2196 3545 2317 3613 lici,
2360 3556 2413 3601 et
2456 3546 2509 3601 in
2551 3550 2795 3602 universa
2826 3547 3088 3603 dedecora
3130 3548 3405 3603 hominum
3447 3553 3782 3607 coactricem.

2194 3635 2362 3703 Quem
2392 3636 2755 3693 Traducianus
2796 3632 3133 3693 omnifariam
3165 3652 3381 3696 secutus
3401 3682 3415 3703 ,
3447 3643 3643 3713 quippe
3672 3644 3785 3712 ejus

2196 3725 2367 3780 haeres
2391 3735 2446 3781 et
2470 3726 2702 3792 soboles,
2734 3730 2992 3783 naturalia
3020 3730 3266 3798 crimina,
3295 3740 3551 3785 aeternam
3577 3733 3597 3763 ³
3617 3732 3682 3787 de
3708 3743 3783 3787 te-

2194 3817 2423 3872 nebroso
2452 3816 2617 3871 nihilo
2638 3818 2760 3872 mali
2789 3820 3181 3886 necessitatem,
3216 3830 3271 3874 et
3298 3819 3637 3877 affectionem
3661 3838 3783 3878 seu-

2193 3907 2340 3963 sibus
2398 3909 2712 3963 destinatam
2770 3918 3075 3965 sanctorum
3140 3914 3379 3965 omnium
3450 3914 3779 3982 poilutricem

2193 4007 2352 4066 atque
2385 4001 2667 4070 imaginem
2713 4000 2806 4055 Dei
2847 4002 2901 4057 in
2941 4017 3108 4072 regno
3147 4002 3347 4058 diaboli
3391 4005 3780 4072 collocantem,

2192 4090 2434 4145 Oratione
2477 4091 2755 4160 multiplici
2800 4100 3040 4147 testatur.

2261 4184 2396 4239 Ave.
2435 4184 2760 4240 Manichznus
2788 4194 3032 4241 naturam
3065 4187 3190 4241 mali
3221 4187 3645 4245 substantialiter
3672 4190 3781 4245 Deo

2191 4275 2332 4331 bono
2354 4282 2697 4342 coreternam,
2726 4287 2911 4330 contra
2937 4276 3255 4332 catholicam
3285 4280 3569 4335 veritatem
3594 4283 3777 4350 singu-

2190 4366 2287 4421 lari
2317 4366 2528 4421 vesania
2558 4366 2821 4423 fabulatur
2851 4387 2863 4422 :
2889 4370 3087 4425 veritas
3111 4380 3291 4426 autem
3317 4356 3585 4429 catholica
3615 4375 3779 4429 Deum

2191 4458 2363 4512 solum
2394 4458 2509 4513 sine
2539 4459 2643 4512 ullo
2673 4460 2895 4514 exordio
2926 4463 3211 4516 confitetur
3237 4472 3499 4519 aeternum
3524 4483 3541 4530 ;
3570 4483 3672 4519 non
3700 4482 3787 4519 so—

2192 4549 2300 4603 lum
2322 4549 2539 4614 bonum,
2564 4549 2703 4617 quod
2733 4558 2787 4603 et
2806 4550 2893 4604 ille
2913 4550 3068 4615 dicit,
3092 4567 3277 4607 verum
3299 4555 3461 4608 etiam
3486 4556 3786 4609 immutabi-

2192 4641 2321 4707 lem,
2359 4642 2503 4712 quod
2541 4640 2631 4695 ille
2671 4657 2775 4695 non
2820 4643 2967 4698 dicit.
3014 4643 3164 4698 Hunc
3201 4661 3331 4715 ergo
3374 4646 3543 4701 Deum
3577 4663 3787 4700 summe

2152 4730 2386 4797 \bonum
2411 4773 2428 4798 ,
2465 4739 2518 4786 et
2546 4732 2614 4785 ob
2653 4730 2753 4787 hoc
2788 4734 3007 4786 omnino
3051 4734 3439 4790 immutabilem
3462 4779 3477 4803 ,
3519 4734 3605 4791 cui
3633 4737 3781 4789 nulla

2192 4831 2379 4877 natura
2413 4835 2676 4878 coreterna
2708 4834 2809 4891 est,
2843 4840 2960 4893 qua:
2991 4841 3095 4878 non
3124 4827 3371 4897 estquod
3405 4832 3541 4895 ipse.
3571 4842 3671 4881 nec
3702 4842 3788 4881 es-

2190 4922 2273 4968 set
2300 4915 2402 4968 nisi
2434 4900 2569 4968 facta
2600 4923 2763 4977 esset,
2797 4930 2900 4969 non
2933 4916 2999 4971 de
3025 4917 3171 4985 ipso,
3205 4917 3297 4971 sed
3329 4927 3507 4971 tamen
3536 4920 3600 4971 ab
3626 4919 3785 4986 ipso,

2188 5004 2290 5058 hoc
2316 5014 2418 5071 est,
2446 5019 2552 5057 non
2578 5004 2643 5058 de
2667 5011 2855 5059 natura
2881 5005 3015 5075 ejus,
3046 5006 3139 5060 sed
3167 5009 3405 5076 potentia
3435 5019 3607 5062 tamen
3633 5007 3787 5078 ejus,

2188 5095 2443 5151 adversus
2465 5095 2871 5150 Manichaeorum
2899 5096 3222 5151 dementiam
3259 5099 3610 5166 praedicamus
3637 5117 3654 5153 ;
3680 5098 3792 5151 fac-

2188 5196 2404 5257 tamque
2434 5198 2698 5254 naturam,
2727 5204 2846 5259 quae
2876 5188 3017 5242 nulla
3043 5203 3165 5244 esse
3201 5192 3485 5259 potuisset,
3516 5191 3609 5244 nisi
3637 5205 3791 5253 eam,

2188 5279 2435 5349 quamvis
2468 5294 2573 5331 non
2609 5279 2676 5333 de
2710 5294 2768 5334 se
2799 5280 2910 5349 ipsa
2932 5322 2946 5345 ,
2991 5289 3166 5335 tamen
3208 5283 3552 5352 omnipotens
3590 5292 3790 5336 natura

2189 5369 2437 5436 fecisset,
2471 5371 2666 5425 bonum
2697 5386 2816 5426 esse
2846 5370 3058 5440 quidem
3090 5375 3289 5428 scimus
3314 5384 3367 5429 et
3396 5374 3659 5437 dicimus,
3695 5373 3793 5429 sed

2252 5544 2267 5573 ί
2304 5543 2592 5605 vignicrius,
2621 5541 2849 5605 percipio.

2251 5606 2269 5635 ²
2304 5603 2376 5651 sic
2401 5612 2501 5651 \iss.
2531 5611 2577 5651 tn
2605 5603 2861 5667 tignierio.
2886 5603 3044 5653 talem.
3280 5666 3283 5667 ν
3609 5662 3643 5667 _,
3768 5660 3776 5667 ,

2243 5667 2270 5736 ,³
2303 5667 2374 5711 sic
2398 5672 2474 5711 \is.
2504 5673 2763 5715 Portarum.
2809 5666 2890 5714 Alii
2933 5680 3051 5715 vero
3095 5679 3205 5715 cum
3230 5666 3391 5728 editis,
3427 5662 3683 5715 naturalia
3699 5662 3796 5713 cn?

2186 5734 2316 5777 mitia
2335 5734 2536 5776 a'tcmu.
