3934 6178
248 264 275 317 l
288 263 393 321 509

249 376 324 432 illi
355 392 461 433 non
490 378 696 446 mquale
724 380 809 447 qui
838 375 985 435 fecit.
1012 375 1157 428 Fecit
1189 374 1327 428 enim
1360 373 1500 427 Deus
1530 372 1707 425 omnia
1741 373 1838 426 bu-

248 483 315 522 na
347 468 500 522 valde
540 467 690 537 (Gen.
724 482 776 532 l,
805 466 898 535 3|)
925 466 1069 533 ;__sed
1109 480 1210 518 non
1251 478 1457 517 summe
1490 463 1624 516 bona
1648 504 1662 527 ,
1703 462 1837 516 sicut

245 570 329 615 est
362 558 477 630 ipse
500 577 513 613 :
538 576 656 629 qua:
686 568 860 613 tamen
893 557 1029 612 bona
1061 556 1466 624 qualiacumque
1499 569 1602 608 non
1633 560 1833 616 essent,

246 651 351 705 nisi
397 667 458 707 ea
510 650 724 705 fecisset
764 662 973 703 summe
1018 648 1227 712 bonus;
1276 660 1374 701 nec
1412 644 1684 698 mutabilia
1732 643 1837 696 ulla

247 743 389 796 bona
420 750 620 805 essent,
649 741 751 794 nisi
779 754 841 795 ea
873 737 1086 792 fecisset
1112 736 1512 790 immutabiliter
1538 735 1728 788 bonus.
1762 733 1837 785 Ae

248 851 349 905 per
394 834 514 900 hoc,
562 832 834 887 Manichmi
878 846 998 885 cum
1043 839 1291 900 qumrunt
1329 845 1359 883 a
1403 829 1557 882 nobis
1594 827 1732 881 unde
1770 827 1839 880 sit

244 927 486 993 malum,
527 926 770 980 volentes
807 924 1143 979 introducere
1184 922 1381 976 malum
1445 922 1555 975 Deo
1611 932 1835 974 eoa-ter-

247 1033 402 1083 num,
435 1017 730 1071 nescientes
760 1015 884 1085 quid
916 1015 984 1069 sit
1008 1014 1227 1078 malum,
1259 1013 1415 1083 idque
1444 1020 1688 1080 putantes
1718 1025 1837 1065 esse

242 1117 494 1159 naturam
533 1118 693 1175 atque
735 1104 1083 1159 substantiam
1115 1121 1127 1155 :
1157 1101 1543 1171 respondemus
1585 1102 1684 1166 eis,
1730 1115 1836 1155 non

245 1210 371 1250 esse
417 1196 614 1249 malum
663 1210 727 1249 ex
776 1195 908 1261 Deo,
958 1209 1132 1263 neque
1178 1202 1502 1247 comternum
1549 1192 1696 1258 Deo;
1742 1191 1836 1246 sed

245 1285 451 1340 malum
484 1293 660 1339 ortum
690 1298 811 1340 esse
839 1300 903 1339 ex
936 1282 1102 1337 libera
1130 1283 1403 1338 voluntate
1433 1292 1638 1336 natura:
1671 1283 1835 1336 ratio-

246 1375 407 1440 nalis,
439 1391 557 1445 qute
585 1374 720 1429 bene
747 1390 777 1429 a
807 1374 950 1428 bono
976 1372 1187 1428 condita
1211 1382 1292 1428 est
1318 1388 1333 1437 ;
1364 1373 1455 1427 sed
1484 1372 1692 1426 heuitas
1720 1373 1835 1441 ejus

246 1480 359 1519 non
407 1473 489 1520 est
528 1463 745 1534 :equalis
780 1463 1002 1517 bonitati
1040 1462 1342 1517 Conditoris
1386 1462 1540 1532 ejus;
1585 1464 1834 1532 quoniam

246 1571 357 1609 non
387 1564 573 1610 natura
595 1595 610 1618 ,
651 1554 745 1609 sed
774 1568 909 1623 opus
938 1553 1052 1623 ejus
1089 1561 1209 1617 est;
1242 1551 1465 1622 ideoque
1496 1552 1677 1606 habuit
1706 1567 1834 1622 pec-

245 1645 406 1700 candi
445 1644 882 1715 possibilitatem,
926 1660 1030 1698 non
1072 1652 1247 1698 tamen
1284 1643 1678 1698 necessitatem.
1727 1643 1835 1700 Nec

245 1736 654 1805 possibilitatem
681 1743 857 1790 autem
884 1734 1124 1799 haberet,
1154 1735 1198 1790 si
1226 1735 1318 1790 Dei
1344 1744 1528 1789 natura
1555 1744 1716 1803 esset,
1745 1736 1833 1806 qui

246 1841 470 1896 peccare
491 1841 590 1882 nec
607 1826 721 1881 vult
745 1841 922 1896 posse,
950 1841 1050 1882 nec
1076 1834 1247 1896 potest
1270 1827 1425 1881 velle.
1457 1826 1832 1883 Verumtamen

244 1917 522 1973 rationalis
548 1918 649 1972 ista
680 1926 869 1972 natura
899 1918 949 1971 in
991 1915 1093 1972 hac
1130 1916 1480 1986 possibilitate
1509 1917 1758 1986 peccandi
1788 1918 1833 1973 si

244 2021 355 2060 non
381 2016 669 2075 peccasset,
698 2006 911 2077 quando
931 2022 1154 2076 peccare
1178 2007 1458 2076 potuisset,
1488 2023 1735 2077 magnum
1758 2008 1833 2062 si-

242 2096 296 2150 bi
323 2097 571 2152 meritum
590 2105 954 2166 comparasset
975 2114 987 2148 :
1007 2095 1159 2165 cujus
1182 2096 1353 2150 meriti
1378 2097 1653 2163 praemium
1675 2098 1833 2150 etiam

239 2186 351 2241 hoc
397 2195 567 2252 esset,
602 2195 662 2240 ut
694 2186 898 2255 majore
933 2185 1183 2240 felicitate
1222 2201 1444 2254 peccare
1484 2202 1590 2240 non
1627 2195 1830 2255 posset.

239 2274 355 2330 Sed
389 2275 494 2329 hoc
521 2274 705 2329 audito
729 2274 1053 2329 Manichmus
1078 2274 1253 2329 adhuc
1284 2275 1473 2344 pergit,
1506 2283 1560 2330 et
1587 2275 1715 2330 dicit
1740 2294 1752 2330 :
1778 2276 1833 2331 Si

240 2381 308 2420 ex
356 2363 525 2420 libera
555 2365 825 2419 voluntate
852 2377 1053 2419 natura:
1076 2364 1349 2419 rationalis
1374 2373 1456 2420 est
1483 2366 1698 2430 malum,
1730 2382 1832 2421 un-

240 2457 311 2512 de
339 2466 464 2512 sunt
493 2457 594 2510 ista
623 2466 700 2511 tot
725 2457 884 2523 mala,
912 2471 1032 2511 cum
1059 2456 1251 2525 quibus
1275 2457 1421 2511 nasci
1448 2455 1711 2522 videmus,
1740 2456 1832 2527 qui

241 2546 480 2602 nondum
502 2546 758 2601 libertate
796 2546 1085 2601 voluntatis
1123 2546 1386 2600 utuntur?
1415 2545 1565 2601 Unde
1595 2554 1677 2601 est
1703 2563 1832 2601 con-

241 2640 569 2709 cupiscentia
589 2681 604 2708 ,
633 2654 735 2709 qua
761 2652 887 2693 caro
912 2638 1239 2707 concupiscit
1266 2637 1522 2693 adversus
1547 2639 1788 2708 Spiritum
1813 2680 1829 2705 ,

240 2739 296 2785 et
325 2730 392 2784 ad
431 2738 706 2799 peccatum
745 2727 1157 2798 perpetrandum
1200 2726 1395 2792 trahit,
1434 2728 1535 2782 nisi
1574 2728 1828 2783 adversus

240 2836 363 2876 eam
408 2821 622 2891 spiritus
664 2818 854 2874 fortius
894 2818 1274 2889 concupiscat?
1317 2817 1466 2874 Unde
1513 2819 1566 2874 in
1613 2819 1828 2876 homine

240 2927 352 2965 uno
380 2911 599 2965 duarum
630 2925 831 2976 rerum,
864 2925 929 2963 ex
960 2908 1151 2978 quibus
1182 2916 1411 2977 constat,
1445 2918 1587 2963 tanta
1618 2910 1826 2965 discor-

238 3002 373 3056 dia?
405 3001 551 3057 Unde
580 3001 666 3056 lex
698 3001 749 3054 in
793 3000 1048 3055 membris
1099 3014 1400 3071 repugnans
1454 3000 1553 3070 legi
1610 3005 1823 3068 mentis,

238 3095 359 3149 sine
386 3108 488 3163 qua
521 3093 637 3162 lege
666 3107 823 3147 nemo
852 3091 1124 3147 nascitur?
1156 3091 1305 3146 Unde
1336 3100 1411 3147 tot
1439 3102 1493 3146 et
1523 3101 1664 3148 tanta
1700 3096 1827 3149 vitia

238 3183 327 3238 vel
364 3182 721 3252 ingeniorum,
761 3182 843 3237 vel
872 3196 1179 3251 corporum,
1212 3196 1331 3236 cum
1363 3182 1553 3252 quibus
1594 3183 1828 3253 plerique

239 3272 571 3329 nascuntur?
606 3272 759 3328 Unde
785 3271 996 3327 labores
1025 3280 1079 3326 et
1107 3272 1435 3327 calamitates
1464 3271 1699 3327 nondum
1731 3289 1828 3328 vo-

238 3366 446 3419 luntate
482 3364 813 3434 peccantium
852 3362 1236 3433 parvulorum?
1272 3361 1427 3419 Unde
1453 3377 1576 3418 cum
1608 3364 1829 3420 rationis

240 3471 370 3511 usus
399 3456 722 3523 accesserit,
763 3456 816 3509 in
858 3454 1126 3509 discendis
1154 3454 1345 3509 litteris
1383 3455 1465 3510 vel
1507 3455 1830 3525 quibuslibet

237 3545 447 3600 artibus
477 3553 619 3599 tanta
661 3559 819 3614 paena
850 3543 1185 3610 mortalium,
1228 3552 1287 3598 ut
1319 3545 1634 3599 aerumnosis
1668 3561 1830 3600 cona-

239 3636 382 3690 tibus
405 3636 566 3690 etiam
592 3636 875 3690 verberum
915 3634 1180 3689 cruciatus
1219 3632 1478 3688 addatur?
1503 3619 1600 3689 ilic
1625 3650 1723 3689 nos
1750 3650 1831 3689 re-

236 3728 571 3797 spondemus
597 3769 612 3793 ,
642 3726 802 3782 etiam
850 3727 948 3780 ista
981 3724 1118 3778 maia
1163 3738 1229 3779 ex
1272 3724 1544 3779 voluntate
1586 3724 1829 3779 humana:

239 3828 448 3873 natura:
477 3818 736 3893 ogiginem
764 3817 980 3881 ducere,
1013 3829 1115 3885 qua
1141 3814 1417 3885 granditer
1442 3824 1715 3883 peccante,
1748 3815 1827 3868 vi-

241 3913 368 3965 tiata
409 3918 465 3966 et
499 3926 620 3965 cum
650 3910 818 3978 stirpe
847 3909 1094 3963 damnata
1124 3916 1227 3962 est.
1260 3906 1410 3962 Unde
1437 3916 1644 3961 natura:
1673 3905 1829 3977 hujus

241 4011 350 4055 tam
396 4001 561 4055 multa
607 3999 867 4054 naturalia
909 4000 1046 4053 bona
1086 3998 1304 4052 veniunt
1340 3997 1407 4051 dc
1448 3996 1538 4052 Dei
1577 3996 1826 4066 opificio,

242 4093 378 4147 mala
421 4092 489 4147 de
523 4081 723 4161 judicio
754 4109 768 4146 :
794 4106 913 4161 qua:
943 4090 1079 4143 mala
1106 4089 1253 4143 nullo
1283 4088 1440 4143 modo
1465 4102 1585 4143 esse
1613 4098 1829 4144 naturas

241 4186 325 4241 vel
352 4185 678 4239 substantias
702 4200 807 4237 non
830 4183 1011 4237 vident
1035 4180 1345 4245 Llanichzci;
1373 4194 1556 4235 verum
1585 4180 1702 4235 ideo
1725 4178 1829 4235 dici

244 4277 505 4332 naturalia
524 4319 539 4343 ,
571 4276 691 4347 quia
721 4291 846 4330 cum
874 4275 951 4329 eis
981 4273 1226 4336 homines
1255 4272 1434 4326 vitiata
1463 4272 1680 4343 originis
1709 4281 1826 4327 tan-

242 4384 401 4438 quam
443 4367 620 4421 radice
659 4374 967 4421 nascuntur.
1011 4363 1116 4418 Sed
1152 4377 1247 4418 vos
1276 4364 1397 4417 novi
1437 4361 1673 4417 hmretici
1704 4378 1830 4417 con-

243 4459 502 4513 tradicitis
533 4457 685 4512 nobis
717 4474 731 4511 :
760 4454 1080 4525 respondete
1111 4454 1268 4523 igitur
1295 4453 1634 4519 Manichacis;
1666 4454 1829 4510 dicite

243 4549 389 4604 unde
418 4548 526 4603 sint
556 4556 632 4602 tot
657 4562 720 4603 ac
746 4556 892 4601 tanta
920 4544 1075 4611 mala,
1112 4559 1233 4599 cum
1261 4544 1451 4613 quibus
1481 4545 1622 4599 nasci
1651 4544 1827 4599 homi-

249 4655 347 4695 nes
374 4639 422 4693 si
440 4639 687 4709 negatis,
717 4636 807 4692 ubi
833 4646 915 4691 est
940 4635 1087 4691 frons
1115 4637 1329 4691 vestra?
1360 4636 1402 4689 si
1433 4635 1706 4701 fatemini,
1740 4637 1828 4692 ubi

252 4740 334 4787 est
362 4729 588 4784 haeresis
618 4736 791 4783 Vestra
808 4731 834 4781 ?
859 4727 963 4783 Sed
987 4727 1121 4782 mala
1144 4728 1243 4782 ista
1269 4743 1373 4782 non
1395 4741 1513 4782 esse
1538 4729 1673 4781 mala
1701 4745 1829 4783 con-

248 4823 482 4889 tendite,
512 4832 565 4877 et
598 4822 897 4891 paradisum
934 4837 1038 4875 non
1076 4835 1257 4875 verum
1280 4862 1294 4888 ,
1324 4819 1418 4883 sed
1444 4830 1679 4876 vestrum
1701 4863 1716 4887 ,
1756 4822 1828 4877 la-

244 4914 499 4979 boribus,
541 4911 843 4977 doloribus,
884 4911 1185 4978 erroribus,
1226 4910 1541 4980 gemitibus,
1583 4909 1846 4977 fletibus;

242 5004 497 5068 luctibus,
536 5003 741 5057 etiamsi
778 5016 937 5059 nemo
975 5010 1285 5071 peccasset,
1328 5000 1565 5069 implete.
1603 5000 1753 5067 Quod
1782 5003 1827 5056 si

240 5109 350 5151 non
390 5092 617 5159 audetis,
650 5107 717 5147 ne
758 5092 823 5146 ab
864 5092 991 5162 ipsis
1023 5104 1233 5161 quoque
1258 5090 1495 5159 puerulis
1522 5091 1823 5160 rideamini,

238 5194 295 5240 et
333 5182 655 5240 emendandi
687 5182 869 5236 ferulis
890 5181 1200 5251 judicemini
1226 5197 1239 5245 ;
1273 5179 1538 5235 concludit
1568 5181 1827 5236 adversos

238 5290 337 5331 vos
377 5271 722 5338 Manichacus,
752 5270 869 5327 hmc
902 5272 1060 5337 mala,
1094 5285 1213 5340 qua:
1252 5270 1320 5325 de
1348 5270 1527 5324 vitiata
1560 5270 1696 5325 bona
1732 5286 1827 5325 na-

237 5381 358 5425 tura
381 5384 502 5425 esse
523 5382 627 5423 non
650 5366 828 5431 vultis,
857 5366 923 5421 de
946 5364 1325 5420 commixtione
1351 5364 1474 5418 mali
1501 5379 1618 5420 esse
1646 5382 1658 5418 :
1684 5365 1824 5435 quod

236 5463 443 5519 malum
471 5460 601 5517 dicit
625 5475 745 5516 esse
771 5468 1011 5514 naturam
1040 5467 1359 5513 comternam
1384 5458 1494 5513 Deo
1517 5467 1675 5529 atque
1696 5474 1822 5513 con-

238 5556 486 5612 trariam.
525 5554 601 5608 Ac
638 5567 734 5624 per
767 5551 867 5607 hoc
894 5550 982 5605 ubi
1010 5549 1305 5618 Manichmo
1335 5550 1542 5605 conaris
1582 5564 1699 5605 esse
1735 5566 1821 5605 rc-

237 5648 457 5714 motior,
488 5644 563 5701 illi
592 5643 821 5701 efficeris
848 5642 963 5712 ejus
990 5640 1218 5710 adjuter.

1598 258 1796 314 LIBER
1836 255 2121 315 SEXTUS.

3399 268 3534 325 1510

2023 371 2108 426 Vl.
2137 371 2254 427 JUL.
2282 373 2396 428 Jam
2424 391 2550 430 vero
2578 376 2626 429 in
2656 376 2825 446 ipsum
2854 380 3039 443 Deum,
3073 382 3183 449 pari
3214 381 3340 447 fine,
3370 382 3532 452 impa-

1947 460 1989 514 ri
2033 462 2251 516 exordio
2270 505 2283 529 ,
2314 456 2710 519 accusationum
2743 468 2843 521 tela
2864 469 3183 533 jaculantur.
3210 470 3532 527 Manichmns

1946 554 2139 622 quippe
2165 553 2314 619 dicit,
2345 556 2482 610 Deus
2510 558 2681 612 bonus
2709 560 2902 612 malum
2933 576 3038 614 non
3064 562 3189 615 facit
3219 581 3231 616 :
3259 564 3354 618 sed
3380 563 3530 619 addit

1945 643 2065 710 quia
2110 659 2204 711 pro
2245 646 2571 700 naturalibus
2614 648 2785 717 culpis
2816 659 3018 703 :cterno
3049 650 3292 706 incendio
3322 654 3528 709 animas

1945 732 2217 800 destinet;
2263 736 2404 805 quod
2450 738 2742 806 perSpicuae
2788 739 3134 795 immanitatis
3181 751 3263 796 est
3293 762 3306 796 :
3334 758 3396 798 ac
3436 756 3531 812 per

1942 824 2065 889 hoc,
2107 825 2212 879 fine
2249 827 2511 895 opinionis
2545 843 2672 893 suae,
2714 845 2871 898 quem
2900 830 3096 884 bonum
3128 831 3353 898 dixerat,
3386 834 3530 887 clara

1945 916 2222 984 iniquitate
2265 921 2608 973 contaminat.
2654 920 2821 974 Porro
2848 922 3176 990 Augustinus
3206 924 3357 993 quasi
3385 924 3432 977 ei
3462 924 3530 979 ad

1943 1023 2100 1076 quem
2130 1009 2333 1074 scribit,
2370 1010 2535 1063 dens
2564 1020 2806 1080 patrono,
2836 1027 2969 1065 ausu
2993 1014 3278 1082 grandiore
3306 1014 3534 1084 despicit

1950 1098 2356 1167 trepidationem
2379 1102 2634 1170 magistri,
2660 1117 2758 1156 nec
2778 1102 2985 1170 dubitat
3008 1104 3127 1158 inde
3150 1105 3402 1173 incipere,
3426 1122 3532 1175 quo

1898 1266 1901 1269 _
1943 1188 2261 1243 Manichmus
2296 1193 2565 1259 pervenit;
2607 1194 3014 1263 pronuntiatque
3049 1195 3191 1264 quod
3226 1197 3444 1261 malum,
3479 1199 3531 1252 id

1944 1288 2023 1333 est
2051 1289 2351 1350 peccatum,
2382 1281 2539 1335 faciat
2567 1282 2708 1336 Deus
2735 1293 2786 1338 et
2812 1295 2978 1349 creet,
3005 1300 3162 1354 quem
3190 1296 3395 1340 constat
3425 1303 3531 1342 non

1942 1372 2229 1425 convenire
2254 1372 2303 1425 ei
2326 1372 2452 1431 Deo.
2481 1387 2635 1441 quem
2662 1373 3053 1428 Catholicorum
3080 1375 3213 1431 fides
3238 1378 3383 1431 colit.
3416 1377 3529 1432 iloc

1941 1462 2278 1531 potissimum
2319 1463 2497 1517 animo
2537 1463 2751 1517 lectoris
2791 1465 3005 1530 insidat,
3042 1474 3098 1520 et
3129 1468 3260 1520 nulli
3297 1481 3530 1537 unquam

1944 1552 2177 1607 fidelium
2201 1554 2456 1623 majorem
2479 1568 2693 1607 causam
2720 1570 2879 1624 quam
2903 1556 3055 1610 nobis
3079 1557 3382 1611 incubuisse
3403 1570 3531 1611 cou-

1940 1639 2149 1704 flictus,
2196 1649 2249 1695 et
2287 1656 2498 1695 onmem
2530 1641 2621 1711 qui
2662 1648 2905 1695 naturam
2951 1644 3119 1712 ipsam
3151 1646 3525 1700 necessitatem

1939 1732 2178 1785 criminis
2205 1731 2492 1786 arbitratur
2513 1774 2527 1799 ,
2576 1733 2631 1785 in
2671 1733 2760 1787 Dei
2790 1730 3211 1788 Chrisanorum
3243 1735 3387 1789 cultu
3419 1750 3522 1789 non

1942 1823 2140 1879 habere
2173 1824 2497 1879 consortium
2533 1841 2545 1879 :
2572 1825 2711 1894 quod
2742 1826 2988 1895 quoniam
3020 1826 3327 1898 frequenter
3354 1828 3519 1883 incul-

1942 1924 2118 1969 catum
2145 1924 2263 1979 est;
2303 1916 2639 1971 iterationem
2670 1917 2867 1986 quippe
2895 1917 3094 1970 utilitas
3123 1934 3297 1973 causa:
3329 1919 3525 1988 princi-

1938 2006 2073 2075 palis
2111 2008 2322 2074 exegit;
2354 2006 2629 2059 veniamus
2659 2005 2767 2075 jam
2801 2005 2866 2059 ad
2893 2006 3280 2062 discussionem
3321 2009 3525 2077 primo-

1938 2112 2055 2149 rum
2080 2096 2377 2160 hominum,
2401 2112 2623 2166 quorum
2653 2096 2918 2150 taxatione
2940 2092 3070 2151 aciei
3088 2107 3281 2151 nostra:
3299 2097 3524 2153 Numida

1939 2185 2088 2255 quasi
2118 2194 2357 2241 cetratus
2388 2185 2639 2239 occurrit.

2010 2277 2142 2331 Anc.
2182 2275 2319 2342 Quid
2345 2275 2661 2330 Manichrcus
2691 2275 2830 2331 dicat
2862 2275 2928 2330 de
2956 2276 3335 2331 commixtione
3363 2276 3519 2331 honre

1946 2374 2001 2420 ct
2020 2366 2173 2419 make
2194 2366 2522 2430 substantim,
2550 2369 2752 2420 nescire
2776 2375 2828 2421 te
2847 2365 3143 2430 crederem,
3172 2367 3271 2421 nisi
3296 2383 3356 2420 ea
3378 2377 3523 2423 certe

1937 2470 2055 2524 qua:
2084 2455 2341 2510 adversus
2377 2456 2622 2510 eumdem
2672 2472 2909 2511 errorem
2949 2457 3290 2526 scripsimus,
3328 2458 3522 2527 legisse

1938 2554 1988 2599 te
2028 2546 2219 2599 scirem
2291 2561 2413 2599 nam
2454 2562 2517 2600 ex
2551 2547 2685 2600 libro
2706 2587 2721 2612 ,
2757 2547 2808 2600 in
2838 2562 2942 2616 quo
2971 2546 3192 2600 duarum
3222 2548 3518 2601 animarum

1937 2635 1989 2687 in
2035 2634 2250 2690 homine
2293 2637 2721 2702 constitutarum,
2765 2651 2988 2705 quarum
3028 2645 3169 2691 esset
3209 2653 3310 2691 una
3349 2638 3517 2702 bona,

1934 2723 2101 2779 altera
2143 2726 2283 2779 mala
2337 2741 2545 2791 ,eorum
2591 2727 2891 2795 Opinionem
2931 2727 3172 2797 redargui
3208 2727 3307 2799 (De
3349 2727 3518 2784 Duab.

1934 2815 2193 2882 Animab.,
2225 2834 2277 2870 .
2306 2815 2414 2890 15),
2450 2817 2693 2888 quaedam
2725 2828 2913 2872 contra
2945 2834 3032 2873 me
3060 2821 3229 2889 ipsmn
3256 2834 3375 2874 esse
3403 2821 3517 2874 cxi-

1933 2909 2157 2963 stimans
2203 2910 2500 2965 testimonia
2547 2911 2834 2980 protulisti.
2867 2910 3191 2965 Manichacus
3218 2927 3347 2982 ergo
3386 2911 3520 2967 duas

1932 3001 2160 3067 animas,
2201 2999 2312 3053 sive
2353 3000 2589 3069 spiritus,
2629 3001 2742 3054 sive
2779 3008 3007 3067 mentes,
3051 3017 3209 3055 unam
3246 3003 3517 3072 propriam

1934 3091 2129 3156 carnis,
2158 3090 2504 3160 eamdemque
2532 3105 2638 3145 non
2668 3091 2942 3146 accidente
2979 3092 3133 3156 vitio,
3166 3093 3258 3147 sed
3288 3103 3517 3147 coaeter-

1934 3196 2055 3234 nam
2076 3181 2185 3235 Deo
2206 3189 2391 3234 natura
2421 3181 2635 3244 malam,
2658 3180 2877 3234 alteram
2908 3196 3036 3235 vero
3066 3190 3251 3235 natura
3284 3184 3473 3236 bonam

1935 3282 2182 3343 tanquam
2202 3273 2293 3327 Dei
2323 3272 2657 3342 particulam,
2705 3272 2799 3327 sed
2829 3272 2970 3327 illius
2988 3274 3143 3327 malae
3170 3274 3520 3342 permixtione

1933 3364 2267 3429 maculatam,
2308 3363 2360 3417 in
2403 3362 2621 3418 homine
2657 3377 2766 3417 uno
2809 3377 2929 3418 esse
2968 3365 3244 3418 contendit
3273 3382 3287 3419 :
3313 3373 3366 3420 et
3395 3364 3519 3420 hinc

1933 3455 2045 3510 vult
2072 3453 2205 3520 eri,
2237 3463 2295 3509 ut
2319 3470 2443 3509 caro
2473 3455 2814 3525 concupiscat
2839 3455 3095 3510 adversus
3120 3457 3385 3527 Spin'tum,
3418 3459 3521 3512 uti-

1933 3563 2037 3618 que
2062 3548 2280 3614 bonum,
2314 3563 2408 3618 per
2432 3548 2661 3602 animam
2690 3563 2838 3604 suam
2863 3550 3080 3617 malam,
3110 3558 3168 3604 ut
3194 3565 3314 3605 eum
3343 3559 3522 3606 teneat

1934 3641 2259 3710 implicatum
2286 3656 2300 3705 ;
2339 3641 2557 3710 spiritus
2584 3649 2763 3696 autem
2791 3641 3047 3697 adversus
3077 3657 3293 3697 carnem
3321 3684 3337 3709 ,
3369 3652 3427 3698 ut
3454 3644 3525 3699 ab

1935 3730 2025 3784 illa
2048 3730 2424 3784 commixtione
2446 3729 2722 3784 liberetur.
2748 3730 2899 3797 Quod
2925 3731 2967 3783 si
2996 3746 3094 3785 nec
3119 3731 3302 3785 ultima
3329 3733 3511 3785 mundi

1934 3818 2347 3888 conflagratione
2370 3819 2619 3888 potuerit,
2649 3827 2775 3873 tunc
2799 3835 2923 3872 eum
2951 3820 3079 3873 dicit
3102 3820 3243 3889 affigi
3276 3821 3523 3875 tenebra-

1934 3926 2052 3965 rum
2083 3911 2259 3980 globo,
2292 3918 2451 3981 atque
2481 3910 2532 3963 in
2564 3917 2823 3964 aeternum
2858 3911 2949 3965 tali
2980 3912 3242 3982 supplicio
3269 3912 3517 3968 detineri.

1935 4000 2052 4055 Non
2076 4002 2275 4071 itaque,
2303 4010 2361 4055 ut
2382 4001 2532 4066 dicis,
2560 4000 2832 4055 Manichzei
2861 4003 2999 4056 Deus
3076 4016 3173 4071 pro
3192 4004 3522 4059 naturalibus

1936 4092 2108 4163 culpis
2135 4103 2335 4147 aeterno
2361 4091 2607 4147 incendio
2631 4092 2836 4146 animas
2864 4092 3093 4148 destinat
3117 4111 3130 4147 :
3212 4095 3305 4149 sed
3333 4105 3519 4151 natura

1934 4182 2102 4238 bonas
2130 4181 2335 4236 animas
2366 4196 2461 4252 pro
2490 4181 2677 4237 aliena:
2716 4182 2869 4238 malae
2908 4193 3111 4238 natura:
3139 4186 3518 4242 commixtione

1936 4277 2019 4333 cui
2046 4276 2188 4331 malo
2213 4290 2309 4331 eas
2335 4276 2449 4345 ipse
2474 4275 2827 4342 commiscuit,
2858 4291 2991 4347 quas
3017 4277 3139 4331 inde
3160 4292 3264 4332 non
3288 4279 3518 4347 potuerit

1936 4367 2184 4433 liberare,
2211 4382 2317 4421 non
2344 4366 2590 4421 incendio
2616 4375 2853 4434 aeterno;
2882 4383 3001 4442 nam
3031 4367 3233 4422 nullum
3256 4378 3515 4423 aeternum

1936 4458 2257 4512 Manichaaus
2285 4458 2533 4527 opinatur
2559 4456 2859 4511 incendium
2882 4474 2896 4520 ;
2929 4458 3021 4511 sed
3049 4467 3270 4524 aeterno,
3298 4467 3358 4513 ut
3383 4459 3515 4527 dixi,

1935 4548 2274 4602 tenebrarum
2306 4547 2484 4616 globo,
2516 4561 2622 4615 quo
2648 4561 2800 4601 mens
2828 4547 3164 4602 tenebrarum
3195 4549 3513 4615 includetur,

1934 4621 2133 4708 affiget.
2166 4637 2439 4692 Catholica
2465 4651 2591 4690 vero
2618 4636 2768 4700 des,
2800 4653 2957 4707 quam
2987 4638 3298 4710 reliquistis,
3326 4650 3382 4695 ut
3409 4641 3522 4695 Ma-

1934 4729 2282 4793 nichmorum,
2335 4742 2439 4782 non
2485 4727 2661 4797 plane,
2702 4729 3150 4798 quemadmodum
3194 4732 3391 4800 putatis
3431 4741 3522 4787 aut

1934 4820 2149 4889 fingitis,
2176 4820 2631 4888 Oppugnatricem,
2661 4819 2752 4873 sed
2783 4820 2956 4888 potius
2982 4821 3293 4890 adjutricem
3320 4834 3518 4876 sectam

1935 4913 2185 4966 novitiam
2208 4911 2529 4975 conderetis,
2554 4927 2673 4966 cum
2696 4912 2843 4966 audit
2863 4920 2953 4966 aut
2976 4912 3103 4982 legit
3122 4914 3260 4982 quod
3283 4915 3356 4968 ait
3380 4918 3521 4984 Apo-

1934 5007 2125 5070 stolus,
2156 5003 2286 5058 Caro
2313 5004 2618 5076 concupiscit
2647 5004 2882 5057 adversus
2908 5004 3162 5073 spiritum,
3195 5006 3399 5075 spiritus
3426 5024 3519 5059 au-

1935 5106 2030 5150 tem
2059 5097 2298 5149 adversus
2325 5113 2525 5149 carnem
2556 5112 2576 5149 :
2614 5095 2721 5149 lucc
2750 5095 2883 5147 enim
2912 5095 3125 5151 invicem
3155 5099 3521 5161 adversantur;

1935 5196 1988 5239 ut
2014 5204 2114 5240 non
2144 5202 2202 5239 ea
2229 5201 2341 5257 qua:
2366 5187 2513 5240 vultis
2534 5228 2547 5251 ,
2577 5184 2777 5255 faciatis
2807 5183 3001 5255 (Galat.
3031 5201 3099 5252 ,
3135 5187 3227 5256 17)
3252 5206 3264 5240 :
3291 5204 3393 5241 non
3424 5203 3517 5240 na-

1935 5287 2078 5332 turas
2099 5277 2251 5343 duas,
2277 5277 2398 5331 boni
2427 5277 2630 5331 scilicet
2648 5285 2701 5332 et
2723 5276 2868 5345 mali,
2899 5278 3036 5332 inter
3056 5295 3113 5333 se
3135 5279 3201 5332 ah
3223 5278 3517 5332 :cternitale

1934 5368 2247 5434 contrarias,
2273 5378 2324 5424 et
2352 5368 2492 5423 bello
2515 5368 2810 5438 posteriore
2830 5370 3167 5436 commixtas,
3192 5369 3329 5422 sicut
3351 5368 3515 5421 Mani-

2038 5583 2108 5633 sic
2127 5589 2270 5632 vetus
2288 5579 2441 5630 codex
2454 5587 2712 5629 Portarum.
2872 5530 3058 5635 autem:
3069 5578 3290 5625 naturam
3310 5569 3510 5634 malam,

1932 5644 2131 5695 alterum
2156 5656 2264 5694 vero
2280 5649 2503 5693 naturam
2528 5642 2713 5690 bonum.
