3934 6178
434 343 568 400 ικιι

433 548 748 605 Ambrosius
774 544 909 618 (Lib.
942 548 973 600 7
1003 546 1055 598 in
1085 545 1211 598 Luc.
1240 561 1337 607 xu,
1366 545 1476 614 55),
1512 545 1663 598 istam
1693 543 2012 598 discordiam

433 638 611 694 carnis
634 648 689 691 et
711 637 927 705 spiritus
954 650 1018 690 ex
1051 634 1487 704 pravaricatione
1515 635 1668 703 primi
1695 633 1926 690 hominis
1959 635 2010 687 in

430 738 673 782 naturam
704 726 931 781 vertisse
963 724 1275 794 cognoscit;
1308 734 1365 778 ιιι
1394 740 1497 778 ιιοιι
1540 724 1860 794 intelligatur
1899 723 2012 779 hinc

427 827 612 871 natura
655 817 887 871 hominis
930 816 1173 884 primitus
1218 816 1441 869 instituti
1469 855 1483 878 ,
1524 815 1619 870 sed
1667 815 1720 869 in
1766 826 2009 869 naturam

427 921 579 962 versa
612 922 767 976 paena
797 906 1052 960 damnati.
1089 906 1212 959 Ha-e
1242 904 1372 959 ﬁdes
1408 919 1513 959 non
1544 913 1625 958 est
1652 917 1794 959 cetra
1828 904 2009 958 Numi-

423 996 562 1060 dica,
593 997 659 1051 de
685 1012 786 1066 qua
818 997 972 1051 nobis
1000 996 1147 1053 velut
1174 994 1375 1049 facetus
1404 996 1661 1058 insultas;
1690 993 1784 1048 sed
1810 1004 1892 1050 est
1918 1010 2011 1050 ve-

429 1087 651 1141 ridicum
674 1096 901 1152 scutum,
927 1088 980 1140 in
1001 1100 1106 1155 quo
1123 1101 1306 1140 omnes
1329 1086 1545 1154 sagittas
1562 1084 1750 1155 ignitas
1771 1085 2006 1155 maligni,

421 1181 557 1234 sicut
580 1180 819 1233 hortatur
838 1177 1144 1248 Apostolus,
1158 1177 1546 1247 exstinguimus
1568 1174 1782 1246 (Ep/tes.
1803 1193 1877 1242 vr,
1896 1175 2004 1248 t6).

423 1270 534 1323 lloc
568 1268 905 1324 nmniebatur
933 1275 1114 1332 scuto,
1143 1267 1355 1337 quando
1381 1266 1530 1322 vobis
1560 1266 1748 1320 futuris
1770 1266 1881 1335 jam
1912 1282 2005 1321 oc-

423 1361 670 1416 currebat
707 1368 943 1413 armatus
967 1398 982 1423 ,
1022 1372 1129 1413 non
1164 1357 1376 1425 quidem
1402 1356 1626 1411 Numida
1651 1397 1666 1421 ,
1708 1357 1803 1412 sed
1829 1352 2003 1411 tamen

424 1449 624 1505 Poenus
656 1450 745 1505 ille
774 1448 1091 1520 Cyprianus,
1120 1462 1226 1518 quo
1257 1461 1439 1501 rursus
1466 1448 1680 1502 nomine
1708 1456 1793 1500 tua
1824 1447 1878 1501 in
1909 1464 2005 1502 nos

421 1544 585 1597 insilit
613 1558 747 1596 vana
777 1542 1106 1612 loquacitas;
1141 1542 1271 1605 hoc,
1306 1541 1551 1608 inquam,
1587 1550 1738 1593 scuto
1768 1547 2004 1594 armatus

423 1634 620 1689 Pmnns
649 1635 735 1688 ille
763 1633 972 1687 dicebat
1002 1633 1054 1686 in
1082 1633 1217 1686 libro
1244 1630 1311 1685 de
1337 1630 1587 1686 Oratione
1615 1630 1917 1693 Dotninica,
1952 1630 2002 1685 id

420 1742 519 1781 nos
562 1742 736 1790 orare,
780 1740 900 1779 cum
942 1724 1190 1789 dicimus,
1240 1722 1357 1777 Fiat
1397 1723 1629 1776 voluntas
1654 1732 1741 1775 tua
1778 1722 1908 1776 sicut
1949 1724 2002 1777 in

418 1816 544 1868 casto
572 1825 615 1869 et
647 1816 697 1868 in
726 1825 858 1868 terra
887 1813 1097 1884 (Matth.
1130 1830 1212 1876 vt,
1246 1810 1332 1885 10)
1358 1855 1372 1879 ,
1400 1822 1460 1867 ιιι
1485 1814 1623 1868 inter
1651 1813 1757 1868 duo
1784 1813 1882 1866 ista
1902 1853 1918 1878 ,
1950 1812 2001 1867 id

418 1917 499 1958 est
519 1921 732 1960 eat-nem
758 1914 812 1958 et
837 1903 1101 1973 spiritum,
1131 1905 1220 1957 tiat
1247 1904 1354 1958 Deo
1378 1904 1670 1972 epitulante
1690 1903 1995 1958 concordia.

419 1997 518 2053 Ubi
547 1997 744 2051 Christi
779 1998 932 2050 miles
968 1997 1212 2067 egregius
1238 2005 1290 2050 et
1318 2011 1346 2049 a
1376 1994 1679 2050 Manichaeis
1707 2005 1761 2051 et
1790 2012 1819 2049 a
1850 1996 1999 2050 vobis

420 2087 662 2155 conjecta
688 2087 851 2157 ignita
869 2088 1080 2157 maligni
1099 2086 1273 2156 jacuia
1298 2087 1585 2157 exstinguit
1603 2088 1641 2140 ιε
1661 2087 1743 2140 cui
1766 2086 1999 2156 maligno

422 2180 649 2232 militant
666 2193 852 2232 omnes
878 2178 1134 2242 haeretici,
1160 2186 1215 2232 et
1238 2177 1387 2246 cujus
1428 2190 1597 2231 castra
1640 2177 1885 2232 tirocinio
1909 2191 2001 2231 ve-

414 2282 529 2326 stro
547 2272 743 2340 putatis
767 2269 1029 2340 augenda.
1047 2269 1177 2323 Nam
1196 2269 1412 2337 spiritus
1433 2278 1487 2323 et
1510 2270 1686 2324 carnis
1709 2266 1999 2337 quaerendo

412 2360 752 2415 concordiam
779 2401 795 2425 ,
828 2370 1011 2415 contra
1043 2358 1360 2412 Manichzeos
1389 2358 1565 2424 docet,
1596 2358 1781 2412 ambas
1807 2356 1998 2425 quibus

412 2461 719 2505 constamus
747 2451 913 2504 bonas
949 2464 1069 2504 esse
1098 2458 1313 2504 naturas
1338 2490 1353 2511 ,
1399 2448 1442 2501 si
1484 2448 1761 2502 discordia:
1799 2447 1995 2501 malum

413 2542 595 2596 divina
622 2542 962 2595 miseratione
982 2548 1199 2595 sanetur
1222 2558 1234 2591 :
1260 2540 1408 2594 vobis
1428 2548 1602 2593 autem
1628 2539 1849 2603 resistit,
1873 2538 1997 2606 quia

418 2632 594 2687 carnis
619 2632 1102 2700 concupiscentiam
1128 2631 1299 2686 dicitis
1321 2631 1549 2686 bonam’
1572 2670 1587 2695 ,
1617 2645 1718 2698 qua
1744 2627 1996 2684 infestan-

420 2732 477 2776 te
504 2721 682 2775 existit
713 2721 810 2774 ista
841 2720 1103 2775 discordia
1125 2760 1141 2784 ,
1168 2735 1325 2789 quam
1364 2721 1536 2789 poscit
1570 2719 1659 2773 ille
1686 2719 1860 2773 sanari
1885 2735 1905 2784 ;
1943 2727 1996 2774 et

418 2823 545 2868 tunc
568 2812 747 2887 existit
771 2811 981 2881 quando
1007 2811 1144 2866 bene
1166 2811 1388 2880 agimus,
1420 2819 1479 2864 ut
1505 2810 1775 2864 infestanti
1800 2824 1997 2864 concu-

420 2906 691 2976 piscentia:
718 2905 925 2969 carnis,
966 2913 1150 2959 contra
1181 2904 1588 2974 concupiscuite
1615 2903 1803 2972 spiritu
1833 2916 1991 2973 repu-

412 3014 654 3069 gnemus.
684 2997 815 3053 Nam
844 2998 890 3053 si
924 2998 1305 3065 consentimus,
1334 3012 1439 3052 non
1468 2996 1736 3066 optabilis,
1762 2995 1855 3051 sed
1882 2995 1993 3051 cul-

411 3094 618 3161 pabilis,
662 3091 742 3146 vel
782 3091 1297 3147 etiam'damnabilis
1334 3089 1393 3144 iit
1427 3090 1637 3160 spiritui
1673 3104 1793 3144 cum
1825 3103 1992 3144 carne

408 3183 716 3237 concordia.
757 3183 952 3236 Contra
994 3196 1087 3235 vos
1126 3190 1210 3235 est
1248 3180 1408 3236 etiam
1432 3221 1447 3246 ,
1489 3179 1611 3250 quia
1653 3178 1820 3234 libero
1858 3179 1992 3233 datis

415 3275 635 3328 arbitrio
656 3273 677 3306 ³
700 3316 715 3339 ,
738 3274 878 3343 quod
904 3273 993 3328 ille
1020 3285 1073 3326 ut
1099 3271 1189 3327 ﬁat
1215 3272 1265 3326 in
1296 3272 1528 3337 homine,
1555 3287 1585 3324 a
1614 3271 1723 3325 Deo
1749 3270 1995 3340 intelligit

414 3379 534 3419 esse
557 3364 898 3432 poscendum.
924 3364 1002 3418 Tu
1024 3374 1200 3419 autem
1221 3363 1311 3432 qui
1330 3362 1571 3417 nesciens
1592 3361 1717 3431 quid
1739 3361 1989 3431 loquaris,

413 3455 601 3523 olijicis
638 3455 765 3508 mihi
793 3456 934 3525 quod
964 3454 1135 3508 dicam
1165 3456 1329 3509 Deum
1357 3470 1539 3509 creare
1568 3463 1838 3523 peccatum
1859 3494 1875 3518 ,
1905 3468 1992 3506 rc-

414 3544 544 3597 siste
570 3544 862 3599 Manichaee
888 3545 1085 3599 dicenti
1118 3546 1172 3598 in
1201 3543 1464 3598 discordia
1493 3545 1668 3597 carnis
1697 3555 1751 3597 et
1778 3546 1993 3613 Spiritus

413 3634 547 3687 duas
577 3634 716 3688 inter
743 3649 801 3688 se
826 3634 1119 3690 contrarias
1155 3634 1276 3688 mali
1304 3643 1358 3689 et
1383 3634 1507 3688 boni
1541 3648 1798 3702 apparere
1837 3645 1990 3688 natu-

408 3739 517 3777 ras.
544 3724 716 3780 Unum
738 3734 820 3780 est
840 3725 984 3780 enim
1008 3726 1148 3795 quod
1171 3724 1610 3795 respondeamus.
1634 3733 1691 3778 ut
1711 3725 1874 3793 pestis
1894 3725 1992 3778 ista

408 3816 687 3883 vincatur;
722 3816 861 3872 hanc
888 3817 1095 3873 scilicet
1119 3817 1440 3872 discordiam
1470 3832 1566 3887 per
1595 3817 1987 3887 prsevaricatio-

411 3923 534 3964 nem
561 3910 712 3979 primi
737 3911 968 3966 hominis
994 3911 1044 3964 in
1069 3920 1302 3966 nostram
1323 3912 1541 3967 vertisse
1559 3920 1796 3965 naturam
1820 3910 1992 3978 :quod

414 4008 467 4052 tu
498 4000 740 4069 negando
767 4001 975 4055 conaris
1008 4009 1065 4055 ut
1101 4000 1350 4063 vincant;
1379 4001 1613 4070 satisque
1639 4000 1994 4054 nunilestaris

411 4087 571 4143 l‘alsus
599 4090 1007 4145 Manichaeorum
1040 4100 1396 4161 oppugnatur,
1428 4107 1587 4146 verus
1615 4091 1846 4160 adjutor.

482 4178 589 4232 Vll.
630 4179 746 4234 .luu.
789 4179 984 4250 Ingerit.
1009 4181 1204 4250 quippe
1242 4180 1490 4235 omnibus
1527 4180 1803 4250 scripturis
1848 4180 1989 4247 suis,

408 4270 577 4325 Adam
624 4282 783 4340 atque
834 4270 998 4324 Evam
1044 4269 1215 4325 bonos
1258 4278 1459 4324 tantum
1504 4286 1534 4325 a
1580 4271 1687 4327 Deo
1724 4271 1989 4338 conditos,

411 4361 462 4415 id
514 4372 634 4427 est,
682 4362 811 4416 nulli
865 4361 1089 4416 naturali
1128 4360 1337 4414 crimini
1398 4361 1760 4429 mancipatus,
1793 4376 1992 4431 eosque

409 4450 574 4506 libera
625 4452 893 4506 voluntate
946 4465 1231 4521 peccasse,
1291 4449 1384 4504 sed
1434 4449 1504 4503 ita
1560 4449 1872 4519 granditer,
1932 4462 1992 4506 ut

409 4543 585 4594 omnia
618 4542 669 4595 in
699 4552 883 4596 natura
909 4556 1001 4595 sua
1034 4540 1127 4596 Dei
1158 4539 1393 4594 instituta
1424 4538 1763 4594 subruerent.
1803 4557 1822 4590 ι
1856 4539 1989 4595 Illud

411 4632 591 4693 enim,
643 4648 663 4681 ι
715 4632 921 4700 inquit,
988 4649 1007 4683 ι
1062 4642 1338 4701 peceatum
1392 4630 1544 4686 valde
1595 4631 1764 4700 majus
1829 4642 1991 4702 atque

409 4720 568 4774 altius
591 4717 832 4773 diabolus
858 4720 1046 4786 inlixit,
1073 4736 1232 4789 quam
1263 4728 1387 4773 sunt
1413 4719 1511 4775 iSIa
1547 4719 1848 4775 hominibus
1869 4730 1990 4776 nota

410 4823 647 4881 peccata.
683 4810 832 4867 Unde
857 4811 948 4865 illo
975 4826 1166 4881 magno
1194 4811 1348 4880 primi
1371 4812 1601 4866 hominis
1630 4822 1870 4883 peccato,
1898 4830 1995 4869 na-

412 4912 527 4956 tura
578 4902 649 4957 ibi
698 4910 877 4956 nostra
928 4902 978 4955 in
1009 4900 1245 4957 deterius
1284 4911 1627 4970 commutata,
1674 4919 1779 4958 non
1819 4905 1992 4960 soluat

410 4991 548 5047 facta
576 5003 658 5049 est
683 4994 968 5065 peccatrix,
998 5009 1182 5049 verum
1212 4993 1371 5049 etiam
1398 5004 1617 5064 generat
1643 5007 1947 5065 peccatores
1971 5015 1986 5064 ;

410 5095 464 5139 et
508 5093 684 5139 tamen
707 5086 820 5154 ipse
848 5086 1086 5156 languor,
1126 5099 1232 5155 quo
1262 5085 1398 5140 bene
1421 5084 1633 5141 vivendi
1664 5087 1834 5141 virtus
1870 5104 1992 5157 per-

411 5175 507 5244 iit,
539 5192 644 5230 non
675 5185 758 5231 est
785 5185 990 5243 natura,
1024 5177 1118 5232 sed
1149 5177 1356 5231 vitium.
1384 5176 1516 5232 Illud
1541 5192 1670 5246 ergo
1694 5189 1991 5247 peceatum,

410 5265 556 5338 quod
587 5266 757 5336 ipsum
800 5265 1068 5320 hominem
1101 5267 1153 5321 in
1198 5266 1442 5336 paradiso
1474 5271 1696 5322 mutavit
1734 5270 1785 5324 in
1818 5270 1989 5341 pejus,

478 5446 494 5476 ι
523 5442 822 5515 _\'ignlerius,
847 5438 996 5515 ignita
1255 5441 1544 5508 exstinguit;
1582 5445 1778 5506 omisso,
1806 5446 1992 5509 jacuta,

408 5505 537 5569 quod
563 5504 625 5553 e'x
652 5504 987 5569 manuscriptis
1006 5504 1299 5552 restituitur.

474 5568 492 5629 ξ
527 5573 587 5629 ιιι⁸
599 5572 722 5625 Mss"
746 5564 932 5614 bonum.
1053 5624 1062 5629 _
1234 5618 1239 5629 ι

475 5626 497 5656 ³
530 5625 660 5696 rem,
680 5631 862 5696 potura
890 5639 969 5676 vos
998 5624 1161 5696 etiam.
1193 5624 1307 5689 quia
1336 5625 1485 5679 libero
1515 5629 1757 5696 arbitrio;
1792 5640 1997 5694 praeter-

409 5688 570 5794 ἕξεις
593 5689 772 5748 verbis,
794 5693 883 5749 est,
908 5696 978 5743 et.
1002 5688 1145 5749 datis,
1164 5688 1275 5751 qua:
1299 5701 1363 5738 ex
1382 5693 1718 5754 manuscriptis
1730 5688 1997 5745 restituun-

1106 337 1351 393 OPERIS
1390 336 1797 391 lMl’EllFECTI
1835 335 2111 391 CONTRA
2151 336 2505 407 JULIANUM,
2542 339 2602 395 S.
2645 338 3008 397 AUGUS’ﬁ'lii

431 458 613 513 chzeus
635 455 913 511 haereticus
934 453 1210 521 Opinatur;
1236 452 1330 507 sed
1353 452 1491 506 sicut
1510 451 1805 506 catholicus
1826 450 2015 505 doctor

3566 348 3704 406 i513

2123 453 2242 521 quia
2291 454 2457 509 multo
2485 464 2566 510 est
2607 457 2859 526 grandius
2902 473 3058 526 quam
3096 452 3337 526 judicare
3375 475 3472 515 nos
3511 477 3709 531 possu-

2122 557 2261 609 mus,
2285 543 2352 597 ab
2372 545 2515 599 omni
2540 556 2789 602 nascente
2809 547 3172 615 trahitnritbe
3199 546 3408 619 Nuptiis
3432 560 3479 604 et
3508 552 3709 607 Concu-

2119 634 2394 702 piscentia,
2446 636 2534 689 lib.
2575 635 2643 700 2,
2691 654 2778 690 nn.
2825 638 2928 704 57,
2969 637 3080 707 58).
3133 639 3268 693 Ecce
3305 654 3465 709 quam
3515 653 3707 712 aperte

2117 722 2242 793 quid
2272 725 2494 780 sentiret
2535 727 2818 796 exposuit:
2850 728 3048 794 Primi,
3095 728 3297 797 inquit,
3341 731 3413 785 illi
3458 732 3712 789 homines

2117 813 2310 868 bonam
2341 815 2571 871 habuere
2600 826 2862 886 naturam,
2891 818 2985 872 sed
3010 829 3282 888 peccatum
3313 830 3418 875 tam
3442 823 3702 889 immane,

2118 914 2226 960 tam
2256 907 2630 964 inaestimabile
2676 920 3064 981 perpetrarunt,
3106 920 3161 965 ut
3185 912 3434 967 virtutem
3462 914 3603 970 bene
3625 916 3709 969 vi-

2115 1000 2271 1055 vendi
2326 1001 2707 1068 interimerent,
2742 1003 2897 1058 liberi
2932 1004 3136 1059 arbitrii
3176 1005 3352 1061 lumen
3395 1007 3708 1077 exstingueo

2113 1097 2252 1156 rent,
2279 1091 2517 1146 facerent
2543 1092 2593 1145 in
2626 1092 2883 1162 reliquum
2905 1092 3159 1162 peccandi
3185 1094 3595 1162 necessitatem;
3628 1112 3700 1151 ne

2110 1181 2199 1235 cui
2224 1191 2366 1236 esset
2388 1183 2639 1250 possibile
2666 1183 2733 1237 de
2752 1198 2936 1237 eorum
2962 1184 3127 1252 stirpe
3151 1178 3496 1250 nascenti,‘in
3529 1188 3701 1241 virtu-

2112 1278 2224 1323 tum
2247 1270 2438 1326 decora
2468 1274 2671 1339 conari,
2703 1282 2758 1329 et
2775 1272 3054 1330 declinatis
3080 1274 3223 1329 vitiis
3248 1285 3550 1345 compotem
3574 1278 3695 1333 ﬁeri

2109 1363 2425 1418 sanctitatis.

2184 1457 2315 1511 Aue.
2355 1454 2568 1510 Videris
2597 1455 2711 1519 tibi,
2740 1456 2827 1511 vel
2856 1456 3014 1511 etiam
3039 1457 3376 1512 consortibus
3397 1458 3503 1513 tuis
3529 1458 3693 1513 Pela-

2109 1543 2278 1613 gianis
2300 1544 2497 1613 aliquid
2529 1544 2708 1599 dicere
2727 1586 2742 1611 ,
2777 1559 2897 1599 cum
2927 1545 3112 1600 relicta
3141 1548 3458 1601 auctoritate
3480 1546 3692 1614 divina,

2107 1632 2336 1687 humana
2366 1633 2598 1689 vanitate
2621 1633 2840 1703 jactaris
2860 1674 2876 1700 ,
2909 1645 2962 1689 et
2986 1636 3533 1705 argumentationibus
3569 1652 3699 1692 coro

2104 1722 2189 1776 dis
2218 1723 2291 1776 tui
2318 1732 2619 1777 sanctarum
2650 1722 3042 1793 Scripturarum
3068 1725 3276 1779 veritati
3307 1725 3608 1781 adversaris
3633 1737 3697 1781 et

2103 1813 2387 1881 obstrepis.
2431 1813 2562 1867 Nam
2604 1815 2786 1884 utique
2814 1816 2857 1869 si
2898 1815 3187 1870 christiano
3231 1824 3388 1886 atque
3421 1817 3697 1872 catholico

2103 1905 2281 1960 animo
2307 1905 2609 1960 attenderes
2635 1905 2777 1976 quod
2801 1906 2876 1959 ait
2902 1905 3186 1975 Apostolus
3208 1946 3222 1971 ,
3263 1905 3458 1977 Corpus
3481 1908 3693 1977 quidem

2103 2006 2356 2051 mortuum
2380 2005 2454 2049 est
2496 2005 2702 2067 prapter
2730 2005 3022 2067 peccatum;
3066 1996 3305 2067 profecto
3350 1997 3689 2068 intelligeres

2104 2095 2209 2140 tam
2234 2086 2505 2157 granditer
2530 2101 2779 2156 peccasse
2805 2087 3032 2155 primum
3055 2086 3347 2153 hominem,
3379 2098 3437 2142 ut
3462 2104 3529 2143 eo
3554 2103 3691 2158 pec-

2101 2188 2238 2245 cato,
2272 2194 2376 2234 non
2420 2180 2576 2234 unius
2603 2179 2852 2245 hominis,
2884 2178 2979 2233 sed
3020 2178 3182 2233 totius
3209 2180 3423 2249 generis
3463 2180 3693 2235 humani

2103 2281 2300 2326 mutata
2343 2281 2543 2325 natura
2572 2287 2638 2326 ex
2678 2270 3027 2340 possibilitate
3066 2270 3477 2327 immortalitatis
3506 2270 3563 2327 in
3585 2287 3693 2327 ne-

2100 2365 2400 2420 cessitatem
2429 2363 2611 2418 mortis
2643 2364 2788 2433 lapsa
2819 2363 3080 2418 corruerit
3106 2381 3120 2417 :
3174 2364 3242 2417 ita
3271 2373 3329 2418 ut
3354 2364 3514 2419 etiam
3548 2367 3566 2397 ι
3590 2365 3691 2436 qui

2099 2460 2485 2508 convertuntur
2511 2452 2577 2507 ad
2602 2452 2792 2519 Deum,
2842 2467 2937 2521 per
2982 2467 3144 2506 unum
3188 2451 3279 2507 Dei
3322 2461 3376 2507 et
3405 2452 3691 2508 hominum

2100 2541 2446 2598 mediatorem
2475 2541 2743 2596 hominem
2761 2542 3027 2596 Christum
3058 2540 3264 2604 Jcsum,
3294 2557 3398 2597 non
3428 2542 3693 2600 continuo

2098 2634 2548 2689 immortalitatem
2595 2635 2839 2701 corporis
2886 2643 3129 2699 sumant;
3161 2634 3253 2689 sed
3280 2635 3358 2690 eis
3389 2651 3481 2705 per
3508 2635 3691 2706 Spiri-

2098 2730 2210 2778 tum
2240 2722 2355 2790 Dei,
2399 2737 2505 2793 quo
2531 2738 2669 2777 nunc
2708 2723 3091 2791 inhabitantur,
3115 2723 3285 2779 danda
3317 2734 3495 2794 postea
3538 2742 3691 2782 nunc

2098 2815 2453 2883 promittatur.
2484 2814 2637 2880 Quod
2669 2814 2807 2869 idem
2832 2815 3109 2884 apostolus
3137 2815 3325 2871 eodem
3354 2817 3470 2871 loco
3492 2818 3572 2872 sic
3593 2831 3691 2873 ex-

2097 2904 2256 2974 plicat
2280 2922 2294 2959 :
2328 2905 2390 2960 Si
2418 2906 2546 2975 quis,
2577 2904 2764 2974 inquit,
2791 2904 3042 2975 Spiritum
3067 2905 3256 2959 Christi
3282 2923 3381 2960 non
3403 2908 3566 2971 habet,
3598 2909 3690 2961 hic

2096 3014 2197 3051 non
2224 3008 2295 3051 est
2320 2997 2446 3069 ejus.
2495 2994 2556 3051 Si
2596 3005 2761 3049 autent
2807 2998 3036 3050 Christus
3075 2998 3129 3049 in
3173 2998 3309 3050 vobis
3348 3007 3441 3061 est,
3491 3015 3688 3068 corpus

2095 3088 2295 3156 quidem
2332 3097 2585 3142 mortuum
2625 3096 2695 3139 est
2722 3096 2927 3156 propter
2959 3098 3241 3157 percolunt,
3271 3088 3475 3156 spiritus
3509 3098 3687 3143 autem

2096 3180 2195 3233 vita
2211 3189 2282 3232 est
2303 3187 2505 3249 propter
2510 3180 2783 3250 justitiam.
2810 3180 2867 3233 Si
2889 3196 3007 3249 ergo
3028 3178 3253 3250 Spiritus
3279 3180 3387 3249 ejus
3414 3180 3500 3249 qui
3518 3183 3689 3233 susci-

2096 3272 2215 3325 tavit
2249 3272 2423 3324 Jesum
2447 3287 2511 3324 ea:
2534 3272 2742 3324 mortuis
2762 3311 2776 3336 ,
2808 3270 2999 3323 habitat
3029 3271 3081 3324 in
3112 3271 3283 3334 vobis;
3309 3272 3396 3339 qui
3415 3272 3685 3326 suscitavit

2099 3360 2277 3416 Iesum
2312 3359 2570 3416 Christum
2602 3378 2634 3414 a
2669 3361 2901 3427 mortuis,
2933 3359 3200 3429 uiviﬁcabit
3237 3369 3285 3415 et
3309 3360 3545 3414 mortalia
3569 3379 3689 3414 cor-

2096 3468 2221 3521 pora
2266 3461 2429 3505 ucstra
2470 3468 2558 3520 per
2602 3450 2961 3504 inhabitantem
3001 3448 3252 3520 Spiritum
3290 3450 3402 3520 eius
3447 3451 3499 3504 in
3542 3450 3687 3503 vobis

2096 3540 2272 3611 (Rom.
2302 3557 2414 3607 vnt,
2446 3538 2617 3613 9-H).
2645 3540 2855 3610 Corpus
2881 3555 3008 3610 ergo
3047 3551 3315 3594 mortuum
3352 3549 3434 3595 est
3461 3550 3687 3611 propter

2096 3639 2400 3699 peccatum;
2429 3630 2676 3699 quoniam
2714 3629 3083 3683 necessitatem
3111 3629 3301 3683 mortis
3327 3629 3487 3683 etiam
3517 3630 3571 3682 in
3601 3630 3685 3682 vi-

2094 3720 2341 3775 ventibus
2367 3720 2545 3775 habet.
2572 3719 2722 3788 Quod
2752 3728 2930 3774 autem
2958 3728 3255 3788 peccatum,
3279 3719 3379 3773 nisi
3398 3718 3557 3788 primi
3590 3721 3688 3771 ho-

2095 3813 2292 3867 minis?
2316 3811 2752 3881 Quandoquidem
2776 3827 2868 3881 pir
2889 3812 3148 3879 justitiam
3174 3811 3395 3867 secundi
3421 3811 3681 3877 hominis,

2096 3904 2150 3958 id
2200 3914 2283 3959 est
2325 3904 2546 3970 Christi,
2586 3902 2761 3957 eidem
2802 3903 3014 3971 corpori
3045 3901 3186 3972 quod
3230 3916 3371 3957 nunc
3411 3905 3683 3958 mortuum

2095 3994 2309 4059 dicitur,
2336 3994 2614 4049 viviticatio
2644 3994 2795 4047 beata
2828 4003 3050 4049 ventura
3076 4001 3178 4048 est.
3224 3991 3379 4049 Unde
3404 4004 3459 4047 et
3483 4008 3686 4048 secun-

2094 4085 2195 4141 dus
2219 4084 2379 4140 homo
2404 4095 2458 4141 et
2483 4084 2746 4140 secundus
2766 4084 2935 4139 Adam
2958 4084 3131 4139 dictus
3152 4093 3235 4140 est
3254 4085 3499 4139 Christus
3522 4103 3536 4139 :
3557 4101 3682 4140 cum

2097 4178 2234 4233 inter
2265 4178 2434 4232 Adam
2474 4177 2743 4232 hominem
2773 4176 2989 4240 factum,
3026 4188 3079 4232 et
3110 4177 3380 4233 Christum
3408 4177 3684 4234 hominem

2097 4280 2300 4335 natum,
2334 4279 2408 4325 ιοι
2443 4270 2814 4341 generationes
2865 4270 3138 4324 hominum
3177 4270 3456 4324 transiisse
3496 4271 3686 4325 videa-

2097 4376 2259 4429 mus,
2308 4377 2406 4417 nec
2457 4361 2509 4415 in
2562 4376 2747 4416 earum
2792 4361 2981 4415 ordine
3038 4362 3204 4430 possit
3259 4361 3361 4414 dici
3415 4361 3692 4417 secundus

2097 4452 2279 4518 homo,
2315 4453 2420 4508 nisi
2457 4452 2622 4508 Cain:
2651 4452 2745 4507 sed
2775 4452 2896 4521 quia
2927 4452 3097 4521 prima
3128 4460 3211 4506 est
3239 4466 3388 4505 mors
3412 4454 3679 4519 corporis,

2096 4562 2216 4616 qua:
2245 4545 2378 4600 facta
2404 4554 2487 4600 est
2512 4552 2728 4615 propter
2750 4554 3026 4612 peccatum
3054 4543 3205 4607 Adae,
3234 4542 3286 4596 in
3317 4558 3422 4612 qua
3444 4543 3687 4605 decurrit

2098 4637 2200 4692 hoc
2238 4637 2524 4701 smeulum;
2571 4635 2801 4690 secunda
2843 4635 2950 4688 vita
2996 4643 3079 4689 est
3114 4635 3377 4703 corporis,
3423 4651 3546 4705 qua:
3590 4635 3691 4690 fiet

2100 4738 2314 4798 propter
2335 4728 2592 4797 justitiam
2630 4726 2850 4790 Christi,
2877 4735 2932 4781 et
2977 4725 3116 4781 facta
3159 4736 3244 4782 est
3284 4727 3335 4780 in
3368 4741 3532 4783 carne
3571 4727 3687 4797 jam

2098 4822 2297 4875 Christi
2319 4861 2335 4885 ,
2371 4822 2421 4874 in
2454 4837 2555 4890 qua
2584 4822 2689 4874 vita
2736 4819 2973 4874 futurum
3020 4820 3273 4875 sarculum
3310 4820 3686 4888 permanebit;

2098 4912 2218 4969 ideo
2248 4913 2335 4966 ille
2362 4904 2560 4981 primus
2589 4911 2672 4967 vel
2700 4911 2869 4965 Adam
2900 4911 2981 4966 vel
3014 4910 3173 4964 homo
3196 4952 3210 4976 ,
3246 4910 3345 4965 iste
3374 4922 3552 4965 autem
3594 4926 3688 4964 se-

2098 5001 2300 5058 cundus
2328 5011 2411 5056 est
2436 5002 2626 5056 dictus.
2665 5002 2732 5056 Et
2763 5018 2866 5056 non
2900 5003 2979 5057 vis
3008 5002 3304 5073 intelligere
3341 5012 3449 5056 tam
3478 5001 3684 5073 grande

2101 5094 2243 5147 illius
2266 5092 2431 5148 fuisse
2456 5104 2756 5162 peccatum,
2800 5102 2855 5146 ut
2881 5093 3184 5147 mortalium
3215 5092 3495 5159 saeculum,
3525 5092 3688 5161 hujus

2100 5201 2228 5240 vero
2268 5194 2373 5239 tam
2402 5184 2656 5255 grandem
2681 5184 2972 5254 justitiam,
3009 5192 3066 5238 ut
3092 5184 3474 5240 immortalium
3517 5200 3688 5240 stern-

2100 5277 2209 5332 lum
2238 5277 2588 5347 propagaret?
2614 5276 2680 5330 Et
2708 5275 2835 5329 mihi
2864 5275 3053 5345 objicis
3084 5278 3284 5344 peccati
3317 5278 3477 5347 primi
3507 5276 3688 5331 homi-

2101 5367 2184 5422 nis
2216 5367 2589 5437 granditatem,
2631 5380 2750 5434 quae
2794 5366 2923 5418 tanti
2965 5366 3087 5419 mali
3134 5366 3411 5421 hominum
3439 5368 3682 5423 omnium

2100 5458 2305 5513 exstitit
2330 5471 2487 5511 causa
2510 5498 2524 5520 ,
2554 5456 2703 5525 quasi
2746 5454 2849 5510 hoc
2878 5470 2977 5524 ego
3003 5457 3149 5511 solus
3178 5457 3259 5511 vel
3300 5458 3502 5526 primus
3526 5457 3691 5512 dixe-

2041 5534 2047 5539 ’
2102 5549 2202 5602 rim
2219 5548 2242 5602 ?
2262 5549 2396 5602 Audi
2417 5547 2677 5602 Joannem
2701 5546 3344 5617 ConstantinOpolitanum
3366 5547 3693 5603 excellentis

2103 5700 2506 5812 ’ήὲηϊῑεηίθι-ἰιιε,
2529 5695 2599 5749 ita
2629 5701 2679 5748 ut
2723 5710 2845 5749 eam.
2871 5705 2961 5747 Nos
3005 5710 3067 5747 ex
3116 5704 3195 5747 Ms.
3221 5703 3482 5758 Pet-tarum,
3513 5694 3581 5745 ita
3632 5707 3699 5748 ut
