3934 6178
274 319 412 376 HIS

265 434 458 502 glorim
483 429 851 486 sat-erdmeni:
889 448 906 481 ι
940 429 1209 494 Peccavit,
1251 447 1268 480 ι
1301 427 1488 498 inquit,
1523 443 1540 476 ι
1579 425 1744 478 Adam
1783 424 1847 478 il-

269 525 358 578 lud
405 522 606 593 grande
653 532 945 590 peccatum,
988 531 1044 574 et
1079 535 1236 574 omne
1277 533 1444 588 genus
1493 514 1768 569 hominum
1799 513 1852 566 in

261 629 552 670 commune
595 611 865 666 damnavit
901 631 920 662 ι
965 609 1153 683 (Epist.
1185 609 1252 662 ad
1283 605 1684 678 Olympiadem).
1717 603 1852 658 Audi

261 708 433 761 etiam
471 705 521 758 in
553 703 735 757 Lazari
777 703 1180 757 resuscitatione
1207 700 1330 771 quid
1357 699 1536 762 dicat,
1569 707 1628 752 ut
1657 696 1854 750 intelli-

191 813 196 816 ·
263 812 364 871 gas
390 798 547 850 etiam
573 796 812 866 corporis
841 805 1064 850 mortem
1087 794 1152 849 de
1180 795 1267 846 illo
1293 792 1480 862 grandi
1508 789 1716 844 venisse
1735 803 1856 858 pec-

270 899 394 944 cato
436 907 450 942 :
495 907 515 941 ι
551 889 772 954 Flebat,
809 906 828 940 ι
867 887 1074 956 inqttit,
1112 905 1132 938 ι
1169 885 1434 947 Christus,
1475 883 1616 954 quod
1646 897 1738 938 eos
1765 881 1854 951 qui

271 979 606 1034 immortales
645 993 764 1033 esse
805 985 1110 1047 potuerunt,
1143 976 1388 1031 diabolus
1413 975 1540 1029 fecit
1566 989 1684 1028 esse
1713 988 1856 1026 mor-

274 1070 410 1122 tales
461 1088 480 1120 ι
516 1068 737 1139 (Homil.
769 1068 832 1121 dc
861 1067 1054 1121 Lazaro
1081 1064 1416 1138 resuscitato).
1461 1065 1595 1130 Ubi,
1636 1064 1859 1118 obsecro

273 1170 350 1223 te,
379 1159 622 1213 diabolus
647 1173 835 1212 omnes
875 1158 1118 1213 homines
1155 1157 1277 1212 fecit
1303 1172 1423 1212 esse
1448 1156 1724 1220 mortales,
1757 1154 1857 1209 nisi

274 1253 326 1304 in
368 1251 459 1304 illo
486 1250 568 1304 cui
611 1249 1061 1318 prmvaricationis
1086 1249 1275 1304 inﬂixit
1305 1259 1408 1304 tam
1446 1247 1646 1319 grande
1675 1262 1861 1317 pecca-

275 1356 412 1403 tum,
441 1359 546 1413 quo
572 1358 634 1398 ex
671 1343 895 1412 paradisi
918 1342 1240 1398 beatitudine
1266 1341 1317 1394 in
1341 1349 1538 1395 tantam
1567 1338 1856 1404 miseriam,

273 1450 436 1503 quam
483 1435 724 1488 videmus
765 1443 924 1504 atque
967 1433 1245 1497 sentimus,
1296 1445 1464 1501 genus
1513 1429 1862 1500 projiceretur

277 1524 624 1578 humanum?
684 1523 838 1590 Quod
903 1539 1008 1578 non
1077 1524 1190 1576 sola
1245 1537 1391 1576 mors
1436 1519 1714 1590 corporis,
1767 1518 1860 1572 sed

278 1614 448 1682 ipsius
491 1629 700 1684 quoque
741 1614 968 1680 animae,
1017 1629 1173 1682 quam
1226 1612 1569 1682 corruptibile
1614 1618 1861 1680 aggravat

276 1718 522 1772 corpus,
586 1702 724 1756 mala
780 1712 858 1758 tot
908 1711 964 1758 et
1020 1710 1162 1757 tanta
1231 1709 1529 1766 testantur,
1596 1708 1650 1754 et
1703 1713 1863 1769 grave

273 1793 462 1864 jugnm
505 1809 666 1864 super
701 1793 839 1848 ﬁlios
865 1792 1033 1848 Adam
1060 1808 1091 1846 a
1125 1791 1213 1848 die
1241 1792 1413 1848 exitus
1447 1791 1514 1846 de
1539 1799 1723 1846 ventre
1750 1805 1862 1844 ma-

277 1888 379 1942 tris
402 1902 584 1942 eorum
617 1905 630 1941 :
672 1887 771 1942 sub
805 1901 911 1957 quo
935 1886 1062 1957 jugo
1087 1895 1170 1940 est
1198 1886 1358 1940 etiam
1387 1883 1528 1954 quod
1559 1884 1611 1936 in
1653 1883 1863 1936 Psalmo

277 1978 503 2047 legitur,
549 1978 793 2033 Univerta
843 1977 1038 2032 vanitas
1088 1978 1248 2031 omnis
1289 1978 1438 2030 homo
1482 1975 1646 2028 vivens
1687 1973 1860 2042 (Psal.

275 2086 502 2137 xxxvnt,
545 2069 621 2142 6).
655 2068 785 2136 Quae
825 2076 882 2123 tu
925 2069 1064 2122 mala
1089 2067 1277 2122 nolens
1317 2066 1551 2120 tribuere
1578 2064 1652 2118 illi
1679 2062 1862 2132 grandi

279 2171 504 2230 peccato
532 2160 688 2231 primi
729 2159 982 2221 hominis,
1023 2158 1146 2228 quid
1176 2158 1310 2227 agis,
1338 2156 1439 2210 nisi
1470 2165 1634 2220 utea,
1668 2163 1723 2208 ttt
1750 2155 1865 2222 qui-

271 2253 406 2307 dem
453 2251 702 2320 paradiso
741 2251 882 2305 illius
910 2258 1019 2304 tam
1050 2264 1254 2319 magna:
1281 2246 1546 2301 felicitatis
1586 2245 1864 2316 importes,

273 2355 536 2412 tanquam
564 2351 618 2396 et
661 2342 768 2396 illic
807 2342 982 2395 futura
1019 2349 1218 2405 essent,
1264 2339 1308 2393 si
1349 2353 1507 2394 nemo
1554 2344 1864 2406 peccasset;

274 2435 559 2492 Manichzei
592 2451 717 2490 vero
745 2450 807 2489 ea
835 2435 1069 2489 tribuant
1094 2434 1236 2503 genti
1269 2431 1605 2488 tenebrarum
1632 2471 1648 2496 ,
1677 2445 1784 2484 non
1815 2438 1868 2485 te

275 2533 567 2580 accusante
609 2524 837 2587 confusi,
867 2524 961 2580 sed
1001 2523 1282 2593 adjuvante
1327 2520 1534 2584 conﬁsi,
1564 2520 1666 2574 nisi
1691 2528 1867 2574 tecum

280 2618 414 2671 ﬁant
455 2625 702 2685 tanquam
751 2616 1098 2670 invictissimo
1134 2613 1312 2684 gladio
1353 2612 1614 2667 catholica
1645 2611 1869 2666 veritate

276 2707 557 2762 confossi?
604 2705 718 2764 Non
760 2714 961 2770 autem,
995 2712 1051 2757 ut
1091 2703 1386 2768 insimulas,
1417 2699 1663 2764 dicimus,
1712 2719 1729 2752 t
1761 2699 1864 2756 Ne-

277 2798 412 2852 mini
455 2796 523 2851 de
575 2797 870 2866 primorum
921 2793 1192 2848 hominum
1237 2793 1406 2862 stirpe
1455 2791 1695 2846 nascenti
1748 2805 1868 2846 esse

279 2888 536 2959 possibile
601 2887 654 2941 in
703 2886 960 2940 virtutum
1024 2884 1218 2939 decora
1268 2883 1471 2938 conari.
1520 2901 1539 2934 »
1593 2883 1869 2937 Conantur

278 2979 426 3034 enim
447 2977 620 3040 multi,
646 2978 698 3032 in
721 2977 914 3046 quibus
934 2977 1074 3031 Deus
1092 2987 1344 3044 operatur
1366 2983 1420 3028 et
1442 2972 1580 3028 velle
1607 2971 1866 3044 (Philipp.

276 3087 346 3135 ιι,
382 3069 468 3140 l3)
509 3087 522 3122 :
567 3083 664 3124 nec
693 3069 809 3122 sine
839 3066 1011 3122 fructu
1041 3065 1396 3136 perventionis
1433 3064 1549 3133 ipso
1587 3064 1872 3132 adjavante

275 3171 564 3216 conantur.
613 3158 718 3214 Sed
759 3159 805 3212 si
849 3159 1082 3211 animam
1130 3169 1326 3224 corpus
1372 3153 1717 3222 corruptibile
1761 3169 1868 3210 non

275 3259 548 3322 gravaret,
575 3265 680 3305 non
707 3250 889 3317 utique
918 3255 1258 3302 conarentur.
1287 3247 1366 3299 Ac
1389 3259 1484 3313 per
1506 3243 1608 3299 hoc
1637 3245 1690 3298 in
1719 3257 1871 3315 para-

276 3343 403 3396 diso
433 3342 501 3410 (si
532 3356 692 3396 nemo
719 3346 1020 3411 peccasset,
1071 3345 1126 3391 et
1163 3351 1326 3406 super
1352 3336 1488 3389 ﬁlios
1517 3333 1684 3389 Adam
1711 3347 1872 3404 grave

275 3434 466 3504 iugum
499 3448 604 3487 non
633 3431 800 3501 esset)
823 3433 937 3487 sine
965 3439 1160 3485 conatu
1189 3428 1298 3483 Deo
1323 3441 1420 3482 suo
1445 3425 1597 3482 facile
1626 3435 1682 3480 et
1701 3425 1870 3481 fclici-

282 3535 368 3579 tcr
391 3525 692 3580 obedirent.

360 3615 492 3669 Vill.
539 3616 656 3670 ιω..
707 3615 922 3668 illorum
969 3627 1098 3683 ergo
1137 3611 1430 3681 primorum
1475 3609 1769 3674 hominum,
1816 3607 1869 3662 id

282 3716 390 3772 est,
417 3715 622 3760 tantum
645 3705 895 3771 duorum,
926 3702 1179 3774 opitulari
1201 3701 1299 3756 sibi
1324 3700 1532 3756 laudem
1561 3699 1866 3763 arbitratur,

281 3797 354 3851 ad
386 3796 783 3851 distinctionem
814 3796 951 3850 inter
976 3792 1296 3848 Manichzeos
1321 3801 1375 3846 et
1404 3791 1763 3844 Traducianos
1788 3797 1868 3842 te-

284 3889 518 3943 nendatn
566 3907 579 3942 :
631 3903 732 3956 qua
775 3888 1027 3956 Opinione
1074 3885 1213 3938 haud
1259 3883 1413 3937 facile
1451 3882 1738 3952 quidquam
1788 3880 1870 3935 vel

283 3981 608 4037 eminentius
639 3981 679 4046 ¹,
725 3980 806 4034 vel
840 3977 1200 4048 impudentius
1233 3974 1428 4030 offendi
1464 3983 1653 4043 potest.
1688 3971 1872 4026 Liber-

285 4083 388 4136 tas,
437 4071 626 4141 inquit,
671 4069 900 4136 arbitrii,
949 4076 1228 4137 postquam
1272 4080 1330 4120 sc
1379 4065 1452 4118 uti
1504 4063 1686 4132 t'tnpit,
1732 4061 1872 4116 vires

285 4176 412 4216 suas
459 4160 706 4228 perdidit.
758 4159 824 4213 Et
871 4167 929 4212 ut
972 4156 1214 4212 conversi
1257 4155 1322 4209 ad
1366 4169 1509 4218 eum,
1542 4152 1866 4222 pedetentim

285 4252 465 4305 omnia
499 4258 893 4320 perscrutemur
921 4265 932 4301 :
966 4246 1237 4302 conﬁteris
1271 4261 1462 4315 nempe
1502 4245 1726 4315 primunt
1771 4243 1865 4296 ho-

287 4344 486 4397 minem
517 4341 760 4396 eﬂ'ectum
785 4354 904 4395 esse
928 4338 1145 4393 arbitrio
1168 4339 1355 4400 libero,
1387 4337 1688 4404 bonumque
1709 4348 1736 4389 a
1762 4334 1872 4388 Deo

285 4435 580 4497 conditum,
622 4434 760 4487 nulla
801 4432 867 4487 ab
906 4429 1126 4485 exordio
1172 4428 1369 4497 peccati
1411 4427 1532 4481 tabe
1577 4425 1865 4494 pollutum;

287 4523 382 4578 sed
419 4524 738 4578 conditionis
776 4523 1018 4576 innocuae
1045 4528 1234 4587 sponte
1263 4518 1517 4586 deinceps
1549 4513 1867 4585 pracvarica-

290 4627 425 4678 tum,
458 4616 786 4670 coactionem
831 4610 1187 4666 inevitabilem
1217 4608 1422 4662 cunctis
1452 4623 1518 4661 ex
1547 4621 1604 4660 se
1631 4603 1872 4659 oriundis

289 4705 532 4760 intulisse
582 4702 854 4772 peccandi.
903 4701 1013 4756 lloc
1059 4707 1206 4754 certe
1257 4705 1340 4753 est
1382 4697 1568 4768 dogma
1615 4705 1870 4777 vestrum,

287 4797 430 4868 quod
477 4811 575 4851 nos
615 4795 683 4849 de
729 4793 1001 4849 Manichtci
1044 4806 1200 4847 emno
1231 4799 1487 4845 testamur
1531 4803 1867 4858 expressum,

286 4889 375 4958 qui
404 4894 462 4941 et
483 4887 646 4955 ipsius
668 4888 796 4939 Atla:
822 4895 1085 4948 naturam,
1118 4883 1241 4937 licet
1267 4882 1334 4937 de
1357 4882 1539 4950 prima:
1566 4889 1870 4934 concretam

289 4979 425 5032 ﬂore
453 4977 780 5040 substantiae,
809 4975 976 5029 multo
1001 4974 1276 5029 meliorem
1303 4971 1522 5035 secutis,
1550 4977 1730 5024 tamen
1754 4982 1870 5022 ma-

289 5070 394 5124 lum
428 5069 736 5124 naturaliter
763 5068 1028 5137 opinatur.

361 5159 497 5215 AUC.
539 5158 791 5228 Superius
831 5173 949 5228 qua:
992 5157 1130 5211 dicta
1175 5165 1316 5217 sunt,
1349 5155 1478 5207 satis
1517 5153 1767 5218 indicant,
1819 5160 1875 5208 et

281 5251 610 5310 catholicum
660 5249 851 5319 dogma
899 5257 1174 5314 nostrum,
1226 5256 1280 5301 et
1323 5247 1513 5315 dogma
1565 5245 1870 5300 htttreticum

283 5355 548 5409 vestrum,
594 5342 662 5396 de
708 5343 891 5412 primis
937 5340 1240 5395 hominibus
1284 5340 1605 5407 et'posleris
1643 5352 1870 5402 eorum;

285 5434 400 5493 illis
423 5434 584 5489 rectis
612 5448 642 5486 a
683 5433 794 5488 Deo
821 5432 1068 5497 conditis,
1117 5430 1232 5484 istis
1269 5436 1467 5491 autem,
1500 5427 1739 5497 quamvis
1780 5441 1872 5482 eo-

296 5525 417 5578 dem
445 5525 722 5580 conditore
747 5565 762 5590 ,
796 5535 972 5579 tamen
1000 5525 1066 5580 de
1094 5534 1278 5578 natura
1309 5531 1523 5591 peccato
1551 5521 1723 5574 vitiata
1751 5534 1870 5573 cum

294 5616 496 5685 [mutati
527 5615 738 5670 vinculo
782 5616 998 5678 exortis,
1031 5624 1185 5684 atque
1224 5627 1252 5667 a
1283 5612 1453 5667 salute
1486 5613 1535 5666 in
1577 5626 1674 5681 qua
1707 5609 1871 5666 homo

478 5718 748 5778 Pt'rnoe
789 5723 978 5784 XLV.

1657 309 1860 366 LIBER
1899 309 2186 366 SEXTUS.

3388 307 3524 363 15M

1959 423 2202 493 primitus
2228 422 2396 478 factus
2424 433 2505 478 est
2536 423 2584 477 in
2609 423 2937 494 contagionis
2965 423 3272 494 languorem
3303 434 3354 480 et
3389 441 3532 480 mor-

1961 515 2026 568 tis
2048 515 2417 584 necessitatem
2443 515 2663 585 originis
2690 514 2990 569 eonditiune
3017 514 3258 585 dejectis.
3312 515 3538 586 Propter

1959 605 2098 675 quod
2125 605 2202 660 eis
2228 621 2330 675 0pc
2355 621 2488 676 opus
2517 616 2599 661 est
2625 605 2935 672 Salvatoris,
2967 606 3054 676 qui
3087 607 3313 674 primum
3358 607 3533 663 salvos

1959 697 2086 752 facit
2115 699 2132 729 ¹
2170 699 2484 753 remissione
2521 698 2756 752 omnium
2797 709 3163 768 peccatorum;
3215 710 3332 768 post
3378 702 3536 755 etiam

1961 789 2197 844 omnium
2229 789 2505 843 sanatione
2529 787 2839 858 languorum
2870 788 3040 858 (Paul.
3069 804 3160 852 cn,
3192 790 3272 858 ὅ).
3303 789 3418 843 Jam
3450 791 3540 844 ba-

1962 881 2170 950 ptizatis
2200 880 2364 946 enim,
2398 890 2452 936 et
2479 881 2554 934 eis
2584 879 2672 949 qui
2695 880 2804 950 jam
2836 880 3091 950 Spiritum
3118 891 3358 935 sanctum
3386 896 3542 937 acce—

1963 982 2150 1041 perant
2193 971 2403 1026 diccbat
2435 972 2720 1042 Apostolus
2743 1012 2758 1038 ,
2799 969 2928 1026 Caro
2971 973 3276 1042 concupiscit
3305 974 3541 1025 adversus

1961 1065 2215 1133 spiritum,
2241 1066 2448 1134 spiritus
2472 1075 2636 1119 autent
2657 1063 2896 1119 adversus
2915 1081 3114 1118 carnem
3141 1083 3160 1119 :
3187 1067 3294 1118 lucc
3313 1066 3444 1118 enim
3465 1066 3542 1119 in-

1964 1157 2116 1209 vicem
2143 1156 2506 1220 adversantur;
2546 1165 2600 1209 ut
2625 1173 2725 1210 non
2749 1172 2809 1210 ea
2833 1145 2944 1225 qua:
2967 1157 3114 1210 vultis
3137 1198 3152 1221 ,
3185 1157 3380 1225 faciatis
3416 1156 3543 1227 (Ga-

1965 1248 2057 1305 lat.
2091 1264 2146 1314 v,
2183 1248 2291 1319 17).
2323 1248 2422 1304 Ubi
2455 1259 2504 1303 tu
2529 1249 2618 1318 qui
2649 1265 2808 1319 negas
2839 1248 3063 1303 liberum
3098 1249 3372 1303 arbitrium
3400 1249 3541 1304 vires

1964 1353 2088 1394 suas
2125 1339 2418 1408 perdidisse
2450 1339 2744 1408 peccando,
2797 1340 2847 1393 id
2897 1347 2999 1405 est,
3049 1339 3185 1394 male
3215 1355 3271 1394 se
3312 1339 3541 1402 utendo;

1964 1428 2089 1498 quid
2119 1429 2485 1500 respondebis,
2509 1429 2729 1484 audiens
2753 1430 2892 1500 quod
2913 1445 3073 1485 carne
3093 1431 3502 1500 concupiscentc
3522 1432 3543 1462 ¹

1964 1518 2218 1574 adversus
2243 1520 2507 1589 spiritum,
2539 1536 2643 1573 non
2676 1535 2737 1574 ea
2765 1536 2881 1590 qua:
2910 1522 3092 1575 volunt
3123 1521 3318 1576 faciant
3347 1532 3402 1577 et
3425 1522 3546 1576 (ideo
3596 1553 3602 1560 ι

1967 1611 2066 1675 les,
2096 1627 2200 1665 non
2227 1626 2289 1666 ea
2313 1627 2431 1682 quas
2454 1612 2637 1666 volunt
2658 1612 2849 1666 faciant
2869 1613 3028 1668 etiam
3051 1613 3103 1668 hi
3126 1615 3317 1684 quibus
3346 1625 3469 1669 sunt
3494 1616 3546 1670 in

1966 1700 2236 1772 Baptismo
2251 1701 2467 1756 dimissa
2492 1714 2738 1772 peccata;
2765 1718 2868 1757 non
2893 1718 2954 1758 ea
2981 1719 3100 1771 quae
3122 1705 3308 1758 volunt
3330 1706 3548 1771 faciant,

1966 1811 2100 1866 quos
2127 1793 2408 1865 Apostolus
2429 1810 2492 1850 ex
2517 1794 2696 1850 auditu
2719 1795 2838 1851 ﬁdei
2864 1795 2988 1851 dicit
3005 1797 3274 1866 accepisse
3295 1797 3548 1867 Spiritum

1966 1885 2207 1942 sanctum
2246 1885 2354 1956 (Id.
2379 1903 2457 1952 ιιι,
2490 1887 2544 1957 2)
2572 1907 2584 1942 :
2614 1897 2880 1956 postremo
2907 1903 3012 1942 non
3037 1903 3096 1943 ea
3119 1905 3236 1957 qua:
3264 1889 3450 1944 volunt
3471 1889 3550 1943 fa-

1967 1978 2114 2032 ciant
2144 1992 2237 2046 per
2275 1977 2496 2032 liberam
2525 1977 2874 2042 voluntatem,
2902 1991 3034 2048 quos
3068 1979 3142 2032 ait
3185 1978 3324 2032 idem
3364 1979 3552 2034 doctor

1968 2067 2241 2135 Gentium,
2274 2077 2490 2123 vocatos
2521 2068 2574 2122 in
2598 2068 2895 2123 libertatem
2923 2067 3035 2137 (Id.
3066 2084 3116 2134 v,
3153 2067 3287 2140 13)?
3319 2069 3542 2134 Deinde,

1971 2167 2076 2214 tam
2104 2157 2336 2214 disertus
2361 2157 2612 2212 defensor
2639 2159 2751 2225 ipse
2776 2157 3008 2212 libidinis
3034 2200 3046 2220 ,
3080 2158 3168 2228 qui
3202 2159 3346 2213 velut
3375 2166 3551 2227 patro«

1970 2264 2071 2304 nus
2097 2249 2340 2319 egregius
2366 2263 2461 2318 pro
2490 2257 2732 2318 suscepta
2765 2258 2847 2302 tua
2880 2257 3080 2302 tantum
3103 2248 3267 2303 audes
3291 2288 3306 2313 ,
3337 2261 3393 2302 ιιι
3417 2264 3551 2303 con-

1973 2339 2285 2409 piscentiam
2312 2339 2508 2405 carnis,
2535 2353 2638 2408 qua
2659 2338 2983 2407 concupiscit
3003 2337 3257 2392 adversus
3283 2338 3549 2407 spiritum,

1971 2433 2131 2486 etiam
2160 2431 2211 2486 in
2242 2431 2490 2501 paradiso
2530 2447 2636 2486 non
2663 2430 2868 2485 dubites
2901 2429 3058 2484 fuisse
3088 2443 3214 2484 ante
3241 2439 3552 2498 peccatum;

1973 2537 2076 2576 non
2099 2521 2251 2576 vides
2270 2521 2334 2574 ad
2354 2521 2454 2574 hoc
2473 2530 2525 2574 te
2544 2520 2812 2589 compelli,
2831 2527 2887 2574 ut
2906 2519 3050 2573 dicas
3066 2534 3164 2573 nec
3186 2527 3308 2574 tunc
3326 2519 3485 2575 luisse
3503 2521 3553 2574 in

1971 2613 2074 2667 illis
2105 2612 2287 2682 primis
2323 2611 2625 2666 hominibus
2653 2611 2922 2666 eﬂicacem
2949 2611 3169 2666 liberam
3189 2611 3555 2665 voluntatem?

1969 2700 2025 2757 Si
2055 2701 2195 2756 enim
2213 2711 2266 2756 et
2289 2710 2415 2755 tunc
2437 2714 2564 2756 caro
2584 2700 2994 2769 concupiscebat
3013 2701 3267 2756 adversus
3287 2701 3552 2770 spiritum,

1972 2808 2076 2847 non
2095 2807 2156 2845 ea
2171 2807 2288 2862 qua:
2304 2791 2552 2846 volebant
2572 2790 2751 2861 utique
2773 2789 3056 2846 faciebant.
3075 2791 3178 2846 Sed
3200 2792 3448 2861 quoniam
3465 2805 3557 2861 per

1971 2883 2195 2939 liberum
2224 2883 2520 2950 arbitrium,
2549 2882 2688 2952 quod
2731 2889 2853 2937 tunc
2892 2882 3261 2953 integerrimas
3287 2883 3430 2938 vires
3457 2881 3554 2936 ba-

1972 2975 2107 3040 bttit,
2131 2990 2193 3030 ea
2219 2974 2483 3029 faciebant
2507 2973 2692 3044 procul
2719 2972 2879 3027 dubio
2909 2988 3026 3042 qua:
3060 2973 3329 3036 volebant,
3365 2972 3415 3026 id
3452 2985 3555 3034 est,

1972 3064 2165 3120 divinae
2207 3065 2306 3134 legi
2351 3079 2455 3118 non
2485 3063 2657 3118 solum
2707 3063 2850 3116 nulla
2892 3062 3342 3131 impossibilitate,
3374 3077 3558 3117 verum

1974 3155 2133 3209 etiam
2163 3154 2304 3208 nulla
2330 3152 2645 3208 difﬁcultate
2687 3151 2992 3207 serviebant
3036 3168 3049 3204 :
3092 3158 3178 3208 tua
3207 3151 3285 3205 ibi
3310 3160 3558 3220 suscepta

1976 3259 2081 3300 non
2110 3244 2225 3310 fuit,
2251 3258 2353 3313 qua
2379 3258 2502 3298 caro
2521 3243 2849 3313 concupiscit
2872 3242 3131 3297 adversus
3155 3242 3426 3312 spiritum;
3463 3258 3556 3312 per

1973 3351 2129 3405 quam
2162 3336 2220 3389 ﬁt
2247 3344 2302 3389 ut
2331 3334 2572 3389 homines
2596 3335 2702 3404 jam
2735 3335 2894 3390 etiam
2923 3350 3016 3404 per
3041 3333 3199 3389 fidem
3225 3333 3468 3388 conversi
3490 3333 3557 3387 ad

1977 3427 2174 3494 Deum,
2200 3429 2308 3496 jam
2338 3426 2581 3496 baptizati
2603 3468 2617 3490 ,
2647 3425 2957 3481 sanctiﬁcati
2979 3466 2992 3486 ,
3038 3425 3090 3478 in
3123 3409 3422 3479 libertatem
3455 3437 3552 3476 vo-

1973 3520 2077 3574 cati
2101 3559 2119 3587 ,
2148 3535 2252 3574 non
2286 3520 2479 3574 iaciant
2506 3519 2556 3573 in
2584 3518 2964 3587 exstinguenda
3000 3517 3185 3572 vitiosa
3210 3516 3560 3571 delectatione

1973 3627 2093 3682 qua:
2121 3610 2321 3664 volunt.
2366 3609 2824 3679 Vcrissimumque
2867 3608 2994 3663 illud
3022 3618 3133 3673 est,
3161 3607 3303 3678 quod
3335 3623 3431 3677 per
3459 3624 3558 3661 au-

1977 3702 2194 3756 tistitem
2229 3699 2564 3756 Ambrosium
2595 3698 2723 3753 ﬁdes
2757 3699 3014 3754 catholica
3042 3698 3196 3764 dixit,
3243 3698 3345 3752 hoc
3373 3699 3560 3752 vitium

1974 3807 2080 3861 quo
2105 3805 2231 3845 caro
2259 3789 2587 3858 concupiscit
2614 3789 2873 3843 adversus
2895 3789 3160 3858 spiritum,
3193 3802 3288 3856 per
3314 3789 3562 3856 prrevari-

1975 3883 2239 3936 cntionem
2289 3879 2442 3948 primi
2494 3878 2725 3932 hominis
2779 3879 2831 3932 in
2870 3887 3105 3932 nostram
3147 3879 3369 3950 vertisse
3413 3889 3562 3933 natu-

1975 3988 2088 4027 ram
2118 3970 2254 4038 (Lib.
2296 3970 2328 4023 7
2360 3970 2414 4022 in
2453 3969 2580 4022 Luc.
2612 3985 2705 4032 xu,
2739 3969 2855 4038 53).
2887 3967 3003 4034 Quo
3046 3969 3151 4022 telo
3193 3968 3482 4022 inevitabili
3511 3978 3566 4024 ει

1979 4062 2321 4133 insuperabili
2351 4062 2586 4115 veritatis
2611 4101 2626 4126 ,
2658 4067 2714 4113 et
2741 4059 3063 4114 Manichqu
3093 4059 3438 4113 obtruncatur
3463 4101 3480 4124 ,
3509 4069 3567 4116 et

1978 4165 2054 4210 ιιι.
2082 4155 2253 4210 Ambo
2278 4154 2473 4224 quippe
2503 4153 2554 4207 in
2582 4153 2680 4208 hac
2705 4169 2783 4219 re,
2813 4151 2990 4208 videto
3017 4153 3038 4183 ³
3062 4152 3182 4222 quis
3209 4163 3442 4206 vestrum
3473 4169 3561 4222 pc-

1975 4249 2061 4318 jus
2080 4289 2094 4311 ,
2125 4257 2301 4302 tamen
2327 4260 2546 4316 prorsus
2570 4246 2762 4301 erratis
2792 4264 2805 4300 :
2836 4253 2890 4298 ιιι
2933 4255 3214 4316 propterea
3238 4286 3252 4307 ,
3289 4245 3412 4314 quia
3439 4263 3564 4299 con-

1978 4339 2150 4394 tendis
2170 4337 2308 4407 quod
2329 4338 2428 4392 ista
2450 4336 2749 4407 pestilentia
2771 4336 2965 4390 malum
2983 4349 3087 4388 non
3109 4335 3177 4389 sit
3200 4351 3214 4398 ;
3251 4334 3336 4389 ille
3357 4343 3559 4395 autem,

1976 4431 2098 4501 quia
2143 4429 2338 4483 malum
2366 4428 2580 4498 quidem
2616 4428 2871 4496 agnoscit,
2906 4425 3000 4480 sed
3037 4425 3176 4480 unde
3196 4426 3264 4479 sit
3291 4426 3481 4492 nescit,
3514 4435 3564 4478 ct

1978 4521 2082 4575 ﬁde
2130 4517 2390 4574 catholica
2448 4518 2734 4572 destitutus
2777 4516 3004 4571 fabulam
3059 4515 3458 4570 mendaciorum
3509 4524 3563 4570 et

1980 4611 2363 4682 turpitudinum
2411 4609 2618 4678 plenam
2647 4647 2663 4673 ,
2709 4607 2776 4662 de
2812 4606 3034 4660 duarum
3083 4614 3392 4660 naturarum
3438 4604 3564 4660 boni

1977 4706 2182 4760 scilicet
2227 4713 2280 4758 et
2331 4701 2456 4756 mali
2507 4699 2858 4770 permixtione
2905 4697 3194 4766 componit.
3242 4697 3394 4750 Nunc
3437 4712 3564 4763 ergo

1980 4807 2158 4851 nostra
2191 4793 2391 4864 justitia
2421 4801 2525 4856 est,
2553 4800 2610 4845 ut
2631 4789 2902 4861 iustiﬁcati
2937 4804 3028 4858 per
3056 4787 3212 4843 ﬁdem
3254 4802 3438 4856 pacem
3467 4788 3560 4840 ha-

1979 4887 2196 4941 beamus
2234 4885 2302 4938 ad
2352 4883 2515 4937 Deum
2560 4882 2738 4952 (Rom.
2771 4896 2823 4945 v,
2872 4881 2958 4947 l);
3005 4887 3187 4932 contra
3221 4892 3347 4931 vero
3385 4875 3566 4934 carnis

1978 4973 2464 5044 concupiscentiam
2527 4987 2623 5026 nos
2664 4977 3078 5040 oppugnantem,
3120 4983 3213 5037 per
3257 4968 3424 5038 ipsius
3465 4968 3560 5023 Dei

1979 5067 2228 5120 auxilium
2275 5069 2603 5132 repugnante
2633 5059 2653 5091 ⁸
2705 5059 2894 5128 Spiritu
2940 5056 3275 5112 dimicemus.
3317 5057 3432 5112 Non
3476 5069 3558 5113 est

1979 5174 2106 5229 ergo
2130 5158 2288 5224 hujus
2317 5156 2436 5208 vitae
2459 5153 2684 5223 justitia,
2718 5150 2900 5204 vitium
2928 5163 3033 5204 non
3064 5147 3286 5213 habere;
3316 5147 3410 5202 sed
3437 5147 3559 5202 vitia

1980 5265 2084 5302 non
2133 5247 2212 5300 eis
2257 5241 2642 5298 consentiendo
2696 5240 2956 5305 minuere,
3009 5237 3192 5307 eisque
3239 5235 3557 5301 resistendo,

1982 5344 2335 5405 temperanter
2363 5343 2413 5386 et
2439 5333 2580 5401 juste
2605 5339 2658 5384 et
2689 5331 2771 5399 pie
2801 5329 3000 5384 vivere.
3033 5327 3247 5382 Nullum
3278 5333 3455 5377 autem
3480 5327 3561 5378 cui

1979 5430 2290 5484 resistamus
2321 5425 2516 5478 habere
2561 5423 2766 5487 vitium,
2812 5419 3123 5491 posterioris
3153 5425 3229 5470 est
3271 5413 3413 5480 vitae,
3446 5430 3559 5485 quat

2044 5539 2059 5571 ¹
2095 5541 2168 5588 Sic
2189 5545 2295 5586 Mss.
2331 5535 2465 5591 editi,
2488 5531 2617 5595 fecit.
2748 5594 2751 5595 ν
3239 5585 3249 5595 ⁸

2043 5603 2062 5631 ι
2099 5600 2388 5660 \‘igniet'itts,
2409 5590 2800 5660 concupiscendo.
2828 5603 2880 5646 Αι
2901 5600 3027 5648 διες..
3051 5590 3430 5648 cancupiscentc.

2045 5664 2065 5692 ³
2100 5656 2248 5709 ι’ἑιιιε
2267 5659 2421 5710 codex
2441 5656 2580 5715 (.‘lar.',
2605 5657 2782 5707 videre.
3298 5681 3310 5693 --

2044 5723 2062 5754 ⁸
2097 5729 2161 5772 tta
2187 5728 2286 5770 Mss.
2309 5719 2429 5770 καίει
2454 5727 2636 5779 autem,
2662 5724 2996 5782 repugnantes.

2775 5758 3058 5870 Ξ
3069 5758 3363 5873 ιε-Ιιιιιι.)
