3934 6178
187 395 312 452 151⁸1

187 514 305 565 bore
330 514 418 560 aut
434 503 619 559 dolore
645 501 696 555 id
723 506 1093 568 assequeretur
1116 495 1268 550 beata
1291 501 1498 556 natura,
1521 490 1603 544 vel
1630 487 1745 542 Deo

185 599 420 658 docente,
451 592 532 647 vel
557 605 616 645 se
640 591 774 659 ipsa.
804 587 956 642 Unde
975 587 1093 656 quis
1122 600 1228 639 non
1253 583 1535 650 intelligat,
1568 579 1622 632 in
1651 579 1750 632 hac

186 691 281 743 vita
310 687 466 741 etiam
495 691 756 738 tormenta
783 679 1096 734 discentium
1120 677 1182 731 ad
1213 675 1459 730 miserias
1477 672 1634 741 hujus
1653 684 1760 724 sm-

186 778 303 840 culi,
324 775 461 844 quod
489 788 552 828 ex
575 785 681 825 uno
707 771 761 824 in
783 767 1280 824 condemnationem
1304 769 1648 834 pr0pagatum
1673 767 1757 812 est

188 871 354 943 (Rom.
386 883 434 930 ν,
467 863 578 936 16),
607 861 910 933 pertinere?
941 859 1037 916 Ubi
1063 859 1221 913 etiam
1249 857 1501 911 miserum
1534 852 1635 943 hoc
1649 857 1752 943 est,

187 941 401 1014 miseras
433 965 640 1011 mentes
682 951 823 1007 nolle
861 950 1002 1020 quod
1048 950 1248 1003 bonum
1283 954 1399 1010 est;
1439 943 1522 998 vel
1562 942 1606 996 si
1647 941 1758 1010 jam

188 1058 358 1121 parata
387 1056 473 1102 est
501 1047 789 1102 voluntasa
822 1044 1045 1098 Domino
1087 1037 1270 1108 (Prov.
1293 1051 1407 1101 vni,
1432 1050 1534 1088 sec.
1565 1030 1756 1100 LXX),

187 1141 406 1195 clamare
453 1147 630 1190 tamen
660 1135 833 1189 adhuc
871 1147 993 1187 eum
1021 1131 1109 1199 qui
1141 1129 1192 1183 in
1225 1133 1326 1183 hoc
1365 1125 1493 1180 vivit
1538 1122 1756 1187 stt-culo,

199 1230 326 1284 Velle
344 1229 546 1299 adjacet
567 1227 687 1280 mihi
708 1241 728 1289 ;
753 1225 989 1296 perﬁcere
1017 1232 1184 1276 autem
1213 1219 1420 1283 bonum,
1450 1232 1552 1270 non
1577 1214 1756 1284 (Rom.

187 1337 274 1384 vn,
304 1319 414 1387 l8).
448 1317 558 1372 Hoc
579 1317 622 1370 si
651 1324 854 1378 teneas,
886 1312 1206 1367 Manichmos
1227 1311 1411 1364 vinces
1440 1325 1453 1361 :
1486 1305 1608 1376 quia
1636 1318 1764 1360 vero

190 1427 286 1466 non
311 1420 485 1475 tenes,
518 1417 772 1476 utrosque
796 1414 1036 1461 vestrum
1064 1403 1229 1458 vincit
1257 1402 1372 1456 haec
1397 1400 1548 1454 ﬁdes.

255 1501 322 1555 Χ.
344 1501 464 1556 ιω..
489 1499 640 1554 Nunc
663 1498 822 1567 igitur
847 1495 1170 1565 approbetur
1190 1491 1330 1562 quod
1348 1490 1598 1554 diximus,
1618 1487 1765 1541 nullo

189 1611 216 1649 a
245 1591 551 1646 Manichaeis
567 1598 800 1644 vestrum
821 1587 1011 1657 dogma
1041 1584 1274 1639 diﬁ'erre.
1304 1582 1420 1637 Non
1444 1589 1527 1635 est
1548 1578 1764 1633 omnino

190 1681 422 1746 dubium,
475 1680 667 1734 factam
705 1677 992 1747 pessimam
1031 1673 1199 1743 ipsius
1244 1671 1374 1727 Adae
1410 1680 1670 1730 naturam,
1721 1666 1764 1720 si

191 1771 286 1827 hac
310 1779 394 1824 est
419 1768 726 1824 conditione
763 1766 1006 1830 formata,
1034 1772 1091 1816 ut
1118 1762 1340 1817 haberet
1379 1760 1504 1814 mali
1533 1755 1766 1813 necessi-

192 1871 368 1925 tatem,
410 1875 528 1930 quze
570 1873 673 1912 non
721 1855 950 1910 habebat
991 1853 1156 1918 boni;
1209 1851 1262 1906 id
1296 1859 1396 1915 est,
1442 1857 1502 1904 ut
1540 1849 1764 1910 crimen,

189 1952 393 2008 etiamsi
420 1951 608 2006 fuisset
631 1950 901 2004 voluntate
927 1953 1263 2016 conceptum,
1310 1951 1486 1998 tamen
1531 1940 1681 1995 ﬁeret
1715 1939 1766 1994 in

189 2057 246 2096 ea
277 2041 544 2106 naturale,
593 2040 646 2095 in
672 2053 772 2108 qua
803 2037 1016 2092 bonitas
1040 2050 1142 2090 non
1177 2033 1328 2089 ﬁeret
1349 2031 1607 2088 naturalis
1635 2047 1649 2082 :
1674 2028 1770 2082 l‘al—

187 2147 350 2202 soque
393 2131 590 2187 dicitur
635 2131 907 2185 voluntate
960 2141 1246 2196 peccasse,
1295 2125 1386 2195 qui
1433 2122 1770 2193 nequissima:

184 2222 509 2278 conditionis
534 2219 844 2289 prtejudicio
862 2217 1142 2272 laboravit.
1171 2216 1406 2285 Apparet
1420 2213 1584 2277 enim,
1612 2225 1770 2280 quam

187 2314 397 2366 vinctus
427 2311 445 2342 ¹
472 2309 614 2364 malo
656 2307 835 2374 fuerit,
885 2307 975 2378 qui
1013 2314 1128 2361 erat
1171 2303 1397 2359 crimine
1438 2299 1773 2371 inseparabili

187 2398 508 2456 larciendus.
557 2397 694 2466 Quid
740 2397 882 2452 enim
912 2396 1062 2466 pejus
1095 2410 1156 2450 ea
1187 2394 1351 2465 quibo
1380 2393 1622 2446 invenire
1647 2389 1774 2444 sub-

190 2492 402 2556 stantia,
434 2506 556 2558 qua:
585 2492 718 2544 facta
736 2499 818 2544 est
846 2496 904 2542 ut
931 2488 982 2541 in
1013 2487 1345 2557 iniquitatem
1369 2490 1551 2554 posset
1573 2481 1775 2536 incide-

193 2598 265 2646 re,
293 2591 347 2637 et
372 2581 626 2635 recedere
651 2580 719 2633 ab
757 2578 1032 2648 iniquitate
1061 2592 1166 2631 non
1197 2575 1426 2645 posset?
1465 2573 1613 2628 Hanc
1648 2573 1692 2625 si
1720 2571 1772 2625 in

193 2672 313 2729 boni
340 2680 494 2742 parte
520 2669 826 2724 violentiam
854 2666 1181 2737 pertulisset.
1232 2664 1276 2718 si
1322 2663 1550 2719 liberum
1598 2659 1774 2730 perdi-

197 2764 352 2818 disset
379 2762 679 2824 arbitrium,
726 2768 900 2814 tamen
948 2757 1078 2812 nihil
1108 2761 1413 2810 accusasset
1453 2759 1770 2814 aut-torem;

198 2854 308 2924 quia
334 2867 495 2908 nemo
519 2852 568 2906 ei
594 2850 661 2905 de
685 2849 856 2918 copiis
889 2847 1234 2917 benignitatis
1259 2845 1609 2915 quaestionem
1654 2857 1773 2896 mo-

199 2951 339 2998 veret
366 2959 380 2994 :
408 2956 531 2996 cum
562 2954 693 2994 vero
722 2939 776 2993 in
803 2937 926 2992 mali
949 2944 1105 3006 parte
1132 2933 1426 2990 dominatio
1456 2933 1576 2987 talis
1603 2930 1776 2987 collo-

199 3046 337 3088 catur
364 3073 380 3096 ,
429 3032 701 3087 neminem
731 3030 898 3099 magis
927 3043 1086 3099 quam
1114 3029 1286 3096 ipsum
1331 3025 1564 3081 hominis
1603 3023 1778 3094 arguit

201 3122 546 3189 conditorem,
578 3129 632 3175 et
657 3133 982 3190 supervacua
1014 3117 1416 3173 criminatorum
1447 3129 1689 3179 suorum,
1723 3113 1776 3168 id

201 3219 294 3278 est,
323 3222 523 3276 vestra,
557 3211 696 3266 Deus
737 3210 856 3264 talis
882 3208 1183 3263 adulatione
1214 3207 1474 3277 palpatur,
1515 3205 1603 3274 qui
1639 3203 1802 3258 amir

205 3305 440 3359 cissimus
467 3303 687 3358 malitia
709 3344 724 3370 ,
751 3302 1039 3357 creationis
1098 3315 1210 3355 sua:
1243 3298 1480 3354 foeditate
1507 3297 1778 3379 convinci-

208 3403 300 3449 tur.
343 3395 436 3450 Cui
469 3393 954 3463 enim.persuaderi
984 3399 1180 3462 potest,
1228 3390 1458 3459 primum
1506 3387 1775 3442 hominem

206 3501 298 3540 non
322 3485 622 3540 destinasse
649 3481 981 3548 criminibus,
1015 3481 1060 3535 si
1095 3481 1242 3534 illum
1284 3477 1670 3534 emendationis
1699 3478 1777 3532 fa-

207 3579 383 3632 cultate
413 3575 682 3647 privavit;
715 3575 760 3628 si
784 3582 888 3628 tam
915 3588 1080 3644 pravo
1109 3571 1286 3626 aﬁ‘ecit
1313 3571 1513 3637 animo,
1540 3580 1598 3625 ut
1625 3585 1780 3625 error

207 3683 320 3721 suns
347 3669 394 3722 ei
423 3666 716 3736 displicere
748 3679 852 3718 non
891 3671 1092 3732 posset,
1124 3671 1182 3716 ut
1224 3662 1424 3715 nullum
1466 3660 1684 3715 haberet
1712 3659 1779 3713 ad

209 3754 530 3811 honestatem
582 3768 908 3824 regressum,
945 3766 1042 3807 nec
1081 3752 1237 3804 ﬁeret
1275 3758 1395 3819 post
1415 3749 1777 3818 experimenta

209 3850 501 3913 correctior,
559 3861 622 3901 ac
659 3861 728 3901 ne
779 3845 916 3900 forte
955 3841 1332 3912 recuperandae
1375 3839 1656 3909 probitatis
1685 3854 1784 3893 un-

212 3951 350 4006 quam
378 3938 606 3991 sentiret
629 3934 902 4000 aiTectum,
944 3933 1113 4003 ipsam
1142 3933 1191 3986 ei
1228 3931 1628 4001 possibilitatem
1655 3944 1778 3984 cor-

213 4028 446 4084 rectionis
469 4027 702 4084 evellit?
741 4027 971 4081 Prorsus
1011 4026 1056 4079 si
1089 4023 1209 4078 talis
1249 4022 1366 4093 ejus
1388 4021 1622 4076 conditio
1661 4019 1780 4086 fuit,

216 4127 268 4170 ut
310 4119 561 4188 quamdiu
609 4119 661 4171 in
713 4117 812 4171 hac
863 4117 968 4170 vita
1011 4122 1147 4181 erat,
1179 4128 1288 4168 uno
1330 4113 1481 4181 lapsu
1532 4111 1782 4166 virtutem

217 4209 590 4265 emendationis
636 4209 940 4272 amitteret,
985 4220 1093 4260 non
1134 4213 1219 4260 est
1255 4203 1326 4258 ob
1345 4202 1490 4258 aliud
1519 4217 1676 4272 quam
1727 4209 1785 4256 ut

218 4298 413 4354 caderet
451 4300 754 4363 institutus;
815 4299 922 4352 imo
948 4311 1049 4350 nec
1075 4295 1362 4360 corruisse,
1415 4293 1509 4349 sed
1551 4293 1784 4363 jaeuisse

219 4400 410 4457 semper
435 4388 619 4443 verius
644 4386 857 4451 dicitur,
892 4386 980 4455 qui
1022 4400 1126 4439 non
1174 4384 1384 4449 sinitur,
1425 4392 1681 4451 quantum
1708 4381 1783 4435 ad

220 4491 380 4534 mores
403 4486 631 4548 spectat,
661 4491 965 4546 exsurgere.
1010 4475 1192 4543 Qualis
1215 4489 1345 4544 ergo
1370 4473 1468 4528 fuit
1495 4474 1585 4528 illa
1626 4474 1786 4529 liber-

223 4573 311 4628 tas,
336 4582 450 4636 qua:
473 4567 522 4622 ei
551 4567 739 4620 collata
769 4565 913 4634 prius
941 4563 1216 4626 creditur;
1264 4563 1307 4617 si
1338 4577 1369 4616 e
1402 4561 1605 4616 duabus
1653 4577 1782 4616 con-

223 4660 383 4714 trariis
410 4658 752 4730 qualitatibus
791 4656 1026 4726 pejorem
1058 4671 1087 4708 a
1142 4654 1462 4719 necessario,
1506 4654 1781 4708 meliorem

226 4762 251 4800 a
275 4750 497 4805 mutabili
530 4748 842 4817 capessebat
866 4764 880 4813 ;
926 4746 1035 4800 imo
1065 4760 1094 4800 a
1123 4743 1400 4816 tyrannide
1426 4742 1662 4798 criminis
1687 4757 1782 4798 oc—

223 4849 416 4906 cupata,
447 4839 843 4909 despoliabatur
869 4835 1253 4906 resipiscentite
1290 4834 1560 4889 facultate.
1589 4833 1784 4888 Teter-

227 4929 380 4984 rimus
399 4946 523 5001 ergo
551 4931 705 5000 primi
730 4929 960 4983 hominis
985 4937 1157 4982 status
1176 4927 1242 4982 ab
1267 4927 1384 4995 ipso
1413 4924 1656 4988 exordio,
1687 4924 1786 4979 sia

230 5018 326 5073 Deo
344 5030 422 5076 est
449 5031 554 5076 tam
586 5020 867 5076 infeliciter
901 5019 1191 5081 institutus,
1223 5025 1279 5071 ut
1319 5017 1556 5071 ruiturus
1598 5014 1652 5069 in
1680 5014 1784 5069 cri-

229 5123 338 5165 men
364 5121 612 5182 perpetua
643 5111 894 5181 peccandi
920 5111 1237 5165 necessitate
1263 5109 1536 5179 ligaretur.

293 5204 416 5257 Ilus.
459 5203 563 5258 Res
591 5202 744 5268 dicis,
767 5215 900 5273 quas
926 5201 970 5256 si
997 5199 1150 5278 nobis
1170 5200 1357 5255 saltem
1379 5198 1786 5255 admonentibus

229 5291 549 5348 considerare
578 5308 681 5348 non
722 5291 955 5362 negligas
977 5333 992 5359 ,
1023 5292 1182 5346 etiam
1213 5290 1305 5345 tibi
1336 5289 1473 5360 ipsi,
1501 5298 1786 5360 quantum-

233 5379 350 5436 libet
366 5384 437 5437 sis
460 5385 758 5454 impudens,
779 5382 1078 5439 erubescas.
1117 5379 1224 5436 Cur
1243 5380 1384 5436 enim
1407 5394 1511 5434 non
1532 5378 1783 5444 sttendis,

232 5471 271 5525 si
309 5476 526 5543 pessima
563 5486 645 5532 est
685 5477 822 5530 facta
864 5483 1084 5538 natura,
1128 5487 1247 5544 qua:
1286 5472 1557 5526 voluntate
1594 5470 1787 5541 injusta

239 5559 439 5620 incurrit
465 5567 518 5622 in
542 5567 741 5622 malum
765 5607 780 5633 ,
807 5580 962 5637 paena
993 5578 1120 5619 vero
1149 5563 1340 5633 injuste
1365 5578 1471 5619 non
1499 5569 1673 5632 potest
1694 5576 1785 5617 re-

235 5667 432 5714 currere
454 5659 504 5714 in
524 5659 720 5716 bonum
735 5701 751 5726 ,
779 5674 884 5715 non
908 5657 1190 5714 humanam
1217 5672 1374 5728 quam
1401 5656 1554 5712 nobis
1573 5654 1782 5726 objicis,

293 5787 310 5819 ¹
340 5795 386 5840 tn
415 5797 538 5853 κει,
553 5793 764 5855 junctus.

1544 373 1746 430 LIBER
1782 367 2073 427 SEXTUS.

3299 355 3436 412 1518

1865 480 1958 538 sed
1985 478 2275 550 angelicam
2319 491 2528 547 quoque
2575 484 2816 531 natumut
2866 472 3148 546 pessimam
3197 471 3431 527 factam?

1859 573 1971 629 Nisi
2001 573 2138 628 forte
2158 571 2323 631 dices.
2353 570 2512 624 etiam
2539 568 2807 624 diabolum
2833 567 3102 622 voluntate
3126 582 3155 619 a
3185 566 3326 621 bono
3352 563 3433 619 la-

1861 676 2036 732 psum,
2059 662 2103 716 si
2131 660 2377 722 voluerit,
2403 667 2456 713 et
2481 657 2695 728 quando
2719 656 2966 720 voluerit,
2993 661 3044 710 in
3074 655 3269 710 bonum
3293 653 3436 724 quod

1859 751 2098 806 deseruit
2142 763 2512 812 reversurum;
2564 757 2617 802 et
2661 746 2901 817 Origenis
2927 746 3080 801 nobis
3118 745 3439 800 instaurabis

1861 855 2120 896 errorem.
2151 838 2302 906 Quod
2332 840 2375 892 si
2417 853 2521 892 non
2566 836 2726 900 facis;
2773 836 2914 905 quod
2942 837 3118 890 dixisti
3150 836 3395 890 incautus
3420 874 3435 898 ,

1861 931 2070 1000 corrige
2123 929 2425 983 admonitus
2467 946 2479 981 :
2524 936 2579 983 et
2625 929 2884 983 conlitere
2928 928 3120 981 bonam
3170 927 3440 982 conditam

1861 1034 1984 1076 esse
2012 1029 2272 1083 naturam,
2299 1034 2419 1088 quas
2447 1018 2500 1073 in
2528 1018 2722 1072 malum
2752 1016 2892 1086 quod
2921 1015 3062 1082 fecit,
3088 1017 3230 1070 nulla
3258 1031 3443 1072 neces-

1863 1111 2018 1165 sitate
2061 1110 2332 1177 compulsa
2359 1151 2374 1176 ,
2407 1109 2500 1164 sed
2547 1122 2641 1163 sua
2671 1109 2941 1162 voluntate
2976 1107 3207 1177 collapsa
3254 1115 3356 1161 est.
3389 1107 3446 1162 in

1863 1201 2060 1255 bonum
2091 1208 2268 1254 autem
2297 1199 2438 1269 quod
2479 1199 2730 1268 reliquit,
2761 1197 2926 1254 solius
2958 1197 3050 1252 Dei
3087 1196 3254 1267 gratia
3295 1212 3447 1251 revo-

1865 1291 1974 1345 cari
2004 1299 2213 1360 potest,
2247 1305 2349 1344 non
2378 1290 2645 1344 voluntate
2680 1289 2696 1320 ¹
2746 1288 3003 1345 libertatis
3025 1329 3042 1356 ,
3069 1303 3228 1358 quam
3256 1289 3451 1343 merito

1867 1381 2160 1450 iniquitatis
2189 1381 2386 1436 amisit.
2417 1381 2601 1435 Potest
2624 1380 2820 1450 quippe
2848 1390 2900 1436 et
2929 1381 3086 1444 alius,
3116 1379 3362 1434 similiter
3392 1386 3451 1434 ut

1868 1479 1924 1526 tu
1948 1486 2154 1534 errans,
2183 1470 2383 1537 dicere,
2412 1471 2547 1538 Quid
2578 1471 2726 1540 pejus
2755 1485 2818 1527 ea
2845 1482 3030 1540 potero
3058 1471 3295 1526 invenire
3321 1469 3450 1524 sub—

1868 1563 2084 1629 stantia,
2102 1553 2221 1633 qum
2243 1563 2376 1617 facta
2402 1573 2488 1618 est
2509 1573 2568 1618 ut
2593 1564 2644 1617 in
2667 1573 2922 1618 aeternum
2943 1564 3258 1634 supplicium
3284 1562 3453 1634 possit

1869 1655 1968 1720 ire,
1996 1663 2051 1709 et
2079 1654 2200 1709 inde
2229 1653 2407 1709 redire
2435 1670 2538 1709 non
2565 1654 2768 1722 possit?
2808 1654 2875 1708 Et
2903 1655 3085 1724 utique
3113 1655 3250 1709 Deus
3277 1653 3453 1707 enmi-

1853 1755 2060 1822 potens
2084 1762 2113 1800 a
2139 1762 2245 1816 quo
2273 1747 2385 1800 vult
2423 1746 2684 1814 supplicio
2721 1761 2912 1801 eruere
2942 1753 3150 1815 potest;
3176 1744 3269 1799 sed
3299 1758 3454 1799 men-

1871 1839 1958 1894 tiri
1985 1855 2089 1896 non
2133 1848 2339 1909 potest,
2373 1839 2463 1908 qui
2491 1839 2722 1894 minatus
2757 1848 2841 1893 est
2882 1838 2983 1892 hoc
3011 1852 3070 1893 se
3095 1852 3200 1893 non
3229 1850 3348 1892 esse
3378 1833 3455 1888 fa-

1871 1937 2102 1995 cturum,
2129 1928 2343 1999 quando
2367 1928 2422 1983 id
2445 1929 2762 1998 supplicium
2791 1928 2924 1999 dixit
2951 1937 3230 1988 aeternum.
3261 1925 3365 1982 Sed
3398 1934 3458 1980 nt

1871 2021 1941 2076 de
1970 2021 2070 2075 hac
2110 2035 2168 2075 re
2198 2034 2332 2074 vana
2355 2019 2532 2088 sapias
2552 2060 2567 2085 ,
2595 2017 2731 2073 fallit
2769 2027 2820 2072 te
2843 2016 3081 2072 deﬁnitio
3112 2024 3199 2071 tua
3224 2057 3240 2082 ,
3268 2031 3370 2085 qua
3399 2015 3452 2072 in

1874 2110 2136 2179 superiori
2166 2109 2542 2180 prosecutione
2564 2110 2608 2174 ',
2639 2107 2725 2162 cui
2751 2108 2858 2176 jam
2889 2106 3286 2176 respondimus,
3316 2105 3456 2160 sicut

1875 2216 2018 2271 saepe
2037 2207 2092 2256 et
2111 2200 2237 2254 alibi
2258 2199 2409 2265 facis,
2443 2199 2664 2254 liberum
2687 2197 2964 2253 arbitrium
2991 2197 3245 2252 deﬁnisti.
3271 2196 3458 2251 Dixisti

1876 2292 2040 2357 enim,
2069 2310 2088 2343 ι
2115 2291 2365 2346 Liberum
2391 2289 2666 2346 arbitrium
2697 2304 2804 2344 non
2827 2297 2909 2344 est
2936 2288 3076 2343 aliud
3098 2303 3256 2358 quam
3285 2287 3460 2357 possi-

1877 2381 2055 2437 bilitas
2083 2380 2338 2450 peccandi
2381 2388 2434 2434 et
2484 2395 2590 2434 non
2637 2379 2910 2449 peccandi.
2949 2397 2968 2430 ›
3000 2377 3110 2445 Qua
3150 2377 3462 2432 deﬁnitione

1879 2471 2106 2542 primum
2138 2471 2236 2541 ipsi
2265 2471 2376 2526 Deo
2401 2470 2622 2525 liberum
2651 2471 2927 2524 arbitrium
2965 2468 3268 2532 abstulisti,
3298 2482 3458 2538 quem

1877 2578 1983 2617 non
2013 2576 2196 2631 negas,
2225 2561 2346 2630 quia
2373 2571 2426 2615 et
2455 2563 2556 2614 hoc
2583 2575 2724 2628 saepe
2752 2559 2906 2626 dicis,
2933 2569 2988 2614 et
3012 2575 3196 2614 verum
3223 2567 3325 2624 est,
3353 2573 3460 2613 non

1877 2665 2036 2723 posse
2065 2665 2305 2721 peccare.
2344 2649 2544 2704 Deinde
2570 2649 2671 2719 ipsi
2704 2650 2872 2704 sancti
2904 2650 2956 2703 in
2984 2664 3150 2720 regno
3179 2649 3294 2719 ejus
3324 2648 3462 2704 libu-

1877 2758 1996 2797 rum
2027 2741 2304 2796 arbitrium
2335 2739 2592 2810 perdituri
2619 2749 2779 2804 sunt,
2811 2740 2900 2794 ubi
2934 2755 3154 2809 peccare
3179 2755 3288 2796 non
3315 2748 3464 2809 pote-

1878 2840 2023 2888 runt.
2058 2831 2253 2887 Verum
2285 2830 2373 2887 hic
2397 2830 2766 2886 admonendus
2805 2846 2866 2885 es
2888 2872 2902 2895 ,
2933 2831 3061 2902 quid
3093 2831 3160 2885 de
3187 2830 3289 2885 hoc
3319 2829 3460 2887 unde

1878 2937 2022 2977 nunc
2047 2922 2273 2992 agimus,
2301 2936 2489 2991 sapere
2516 2920 2737 2989 debeas,
2770 2935 2981 2989 pinnam
3011 2921 3217 2976 scilicet
3249 2927 3306 2976 et
3326 2936 3466 2991 prm-

1879 3014 2068 3078 mium,
2100 3012 2349 3068 intuenda
2393 3013 2533 3067 inter
2560 3027 2619 3068 se
2658 3027 2779 3067 esse
2809 3013 3073 3068 contraria
3100 3053 3115 3077 ,
3145 3021 3200 3067 et
3227 3013 3328 3068 alia
3357 3012 3465 3067 duo

1879 3102 2148 3158 contraria
2177 3102 2260 3156 his
2279 3101 2564 3157 contrariis
2588 3101 2863 3156 adhaerere
2891 3118 2905 3154 :
2932 3101 3010 3156 sic
3035 3100 3058 3134 ³
3081 3115 3210 3170 ergo
3230 3101 3282 3154 in
3304 3115 3462 3170 paena

1880 3200 1966 3250 est
1994 3208 2098 3248 non
2128 3206 2290 3263 posse
2313 3199 2458 3247 recte
2481 3206 2640 3260 agere
2663 3233 2678 3253 .
2711 3192 2849 3247 sicut
2889 3192 2991 3246 erit
3029 3191 3080 3246 in
3113 3192 3335 3260 praemio
3360 3207 3464 3246 non

1882 3301 2040 3356 posse
2067 3299 2308 3355 peccare.
2340 3283 2567 3339 Attende
2586 3282 2909 3353 Seripturas,
2935 3299 2964 3336 a
2994 3283 3185 3353 quibus
3210 3282 3466 3338 miseran-

1887 3377 1987 3432 dus
2007 3376 2301 3442 exorbitas,
2327 3385 2383 3432 et
2409 3375 2749 3447 vagabundns
2768 3385 2984 3432 ventosa
3014 3377 3331 3447 loquacitate
3350 3385 3466 3433 tan-

1882 3484 2042 3540 quam
2089 3477 2406 3539 tempestate
2448 3467 2696 3538 jactaris;
2750 3476 2806 3523 et
2850 3468 2972 3524 vide
3017 3469 3469 3540 quemadmodum

1881 3558 2083 3613 dictum
2111 3558 2212 3622 sit,
2244 3557 2394 3624 Quod
2420 3556 2673 3625 quaerebat
2697 3555 2863 3612 Israel
2889 3600 2902 3624 ,
2935 3559 3028 3614 hoc
3057 3576 3159 3614 non
3189 3569 3262 3616 est
3290 3577 3469 3616 conse-

1882 3657 2065 3710 cutus;
2107 3648 2283 3702 electio
2311 3657 2477 3701 autem
2522 3656 2784 3701 consecuta
2824 3658 2895 3702 est
2927 3664 2946 3702 :
2975 3651 3142 3704 caeteri
3166 3667 3282 3705 vero
3309 3668 3471 3707 exate-

1883 3739 1984 3792 cati
2002 3748 2154 3802 sunt;
2191 3738 2319 3792 sicut
2345 3739 2588 3808 scriptum
2616 3747 2688 3792 est
2710 3779 2724 3803 ,
2763 3737 2910 3792 Dedit
2936 3739 3039 3794 illis
3073 3741 3208 3795 Deus
3237 3743 3472 3812 spiritum

1883 3829 2306 3898 compunctionis,
2339 3831 2511 3883 oculos
2553 3839 2607 3883 ut
2653 3847 2755 3884 non
2784 3831 3008 3896 uideant,
3039 3841 3084 3886 et
3110 3850 3259 3888 aures
3286 3844 3339 3888 ut
3367 3851 3470 3887 nou

1883 3922 2114 3986 audiant,
2143 3935 2296 3989 usque
2321 3919 2373 3972 in
2395 3918 2692 3972 hodiernum
2721 3921 2873 3973 diem.
2904 3918 2972 3974 Et
2993 3921 3160 3976 David
3183 3923 3324 3987 dicit,
3349 3923 3470 3978 Fiat

1887 4027 2058 4064 mensa
2085 4026 2259 4064 eorum
2275 4010 2329 4062 in
2350 4009 2605 4079 laqueum,
2636 4018 2680 4063 ct
2707 4011 2758 4063 in
2781 4012 3084 4081 captionem,
3105 4023 3150 4067 et
3172 4014 3224 4068 in
3246 4016 3470 4070 scanda-

1887 4103 2026 4166 lum,
2056 4110 2102 4154 et
2139 4101 2192 4154 in
2235 4099 2608 4154 retributionem
2646 4100 2780 4165 illis;
2823 4103 3153 4158 obscurentur
3176 4105 3354 4160 oculi‘
3380 4123 3469 4161 eo-

1885 4211 1999 4247 rum
2039 4209 2103 4248 ne
2139 4192 2339 4246 videant
2363 4233 2376 4255 ,
2427 4200 2475 4246 et
2524 4191 2730 4247 dorsum
2778 4193 2986 4248 illorum
3027 4210 3223 4267 semper
3265 4197 3466 4252 incurva

1889 4285 2081 4357 (Rom.
2121 4300 2174 4340 χι
2197 4326 2211 4350 ,
2246 4282 2442 4354 740).
2474 4283 2668 4352 Aspice
2707 4283 2869 4339 etiam
2900 4283 3028 4339 illud
3055 4286 3106 4340 in
3139 4286 3424 4357 Evangelio
3451 4307 3463 4342 :

1890 4377 2168 4446 Propterea
2193 4417 2209 4441 ,
2243 4376 2450 4445 inquit,
2481 4391 2583 4430 non
2610 4385 2839 4446 poterant
2879 4376 3080 4431 credere
3098 4419 3112 4441 ,
3145 4378 3264 4447 quia
3295 4379 3403 4432 iter:
3423 4394 3474 4430 m

1887 4468 2017 4522 dixit
2033 4466 2222 4532 Isaias,
2245 4464 2529 4520 Excwcavit
2546 4465 2722 4519 oculos
2746 4482 2938 4530 eorum,
2965 4474 3012 4519 et
3027 4466 3282 4522 induravit
3302 4483 3474 4523 eorum

1889 4577 1996 4624 cor,
2025 4569 2079 4613 ut
2102 4576 2202 4613 non
2228 4558 2428 4612 uideant
2448 4557 2626 4621 oculis,
2657 4573 2745 4610 nec
2774 4557 3056 4628 intelligant
3085 4553 3254 4625 corde,
3285 4569 3332 4614 et
3353 4576 3482 4615 con-

1890 4659 2166 4711 uertantur,
2191 4659 2237 4703 et
2260 4665 2433 4704 sanem
2458 4664 2542 4702 eos
2567 4647 2756 4719 (Joan.
2779 4663 2872 4715 sn,
2899 4649 2990 4714 39,
3021 4648 3145 4724 40).
3181 4651 3304 4708 Haec
3327 4668 3478 4710 com-

1892 4740 2185 4798 memoravi
2209 4782 2223 4804 ,
2255 4747 2312 4793 ut
2341 4738 2600 4809 intelligas
2624 4779 2640 4804 ,
2679 4738 2724 4792 si
2769 4739 2961 4808 possis,
2995 4739 3107 4796 ﬁeri
3137 4755 3232 4811 per
3261 4757 3470 4812 pinnam

1894 4837 2080 4906 procul
2103 4833 2264 4890 dubio
2290 4833 2486 4902 justam
2530 4840 2589 4886 ut
2625 4849 2730 4887 non
2775 4833 2998 4889 credant
3025 4833 3270 4890 homines
3295 4851 3472 4891 excae-

1893 4936 2013 4982 eato
2037 4925 2239 4988 corde;
2286 4940 2406 4978 cum
2448 4939 2544 4994 per
2570 4924 2988 4978 misericordiam
3040 4924 3130 4980 ﬁat
3169 4933 3227 4980 ut
3251 4926 3474 4984 credant

1895 5018 2059 5072 libera
2083 5016 2376 5070 voluntate.
2407 5013 2538 5081 Quis
2565 5015 2706 5069 enim
2739 5015 2929 5081 nescit,
2959 5015 3227 5071 neminem
3252 5019 3475 5074 credere

1893 5109 1994 5165 nisi
2021 5109 2190 5163 libero
2210 5106 2497 5162 voluntatis
2520 5105 2780 5160 arbitrio?
2801 5105 2906 5161 Sed
2936 5116 3150 5176 paratur
3175 5111 3419 5166 voluntas
3443 5126 3471 5166 a

1893 5201 2122 5255 Domino
2155 5217 2168 5255 :
2201 5214 2298 5255 nec
2327 5199 2546 5253 omnino
2582 5199 2787 5252 eruitur
2815 5213 2845 5252 a
2887 5200 3141 5258 servitute
3183 5211 3320 5257 mala
3361 5218 3473 5258 suis

1894 5291 2098 5347 meritis
2126 5289 2300 5346 debita
2327 5331 2341 5356 ,
2384 5289 2484 5343 nisi
2529 5287 2744 5358 quando
2789 5304 2884 5356 per
2920 5293 3200 5361 gratuitam
3244 5294 3467 5362 gratiam

1894 5395 2110 5456 paratur
2138 5399 2167 5438 a
2198 5381 2440 5438 Domino.
2482 5381 2538 5437 Si
2585 5381 2725 5436 enim
2774 5381 2914 5438 Deus
2951 5399 3014 5440 ex
3047 5384 3350 5439 nolentibus
3381 5399 3472 5438 vo-

1957 5603 1973 5634 ι
2010 5602 2145 5659 com,
2171 5610 2262 5647 non
2284 5595 2336 5648 in
2357 5601 2605 5646 concitate.
2643 5595 2805 5659 Abest,
2831 5599 2897 5656 in,
2922 5607 2950 5645 a
2977 5595 3328 5656 manuscriptis.

1956 5665 1978 5696 ³
2009 5664 2080 5712 sic
2101 5657 2281 5710 Mssdn
2302 5662 2457 5720 vign.,
2479 5657 2817 5720 persecutione.

1959 5725 1980 5794 ξ
2011 5723 2299 5794 \_’i_g_nierius,
2318 5717 2378 5794 si:
2403 5727 2456 5794 A_t
2477 5717 2717 5794 Mss.,_sic.

1960 5789 1982 5817 δ
2012 5777 2316 5847 Editgcoraa.
2335 5780 2494 5834 codex
2519 5777 2662 5843 Port.,
2683 5778 2827 5837 oculi,
2849 5787 2902 5829 ut
2923 5777 3048 5842 apud
3070 5780 3362 5842 Αρωωιυιι,
