3934 6178
276 273 402 330 1591

269 391 360 460 qui
383 398 740 461 et'antequam
768 389 819 444 in
846 403 1007 446 carne
1025 390 1250 458 veniret,
1275 403 1371 460 per
1393 388 1550 444 fidem
1573 388 1739 459 ipsam
1762 403 1849 442 re-

268 481 470 546 demit,
517 498 618 552 qna
660 481 974 537 credebatur
1016 498 1135 538 esse
1180 491 1453 537 venturus.
1500 481 1850 536 Redimuntur

266 583 446 626 autem
492 573 544 626 in
589 572 886 629 libertatem
931 574 1269 629 beatitudinis
1311 573 1729 642 sempiternam,
1761 571 1848 625 ubi

261 661 374 732 jam
404 671 620 732 peccato
659 663 861 718 servire
904 679 1008 718 non
1054 673 1292 733 possunt.
1306 663 1436 718 Nam
1462 664 1528 727 si,
1562 672 1618 716 ut
1645 662 1776 716 dicis
1805 663 1845 728 ⁸,

267 753 396 808 boni
450 755 684 824 malique
736 755 1024 808 voluntarii
1080 753 1400 824 possibilitas
1463 753 1574 806 sola
1630 753 1848 806 libertas

265 855 384 910 est;
447 865 465 898 ι
519 862 624 900 non
679 844 838 900 habet
895 845 1188 900 libertatem
1235 845 1404 907 Deus,
1466 843 1518 897 in
1563 857 1668 912 quo
1718 857 1845 911 pec-

262 935 418 989 candi
469 935 790 1004 possibilitas
845 950 948 988 non
1003 945 1104 988 est.
1165 933 1404 988 Hominis
1452 947 1578 986 vero
1621 931 1844 985 liberum

260 1026 540 1079 arbitrium
562 1027 899 1094 congenitum
927 1034 982 1080 et
1004 1024 1224 1078 omnino
1254 1022 1599 1078 inamissibile
1624 1022 1669 1076 si
1699 1035 1844 1091 quze-

258 1116 431 1172 rimus
455 1156 470 1183 ,
505 1116 634 1172 illud
663 1125 747 1172 est
772 1131 877 1186 quo
910 1116 1047 1170 beati
1076 1130 1262 1170 omnes
1289 1129 1416 1170 esse
1433 1115 1617 1169 volunt
1641 1156 1656 1180 ,
1685 1114 1844 1168 etiam

259 1207 315 1260 hi
347 1208 436 1276 qui
463 1223 525 1262 ea
555 1209 742 1262 nolunt
767 1223 885 1276 qure
913 1207 980 1262 ad
1006 1206 1384 1262 beatitudinem
1413 1205 1636 1259 ducunt.

332 1297 448 1352 XII.
475 1298 594 1353 ιω..
628 1297 861 1363 Deinde,
889 1307 948 1352 ut
980 1307 1243 1366 pra-rupta
1265 1298 1286 1328 ²
1313 1296 1578 1364 opinionis
1618 1303 1720 1348 ture
1761 1306 1847 1349 se-

256 1402 517 1456 quamur,
563 1390 951 1458 argumentaris
989 1387 1077 1442 tali
1120 1387 1422 1442 conditione
1449 1386 1672 1441 liberum
1698 1385 1841 1439 arbi-

256 1478 421 1532 trium
463 1478 761 1532 ordinatum
808 1478 998 1544 fuisse,
1027 1485 1085 1531 ut
1118 1477 1223 1531 vim
1253 1491 1402 1532 suam
1433 1476 1622 1530 merito
1646 1485 1842 1530 secune

257 1567 546 1622 voluntatis
579 1568 876 1633 amitteret,
905 1575 960 1622 et
986 1566 1254 1637 qualitatis
1291 1580 1446 1635 quam
1474 1564 1720 1634 elegisset
1744 1578 1839 1618 ne-

254 1659 592 1726 cessitatem,
637 1661 688 1714 in
725 1659 986 1728 reliquum
1017 1658 1317 1712 sustineret.
1351 1657 1483 1712 Hinc
1507 1671 1633 1726 ergo
1658 1656 1781 1726 quid
1811 1671 1840 1710 a

255 1751 413 1804 nobis
441 1751 699 1807 referatur
721 1752 956 1806 attende.
987 1750 1194 1806 Siccine
1225 1761 1374 1820 putas
1400 1750 1666 1805 hominem
1691 1765 1843 1806 crea-

255 1850 391 1908 tum,
417 1853 471 1896 ut
499 1843 633 1897 hanc
655 1843 838 1898 electae
859 1842 1126 1912 qualitatis
1150 1841 1520 1896 necessitatem
1542 1841 1594 1894 in
1617 1850 1838 1910 utraque

253 1941 408 2002 parte
436 1941 723 2001 pateretur,
749 1932 801 1986 id
827 1941 927 1996 est,
949 1940 1005 1987 ut
1031 1932 1075 1986 si
1101 1933 1295 1988 bonum
1321 1931 1593 1996 voluisset,
1615 1931 1840 1985 ulterius

252 2038 478 2092 peccare
507 2039 612 2078 non
643 2032 852 2093 posset;
885 2031 938 2078 et
977 2024 1021 2078 si
1063 2023 1312 2093 elegisset
1355 2023 1548 2076 malum
1569 2063 1584 2088 ,
1615 2023 1749 2077 ultra
1780 2037 1839 2078 se

249 2115 542 2169 emendare
584 2115 862 2183 nequiret?
899 2130 965 2168 an
1006 2125 1063 2169 ut
1098 2114 1469 2168 tantummodo
1495 2114 1685 2166 malam
1713 2129 1836 2183 par«

247 2195 360 2259 tem
393 2205 514 2258 mali
557 2206 847 2259 necessitas
875 2213 1214 2273 sequeretur,
1259 2205 1310 2258 in
1341 2203 1478 2257 bona
1507 2214 1680 2257 autem
1707 2202 1837 2257 nihil

245 2293 360 2346 tale
389 2293 741 2362 contingeret,
773 2292 866 2346 sed
894 2308 1108 2362 semper
1133 2293 1380 2362 periculis
1403 2293 1714 2347 varietatum
1746 2307 1839 2360 pa-

246 2382 429 2438 teret?
458 2383 535 2436 Ex
579 2382 660 2437 his
697 2383 905 2438 duobus
947 2384 1220 2454 quodlibet
1260 2385 1456 2438 sumito
1497 2402 1511 2438 :
1552 2385 1596 2438 si
1638 2384 1837 2440 dixeris

247 2477 410 2530 talem
436 2473 624 2528 factam
651 2489 771 2531 esse
797 2484 1056 2539 naturam,
1084 2491 1200 2545 qua:
1226 2477 1350 2530 mali
1378 2484 1578 2530 tantum
1606 2477 1838 2530 necessi-

248 2577 414 2623 tatem
441 2575 710 2635 pateretur
733 2585 746 2621 :
771 2567 900 2620 nulli
924 2567 1139 2621 dubium
1165 2568 1478 2632 remanebit,
1512 2567 1832 2622 teterrimam

246 2673 371 2714 eam
410 2656 647 2722 definiri,
677 2657 762 2711 cui
793 2657 990 2726 pejoris
1023 2657 1187 2727 partis
1215 2659 1466 2712 violentia
1494 2659 1604 2712 sola
1634 2659 1832 2713 tribua-

249 2757 374 2813 tur;
407 2747 762 2818 probaturque
790 2747 958 2802 Adam
988 2763 1200 2819 quoque
1225 2749 1379 2805 mala:
1407 2749 1569 2805 fuisse
1596 2760 1832 2816 naturae;

246 2849 306 2896 et
339 2841 529 2894 nullius
559 2839 856 2894 remanebit
880 2840 1161 2894 voluntarii
1184 2883 1199 2902 ,
1243 2843 1342 2896 sub
1383 2856 1485 2911 qua
1527 2841 1830 2908 delitescas,

247 2930 438 2985 umbra
462 2930 754 2984 commissi.
781 2929 874 2986 Sin
899 2937 1076 2984 autem
1104 2931 1420 3000 profitearis,
1447 2933 1608 2987 etiam
1634 2934 1686 2987 in
1708 2931 1839 2988 boni

248 3031 403 3093 parte
433 3021 571 3078 idem
603 3020 763 3077 fuisse
789 3030 1115 3088 secuturum,
1147 3021 1202 3076 id
1227 3031 1330 3088 est,
1362 3030 1425 3076 ut
1444 3023 1488 3076 si
1515 3023 1710 3077 bonum
1735 3039 1836 3078 vo-

246 3115 454 3178 luisset,
484 3114 702 3169 ulterius
727 3128 947 3183 peccare
972 3129 1079 3168 non
1107 3123 1284 3184 posset
1312 3132 1325 3169 :
1355 3115 1548 3181 refero,
1575 3114 1684 3168 Cur
1709 3130 1836 3186 ergo

246 3203 530 3274 peccavit?
555 3203 664 3258 Cur
692 3202 890 3257 nullam
931 3217 1119 3272 passus
1155 3210 1238 3258 est
1275 3203 1399 3257 boni
1443 3205 1832 3270 necessitatem,

247 3305 308 3348 ut
335 3293 535 3348 insidiis
555 3293 751 3348 diaboli
776 3293 1194 3361 impenetrabilis
1216 3302 1518 3364 appareret,
1545 3295 1634 3364 qui
1660 3295 1836 3364 aliquo

248 3393 525 3454 tempore,
573 3385 878 3454 priusquam
925 3392 1201 3453 peccaret,
1243 3384 1404 3438 fuisse
1441 3383 1697 3456 ob¢diens
1727 3385 1836 3440 Deo

247 3476 553 3531 invenitur?
595 3475 780 3544 Neque
821 3475 963 3529 enim
1014 3473 1158 3528 illico
1197 3473 1337 3544 quod
1377 3474 1619 3544 ingressu
1645 3476 1836 3530 animae

246 3565 411 3619 limus
437 3565 692 3633 intepuit,
722 3566 774 3618 in
805 3563 1096 3632 appetitum
1122 3563 1274 3618 mala:
1300 3565 1587 3618 voluntatis
1616 3565 1834 3622 exarsit.

246 3655 468 3725 Legitur
495 3655 766 3724 qttinimo,
794 3653 859 3708 ad
891 3653 1148 3708 culturam
1180 3653 1408 3722 paradisi
1435 3654 1835 3725 custodiamque

250 3747 543 3801 translatus
585 3746 853 3816 accepisse
892 3752 1211 3815 praeceptum
1244 3759 1272 3797 a
1302 3744 1446 3811 Deo,
1493 3753 1551 3798 ut
1578 3747 1836 3801 universis

250 3837 512 3894 fructibus
537 3847 859 3902 vesceretur,
886 3836 978 3891 sed
1003 3851 1032 3890 a
1058 3836 1200 3905 ligno
1225 3836 1461 3890 scientiae
1492 3835 1614 3890 boni
1643 3846 1696 3890 et
1722 3852 1834 3890 ma-

250 3931 318 3994 li,
348 3930 492 3984 dicto
520 3931 739 3984 audiens
764 3928 1075 3982 abstineret.
1100 3929 1396 3996 Antequam
1426 3943 1553 3998 ergo
1579 3929 1645 3984 de
1671 3929 1836 3985 latere

249 4022 368 4091 ejus
407 4036 601 4090 corpus
639 4021 956 4074 formaretur
983 4019 1198 4083 uxoris,
1230 4018 1484 4074 obediens
1513 4021 1706 4074 mansit
1734 4021 1836 4074 im-

249 4115 420 4183 perio,
447 4113 640 4168 amaani
669 4112 814 4166 ruris
835 4111 1007 4165 cultor
1027 4109 1048 4142 ³
1081 4110 1340 4165 innocuus
1366 4128 1381 4165 :
1411 4119 1528 4180 post
1557 4110 1660 4166 hoc
1687 4125 1833 4178 vero,

251 4206 574 4276 adjutorium
616 4203 806 4258 similis
843 4201 944 4256 sibi
982 4201 1245 4257 consortis
1274 4201 1520 4257 emeruit.
1551 4202 1840 4258 lnculcavit

251 4312 448 4368 nempe
486 4297 584 4351 has
623 4295 990 4350 distinctiones
1026 4302 1328 4362 temporum
1358 4294 1645 4364 Scriptum
1684 4294 1834 4350 fides.

253 4388 538 4457 Postquam
575 4400 704 4440 vero
736 4385 843 4456 jam
884 4384 984 4438 sibi
1021 4383 1297 4438 mulierem
1323 4382 1454 4438 vidit
1481 4391 1716 4454 paratam
1736 4425 1752 4451 ,
1783 4385 1835 4439 in

253 4489 457 4534 tantum
496 4487 763 4548 prmcepto
793 4476 886 4531 Dei
924 4475 1112 4531 sedqu
1150 4473 1503 4530 famulabatnr
1538 4474 1748 4543 officio,
1781 4486 1839 4532 ut

251 4575 411 4626 etiam
443 4571 650 4626 feminae
677 4571 865 4640 legem,
896 4584 1052 4638 quam
1083 4580 1382 4638 acceperat,
1408 4569 1693 4624 intimaret.
1721 4569 1836 4625 Non

251 4664 428 4719 solum
458 4663 618 4732 igitur
643 4673 823 4717 custos
848 4660 1009 4715 divini
1031 4703 1047 4727 ,
1083 4659 1176 4715 sed
1205 4660 1362 4714 etiam
1395 4660 1707 4730 prtedicator
1734 4661 1836 4716 im-

252 4755 405 4822 perii,
436 4751 793 4807 condocefecit
822 4751 986 4805 Evam
1011 4758 1066 4806 et
1088 4750 1438 4805 reverentiam
1463 4751 1834 4822 przecipientis,

254 4855 302 4900 et
327 4859 497 4913 genus
526 4841 818 4902 servitutis,
851 4850 903 4895 et
931 4855 1145 4896 causam
1174 4840 1398 4894 timoris.
1428 4839 1554 4896 lnde
1579 4850 1662 4896 est
1686 4842 1840 4912 quip-

252 4949 318 5004 pe
345 4933 489 5003 quod
521 4934 679 4987 etiam
700 4924 911 4987 mulier
938 4931 1303 5002 congredienti
1331 4931 1544 4987 diabolo
1571 4933 1837 4988 obluctata

256 5025 502 5090 Sollicito,
529 5024 615 5080 cui
643 5023 772 5078 nihil
796 5025 935 5078 Deus
958 5023 1332 5091 imperaverat,
1357 5021 1550 5077 refellit
1575 5024 1838 5093 serpentis

254 5119 423 5190 prima
473 5119 644 5171 fronte
692 5115 1000 5178 mendacia,
1045 5123 1100 5168 et
1142 5114 1272 5169 dicit
1312 5131 1417 5168 non
1461 5115 1835 5170 abstinentiam

252 5210 491 5263 omnimu
540 5208 836 5278 lignorum,
883 5206 1019 5259 sicut
1065 5205 1151 5259 ille
1193 5205 1556 5269 confluxerat,
1593 5205 1684 5260 sed
1715 5221 1834 5261 cum

255 5299 515 5370 permissu
540 5298 818 5352 fertilitatis
842 5295 1102 5351 universze
1127 5294 1282 5349 unius
1307 5303 1507 5349 tantum
1535 5295 1835 5350 mandatam

254 5391 549 5447 arbuscula:
589 5391 920 5451 cautionem,
967 5395 1272 5457 metumque
1317 5389 1503 5442 mortis
1546 5389 1832 5457 objectutn,

315 5546 331 5576 '
370 5544 658 5605 \‘ignierius,
687 5540 860 5605 Namsi
879 5547 927 5590 tu
949 5537 1086 5589 dicis.
1113 5545 1240 5597 Mss,
1265 5547 1382 5589 Nam
1404 5538 1464 5601 si,
1491 5545 1539 5589 ut
1556 5539 1693 5590 dicis.

312 5609 334 5640 ι
367 5604 440 5654 sic
465 5611 544 5652 Ms.
571 5611 692 5652 πνοι-ι.
708 5604 995 5663 \‘ignierins,
1011 5606 1256 5663 prompta.

317 5667 336 5700 ³
365 5673 442 5715 sic
473 5672 577 5714 Mss.
599 5665 714 5714 ωιιι
739 5677 876 5724 vero,
901 5670 1069 5712 custos.

1666 275 1868 332 LIBER
1906 271 2192 334 SEXTUS.

3395 276 3536 330 i332!

1957 390 2047 458 qui
2075 392 2089 424 ι
2115 392 2546 460 prmvaricatores
2573 390 2692 461 jure
2730 401 3056 462 sequeretur.
3088 391 3201 448 Non
3231 407 3358 464 ergo
3386 393 3531 450 brevi

1957 489 2194 550 tempore
2236 492 2454 551 apparet
2499 482 2665 536 Adam
2714 481 3007 536 custodisse
3053 483 3390 547 mandatum;
3437 491 3530 538 sed

1953 570 2112 623 etiam
2137 570 2300 625 Evam
2325 587 2504 627 curam
2534 572 2831 627 devotionis
2857 572 3126 637 habuisse,
3154 589 3270 641 quae
3293 573 3530 630 scientiae

1953 671 2004 714 et
2025 661 2312 718 divinitatis
2333 678 2514 718 amore
2538 664 2769 733 collapsa
2791 675 2888 718 est.
2915 664 3024 718 Cur
3043 680 3167 733 ergo
3195 665 3278 718 illa
3293 665 3526 733 .jnstitia,

1953 752 2040 805 illa
2066 752 2306 818 devotio,
2333 770 2451 823 qua:
2481 755 2531 809 in
2561 755 2727 808 Adam
2758 755 2846 808 diu
2867 795 2882 819 ,
2911 756 2962 808 in
2993 756 3097 809 Eva
3124 755 3425 825 aliquandiu
3453 757 3532 808 vi-

1950 846 2095 914 guit,
2129 859 2233 898 non
2264 846 2453 915 eripuit
2481 845 2818 914 delinquendi
2847 845 3279 914 possibilitatem,
3318 855 3377 899 ut
3405 845 3530 900 boni

1951 934 2237 989 necessitas
2267 935 2696 1004 impenetrabilcs
2723 950 2816 990 eos
2846 935 3074 990 suadelis
3110 935 3352 991 sontibus
3380 936 3531 990 exhi-

1951 1024 2140 1079 beret?
2178 1025 2413 1080 Fuerunt
2449 1041 2576 1096 ergo
2609 1026 3167 1096 qttamdiu'voluerunt
3195 1025 3527 1091 ohedientes,

1949 1131 2050 1172 nec
2078 1127 2253 1172 tamen
2284 1118 2628 1189 perdiderunt
2665 1120 2854 1174 merito
2893 1119 3188 1174 devotionis
3227 1117 3528 1172 facultatem

1950 1209 2328 1278 prmvaricandi
2361 1229 2372 1264 :
2400 1210 2629 1280 denique
2656 1211 2788 1280 lapsi
2819 1219 2941 1265 sunt
2971 1209 3119 1281 (Gen.
3149 1226 3182 1264 tt
3209 1208 3358 1282 ειιιιι)
3389 1227 3400 1263 :
3434 1209 3529 1280 igi‘

1949 1305 2037 1352 tur
2061 1309 2115 1353 et
2141 1309 2485 1370 posteaquam
2519 1311 2895 1370 peccaverunt,
2937 1301 3274 1355 manifestum
3306 1311 3387 1355 est
3431 1316 3526 1354 ne-

1947 1403 2209 1457 quaquam
2238 1404 2331 1444 eos
2366 1390 2604 1460 potuisse
2641 1391 2745 1444 vim
2784 1391 3129 1446 correctionis
3166 1391 3427 1444 amittere.
3463 1389 3528 1443 Et

1947 1477 2068 1533 ideo
2093 1487 2150 1534 ut
2176 1481 2228 1533 in
2253 1480 2500 1535 omnibus
2525 1481 2675 1546 locis,
2702 1480 2786 1534 hic
2807 1495 3016 1550 quoque
3042 1489 3206 1534 totum
3232 1480 3372 1550 quod
3396 1493 3528 1533 con-

1947 1569 2174 1626 finxeras
2217 1571 2492 1641 perdidisti
2525 1590 2539 1624 :
2569 1572 2691 1641 quia
2737 1580 3014 1640 peccatum
3055 1571 3182 1625 illud
3229 1572 3527 1640 primorum

1946 1659 2218 1716 hominum
2263 1677 2362 1717 nec
2403 1662 2628 1716 ullorum
2661 1661 2787 1716 fecit
2815 1663 3094 1716 criminum
3128 1662 3526 1724 necessitatem,

1944 1767 2042 1807 nec
2072 1754 2279 1808 transiit
2308 1754 2364 1808 in
2389 1763 2662 1819 naturam;
2691 1753 2826 1806 sicut
2849 1753 3047 1820 justitia
3079 1767 3197 1821 quae
3226 1751 3528 1820 praecessit,

1943 1859 2043 1900 nec
2069 1845 2319 1898 virtutum
2348 1845 2523 1899 intulit
2551 1844 2944 1908 necessitatem,
2977 1857 3073 1897 nec
3098 1842 3198 1896 sibi
3228 1842 3338 1896 vias
3362 1841 3524 1894 semi-

1943 1951 2066 1989 num
2093 1936 2396 1991 vindicavit.

2014 2028 2148 2082 Anc.
2177 2027 2367 2082 Totum
2408 2027 2546 2096 quod
2587 2027 2785 2081 tamdiu
2823 2037 2874 2082 et
2913 2035 3053 2080 tanta
3084 2026 3364 2080 verborum
3397 2038 3524 2094 per-

1943 2114 2192 2184 plexitate
2219 2117 2419 2182 dixisti,
2448 2117 2680 2171 breviter
2707 2117 2784 2170 sic
2813 2125 2986 2185 potest
3013 2116 3136 2169 dici.
3163 2115 3290 2180 Cur,
3323 2115 3520 2183 inquis.

1942 2205 2110 2260 Adam
2131 2207 2269 2261 male
2288 2205 2494 2276 agendo
2515 2206 2740 2275 perdidit
2762 2221 2918 2276 posse
2949 2205 3084 2260 bene
3109 2219 3285 2274 agere,
3308 2213 3361 2258 et
3382 2203 3526 2260 bene

1941 2297 2088 2367 prius
2113 2298 2316 2369 agendo
2345 2313 2450 2352 non
2481 2298 2708 2367 perdidit
2751 2312 2909 2367 posse
2944 2298 3203 2366 peccare?
3231 2297 3298 2350 Et
3326 2297 3406 2351 vis
3433 2297 3518 2350 in-

1941 2389 2099 2459 telligi
2121 2431 2136 2456 ,
2164 2391 2208 2444 si
2235 2391 2306 2444 ita
2332 2399 2443 2456 est,
2473 2389 2739 2444 hominem
2770 2404 2877 2442 non
2907 2389 3092 2454 bonae,
3123 2388 3216 2444 sed
3255 2388 3408 2444 make
3437 2389 3517 2442 fa-

1937 2488 2081 2533 ctum
2112 2478 2273 2534 fuisse
2299 2490 2499 2534 natura:
2518 2518 2534 2544 ,
2564 2479 2614 2533 in
2640 2493 2746 2548 quo
2771 2478 2888 2547 plus
2913 2477 3077 2532 valuit
3103 2477 3241 2532 actio
3264 2477 3422 2541 mala,
3447 2492 3529 2532 ne

1937 2580 2118 2640 posset
2146 2586 2305 2641 agere
2328 2571 2487 2637 bene,
2517 2585 2675 2641 quam
2701 2570 2842 2635 actio
2866 2569 3033 2632 bona,
3063 2584 3130 2623 ne
3156 2577 3336 2639 posset
3358 2583 3518 2640 agere

1938 2660 2098 2714 male.
2122 2659 2314 2714 Posses
2344 2661 2446 2714 isto
2469 2660 2630 2714 modo
2652 2659 2830 2714 dicere
2849 2701 2863 2724 ,
2893 2659 3035 2714 male
3060 2657 3222 2714 fuisse
3246 2659 3518 2714 hominem

1936 2763 2057 2804 cum
2085 2747 2252 2803 oculis
2279 2757 2514 2804 creatum
2535 2789 2550 2814 ,
2573 2749 2695 2819 quia
2723 2763 2844 2803 cum
2872 2762 2968 2804 eos
2995 2747 3337 2813 exstinxerit,
3381 2747 3438 2801 fit
3461 2747 3516 2802 in

1937 2839 2029 2893 illo
2056 2848 2114 2894 ut
2141 2855 2246 2894 non
2276 2841 2443 2910 possit
2474 2840 2687 2905 videre;
2714 2839 2942 2894 videndo
2983 2849 3160 2894 autem
3195 2854 3303 2892 non
3342 2839 3394 2893 in
3425 2838 3528 2892 illo

1939 2929 2133 2985 factum
2161 2941 2246 2986 est
2270 2941 2328 2986 ut
2353 2946 2449 2986 eos
2487 2946 2592 2985 non
2631 2942 2811 3000 posset
2847 2929 3181 2999 exstinguere
3209 2947 3222 2983 :
3252 2941 3342 2985 aut
3377 2929 3530 2984 male

1937 3020 2098 3076 fuisse
2125 3029 2293 3076 totum
2320 3035 2512 3090 corpus
2538 3021 2769 3074 hominis
2793 3020 3063 3074 conditum
3085 3062 3098 3081 ,
3129 3021 3248 3090 quia
3281 3021 3343 3074 in-
3365 3027 3523 3088 pote-

1937 3119 2075 3164 state
2099 3109 2259 3164 habet
2284 3119 2343 3164 ut
2367 3111 2480 3179 ipse
2504 3125 2565 3164 se
2591 3118 2761 3174 necet,
2791 3124 2888 3163 nec
2913 3109 3070 3163 habet
3096 3111 3146 3162 in
3177 3119 3433 3178 potestate
3461 3118 3531 3163 ut~

1937 3213 1998 3254 se
2024 3200 2137 3268 ipse
2163 3199 2478 3265 resuscitet;
2507 3207 2560 3254 et
2586 3199 2642 3253 fit
2663 3201 2683 3231 ²
2711 3200 2764 3252 in
2791 3213 2858 3254 eo
2882 3214 2978 3268 per
2999 3211 3222 3254 mortem
3247 3209 3302 3254 ut
3327 3214 3385 3255 se
3410 3216 3530 3253 non-

1939 3292 2108 3361 possit
2129 3292 2412 3357 vivilicare,
2441 3306 2539 3346 nec
2566 3295 2624 3345 lit
2649 3292 2701 3346 in
2728 3305 2793 3346 eo
2821 3306 2915 3360 per
2935 3291 3092 3346 vitam
3113 3300 3167 3346 ut
3189 3306 3248 3347 se
3269 3307 3372 3345 non
3395 3307 3520 3362 pos-

1939 3382 2009 3437 sit
2032 3382 2290 3438 occidere.
2323 3381 2478 3450 Quod
2503 3382 2546 3436 si
2578 3397 2681 3437 non
2706 3381 2858 3446 dicis,
2887 3383 3134 3452 quoniam
3160 3382 3335 3440 cernis
3359 3397 3530 3452 quam.

1939 3475 2009 3530 sit
2035 3475 2327 3540 insulsum;
2355 3490 2451 3530 cur
2477 3473 2669 3529 malam
2697 3474 2828 3529 dicis
2857 3474 3021 3530 Deum
3049 3489 3262 3530 creasse
3290 3475 3524 3529 hominis

1941 3577 2201 3632 naturam,
2231 3569 2275 3621 si
2301 3565 2428 3621 fecit
2451 3567 2502 3620 in
2530 3581 2594 3622 eo
2617 3565 2753 3620 mala
2780 3566 3024 3620 voluntas
3048 3581 3116 3621 ne
3139 3566 3315 3620 redire
3339 3574 3521 3634 posset

1939 3657 2005 3712 ad
2044 3657 2240 3712 bonum
2263 3699 2278 3721 ,
2309 3657 2552 3727 quamvis
2577 3657 2628 3710 in
2657 3670 2722 3709 eo
2747 3671 2853 3710 non
2887 3656 3069 3710 fecerit
3101 3658 3346 3712 voluntas
3381 3656 3530 3711 bona-

1941 3757 1998 3802 ιιι
2023 3749 2100 3803 ire
2127 3763 2232 3802 non
2263 3755 2445 3817 posset
2472 3748 2522 3801 in
2551 3747 2787 3800 malum?
2811 3746 2941 3801 Cum
2970 3747 3141 3803 libero
3169 3749 3310 3802 enim
3339 3748 3416 3801 sic
3438 3759 3528 3801 est-

1939 3849 2150 3893 creatus
2173 3838 2411 3902 arbitrio,
2439 3846 2495 3890 ut
2521 3845 2701 3906 posset
2720 3851 2824 3889 non
2850 3851 3093 3904 peccare,
3117 3837 3168 3890 si
3187 3837 3385 3899 nollet;
3411 3852 3516 3889 non

1940 3929 2068 3983 utsi
2097 3927 2288 3993 vellet,
2320 3928 2533 3996 impune
2563 3921 2828 3995 peccaret.
2869 3925 3004 3990 Quid
3043 3940 3172 3994 ergo
3214 3925 3434 3988 mirum,
3473 3926 3518 3978 si

1940 4017 2314 4090 delinquendo,
2339 4017 2442 4072 hoc
2462 4025 2562 4080 est,
2586 4015 2956 4072 rectitudinem
2981 4031 3130 4071 suam
3152 4017 3204 4070 in
3228 4031 3330 4087 qua
3354 4015 3522 4071 factus

1939 4121 2055 4167 erat
2080 4110 2457 4182 depravatione
2480 4109 2502 4141 ³
2534 4109 2808 4177 mutando,
2834 4124 2956 4165 cum
2994 4109 3251 4178 supplicio
3277 4118 3516 4163 secutum

1941 4211 2024 4258 est
2058 4218 2163 4256 non
2194 4215 2351 4271 posse
2377 4210 2520 4256 recta
2551 4202 2746 4272 agere?
2774 4201 3033 4269 Quamdiu
3074 4214 3200 4254 vero
3239 4200 3292 4254 in
3332 4199 3518 4254 eadem

1941 4291 2258 4348 rectitudine
2285 4292 2462 4356 stetit,
2494 4292 2546 4345 in
2585 4307 2688 4362 qua
2727 4300 2934 4361 poterat
2971 4305 3077 4345 non
3119 4304 3372 4360 peccare,
3403 4288 3525 4343 ideo

1940 4399 2046 4439 non
2089 4383 2293 4452 accepit
2334 4383 2506 4453 majus
2547 4381 2774 4452 aliquid,
2805 4381 2908 4435 hoc
2936 4389 3048 4448 est,
3075 4395 3181 4434 non
3214 4394 3369 4447 posse
3397 4394 3524 4449 pec.

1941 4489 2086 4539 care,
2118 4475 2239 4544 quia
2268 4475 2320 4528 in
2346 4489 2411 4528 eo
2437 4472 2576 4542 quod
2606 4471 2808 4536 habuit,
2840 4485 2947 4524 non
2977 4485 3142 4539 usque
3166 4469 3233 4524 ad
3259 4471 3414 4524 finem
3441 4484 3527 4522 re-

1940 4564 2326 4620 munerationis
2349 4563 2514 4617 voluit
2543 4575 2873 4631 permanere.
2905 4559 3055 4628 Quod
3085 4559 3226 4614 enim
3256 4559 3526 4628 accepturi

1941 4665 2060 4712 sunt
2084 4655 2273 4719 sancti,
2297 4658 2385 4723 qui
2414 4653 2464 4707 in
2486 4653 2662 4706 futuro
2683 4650 2880 4706 saeculo
2905 4651 2954 4705 in
2977 4649 3380 4720 corpore-futuri
3404 4658 3526 4702 sunt

1941 4748 2203 4817 spirituali
2227 4787 2242 4812 ,
2273 4746 2390 4801 sine
2430 4745 2734 4799 interventu
2772 4743 2960 4798 mortis
3001 4741 3172 4798 fuerat
3209 4751 3528 4811 accepturus

1942 4838 2110 4892 Adam
2132 4877 2147 4901 ,
2175 4845 2234 4891 ut
2259 4835 2554 4891 ascendens
2580 4835 2648 4889 ab
2671 4849 2738 4889 eo
2761 4833 2900 4904 quod
2932 4841 3110 4902 posset
3137 4848 3241 4887 non
3273 4834 3428 4899 mori,
3458 4833 3526 4886 ad

1943 4927 1996 4981 id
2026 4926 2327 4995 perveniret
2358 4925 2446 4978 ubi
2486 4939 2590 4978 non
2631 4933 2818 4993 posset
2849 4923 3017 4988 mori;
3047 4929 3102 4977 et
3126 4922 3421 4976 ascendens
3459 4925 3531 4977 ab

1942 5034 2008 5073 eo
2032 5017 2172 5088 quod
2200 5032 2304 5071 non
2333 5030 2552 5086 peccare
2573 5023 2774 5084 posset,
2803 5014 2868 5068 ad
2896 5013 2946 5068 id
2970 5014 3271 5083 perveniret
3294 5015 3380 5068 ubi
3407 5029 3527 5083 pec-

1941 5125 2065 5163 care
2090 5124 2195 5162 non
2223 5115 2422 5176 posset.
2445 5105 2560 5160 Non
2584 5105 2788 5174 quippe
2805 5103 2856 5158 in
2881 5117 3108 5172 corpore
3128 5104 3407 5173 spirituali,
3431 5105 3526 5158 sed

1940 5201 1994 5254 in
2020 5198 2233 5252 animali
2262 5199 2429 5252 factus
2453 5204 2589 5260 erat,
2611 5196 2852 5265 quamvis
2872 5195 2971 5250 nisi
2996 5206 3283 5265 peccasset,
3309 5197 3526 5251 minime

1942 5291 2220 5344 morituro.
2248 5288 2404 5355 Quia,
2433 5288 2568 5342 sicut
2591 5287 2717 5341 dicit
2746 5287 3049 5356 Apostolus,
3081 5287 3201 5343 Non
3226 5289 3366 5359 prius
3389 5288 3524 5354 quod

1941 5382 2203 5451 spirituale
2249 5391 2322 5436 est
2345 5422 2362 5448 ,
2408 5380 2496 5435 sed
2540 5379 2675 5449 quod
2717 5381 2971 5444 animale;
3015 5391 3220 5451 postea,
3263 5378 3535 5449 spiritucf:

2007 5539 2020 5568 ²
2059 5543 2214 5591 Forte,
2239 5546 2360 5596 qme.

2005 5600 2023 5666 ξ
2060 5607 2079 5642 ι
2095 5591 2342 5666 ignierius,
2363 5594 2439 5643 sit.
2464 5599 2598 5666 Mss,
2611 5591 2686 5666 ﬁt.

2007 5661 2026 5691 ³
2058 5657 2194 5715 ι-ῖιιιιι,
2219 5657 2279 5706 de
2318 5657 2724 5718 prwvm'ic'uu'we.
2750 5657 3064 5704 Enteudautur
3087 5666 3158 5702 ex
3178 5660 3288 5701 Mss.
