3934 6178
431 302 570 360 1523

429 413 480 481 (I
508 411 626 468 Cor.
658 426 751 476 xv,
783 409 896 481 46).
929 407 1081 464 Unde
1116 406 1305 462 beatus
1342 403 1684 469 Ambrosius,
1728 401 1780 454 in
1829 397 2014 453 umbra

431 503 552 556 vitae
579 501 708 556 dicit
736 500 902 554 Adam
933 513 1052 553 esse
1093 495 1292 552 factum
1313 537 1328 560 ,
1365 495 1433 549 de
1461 509 1562 564 qua
1593 499 1774 561 posset
1798 489 2013 553 cadere,

429 610 535 648 non
567 593 882 648 necessitate
900 631 915 654 ,
946 589 1041 646 sed
1070 591 1342 644 voluntate
1367 586 1504 660 (Lib.
1534 585 1598 640 de
1626 581 1922 652 Paradiso).
1957 581 2014 634 In

429 699 530 754 qua
558 685 736 753 utique
759 683 804 736 si
831 690 1090 746 maneret,
1118 680 1382 749 acciperet
1404 693 1522 734 eam
1550 678 1732 742 vitam,
1755 675 1905 744 cujus
1929 672 2014 727 illa

431 775 615 829 umbra
643 783 788 840 erat,
817 787 977 842 quam
1004 773 1172 826 sancti
1197 770 1466 840 accepturi
1493 779 1643 835 sunt,
1672 784 1737 823 ex
1766 783 1868 837 qua
1895 781 2015 821 om-

428 863 556 919 nino
577 862 769 917 cadere
791 878 894 916 non
921 870 1187 931 poterunt.
1209 860 1358 915 Hane
1381 873 1592 929 quoque
1617 857 2013 920 mortalitatem,

429 952 481 1006 in
522 967 626 1022 qua
667 952 902 1006 decurrit
939 951 1040 1006 hoc
1080 951 1369 1016 seculum,
1408 965 1442 1005 e
1478 948 1745 1002 contrario
1775 946 2015 1000 umbram

427 1045 615 1098 mortis
644 1043 886 1113 intelligit
911 1061 923 1095 :
952 1052 1178 1098 mortem
1206 1056 1352 1104 vero,
1382 1041 1534 1110 cujus
1560 1039 1677 1095 haec
1701 1038 1884 1094 umbra
1910 1046 2014 1102 est,

428 1136 570 1190 illam
596 1144 1000 1202 commemorat,
1031 1150 1150 1205 qua:
1178 1134 1408 1190 secunda
1435 1149 1580 1188 mors
1607 1132 1802 1187 dicitur
1830 1130 2011 1201 (Apoc.

428 1241 518 1290 xx,
541 1225 622 1296 6),
649 1225 718 1280 de
741 1241 843 1296 qua
872 1240 1049 1290 nemo,
1077 1242 1196 1282 cum
1225 1225 1276 1280 in
1301 1241 1419 1280 eam
1446 1225 1668 1289 venerit,
1696 1230 2010 1278 revertetur.

428 1317 764 1386 Quicumque
790 1324 964 1372 autem
1004 1317 1070 1371 de
1113 1317 1212 1371 hac
1249 1317 1434 1372 mortis
1471 1317 1656 1371 umbra
1701 1316 2011 1378 liberantur,

431 1421 535 1460 non
564 1406 631 1460 ad
659 1407 781 1460 vitae
816 1407 1058 1460 umbram
1089 1406 1295 1470 redire,
1323 1406 1416 1460 sed
1450 1406 1516 1460 ad
1542 1421 1660 1460 eam
1688 1405 1850 1458 vitam
1874 1419 2012 1473 prte-

430 1504 684 1564 parantur
711 1497 805 1562 ire,
838 1495 906 1551 de
931 1512 1034 1566 qua
1062 1511 1330 1566 nunquam
1356 1496 1633 1566 quisquam
1657 1495 1825 1565 possit
1846 1495 2011 1549 exire.

432 1583 504 1638 lbi
531 1584 634 1638 erit
659 1593 713 1639 et
738 1587 851 1655 ipse
877 1586 1046 1639 Adam
1075 1602 1089 1638 :
1116 1586 1366 1656 quoniam
1392 1595 1534 1641 recte
1553 1585 1787 1640 creditur
1806 1583 2016 1640 Domini

432 1674 660 1730 adventu
687 1686 849 1745 atque
877 1675 930 1730 in
955 1675 1158 1731 inferna
1180 1677 1461 1743 descensu,
1482 1677 1549 1731 ab
1575 1677 1767 1732 inferni
1792 1676 2016 1732 vinculis

425 1766 536 1834 jam
562 1766 803 1832 solutus;
837 1775 892 1821 ut
922 1768 1148 1836 primum
1179 1768 1270 1822 Dei
1302 1768 1525 1838 plasma,
1553 1767 1694 1838 quod
1721 1768 2015 1838 genitorem

433 1875 538 1912 non
565 1858 769 1922 habuit,
797 1859 891 1914 sed
922 1859 1086 1913 Deum
1120 1859 1480 1914 tantummodo
1505 1869 1820 1922 creatorem,
1849 1867 1904 1912 et
1926 1873 2013 1914 se-

430 1949 662 2004 cundum
701 1965 917 2005 carnem
961 1951 1164 2020 primus
1208 1959 1356 2020 pater
1387 1950 1620 2016 Christi,
1652 1951 1790 2006 ultra
1831 1950 1881 2005 in
1913 1950 2018 2006 illis

433 2039 662 2094 vinculis
706 2055 812 2094 non
856 2049 1128 2106 maneret,
1161 2053 1321 2112 atque
1364 2053 1566 2097 aeterno
1605 2042 1866 2112 supplicio
1911 2059 2016 2097 non

433 2135 646 2202 periret.
676 2133 775 2190 Ubi
801 2143 978 2188 autem
999 2135 1200 2204 judicio
1228 2136 1587 2204 superexaltat
1610 2136 1626 2167 ί
1655 2134 2017 2190 misericordia

431 2222 634 2294 (Jacobi
654 2239 709 2291 ιι,
737 2207 851 2295 15),
880 2239 984 2279 non
1008 2234 1132 2279 sunt
1159 2225 1348 2280 merita
1374 2224 1673 2295 cogitanda,
1699 2224 1792 2280 sed
1815 2226 2014 2296 gratia:

430 2318 582 2382 cujus
609 2324 693 2370 est
722 2325 864 2370 tanta
895 2323 951 2372 et
979 2326 1084 2371 tam
1107 2318 1128 2348 '
1156 2316 1510 2372 inserutabilis
1539 2325 1698 2385 atque
1734 2315 2020 2386 investiga-

432 2404 554 2459 bilis
590 2405 851 2472 altitudo,
895 2413 952 2460 ut
990 2415 1110 2476 post
1149 2406 1290 2460 illam
1331 2407 1649 2462 sententiam
1688 2421 1789 2476 qua
1818 2405 2018 2460 dictum

431 2503 534 2559 est,
567 2494 629 2550 Si
652 2496 764 2566 quis
792 2513 893 2550 non
917 2505 1117 2551 renatus
1145 2497 1294 2565 fuerit
1321 2512 1385 2551 ea:
1420 2513 1552 2566 aqua
1585 2507 1630 2550 et
1662 2497 1843 2565 spiritu
1863 2537 1877 2561 ,
1919 2512 2021 2550 non

431 2585 636 2638 intrabit
682 2585 734 2639 in
776 2602 984 2657 regnum
1022 2585 1118 2640 Dei
1163 2586 1340 2657 (Joan.
1372 2603 1425 2642 Ill
1447 2629 1462 2654 ,
1495 2586 1585 2659 5);
1617 2588 1887 2642 videamus
1915 2588 2020 2642 ali-

433 2675 645 2746 quando
671 2675 807 2731 bene
831 2678 1036 2731 meritis
1063 2677 1307 2734 ﬁdelibus
1331 2695 1435 2732 non
1463 2679 1680 2734 concedi
1708 2678 1844 2734 ﬁlios
1870 2694 2015 2747 suos,

434 2774 489 2819 ut
515 2765 622 2820 sint
645 2765 697 2820 in
726 2781 890 2836 regno
917 2767 1008 2822 Dei
1035 2783 1155 2822 eum
1187 2768 1493 2837 parentibus
1516 2769 1660 2835 suis;
1686 2769 1780 2825 sed
1808 2785 1911 2826 non
1935 2785 2023 2826 re-

432 2865 714 2924 generatus
731 2857 976 2926 parvulos
989 2857 1137 2913 exire
1151 2857 1220 2913 de
1236 2859 1335 2914 hac
1351 2859 1477 2926 vita,
1499 2858 1624 2913 dum
1640 2873 2020 2929 nonnunquam

433 2953 490 3000 et
525 2944 656 3015 ipsis
689 2947 800 3001 suis
839 2948 1148 3016 parentibus
1184 2947 1435 3003 ardenter
1469 2948 1928 3014 desiderantibus,
1966 2957 2022 3004 et

435 3035 692 3096 ministris
729 3035 1195 3093 Sacramentorum
1233 3038 1479 3094 alacriter
1507 3038 1912 3103 festinantibus,
1953 3039 2022 3094 ab

432 3129 954 3201 omnipotentissimo
975 3136 1033 3188 et
1054 3128 1553 3188 misericordissimo
1575 3131 1688 3188 Deo
1710 3145 1814 3184 non
1841 3129 2024 3185 diﬁ’er—

434 3232 520 3277 tnr
569 3223 840 3292 paululum
890 3239 1038 3280 mors
1077 3239 1302 3291 eorum,
1343 3232 1402 3278 ut
1441 3223 1866 3279 Christianorum
1910 3220 2022 3280 nati

433 3311 667 3366 exeant‘
693 3312 819 3368 hinc
843 3313 1036 3379 renati,
1067 3322 1123 3368 et
1149 3328 1320 3382 neque
1341 3311 1364 3344 ⁸
1388 3327 1554 3382 regno
1577 3311 1777 3368 Christi
1803 3313 2022 3382 suisque

433 3403 763 3472 genitoribus
795 3412 1046 3473 pereant;
1078 3402 1174 3458 sed
1212 3413 1498 3472 antequam
1525 3403 1892 3472 baptizentur,
1922 3418 2020 3456 ex-

437 3493 642 3561 spirant
667 3509 678 3543 :
707 3508 828 3547 cum
852 3492 1135 3562 aliquando
1162 3492 1285 3545 ﬁliis
1310 3492 1600 3546 infantibus
1628 3491 1939 3556 inﬁdelium,
1968 3500 2024 3547 et

437 3581 651 3650 ipsam“
678 3581 876 3635 Christi
914 3581 1137 3650 gratiam
1184 3580 1692 3650 blaSphemantium,
1735 3581 1787 3635 in
1833 3597 2023 3637 manus

437 3668 861 3724 Christianorum
901 3669 1129 3723 mirabili
1172 3669 1263 3723 Dei
1305 3671 1690 3740 gubernatione
1732 3671 2019 3740 perductis,

437 3771 718 3831 praestetur
742 3762 856 3817 hazc
881 3762 1072 3833 gratia,
1102 3771 1156 3816 ut
1184 3763 1235 3816 in
1264 3762 1358 3816 Dei
1386 3778 1606 3832 regnum
1635 3763 1704 3818 ab
1735 3763 1910 3833 impiis
1938 3779 2023 3820 se-

440 3852 606 3920 parati
637 3852 945 3921 parentibns
979 3852 1211 3907 veniant.
1243 3851 1343 3908 Ubi
1371 3853 1416 3907 si
1446 3869 1472 3905 a
1505 3863 1556 3908 te
1581 3863 1876 3923 quaeratur,
1902 3869 2023 3924 qua:

435 3944 507 3998 sit
529 3943 732 4014 justitia
763 3942 894 4009 ista;
925 3938 1162 4012 profecto
1192 3943 1246 3997 in
1277 3943 1369 3998 illo
1396 3943 1674 4000 dialectico
1701 3953 1756 3998 et
1784 3943 2018 4013 philoso-

437 4033 594 4102 phico
631 4048 914 4100 sermone,
947 4048 1051 4103 quo
1093 4034 1186 4088 tibi
1227 4034 1422 4089 videris
1453 4034 1520 4090 de
1541 4035 1747 4104 justitia
1775 4035 1870 4090 Dei
1896 4035 2020 4089 dili-

435 4124 746 4193 gentissime
789 4123 1126 4194 diSputasse,
1175 4140 1280 4179 non
1327 4125 1534 4180 invenis
1577 4140 1719 4180 eam.
1765 4126 2022 4180 Dominus

436 4219 578 4270 enim
602 4216 852 4286 cognovit
870 4216 1216 4286 cogitationes
1241 4215 1574 4285 sapientium,
1600 4216 1848 4286 quoniam
1871 4232 2020 4271 vanae

436 4314 562 4361 sunt
597 4305 766 4380 (Psat.
795 4322 950 4373 xcm,
979 4307 1066 4376 Il)
1097 4323 1111 4359 :
1141 4315 1196 4360 et
1223 4305 1556 4362 abscondens
1594 4307 1710 4362 hmo
1745 4322 1774 4361 a
1806 4308 2019 4377 sapien-

438 4399 579 4453 tibus
601 4407 656 4453 et
679 4396 1050 4467 prudentibus,
1078 4395 1334 4451 revelavit
1359 4410 1420 4448 ea
1447 4397 1676 4464 parvulis
1707 4396 1918 4469 (Matth.
1942 4413 2017 4464 χι,

434 4491 529 4562 25)
549 4533 564 4556 ,
593 4491 644 4546 id
679 4500 790 4555 est,
817 4489 1107 4544 humilibus
1125 4527 1141 4555 ,
1167 4497 1222 4543 et
1252 4502 1356 4542 non
1391 4488 1443 4541 in
1473 4503 1565 4542 sua
1593 4488 1818 4554 virtute,
1843 4489 1938 4544 sed
1967 4489 2018 4546 iu

439 4582 663 4636 Domino
682 4581 1070 4637 eonﬁdentibus
1095 4598 1107 4633 :
1133 4578 1272 4649 quod
1295 4587 1350 4634 tu
1371 4579 1454 4635 vel
1474 4594 1762 4649 nunquam,
1785 4581 1865 4635 vel
1886 4597 2022 4638 non-

437 4672 563 4726 dum
593 4686 715 4726 esse
738 4671 990 4740 dignaris.
1022 4670 1078 4726 Si
1117 4685 1246 4741 ergo
1286 4671 1514 4740 quteris,
1556 4671 1646 4726 ubi
1682 4670 1768 4727 vel
1810 4672 2018 4742 quando

443 4763 596 4818 detur
622 4761 824 4816 homini
854 4777 959 4816 non
983 4775 1141 4832 posse
1168 4776 1390 4831 peccare
1414 4779 1428 4816 :
1457 4763 1672 4832 praemia
1695 4778 1872 4832 quaere
1895 4779 2019 4820 san-

441 4864 646 4911 ctorum
665 4895 680 4921 ,
711 4867 829 4924 quae
868 4861 987 4923 post
1025 4852 1163 4907 hanc
1186 4851 1347 4905 vitam
1379 4852 1498 4907 illos
1521 4861 1728 4922 oportet
1752 4854 2014 4923 accipere.

440 4948 494 5002 Si
521 4955 698 5002 autem
727 4960 833 5002 non
859 4943 1056 5010 credis,
1087 4942 1310 5006 liberum
1336 4942 1564 4999 hominis
1588 4943 1885 5010 arbitrium,
1912 4961 2020 5016 quo

439 5046 584 5092 recte
603 5051 763 5106 agere
784 5035 953 5105 potuit
975 5046 1030 5091 et
1050 5034 1255 5099 debuit,
1278 5035 1479 5102 peccati
1504 5035 1699 5090 malitia
1721 5035 2014 5102 defecisse;

442 5131 586 5185 illum
610 5129 797 5183 saltem
820 5127 1035 5184 attende
1053 5169 1070 5194 ,
1109 5125 1202 5197 qui
1237 5125 1400 5193 dicit,
1433 5125 1721 5197 Nonquod
1749 5128 1859 5182 voto
1877 5167 1894 5193 ,
1923 5130 2018 5182 hoc

502 5331 519 5362 ί
556 5336 663 5379 uss.
692 5325 812 5375 cIar.
840 5328 894 5374 et
926 5329 1059 5383 Itan,
1083 5323 1490 5386 super-exaltatum
1522 5332 1670 5385 Port.,
1709 5325 2018 5390 superemi-

450 5397 522 5484 ωδ
557 5447 843 5560 νέξιιίει-ὶιιε,
880 5451 1011 5495 tanta
1250 5447 1409 5497 Codex
1433 5453 1580 5507 Port.,
1609 5453 1786 5498 tantae:
1805 5455 1920 5498 tam.

501 5514 525 5548 ³
556 5517 585 5559 Ε
640 5524 692 5560 ιι.
717 5522 810 5559 non
831 5514 1021 5558 exeant.
1057 5508 1289 5558 Paructda
1321 5522 1508 5560 neuans
1528 5511 1813 5560 auctoritate
1846 5523 1920 5559 ma

501 5514 525 5548 ³
556 5508 692 5572 Εῶιὶ,
717 5514 1021 5559 nmmum.
1057 5508 1289 5558 Partictda
1321 5522 1508 5571 negans
1528 5511 1813 5561 auctoritate
1846 5523 2016 5560 manu-

438 5575 720 5683 ὀξίνέειιὲξ

503 5693 524 5724 ⁸
1184 5705 1247 5743 ex
1270 5693 1434 5744 codice
1473 5702 1615 5756 Port.,
1640 5700 1685 5746 et
1707 5692 1878 5757 ipsam.

1101 296 1344 354 OPERIS
1381 288 1796 350 IMPERFECTI
1829 285 2102 344 CONTRA
2139 284 2500 357 JULIANUM,
2540 287 2600 342 S.
2640 287 3005 345 AUGUSTINI

2119 412 2255 466 ago;
2280 397 2368 452 sed
2399 398 2536 468 quod
2563 398 2648 452 odi
2667 441 2682 461 ,
2714 400 2843 454 illud
2881 401 3015 471 facio
3040 417 3059 454 :
3084 415 3241 471 quem
3272 415 3367 457 vos
3407 416 3514 458 non
3545 407 3712 462 vultis

2121 488 2300 542 vitiata
2323 490 2527 560 origine
2544 530 2561 554 ,
2587 490 2681 546 sed
2708 491 3030 561 prmvalente
3053 492 3190 546 mala
3217 495 3605 550 consuetudine
3629 497 3716 550 Ia-

2120 576 2343 644 borare;
2376 595 2438 634 ac
2466 581 2544 635 sic
2568 582 2729 635 etiam
2760 597 2860 637 vos
2888 580 3126 636 fatemini
3155 583 3380 638 liberum
3404 584 3714 652 arbitrium,

2121 668 2260 724 male
2286 684 2345 724 se
2373 670 2587 735 utendo,
2617 686 2774 741 posse
2795 671 3057 736 deﬁcere;
3089 681 3145 726 et
3167 687 3272 726 non
3299 673 3459 726 vultis
3483 673 3575 727 illo
3600 683 3712 728 tam

2118 761 2306 832 grandi
2350 772 2597 832 peccato,
2648 775 2700 818 ut
2745 765 2888 818 omni
2938 764 3077 818 mala
3119 764 3505 819 consuetudine
3553 763 3722 822 fuerit

2119 852 2291 920 majus
2318 862 2372 906 et
2401 853 2586 920 pejus,
2615 853 2787 907 vitiari
2818 854 3055 922 potuisse
3091 854 3143 907 in
3175 854 3406 909 humana
3435 863 3623 908 natura
3649 855 3716 908 li-

2118 940 2305 995 herum
2333 941 2647 1009 arbitrium;
2680 944 2732 996 in
2759 958 2862 1013 qua
2891 944 3228 1014 depravanda
3257 945 3448 999 malam
3477 960 3719 1001 consue-

2120 1032 2354 1087 tudinem
2387 1042 2592 1088 tantum
2618 1034 2794 1092 dicitis
2833 1049 2988 1104 posse
3007 1075 3022 1100 ,
3053 1044 3111 1090 ut
3135 1051 3196 1091 se
3221 1035 3478 1106 perﬁcere
3509 1037 3716 1092 bonum

2117 1121 2312 1177 clamet
2353 1123 2514 1178 homo
2558 1125 2729 1189 velle,
2777 1139 2877 1179 nec
2915 1139 3090 1194 posse.
3127 1124 3476 1180 lmmutabilis
3503 1136 3714 1191 autem,

2117 1226 2236 1265 cum
2265 1229 2366 1283 qua
2395 1213 2558 1268 homo
2581 1224 2792 1269 creatus
2820 1222 2903 1270 es't
2930 1224 2986 1271 et
3012 1224 3244 1281 creatur,
3272 1216 3358 1270 illa
3386 1216 3607 1270 libertas
3629 1225 3720 1270 est

2117 1302 2434 1367 voluntatis,
2474 1319 2578 1374 qua
2615 1305 2754 1360 beati
2795 1321 2915 1362 esse
2939 1321 3127 1362 omnes
3154 1307 3432 1372 volumus,
3473 1315 3528 1361 et
3566 1307 3719 1362 nolle

2117 1407 2224 1445 non
2262 1407 2544 1462 possumus
2572 1409 2586 1447 :
2616 1394 2710 1450 sed
2752 1394 2867 1449 haec
2911 1403 2970 1448 ut
3012 1396 3199 1450 beatus
3239 1396 3310 1450 sit
3346 1395 3576 1465 quisque
3605 1410 3717 1450 non

2117 1486 2340 1551 sufﬁcit,
2371 1502 2472 1542 nec
2501 1496 2558 1542 ut
2583 1487 2724 1542 vivat
2756 1496 2904 1544 recte
2942 1503 3036 1558 per
3059 1488 3202 1558 quod
3230 1491 3416 1547 beatus
3443 1489 3515 1542 sit
3541 1506 3556 1540 :
3586 1489 3717 1558 quia

2118 1591 2225 1631 non
2252 1577 2324 1631 ita
2350 1586 2434 1632 est
2462 1577 2663 1632 homini
2691 1580 2972 1647 congenita
3001 1579 3216 1634 libertas
3244 1578 3594 1632 immutabilis
3618 1594 3720 1632 vo-

2119 1669 2337 1724 luutatis
2360 1685 2464 1740 qua
2489 1670 2616 1724 velit
2637 1670 2911 1740 possitque
2947 1670 3084 1726 bene
3118 1685 3308 1739 agere,
3336 1670 3470 1724 sicut
3507 1684 3716 1739 conge-

2119 1760 2228 1814 nita
2255 1769 2336 1815 est
2364 1775 2467 1830 qua
2491 1761 2618 1815 velit
2643 1760 2829 1815 beatus
2856 1775 3010 1827 esse;
3035 1759 3178 1830 quod
3203 1775 3392 1816 omnes
3421 1760 3634 1826 volunt,
3660 1769 3720 1814 et

2119 1851 2209 1922 qui
2239 1860 2383 1906 recte
2409 1867 2566 1922 agere
2591 1852 2797 1906 nolunt.

2191 1941 2329 1996 XIII.
2357 1941 2477 1997 Jun.
2521 1941 2659 2008 Quid
2696 1941 2856 2011 igitur
2893 1940 3192 1998 confectum
3231 1941 3350 1996 est?
3381 1941 3550 1998 Unum
3583 1954 3720 1996 esse

2120 2033 2474 2087 necessarium
2499 2033 2568 2088 de
2591 2032 2820 2099 duobus,
2861 2044 2920 2086 ut
2959 2042 3051 2086 aut
3087 2032 3393 2103 conﬁtearis
3421 2031 3590 2086 Adam
3635 2031 3721 2085 fa-

2119 2130 2262 2178 ctum
2288 2123 2440 2178 bonae
2466 2137 2587 2178 esse
2611 2121 2942 2189 substantia),
2967 2137 3065 2177 nec
3092 2132 3334 2176 naturam
3363 2122 3480 2191 ejus
3513 2122 3718 2176 volun-

2120 2214 2254 2268 taria
2277 2213 2530 2284 qualitate
2549 2213 2895 2278 destructam,
2927 2219 2984 2267 et
3001 2213 3218 2267 deseras
3247 2213 3488 2267 naturale
3515 2221 3719 2280 pecca-

2121 2312 2231 2358 tum
2258 2322 2273 2358 :
2296 2311 2390 2358 aut
2409 2303 2455 2358 si
2478 2304 2646 2370 illum,
2677 2313 2733 2358 ut
2753 2303 3006 2358 hactenus
3025 2303 3271 2372 opinatus
3289 2318 3368 2368 es,
3389 2303 3718 2357 naturalium

2119 2393 2380 2447 malorum
2405 2407 2618 2447 causam
2645 2407 2766 2448 esse
2784 2391 3145 2457 contenderis,
3173 2402 3228 2446 et
3253 2392 3429 2460 ipsum
3457 2395 3717 2460 pessime

2119 2483 2452 2551 substantiae,
2484 2493 2643 2554 atque
2681 2483 2747 2538 ad
2776 2483 2943 2538 Deum
2973 2493 3229 2551 vestrum,
3257 2482 3312 2538 id
3350 2491 3452 2550 est,
3483 2491 3641 2538 tuum
3663 2491 3722 2539 et

2119 2574 2418 2642 Manichaai,
2447 2575 2716 2644 pertinere
2735 2575 3067 2646 pronunties.

2192 2666 2323 2721 Anc.
2370 2664 2487 2720 Non
2533 2680 2654 2721 esse
2682 2665 2982 2721 confectum
3009 2666 3150 2735 quod
3179 2675 3330 2735 putas
3367 2681 3485 2721 esse
3520 2667 3720 2723 confe-

2121 2763 2285 2821 ctum,
2318 2763 2498 2810 nostra
2534 2757 2780 2826 superior
2818 2757 3098 2826 responsio
3121 2757 3378 2812 declarat.
3413 2757 3544 2812 Nam
3583 2774 3722 2814 eum

2122 2846 2262 2900 inter
2290 2861 2389 2901 nos
2416 2848 2642 2917 quaestio
2679 2856 3001 2915 verteretur,
3035 2858 3208 2902 utrum
3247 2851 3389 2904 malo
3433 2865 3529 2904 usu
3556 2851 3724 2906 liberi

2123 2938 2349 3004 arbitrii,
2399 2953 2521 2993 cum
2566 2954 2672 3009 quo
2713 2940 2872 2994 homo
2899 2950 3111 2995 creatus
3135 2949 3238 3006 est,
3282 2942 3451 2996 vitiari
3480 2944 3723 3010 potuerit

2123 3028 2223 3084 ista
2254 3029 2488 3092 libertas,
2516 3044 2584 3083 ne
2620 3029 2686 3082 ad
2724 3029 2861 3084 bene
2892 3029 3200 3097 vivendum,
3227 3032 3316 3100 qui
3349 3033 3364 3064 ⁸
3391 3033 3530 3086 male
3555 3034 3718 3100 vixit,

2123 3128 2266 3175 esset
2294 3119 2538 3184 idoneus,
2570 3119 2668 3174 nisi
2696 3120 2878 3190 gratia:
2899 3121 3092 3176 virtute
3113 3133 3357 3189 sanatus;
3390 3133 3446 3178 ut
3467 3124 3720 3180 omittam

2122 3220 2337 3282 cetera,
2359 3224 2479 3282 quat
2499 3210 2553 3264 in
2579 3209 2764 3265 eadem
2785 3211 3134 3281 responsione
3147 3211 3287 3266 dicta
3309 3222 3429 3267 sunt
3455 3213 3716 3282 plurima.

2123 3305 2423 3361 invenimus
2452 3301 2721 3360 hominem
2765 3301 2820 3360 in
2848 3315 3056 3360 summa
3085 3302 3481 3377 Seripturarum
3503 3305 3727 3359 divina-

2123 3413 2243 3452 rum
2287 3397 2602 3452 auctoritate
2641 3397 2930 3462 dicentem,
2977 3397 3097 3452 Non
3121 3400 3259 3469 quod
3292 3399 3418 3464 voto,
3451 3397 3587 3471 facio
3620 3398 3718 3456 bo-

2123 3503 2277 3553 num;
2302 3487 2392 3541 sed
2415 3487 2552 3557 quod
2577 3488 2693 3542 nolo
2718 3488 2930 3554 hiatum,
2955 3488 3052 3543 hoc
3080 3506 3198 3560 ago.
3232 3490 3286 3544 In
3316 3492 3508 3560 quibus
3530 3494 3718 3547 verbis

2123 3575 2398 3636 evidenter
2413 3589 2653 3648 apparet,
2673 3578 2897 3634 liberum
2912 3579 3188 3634 arbitrium
3207 3581 3346 3636 malo
3362 3597 3460 3636 suo
3475 3598 3577 3636 usu
3593 3597 3719 3637 esse

2123 3672 2392 3726 vitiatum;
2407 3669 2524 3726 Non
2554 3671 2696 3725 enim
2725 3680 2850 3725 ante
2879 3681 3171 3740 peccatum,
3201 3687 3307 3740 quo
3333 3675 3469 3728 male
3485 3691 3617 3728 usus
3633 3683 3717 3729 est

2124 3763 2286 3818 homo
2314 3763 2485 3819 libero
2509 3761 2748 3827 arbitrio,
2789 3762 2843 3816 in
2886 3762 2972 3816 illa
3003 3762 3229 3830 paradisi
3277 3763 3528 3819 felicitate
3558 3773 3618 3820 et
3646 3765 3718 3818 ad

2123 3853 2262 3908 bene
2300 3852 2562 3923 agendum
2597 3865 2786 3921 magna
2824 3851 3073 3907 I’acilitate
3105 3854 3126 3884 ²
3152 3855 3503 3918 constitutus,
3533 3863 3719 3924 posset

2124 3946 2228 4002 hoc
2250 3947 2450 4001 dicere.
2478 3943 2583 4002 Sed
2611 3944 2713 3999 hoc
2741 3959 2836 3999 vos
2864 3959 2968 3998 non
2996 3944 3193 3999 vitiat-2
3218 3945 3273 3999 in
3301 3947 3473 4014 primo
3493 3946 3719 4001 homine

2127 4044 2333 4090 natura:
2376 4034 2642 4099 humanae,
2689 4033 2786 4090 sed
2835 4033 2991 4087 malae
3033 4034 3404 4088 consuetudini
3453 4036 3720 4106 cujusque

2123 4125 2353 4182 tribuitis
2385 4165 2402 4192 ,
2443 4139 2601 4194 quam
2642 4123 2743 4178 sibi
2783 4123 3160 4192 praevalentem
3198 4123 3220 4155 ³
3250 4125 3455 4188 volens.
3491 4142 3592 4181 nec
3620 4143 3718 4180 va-

2122 4215 2240 4270 lens
2281 4213 2444 4267 homo
2489 4212 2721 4276 vincere,
2777 4225 3034 4282 suamque
3076 4212 3375 4269 libertatem
3414 4215 3480 4269 ad
3511 4216 3716 4270 bonum

2124 4305 2505 4376 perﬁciendum
2553 4305 2809 4374 integram
2858 4319 2965 4358 non
3014 4304 3328 4371 inveniens,
3390 4307 3570 4362 dicere
3614 4310 3718 4364 ista

2121 4395 2488 4466 compellitur;
2537 4395 2689 4462 quasi
2729 4410 2858 4451 vero
2884 4397 2998 4450 vim
3023 4398 3420 4452 consuetudinis
3446 4399 3604 4453 malae
3636 4402 3720 4454 in-

2122 4487 2478 4557 superabilem
2510 4485 2758 4556 patiatur,
2787 4496 2846 4542 ut
2863 4487 2931 4540 ab
2955 4503 3016 4542 ea
3043 4502 3101 4542 se
3129 4497 3314 4556 poscat
3343 4489 3432 4543 Dei
3456 4491 3630 4558 gratia
3656 4493 3719 4546 li-

2120 4579 2319 4646 berari,
2353 4578 2457 4633 nisi
2499 4577 2758 4631 inﬁrmata
2801 4587 3007 4630 natura.
3057 4577 3190 4632 Nam
3220 4578 3310 4647 qui
3350 4579 3448 4634 ista
3475 4579 3715 4645 diccbat,

2121 4686 2242 4728 eum
2268 4670 2332 4725 ad
2365 4671 2464 4724 ista
2508 4669 2854 4739 pervenisset,
2895 4669 2983 4722 ubi
3025 4669 3119 4734 ait,
3173 4667 3331 4724 Video
3365 4671 3521 4724 aliam
3548 4673 3716 4743 legem

2121 4762 2175 4814 in
2199 4760 2432 4814 membris
2455 4761 2596 4825 meis,
2612 4768 2976 4831 repugnantem
2991 4761 3089 4831 tegi
3104 4762 3280 4815 utentis
3299 4778 3440 4825 ntere,
3463 4773 3512 4816 et
3538 4767 3715 4833 capti-

2121 4862 2315 4908 cantem
2341 4869 2420 4906 me
2439 4850 2529 4906 sub
2564 4850 2671 4922 lege
2707 4851 2913 4918 peccati,
2945 4867 3060 4921 quae
3087 4862 3158 4906 est
3191 4853 3242 4906 in
3282 4853 3517 4907 membris
3543 4857 3672 4908 meis
3692 4872 3711 4910 :

2123 4943 2282 4997 Miser
2300 4958 2415 5013 ego,
2449 4941 2638 5010 inquit,
2667 4941 2835 5004 homo,
2861 4941 2974 5010 quis
3021 4957 3100 4995 me
3135 4941 3360 4996 liberabit
3399 4943 3462 4996 de
3501 4959 3717 5012 corpore

2123 5035 2296 5089 mortis
2315 5035 2468 5104 hujus
2483 5034 2509 5087 1’
2529 5032 2705 5088 Gratia
2733 5032 2826 5087 Dei
2847 5049 2936 5101 per
2955 5033 3132 5087 Jesum
3151 5034 3408 5088 Christum
3430 5034 3716 5090 Dominum

2122 5136 2348 5180 nostrum
2373 5123 2546 5194 (Rom.
2573 5139 2666 5186 vn,
2711 5123 2796 5186 15,
2835 5121 2927 5189 25,
2976 5122 3068 5189 24,
3113 5122 3230 5192 25).
3271 5123 3480 5193 Corpus
3521 5128 3716 5181 mortis

2103 5215 2388 5286 quomodo
2411 5215 2570 5269 vultis
2608 5213 3026 5282 interpretamini
3066 5231 3079 5268 :
3126 5222 3300 5268 tamen
3345 5214 3616 5271 inﬁrmato
3650 5217 3718 5270 Ii-

2120 5306 2254 5362 bero
2281 5305 2520 5372 arbitrio,
2549 5303 2808 5359 inﬁrmata
2848 5313 3035 5358 natura
3079 5303 3176 5358 ista
3206 5304 3435 5370 dicebat.
3481 5316 3534 5360 et
3563 5307 3715 5361 desio

2122 5397 2341 5454 derabat
2367 5411 2464 5466 per
2494 5394 2586 5450 Dei
2614 5394 2837 5465 gratiam
2879 5393 2948 5448 de
2983 5395 3171 5449 mortis
3196 5408 3423 5464 corpore
3468 5395 3714 5464 liberari,

2187 5575 2203 5602 ι
2238 5569 2396 5619 Codex
2422 5575 2568 5630 Port.,
2586 5565 2717 5630 grtia.

2186 5634 2212 5691 ’ί
2240 5632 2374 5687 Editi,
2404 5625 2646 5691 felicitate.
2687 5627 2852 5678 Melius
2874 5635 3016 5684 Port..
3045 5625 3289 5689 facilitate.

2199 5690 2219 5720 ³
2244 5693 2377 5752 Editi,
2405 5689 2739 5752 'prtsvatenter.
2763 5693 3057 5754 castigantur
3083 5703 3144 5739 ex
3169 5689 3524 5756 mmiptis.
