3934 6178
235 277 354 338 1525

234 397 306 450 ubi
336 405 432 446 non
459 386 598 458 quod
629 385 840 442 volebat
854 383 1042 456 agebat
1063 381 1284 446 bonum,
1312 377 1406 434 sed
1429 377 1625 432 malum
1649 375 1791 446 quod

233 483 396 540 oderat
419 478 666 532 faciebat.
701 475 896 530 Verum
926 473 1247 528 documento
1273 467 1602 523 cvidentiore
1626 466 1796 520 vinci-

233 576 366 639 mini,
396 581 498 625 tam
537 568 739 640 grande
767 575 1039 636 peceatum
1071 562 1197 617 illttd
1236 560 1398 615 fuisse
1428 559 1586 630 primi
1623 557 1796 613 homi-

233 668 335 728 nis,
387 671 442 716 ut
482 660 628 714 omni
695 657 940 712 violentia
996 651 1396 710 consuetudinis
1436 657 1582 705 esset
1629 646 1800 716 majus

231 767 279 810 et
317 753 478 824 pejus,
523 763 644 804 cum
689 747 840 802 vobis
901 745 1241 816 proferuntur
1296 741 1432 795 mala
1479 751 1799 811 puerorum,

231 863 336 919 qua:
385 845 562 913 utique
606 842 657 896 in
694 839 939 910 paradiso
981 837 1151 891 futura
1197 851 1302 890 non
1359 833 1600 895 fuissent,
1649 831 1695 885 si
1747 837 1801 882 ut

234 939 342 994 inde
367 950 468 990 non
511 935 814 1005 pelleretur,
867 931 922 984 in
971 945 1033 984 ea
1081 926 1412 983 rectitudinis
1453 924 1719 984 felicitate,
1750 923 1804 976 in

234 1047 324 1100 qua
368 1029 499 1082 facta
555 1038 637 1082 εει
693 1033 877 1078 natura
931 1021 1185 1085 humana,
1234 1017 1538 1072 mansisset.
1583 1014 1714 1069 Nam
1751 1023 1810 1068 ut

233 1122 344 1174 talia
370 1129 638 1173 taceamus
667 1159 682 1182 ,
721 1130 842 1184 quze
870 1112 1070 1181 aliquot
1106 1108 1238 1164 locis
1271 1108 1382 1178 jam
1437 1106 1702 1167 diximus,
1757 1112 1813 1158 ct

235 1222 280 1264 ut
335 1225 434 1263 non
507 1207 678 1262 solum
732 1205 1035 1267 indoctam,
1083 1215 1268 1255 verum
1315 1198 1476 1254 etiam
1529 1195 1810 1250 indocilem

224 1309 605 1372 ,prmtereamus
658 1295 929 1350 infantiam
982 1310 996 1347 :
1046 1307 1222 1346 nonne
1263 1285 1451 1359 aliquis
1497 1301 1630 1356 puer
1673 1286 1816 1340 acci-

237 1394 373 1462 piens
420 1404 449 1443 a
505 1388 757 1458 magistro
795 1385 936 1456 quod
996 1382 1250 1438 memoria
1296 1381 1584 1442 retineret,
1629 1376 1815 1431 volens

237 1492 406 1535 tenere
431 1493 532 1533 nec
556 1478 759 1534 valens.
792 1476 835 1529 si
862 1482 1049 1545 posset
1070 1473 1270 1536 dicere,
1289 1469 1566 1526 verissime
1589 1467 1812 1533 diceret,

241 1570 392 1623 Video
421 1568 579 1622 aliam
605 1566 775 1636 legem
809 1564 862 1618 in
894 1563 1069 1615 anima
1105 1575 1222 1616 mea
1243 1601 1260 1627 ,
1286 1567 1672 1629 repugnantem
1714 1555 1817 1626 legi

236 1658 516 1713 voluntatis
552 1671 706 1721 meae,
745 1662 802 1710 et
839 1653 1191 1722 captivantem
1220 1664 1306 1705 me
1339 1649 1439 1703 sub
1481 1649 1594 1719 lege
1623 1647 1817 1702 ferula-

235 1766 366 1816 rum,
395 1766 515 1820 qum
560 1749 800 1803 imminet
826 1744 1078 1800 membris
1109 1742 1281 1798 meis?
1307 1741 1470 1796 Miser
1496 1754 1595 1809 ego
1632 1739 1814 1804 homo,

232 1839 347 1910 quis
375 1853 463 1895 me
506 1837 751 1892 liberabit
783 1836 850 1890 de
886 1847 1111 1904 corpore
1153 1832 1342 1886 mortis
1380 1829 1574 1900 hujus?
1612 1826 1818 1898 Corpus

233 1931 370 1985 enim
399 1927 744 1998 corruptibile
769 1934 1015 1998 aggravat
1042 1924 1293 1986 animam,
1325 1929 1383 1976 ut
1410 1921 1549 1991 quod
1570 1921 1684 1974 vult
1709 1935 1820 1974 me-

233 2020 397 2074 moria
429 2028 634 2090 tenere,
665 2031 771 2072 non
798 2017 984 2086 possit.
1028 2015 1094 2069 Et
1120 2013 1188 2068 de
1215 2013 1320 2067 hoc
1343 2009 1671 2081 corruptibili
1697 2023 1820 2064 oor-

232 2123 358 2178 pore
385 2110 507 2179 quis
530 2108 740 2173 liberat,
771 2105 875 2160 nisi
908 2105 1079 2175 gratia
1108 2103 1200 2158 Dei
1227 2116 1322 2172 per
1345 2101 1526 2157 Jesum
1549 2098 1822 2155 Christum

230 2200 517 2255 Dominum
561 2197 846 2253 nostrum?
871 2196 984 2250 sive
1021 2210 1142 2250 cum
1187 2194 1292 2250 hoc
1317 2202 1495 2259 exuta,
1546 2191 1825 2261 redempta

227 2289 433 2346 Christi
462 2288 719 2359 sanguine
751 2287 924 2341 anima
951 2285 1258 2356 requiescit,
1287 2283 1400 2340 sive
1420 2298 1540 2338 cum
1564 2281 1853 2352 corruptio-

233 2383 337 2437 bile
367 2381 473 2436 hoc
498 2380 681 2436 induet
701 2377 1151 2448 incorruptionem
1175 2378 1218 2447 (l
1238 2375 1356 2431 Cor.
1380 2389 1472 2441 xv,
1500 2374 1618 2445 53),
1637 2382 1692 2430 et
1708 2382 1828 2444 post

234 2486 506 2528 aerumnas
529 2471 770 2540 corporis
799 2471 994 2525 mortui
1035 2477 1253 2539 propter
1295 2475 1570 2538 peccatum
1595 2466 1827 2521 viviﬁca-

237 2563 436 2617 buntur
465 2569 520 2616 et
537 2574 768 2630 corpora
799 2558 1044 2614 mortalia
1073 2567 1257 2613 nostra
1307 2572 1402 2628 per
1444 2557 1825 2614 inbabitantem

236 2652 430 2708 Christi
459 2650 714 2720 Spiritum
739 2649 792 2703 in
819 2647 998 2703 nobis.
1042 2646 1242 2702 Contra
1281 2647 1435 2716 cujus
1473 2647 1718 2718 gratiam,
1763 2646 1828 2702 li-

239 2743 376 2798 berte
399 2741 689 2796 voluntatis
717 2737 996 2792 arbitrium
1037 2737 1075 2803 ⁸,
1118 2737 1320 2807 peccati
1352 2737 1601 2792 ancillam
1632 2737 1827 2792 volun-

241 2841 397 2887 tatem
425 2829 732 2886 defenditis.
759 2827 870 2883 Nos
892 2836 1068 2882 autem
1085 2842 1114 2880 a
1134 2824 1428 2882 Manichaee
1445 2827 1597 2898 longe
1619 2841 1823 2895 sumus,

239 2924 324 2992 qui
351 2932 556 2976 natura:
585 2921 738 2976 bona:
761 2921 875 2976 sive
905 2920 956 2974 in
982 2919 1293 2990 grandibus,
1323 2919 1437 2976 sive
1473 2920 1526 2975 in
1571 2919 1824 2990 parvulis,

238 3024 293 3070 et
317 3015 502 3068 vitium
528 3012 846 3068 confitemur
873 3020 928 3068 et
950 3011 1238 3067 medicum.

306 3103 443 3159 XIV.
481 3103 606 3160 Ιυι..
654 3103 744 3159 Sic
783 3101 1047 3173 disputavi
1091 3101 1372 3166 hactenus,
1396 3109 1455 3155 ut
1479 3115 1596 3156 mos
1633 3109 1830 3156 nostra:

241 3195 355 3250 ﬁdei
385 3193 692 3265 postulabat
718 3210 733 3246 :
764 3206 951 3247 verum
976 3206 1079 3246 non
1109 3189 1208 3246 bac
1234 3191 1404 3246 solum
1435 3199 1581 3261 parte
1606 3199 1830 3246 conten-

242 3295 339 3351 tus,
367 3302 526 3357 agam
555 3296 726 3340 tecum
756 3285 1006 3354 benigne,
1039 3292 1094 3338 et
1126 3283 1372 3338 consulto
1399 3297 1514 3336 eam
1541 3279 1670 3337 mihi
1711 3297 1832 3352 per-

241 3393 417 3434 sonam
457 3379 701 3443 induam,
733 3391 852 3446 quae
879 3375 1224 3444 praeceptoris
1253 3374 1324 3429 tui
1349 3374 1625 3428 sententiae
1653 3372 1830 3427 favere

242 3469 501 3524 videatur.
546 3467 656 3523 Hoc
683 3474 861 3520 autem
892 3480 952 3520 ea
989 3465 1157 3535 gratia
1208 3462 1319 3528 ﬁet,
1371 3472 1430 3518 ut
1479 3471 1534 3516 tu
1579 3463 1631 3516 in
1664 3460 1830 3516 Mani-

242 3559 462 3626 chaenm,
493 3559 544 3613 si
573 3558 642 3612 ab
670 3571 734 3612 eo
759 3554 1008 3623 dissidcs,
1044 3567 1352 3624 oppugnare
1375 3552 1604 3623 cogaris.
1633 3553 1827 3607 Asser-

245 3651 362 3704 tioni
390 3650 596 3721 quippe
621 3657 816 3702 nostra:
845 3645 977 3700 nihil
1008 3645 1216 3698 astutiae
1257 3644 1433 3697 inesse
1458 3643 1559 3698 hoc
1596 3643 1712 3712 ipso
1735 3643 1833 3697 do-

243 3740 461 3806 cebitur,
492 3754 619 3794 cum
647 3737 1014 3793 Traducianus
1035 3750 1142 3789 non
1166 3734 1386 3796 invenit,
1410 3748 1516 3802 quo
1537 3733 1830 3788 Manichteo

242 3831 403 3899 possit
443 3830 736 3886 obsistere.
781 3827 960 3897 Itaque
1002 3825 1282 3896 apparebit
1325 3833 1518 3893 quanta
1567 3824 1704 3878 inter
1736 3839 1832 3881 vos

249 3923 541 3992 conjuratio
585 3921 673 3984 sit,
714 3935 872 3990 quam
902 3917 1198 3988 procuretis
1247 3915 1444 3969 mutuis
1470 3923 1656 3969 cuncta
1685 3930 1834 3970 com-

248 4014 466 4080 pendiis,
498 4011 718 4082 quando
747 4012 886 4063 inter
910 4006 1250 4076 vosjurgium
1277 4005 1496 4060 excitari
1519 4019 1624 4059 non
1644 4013 1833 4075 potue-

249 4103 330 4156 rit.
359 4085 475 4171 Quo
523 4103 684 4173 igitur
717 4100 767 4154 id
795 4115 880 4154 me
908 4097 1136 4153 consilio
1161 4095 1449 4166 arripuisse
1484 4095 1828 4162 ostenderim,

248 4195 418 4248 animo
448 4193 668 4250 lectoris
694 4190 887 4245 insidat
915 4207 928 4242 :
960 4203 1100 4243 nunc
1124 4188 1235 4258 jam
1275 4201 1534 4256 personae,
1563 4202 1721 4257 quam
1748 4201 1834 4242 as-

249 4286 525 4354 sumimus,
555 4285 796 4338 oratione
823 4281 1121 4351 fungamur.
1159 4279 1356 4334 Errant
1380 4279 1598 4334 omnino
1621 4281 1709 4349 qui
1738 4294 1832 4348 pu-

251 4387 355 4431 tant
377 4378 518 4432 hanc
546 4374 940 4430 concretionem
965 4372 1207 4442 corporis
1231 4371 1462 4426 habilem
1484 4373 1505 4402 ¹¹
1526 4385 1646 4425 esse
1668 4369 1830 4440 justi-

251 4468 329 4521 tia:
359 4487 373 4522 :
404 4467 657 4522 omnibus
683 4465 836 4520 bonis
861 4463 1051 4518 studiis
1074 4471 1330 4531 repugnat
1352 4461 1474 4514 vilis
1501 4469 1685 4514 natura
1709 4475 1830 4515 car-

251 4559 327 4612 nis
345 4569 398 4614 et
420 4559 718 4629 sanguinis.
748 4553 1015 4625 Quidquid
1043 4554 1494 4607 irritamentorum
1521 4560 1604 4606 est
1636 4551 1833 4606 lenoci-

251 4648 334 4703 nio
376 4662 671 4709 sensuum,
723 4645 790 4700 ad
839 4643 1311 4714 perturbationem,
1357 4643 1465 4696 imo
1501 4639 1832 4697 eversionem

250 4743 438 4796 tuentis
471 4742 720 4804 elabitur,
758 4755 877 4809 quae
904 4739 956 4792 in
989 4739 1092 4791 hoc
1117 4752 1328 4792 caenum
1360 4737 1541 4792 nescio
1566 4751 1667 4807 qua
1694 4735 1830 4792 infe.

250 4827 442 4885 licitate
480 4829 712 4898 dejeota,
751 4841 1041 4898 generosos
1085 4826 1310 4880 micatus
1348 4825 1495 4880 luteo
1537 4826 1707 4895 perdit
1738 4826 1835 4880 ad-

251 4925 440 4977 mixtu.
468 4922 586 4991 Ipsa
615 4929 869 4990 quantum
897 4919 950 4972 in
975 4933 1034 4972 se
1057 4925 1138 4972 est
1159 4914 1226 4969 ad
1251 4915 1423 4970 locum
1449 4931 1627 4983 suum,
1651 4915 1701 4970 id
1727 4924 1830 4982 est,

250 5011 311 5066 ad
341 5014 616 5082 superiora
645 5021 870 5067 conatur
906 5027 921 5063 :
965 5008 1059 5064 sed
1107 5017 1318 5062 terreno
1355 5006 1645 5062 afﬂictatur
1681 5022 1834 5078 erga-

250 5103 403 5158 smlo.
433 5105 672 5174 Dunique
698 5118 821 5158 cum
850 5100 916 5156 ad
944 5099 1249 5170 pudicitiam
1276 5097 1502 5153 voluerit
1529 5098 1830 5166 subvolare,

250 5194 424 5263 gluten
448 5204 505 5251 et
527 5196 729 5250 viscum
759 5191 1045 5262 voluptatis
1064 5189 1312 5244 obscena:
1336 5188 1406 5244 de
1426 5189 1653 5259 perustis
1671 5189 1833 5245 visce-

249 5285 395 5342 ribus
433 5287 723 5356 experitur.
764 5284 884 5341 Jam
929 5284 975 5337 si
1041 5281 1408 5337 liberalitatem
1460 5281 1833 5336 munificentia

248 5367 606 5444 concupiscat,
634 5375 890 5438 avaritias,
917 5388 1036 5443 qua:
1066 5370 1297 5441 tegmine
1325 5369 1638 5441 frugalitatis
1659 5370 1835 5440 Operi-

251 5471 355 5529 tur,
395 5465 619 5520 manicis
645 5462 958 5520 arctissimis
996 5461 1018 5494 ³
1055 5461 1353 5532 colligatur.
1388 5460 1673 5516 Enimvero
1708 5460 1752 5514 si
1779 5460 1830 5515 in

311 5597 328 5630 ⁸
364 5604 415 5646 tn
439 5598 605 5650 calice
629 5605 776 5657 Port.,
799 5595 1018 5648 arbitrio.

309 5659 332 5726 ξ
366 5657 586 5726 (militem
606 5661 907 5726 restituimus
930 5672 990 5726 ex
1017 5664 1122 5726 stss.

312 5719 334 5753 ⁸
362 5719 528 5772 Codex
547 5729 694 5782 νυνι..
716 5727 762 5772 et
784 5719 1080 5772 arctissitttt's.

1590 259 1794 316 LIBER
1831 257 2116 316 SEXTUS.

3350 263 3484 321 i526

1904 378 2481 447 arquabiliconstantite
2519 378 2744 450 quadam
2783 379 3006 438 voluerit
3033 382 3317 440 serenitate
3359 399 3488 440 con-

1908 471 2115 533 sistere,
2170 472 2410 527 obruitur
2451 473 2591 528 illico
2635 474 2894 544 grandine
2929 476 3153 541 timoris,
3196 487 3251 533 et
3287 478 3489 535 doloris

1910 563 2175 630 procellis,
2209 572 2367 634 atque
2393 565 2458 618 ad
2486 566 2659 620 omnia
2691 583 3110 639 cxsanguesecns
3141 571 3318 639 dubia,
3346 589 3490 626 com-

1912 667 2007 721 pos
2033 654 2112 708 sui
2139 655 2155 686 ί
2185 670 2288 708 non
2315 655 2504 709 sinitur
2534 672 2748 712 manere
2771 660 2997 714 consilii.
3023 660 3192 731 Iunge
3220 663 3321 717 huc
3344 664 3486 732 igno-

1912 752 2144 799 ratarum
2169 762 2344 800 rcruut
2377 757 2606 815 noctem,
2637 765 2738 819 qua
2756 751 3111 807 circumdatur
3133 754 3327 809 illuvie.
3358 756 3492 823 Quid

1914 837 2288 892 laudabilitatis
2327 838 2380 892 in
2415 853 2482 892 eo
2522 841 2912 909 snSpicabimur
2960 845 3248 910 animante,
3282 846 3367 915 qui
3400 861 3494 900 nec

1914 928 1979 982 ad
2010 929 2214 982 utilium
2254 930 2569 985 electionem
2593 931 2775 987 oculos
2805 935 3040 1004 vigentes
3069 936 3247 1002 habet,
3280 947 3334 992 et
3361 939 3496 993 inter

1917 1030 2256 1090 tempestates
2282 1021 2625 1093 cupiditatum
2647 1034 2702 1080 et
2719 1025 3083 1082 discriminum
3113 1045 3205 1084 sua
3229 1032 3497 1101 naufragia

1919 1127 2202 1167 numerare
2229 1128 2335 1167 non
2363 1114 2596 1170 sufficit?
2618 1115 2726 1171 Nec
2752 1128 2926 1173 tamen
2949 1118 3136 1190 aliquis
3171 1121 3284 1176 hare
3309 1135 3498 1192 Sponte

1917 1201 2218 1271 depravata:
2256 1205 2564 1261 substantias
2605 1207 2865 1264 accidisse
2895 1212 3179 1266 mentiatur
3205 1229 3218 1265 :
3248 1213 3358 1282 ipsa
3389 1214 3496 1282 pri-

1921 1311 2127 1350 morum
2154 1293 2426 1352 hominum
2455 1300 2712 1355 institutio
2743 1302 2824 1356 Itis
2853 1304 3104 1358 aerumnis
3132 1305 3394 1359 invenitur
3413 1306 3497 1360 ob

1920 1385 2098 1440 noxia.
2127 1384 2256 1441 Nam
2286 1398 2344 1443 ut
2369 1390 2468 1444 hoc
2493 1390 2653 1445 etiam
2677 1391 2863 1464 Moysi,
2886 1410 3039 1464 quem
3056 1392 3310 1452 Catholici
3337 1413 3493 1452 vene-

1920 1486 2124 1544 rantur,
2155 1479 2457 1536 testimonio
2481 1484 2890 1554 comprobetur;
2920 1488 3329 1557 experiebantur
3346 1491 3500 1560 primi

1922 1564 2167 1623 homines
2208 1571 2568 1626 carnificinam
2612 1573 2851 1640 timoris,
2901 1591 3033 1646 quos
3072 1578 3502 1644 intentatio,'nisi

1921 1656 2248 1726 obedissent,
2277 1661 2492 1728 periculi
2522 1662 2815 1729 territabat,
2847 1673 3208 1736 quantumque
3232 1667 3297 1722 de
3325 1683 3504 1722 rerum

1921 1748 2206 1804 collatione
2229 1751 2551 1806 mctiendum
2574 1762 2674 1816 est,
2693 1753 3144 1812 formidolosiores
3166 1759 3389 1827 posteris
3412 1774 3508 1814 eos

1922 1840 2205 1908 opinamur
2233 1839 2416 1909 fuisse,
2446 1857 2578 1913 quos
2621 1858 2778 1913 poena
2822 1846 3049 1901 necdum
3085 1848 3330 1919 cuiquam
3359 1864 3508 1904 com-

1924 1939 2072 1998 perta
2104 1931 2346 1986 vexabat.
2391 1932 2498 1987 Cur
2548 1936 2688 1987 enirn
2720 1937 2908 1991 mortis
2949 1937 3298 1992 intentatione
3323 1947 3508 2008 quate-

1926 2027 2131 2082 rentur,
2157 2021 2248 2089 qui
2280 2022 2588 2076 nesciebant
2616 2024 2738 2093 quid
2783 2026 3106 2081 incommodi
3131 2026 3344 2082 all'erret
3370 2029 3505 2083 inte-

1927 2110 2100 2166 ritus?
2147 2110 2580 2169 Sollicitabantur
2630 2117 2880 2172 nimirum
2935 2119 3063 2174 solis
3120 2120 3512 2190 suSpicionibus

1928 2203 2210 2258 malorum.
2243 2204 2300 2260 ln
2327 2221 2426 2275 qua
2454 2222 2582 2279 ergo
2611 2208 2699 2263 ille
2736 2211 2945 2265 animus
2989 2212 3368 2282 tranquillitate
3393 2229 3514 2269 con-

1929 2292 2162 2361 sisteret,
2195 2309 2352 2366 quem
2387 2305 2493 2351 tam
2529 2314 2717 2369 aspera
2741 2299 2916 2357 hiems
2945 2301 3243 2359 formidinis
3284 2320 3512 2360 commo-

1927 2385 2123 2440 vebat?
2161 2385 2327 2441 Porro
2369 2387 2661 2458 ignorantia
2714 2407 2872 2460 quam
2915 2391 3202 2462 profunda,
3247 2411 3514 2466 quamque

1929 2475 2164 2546 patiendi
2192 2478 2310 2547 ejus
2329 2477 2459 2534 dura
2487 2480 2738 2545 conditio,
2765 2492 2823 2537 ut
2847 2483 3059 2540 liberari
3085 2485 3152 2541 ab
3171 2501 3233 2541 ea
3252 2487 3350 2541 nisi
3380 2504 3512 2557 prm-

1931 2568 2253 2624 varicatione
2281 2585 2385 2624 non
2417 2581 2593 2641 posset
2624 2590 2636 2626 :
2667 2574 2944 2630 scientiam
2970 2577 3166 2648 quippe
3195 2577 3321 2634 boni
3363 2581 3515 2636 mali-

1929 2675 2033 2730 que
2052 2703 2068 2726 ,
2099 2659 2301 2732 absque
2327 2677 2460 2719 ausu
2486 2665 2872 2723 condemnabili
2902 2684 3234 2740 nequaquam
3277 2674 3512 2742 capessi-

1929 2757 2098 2807 turus.
2128 2751 2240 2809 lloc
2259 2754 2360 2810 ita'
2376 2771 2574 2811 caecum
2601 2767 2656 2812 et
2676 2774 3034 2815 aerumnosum
3057 2763 3270 2829 animal,
3288 2764 3514 2834 inquies,

1929 2841 2090 2896 etiam
2118 2845 2379 2914 cupiditas
2405 2846 2582 2903 innata
2624 2849 2896 2916 reddebat,
2933 2868 3089 2922 quam
3115 2855 3190 2908 rei
3219 2855 3515 2910 interdicta:

1931 2941 1985 2986 et
2006 2945 2253 2990 venustas
2284 2936 2526 2992 irritabat
2574 2948 2629 2994 et
2668 2943 2919 2997 suavitas.
2970 2943 3121 3010 Quod
3165 2955 3330 3001 totum
3374 2949 3516 3003 velut

1932 3037 2117 3093 parum
2148 3035 2291 3080 esset
2313 3027 2378 3082 ad
2409 3027 2771 3085 infelicitatem
2796 3033 2937 3088 illius
2962 3035 3382 3104 exprimendam,
3415 3041 3517 3094 im-

1934 3116 2241 3184 pugnationi
2284 3128 2486 3173 naturze
2529 3122 2820 3189 superioris
2869 3127 3171 3192 exponitur.
3213 3127 3344 3194 Quis
3388 3145 3518 3200 ergo

1933 3202 2070 3277 adeo
2089 3204 2334 3276 desipiat,
2368 3217 2423 3262 ut
2449 3209 2518 3264 ibi
2545 3211 2829 3281 quidquam
2861 3215 2983 3269 boni
3026 3215 3188 3272 fuisse
3211 3219 3516 3286 arbitretur,

1937 3294 2024 3348 ubi
2070 3303 2146 3349 tot
2189 3296 2521 3353 miseriarum
2577 3297 2926 3358 instrumenta
2971 3305 3206 3361 instituta
3253 3307 3518 3365 fateatur?

1938 3384 2186 3440 Pessima)
2214 3387 2372 3458 igitur
2409 3393 2750 3459 conditionis,
2784 3396 3134 3469 pessinueque
3163 3410 3366 3456 natura:
3392 3417 3518 3458 caro

1935 3477 2034 3532 ista
2057 3478 2110 3534 in
2139 3479 2253 3536 istis
2279 3481 2466 3551 primis
2494 3483 2797 3542 hominibus
2820 3503 2997 3557 suum,
3032 3492 3172 3561 quod
3206 3493 3274 3548 ab
3298 3495 3522 3551 exordio

1937 3570 2168 3639 tenebat,
2191 3572 2443 3628 exseruit.
2468 3574 2614 3630 Hanc
2633 3587 2808 3633 autem
2833 3587 2937 3634 tam
2959 3581 3151 3636 malam
3169 3583 3521 3641 substantiam

1938 3660 2075 3714 Deus
2094 3660 2266 3717 bonus
2291 3679 2396 3718 non
2423 3667 2595 3734 potuit
2623 3665 2904 3724 fabricare.
2933 3670 3068 3739 Quid
3099 3687 3226 3744 ergo
3252 3683 3514 3745 superest,

1937 3751 2036 3804 nisi
2066 3759 2120 3804 ut
2147 3751 2408 3808 fateamur
2425 3756 2650 3811 alterum
2669 3773 2790 3814 esse
2801 3761 2993 3815 anima:
3013 3761 3276 3829 datorem,
3291 3765 3519 3820 alterum

1936 3840 2198 3896 luteorum
2225 3843 2593 3900 conditorem?
2617 3846 2732 3902 Stat
2757 3858 2902 3905 certe
2940 3851 3234 3919 Manicluei,
3257 3856 3408 3923 cujus
3437 3856 3518 3910 in-

1934 3928 2156 3985 dueram
2185 3946 2487 4000 personam,
2525 3935 2670 3990 acies
2711 3936 2972 3992 ordinata.
3004 3940 3140 4006 Quid
3183 3944 3520 4012 opperiamur

1936 4021 2206 4093 intelligis,
2236 4023 2484 4080 videlicet
2505 4034 2561 4079 ut
2583 4027 2672 4095 qui
2695 4027 2740 4082 ei
2771 4028 3028 4086 adversus
3049 4041 3152 4098 est,
3169 4038 3518 4105 consequenti

1936 4111 2333 4184 impugnatione
2376 4115 2427 4170 id
2469 4117 2814 4174 demonstret.
2855 4120 3014 4191 Igitur
3053 4132 3288 4179 vestrum
3325 4127 3516 4198 dogma

1935 4219 2054 4260 cum
2085 4221 2152 4261 eo
2176 4208 2425 4278 conﬂigat
2455 4227 2467 4263 :
2500 4211 2774 4281 apparebit
2804 4222 2978 4268 utrum
3018 4215 3135 4270 sine
3162 4217 3396 4285 pernicie
3423 4234 3518 4273 sua

1935 4296 2020 4351 vel
2049 4295 2236 4353 leviter
2265 4300 2430 4367 possit
2459 4302 2679 4355 moveri.
2709 4301 3074 4359 Pronuntiavit
3101 4314 3266 4370 certe,
3298 4322 3401 4362 non
3433 4322 3519 4361 so-

1935 4388 2046 4443 lum
2076 4391 2219 4444 nasci
2247 4405 2433 4446 omnes
2469 4391 2535 4445 de
2559 4394 2936 4448 commixtione
2968 4409 3249 4464 corporum
3271 4397 3520 4451 crimino-

1936 4493 2045 4544 sos,
2074 4495 2255 4534 verum
2305 4481 2474 4550 ipsum
2519 4481 2686 4535 Adam
2729 4482 3002 4552 culparum
3043 4486 3414 4541 necessitatem
3453 4488 3520 4544 de

1935 4571 2276 4625 concretione
2301 4571 2584 4636 viscerum,
2617 4581 2671 4626 et
2712 4571 2822 4626 litui
2851 4588 2914 4628 ex
2957 4589 3063 4644 quo
3102 4575 3272 4632 factus
3298 4586 3380 4632 est
3404 4579 3521 4634 Sor-

1935 4659 2091 4716 dibus
2117 4661 2375 4715 attulisse.
2399 4660 2615 4726 Natura,
2641 4662 2825 4733 inquit,
2859 4665 3035 4719 carnis
3058 4665 3108 4720 in
3142 4667 3332 4736 primis
3356 4667 3521 4724 homi-

1936 4751 2094 4805 nibus
2126 4749 2224 4805 fuit
2260 4751 2450 4816 noxia;
2481 4751 2649 4822 ipsam
2675 4752 2956 4808 scintillam
2990 4755 3150 4809 animi
3201 4757 3377 4812 studio
3419 4758 3521 4813 lto-

1937 4841 2160 4896 nestatis
2197 4840 2562 4896 sublucentem
2592 4843 2868 4909 conclusit,
2902 4843 3206 4909 madefecit,
3245 4848 3517 4902 exstinxit.
3573 4845 3582 4852 ’

1938 4929 2204 5000 lneptiunt
2233 4943 2451 5000 prorsus
2489 4930 2764 4996 Catholici,
2790 4932 2879 5001 qui
2916 4934 3246 5002 peccantium
3275 4936 3520 4992 testimo-

1938 5019 2041 5075 niis
2068 5019 2398 5085 obnituntur,
2441 5028 2496 5075 et
2537 5035 2635 5074 nec
2671 5019 3004 5075 documentis
3038 5023 3266 5092 propriis
3302 5026 3519 5095 acquie-

1937 5122 2112 5177 scunt,
2141 5112 2485 5182 videntesque
2511 5127 2618 5167 non
2647 5126 2704 5166 se
2730 5098 2927 5166 bonum
2957 5113 3099 5183 quod
3126 5116 3308 5172 volunt
3337 5131 3516 5188 agere,

1937 5202 2034 5258 sed
2070 5202 2265 5258 malum
2291 5203 2440 5273 quod
2483 5211 2826 5257 exsecrantur
2867 5205 3098 5273 cperari,
3129 5215 3314 5275 putant
3340 5217 3516 5260 tamen

1937 5293 1992 5350 in
2017 5309 2177 5350 carm
2222 5310 2330 5350 non
2358 5310 2481 5351 esse
2516 5295 2640 5350 mali
2681 5296 3074 5354 necessitatem.
3114 5297 3208 5353 liis
3246 5312 3374 5367 ergo
3411 5306 3522 5351 tam

1937 5384 2199 5441 invidiose
2227 5385 2381 5440 dictis
2419 5385 2793 5456 congrediatur
2815 5385 3196 5452 Traducianns,
3220 5385 3268 5440 si
3290 5395 3517 5457 potest:

1937 5491 2036 5549 ego
2064 5478 2275 5534 interim
2312 5485 2578 5546 spectator
2619 5478 2833 5546 assiste,
2876 5488 2932 5534 et
2966 5477 3164 5533 exitum
3199 5479 3361 5533 vestri
3389 5491 3522 5534 conv-

2002 5594 2019 5624 ί
2035 5599 2106 5666 ⁸ιιι
2131 5589 2613 5666 ᾳιὶιὶβρφζωιπρω
2633 5591 2708 5645 sui
2720 5627 2738 5654 ,
2764 5593 3046 5658 legebatur,
3063 5587 3330 5653 cmpositi.

1938 5653 2110 5704 dantur
2128 5665 2189 5700 ex
2209 5651 2372 5701 codice
2394 5659 2516 5702 Port.

1999 5716 2026 5746 θ
2057 5713 2216 5764 codex
2238 5720 2382 5776 θοι-ιη
2405 5712 2581 5777 itaque.
