3970 6184
415 288 438 340 1
448 285 548 340 527

412 403 585 456 flictus
611 397 878 468 opperior.
911 394 1048 463 Quid
1079 395 1252 464 itaque
1281 391 1628 461 reSpondebis
1671 391 1866 446 malam
1898 407 1990 444 na-

413 502 584 544 turam
615 491 772 543 etiam
798 488 850 540 in
881 484 1062 554 primis
1093 484 1396 537 hominibus
1421 482 1836 551 fuissejuranti?
1867 481 1993 536 Sine

411 582 574 654 dubio
618 579 836 642 referes,
876 578 1038 630 Deum
1081 575 1421 630 formatorem
1461 574 1732 629 hominum
1762 590 1866 628 non
1901 590 1994 643 p0-

413 673 572 726 tuissc
602 670 794 723 malum
825 667 1054 721 condere
1079 665 1221 735 quod
1246 665 1462 729 creavit,
1487 675 1539 720 et
1561 665 1681 720 ideo
1701 667 1823 735 quia
1853 666 1992 720 Deus

409 763 497 831 qui
522 760 719 813 malum
750 774 853 811 non
898 755 1052 822 facit,
1085 756 1326 810 homines
1361 755 1504 818 fecit,
1541 771 1871 824 nequaquam
1900 770 1994 810 eos

409 849 720 904 naturaliter
737 848 904 902 malos
925 846 1155 916 probari.
1180 847 1362 900 Dixisti
1383 846 1602 914 aliquid,
1621 853 1675 900 et
1700 845 1987 900 varaciter:

409 943 502 996 sed
532 940 649 994 vide
686 949 860 994 utrum
902 939 1002 994 hoc
1044 953 1129 993 me
1168 938 1416 993 debueris
1454 938 1704 992 audiente
1731 938 1987 1008 proferre.

407 1033 520 1099 Qua
550 1031 690 1086 enim
721 1032 912 1085 virtute
959 1029 1309 1083 Manichtnum
1344 1028 1680 1082 concusseris
1731 1043 1834 1082 non
1863 1029 1992 1083 satis

407 1136 537 1176 curo
571 1120 818 1175 :interim
848 1120 899 1172 in
937 1134 1051 1173 mea
1084 1126 1227 1173 totus
1249 1117 1368 1186 jura
1417 1117 1670 1171 transisti.
1701 1116 1867 1186 Capto
1898 1119 1988 1173 tibi

406 1215 511 1285 jam
543 1214 773 1268 delectat
809 1212 1061 1273 illudere;
1105 1211 1312 1280 excipio
1355 1211 1549 1279 quippe
1587 1225 1777 1278 magno
1803 1211 1990 1279 plausu

407 1308 789 1379 professionem
813 1313 974 1370 tuam,
1001 1313 1154 1373 teque
1176 1312 1232 1355 ut
1251 1301 1365 1370 ejus
1383 1301 1687 1356 memineris
1707 1300 1986 1378 admoneo.

411 1400 672 1468 Dignitate
701 1398 842 1452 enim
864 1397 1117 1460 auctoris,
1139 1394 1189 1448 id
1215 1402 1299 1448 est
1318 1393 1432 1456 Dei,
1461 1391 1550 1462 qui
1572 1392 1767 1445 malum
1791 1407 1893 1444 non
1915 1391 1992 1446 fa-

407 1490 499 1554 cit,
526 1487 875 1560 pronuntiasti
901 1501 1060 1556 opera
1082 1485 1196 1554 ejus
1217 1485 1350 1538 bona
1373 1483 1569 1538 debere
1586 1484 1769 1537 asseri.
1791 1482 1988 1536 Omnes

403 1595 535 1649 ergo
566 1579 807 1632 homines
833 1577 898 1632 de
930 1575 1164 1630 instituta
1187 1590 1216 1628 a
1239 1575 1346 1628 Deo
1371 1589 1589 1628 sexuum
1612 1575 1988 1629 commixtione

407 1679 708 1739 generatos,
738 1685 766 1722 a
797 1670 927 1735 Deo,
958 1683 1022 1720 an
1049 1681 1077 1719 a
1103 1665 1316 1720 diabolo
1347 1665 1455 1718 fieri
1490 1663 1678 1733 putas?
1707 1664 1762 1719 Si
1784 1681 1813 1717 a
1844 1664 1983 1729 Deo;

407 1759 498 1826 qui
521 1774 613 1813 eos
633 1761 796 1813 audes
816 1773 936 1811 reos
958 1756 1227 1824 malusque
1248 1756 1610 1824 pronuntiare,
1631 1769 1750 1809 cum
1773 1755 1984 1808 unicum

407 1849 604 1903 dixeris
633 1863 751 1903 esse
793 1847 1150 1901 testimonium
1195 1845 1361 1898 Adam
1408 1845 1518 1898 fieri
1565 1845 1719 1900 mala:
1759 1860 1866 1898 non
1891 1860 1987 1914 po-

409 1941 572 1993 tuisse
600 1947 821 2002 naturae,
855 1939 972 2006 quia
1008 1935 1250 1990 conditus
1278 1950 1307 1987 a
1339 1935 1449 1988 Deo
1490 1934 1578 2003 qui
1607 1942 1690 1988 est
1733 1935 1982 2003 optimus,

409 2028 710 2081 indicetur?
743 2027 800 2081 Si
840 2041 967 2096 ergo
1009 2033 1376 2095 argumentum
1419 2023 1556 2079 forte
1593 2033 1699 2090 est,
1725 2025 1982 2108 perquod

405 2118 656 2172 credatur
692 2119 981 2188 primorum
1029 2115 1300 2170 hominum
1330 2130 1419 2170 rea
1449 2130 1553 2169 non
1599 2115 1835 2169 instituta
1861 2115 1986 2169 sub-

403 2208 616 2273 stantia,
652 2207 751 2261 hoc
782 2208 951 2276 ipsum
979 2207 1102 2276 quia
1129 2206 1268 2259 Deus
1294 2221 1410 2258 eam
1441 2205 1677 2260 condidit
1700 2220 1857 2275 quem
1885 2205 1982 2259 bo.-

404 2314 529 2353 num
553 2296 807 2360 fatemur;
841 2304 1081 2350 remanet
1107 2294 1232 2348 illud
1269 2294 1320 2348 in
1351 2294 1614 2348 excidium
1643 2293 1892 2358 traducis,
1926 2301 1984 2348 ut

401 2400 453 2444 et
479 2405 664 2443 omnes
684 2388 750 2442 de
775 2389 1019 2457 conjugio
1043 2388 1247 2457 genitos
1270 2387 1477 2456 iniquos
1502 2386 1656 2442 condi
1681 2401 1785 2440 non
1803 2401 1981 2456 posse,

403 2473 591 2526 eodem
618 2472 920 2525 testimonio
946 2471 1342 2538 comprobetur,
1367 2469 1489 2538 quia
1514 2469 1651 2522 Deus
1676 2485 1768 2524 eos
1793 2469 1983 2523 condi-

398 2563 497 2625 dit,
529 2576 688 2630 quem
716 2559 911 2613 bonum
940 2560 1183 2614 fatemur.
1209 2559 1299 2613 Sin
1320 2568 1497 2612 autem
1519 2567 1572 2613 et
1592 2568 1709 2627 post
1728 2559 1743 2590 ยน
1769 2558 1870 2612 hoc
1900 2573 1983 2610 ra-

403 2653 553 2708 biens
608 2653 931 2723 impudentia
969 2653 1149 2723 jurare
1194 2653 1503 2722 perstiterit,
1545 2661 1598 2706 et
1637 2668 1669 2706 a
1718 2653 1825 2706 Deo
1869 2651 1983 2705 fieri

403 2744 670 2813 parvulos,
700 2753 752 2799 et
779 2752 952 2798 tamen
979 2744 1147 2798 malos
1173 2758 1290 2797 esse
1312 2757 1405 2796 eos
1433 2742 1740 2796 naturaliter
1760 2759 1772 2794 :
1792 2740 1981 2795 catho-

401 2834 508 2889 lico
532 2835 768 2905 quidem,
797 2836 930 2889 sicut
959 2845 1013 2890 et
1058 2835 1166 2889 Deo
1193 2843 1394 2901 nostro,
1425 2834 1551 2887 nihil
1582 2833 1664 2887 his
1691 2832 1982 2887 mendaciis

404 2925 690 2995 pra-judicii
722 2933 1057 2995 comparatur
1094 2942 1106 2978 :
1140 2924 1482 2979 Manichamm
1517 2934 1691 2978 tamen
1717 2932 1924 2978 constat
1949 2938 1981 2977 a

403 3015 551 3068 vobis
575 3025 933 3085 oppugnatum
971 3031 1074 3069 non
1114 3029 1253 3079 esse,
1279 3017 1366 3084 qui
1391 3015 1613 3070 libenter
1637 3015 1777 3085 quod
1818 3015 1979 3068 Deum

402 3107 697 3161 criminaris
709 3108 1076 3176 amplectitur;
1105 3107 1231 3161 illud
1251 3107 1338 3160 tibi
1357 3108 1558 3177 perisse
1570 3116 1867 3171 contentus,
1889 3121 1983 3176 per

401 3197 539 3266 quod
563 3197 728 3250 Adam
747 3197 1062 3251 conditionis
1077 3198 1227 3252 bona:
1245 3195 1420 3251 fueras
1439 3197 1733 3266 approbare
1745 3197 1979 3252 molitus.

475 3288 608 3342 Anc.
649 3288 782 3342 Cum
831 3289 957 3342 mihi
1003 3288 1261 3343 adversus
1309 3287 1656 3343 Manichaaum
1709 3299 1981 3343 certamen

405 3375 719 3442 ineundum,
754 3377 953 3447 tibique
983 3377 1327 3446 spectandum
1358 3378 1557 3432 diserta
1587 3379 1826 3433 caecitate
1857 3393 1982 3448 pro-

404 3467 580 3532 poais,
621 3477 795 3534 partes
821 3476 937 3521 tuas
977 3468 1303 3533 improvidus
1341 3469 1584 3533 subruis;
1633 3477 1687 3522 et
1715 3468 1983 3538 quomodo

403 3556 549 3640 illam
583 3559 908 3612 teterrimam
941 3559 1101 3624 luem,
1134 3575 1291 3627 quam
1319 3559 1471 3613 Manil
1491 3560 1606 3615 hmo
1627 3560 1870 3616 funestus
1892 3577 1982 3616 er-

405 3662 496 3700 ror
522 3648 750 3714 invexit,
787 3659 1033 3718 tanquam
1076 3649 1330 3719 pestifero
1359 3652 1578 3721 adjuves
1617 3653 1880 3723 dogmatis
1909 3655 1982 3710 tui

318 3782 331 3791 ,
403 3736 553 3801 flatu,
585 3739 745 3792 etiam
787 3739 869 3793 his
911 3739 1237 3807 hominibus,
1271 3744 1359 3813 qui
1405 3757 1502 3797 suo
1532 3745 1981 3816 tardanturinge-

403 3831 514 3895 nio,
549 3839 606 3884 ut
632 3839 851 3900 possent
878 3830 1196 3902 intelligere,
1226 3834 1540 3902 praestitisti.
1569 3834 1699 3888 Nam
1730 3851 1850 3890 cum
1891 3837 1982 3891 illa

401 3939 522 3992 qum
546 3922 613 3978 de
640 3925 759 3978 vitae
786 3923 943 3994 hujus
971 3926 1210 3981 mortalis
1247 3926 1715 3996 corruptibilisque
1753 3927 1983 3982 miseriis

402 4014 618 4082 copiose
647 4024 698 4069 et
726 4014 952 4070 facunde
981 4016 1181 4081 dixisti,
1211 4018 1440 4072 audierit
1466 4017 1690 4088 quisque
1731 4019 1813 4073 vel
1841 4020 1982 4089 lege-

403 4106 493 4170 rit,
521 4121 639 4160 vera
676 4114 726 4160 te
758 4106 920 4161 fuisse
947 4117 1310 4176 prosecutum,
1341 4123 1445 4161 non
1475 4109 1648 4162 solum
1677 4108 1728 4162 in
1758 4117 1847 4163 tuo
1869 4125 1985 4164 ser-

402 4213 581 4264 mone,
613 4214 797 4254 verum
827 4199 878 4252 in
925 4199 1054 4268 ipsis
1080 4215 1291 4268 quoque
1330 4199 1577 4253 humanis
1621 4200 1778 4254 rebus
1820 4216 1984 4270 agno-

403 4299 535 4344 scet.
582 4289 871 4343 Maniclneo
919 4290 1132 4357 quippe,
1166 4288 1252 4342 cui
1292 4290 1436 4343 velut
1474 4291 1728 4345 adversus
1760 4307 1857 4346 nos
1899 4293 1981 4345 lo-

403 4382 584 4450 quenti
613 4381 767 4436 verba
798 4380 988 4444 fecisti,
1021 4380 1149 4434 nihil
1176 4395 1422 4450 magnum
1445 4391 1530 4434 aut
1561 4381 1778 4438 dif๏ฌcile
1807 4384 1900 4438 fuit
1933 4385 1982 4438 in

403 4473 505 4526 hac
529 4474 734 4526 mortali
764 4473 889 4537 vita,
928 4487 1046 4544 quae
1070 4482 1124 4526 et
1165 4473 1232 4526 de
1262 4473 1508 4527 felicitate
1537 4476 1765 4544 paradisi
1795 4479 1984 4533 merito

404 4563 603 4630 peccati
632 4563 798 4632 ejecta
829 4574 987 4632 atque
1015 4563 1219 4632 dejecta
1244 4573 1324 4618 cst
1346 4565 1387 4630 ยณ,
1420 4564 1519 4619 ista
1560 4580 1678 4635 qua:
1704 4566 1798 4621 abs
1829 4576 1878 4622 te
1917 4569 1985 4624 de

403 4653 491 4706 illa
517 4652 654 4705 dicta
689 4661 812 4706 sunt
850 4655 1075 4718 intueri;
1106 4666 1158 4709 et
1182 4656 1293 4710 sive
1317 4666 1371 4709 ut
1405 4664 1479 4722 tu,
1512 4656 1624 4711 sive
1655 4657 1871 4712 uberius
1900 4667 1983 4712 at-

402 4754 505 4810 que
541 4742 828 4810 copiosius,
873 4751 1048 4796 tamen
1097 4744 1283 4798 eadem
1326 4746 1434 4814 ipsa
1463 4747 1686 4815 garrire,
1727 4763 1846 4817 qua:
1878 4757 1981 4802 tam

402 4831 680 4886 manifesta
713 4842 858 4898 sunt,
889 4833 1120 4887 utetiam
1153 4833 1542 4906 Scripturarum
1582 4837 1876 4893 divinarqu
1907 4841 1985 4894 lo-

401 4927 480 4979 cis
518 4924 759 4994 plurimis
813 4924 1154 4990 lectitentur,
1222 4925 1288 4980 de
1343 4929 1700 4997 corruptibilis
1745 4933 1984 5001 corporis

401 5029 585 5078 onere,
611 5024 667 5069 et
690 5031 753 5070 ex
789 5016 880 5068 illo
899 5015 919 5045 ยณ
947 5017 1137 5070 anima:
1168 5020 1538 5086 aggravatione
1565 5021 1846 5076 venientia.
1875 5023 1981 5078 Un-

400 5105 467 5159 de
493 5115 547 5158 et
572 5105 623 5158 in
649 5107 865 5168 sanctis,
896 5107 947 5159 in
972 5105 1127 5175 hujus
1153 5108 1274 5161 vita:
1301 5123 1469 5178 agone
1487 5110 1826 5175 luctantibus,
1855 5127 1982 5167 caro

401 5195 726 5264 concupiscit
763 5195 1015 5249 adversus
1062 5198 1323 5266 spiritum,
1372 5211 1425 5252 et
1471 5200 1689 5270 spiritus
1728 5201 1983 5257 adversus

401 5299 615 5340 carnem
651 5284 842 5357 (Galat.
871 5301 927 5351 ฮฝ,
953 5286 1042 5356 17)
1078 5305 1089 5339 :
1123 5302 1241 5341 cum
1288 5289 1525 5358 spiritus,
1574 5291 1710 5346 sicut
1750 5293 1824 5346 ait
1864 5293 1981 5362 glo-

400 5377 734 5431 riosissimus
757 5375 1070 5446 Cyprianus,
1102 5380 1336 5433 ccelestia
1365 5391 1522 5451 atque
1549 5382 1731 5436 divina
1768 5387 1978 5454 quzerit,

399 5484 529 5523 caro
573 5480 779 5524 terrena
825 5479 880 5524 et
922 5471 1193 5524 smcularia
1239 5474 1564 5544 concupiscit
1609 5473 1708 5545 (De
1737 5475 1977 5532 Oratione

465 5582 484 5661 :
516 5583 806 5661 reseris
837 5580 1009 5661 genus;
1036 5590 1160 5661 ฮผฮตแฟฮฟฮฝ
1185 5589 1304 5661 ฮฒฯฮตฯ-

516 5645 588 5692 sic
609 5650 712 5692 Mss.
733 5651 782 5691 Al
809 5645 946 5702 editi,
973 5646 1155 5693 detecta
1175 5651 1261 5693 est.

469 5693 490 5725 ยณ
519 5709 663 5754 Vetus
683 5705 837 5756 codex
861 5693 992 5765 Man.
1015 5713 1061 5756 et
1081 5718 1144 5757 ex
1166 5703 1266 5756 illa.

1083 277 1325 335 OPERIS
1363 275 1769 332 lMlโERFECTl
1808 276 2078 333 CONTRA
2119 273 2476 340 JULIANUM,
2516 273 2572 332 S.
2616 275 2983 334 AUGUSTINI

3539 281 3688 338 i528

2104 387 2417 459 ๏ฌaminica).
2448 389 2581 444 Hinc
2621 400 2700 444 est
2730 389 2818 446 ille
2845 389 3143 457 conflictus,
3171 405 3328 459 quem
3359 407 3692 452 memoratus

2101 489 2304 550 martyr
2329 480 2382 534 in
2405 480 2558 547 libro,
2585 495 2740 550 quem
2770 481 2836 534 de
2862 480 3179 538 Mortalitate
3197 485 3536 554 conscripsit,
3557 488 3692 542 dili-

2098 578 2286 639 genter
2330 578 2386 624 et
2420 569 2727 639 eloquenter
2772 571 3021 640 explicat,
3061 571 3246 626 dicens
3289 573 3428 630 inter
3465 587 3690 645 cratera,

2099 657 2241 728 quod
2267 659 2420 713 nobis
2453 660 2523 714 sit
2549 675 2666 714 cum
2706 661 3006 716 carnalibus
3035 663 3179 717 vitiis
3211 676 3372 734 atque
3416 667 3691 726 illecebris

2097 751 2442 806 smcularibus
2486 752 2698 807 assidua
2739 761 2794 807 et
2835 753 3059 808 molesta
3104 755 3343 812 luctatio.
3393 758 3512 813 Jam
3553 777 3691 816 vero

2095 840 2284 896 beatus
2323 841 2612 912 Gregorius
2658 842 2758 898 hoc
2799 853 3090 911 certamen,
3135 848 3276 916 quod
3325 847 3583 906 habemus
3631 854 3690 906 in

2097 945 2320 1000 corpore
2342 933 2528 988 mortis
2555 932 2731 1002 hujus,
2760 934 2838 988 sic
2865 943 2988 990 ante
3016 937 3200 991 oculos
3223 943 3388 1007 ponit,
3423 951 3480 995 ut
3506 944 3691 998 nullus

2095 1022 2166 1075 sit
2191 1021 2347 1092 hujus
2375 1023 2560 1093 agonis
2581 1023 2800 1090 athleta,
2823 1025 2910 1094 qui
2937 1039 3042 1079 non
3070 1041 3128 1081 se
3149 1027 3203 1082 in
3226 1029 3406 1084 verbis
3430 1031 3544 1101 ejus
3567 1043 3694 1088 tan-

2094 1126 2253 1180 quam
2283 1111 2334 1165 in
2365 1113 2583 1181 speculo
2610 1124 2975 1183 recognoscat.
3007 1113 3158 1168 Intra
3193 1119 3546 1187 nosmetipsos,
3591 1122 3688 1176 in-

2095 1203 2229 1272 quit,
2258 1204 2476 1273 propriis
2501 1204 2632 1256 vitiis
2670 1214 2717 1257 et
2755 1204 3070 1272 passionibus
3101 1207 3480 1277 impugnantur,
3524 1220 3570 1264 et
3596 1213 3690 1266 die

2094 1303 2339 1365 noctuque
2374 1295 2546 1365 ignitis
2586 1297 2802 1350 stimulis
2845 1298 3070 1366 corporis
3109 1300 3401 1356 humilitatis
3441 1302 3593 1372 huius
3635 1315 3690 1358 et

2092 1387 2317 1456 corporis
2345 1388 2519 1440 mortis
2543 1403 2966 1458 urgemurmunc
2991 1391 3223 1454 latenter,
3252 1409 3384 1446 nunc
3406 1396 3556 1448 etiam
3584 1414 3688 1457 pa-

2093 1477 2196 1530 lam
2239 1479 2622 1547 provocantibus
2654 1480 2833 1550 ubique
2874 1489 2919 1534 et
2961 1482 3274 1537 irritantibus
3319 1502 3483 1539 rerum
3512 1488 3690 1542 visibiโ

2093 1569 2214 1621 liunt
2244 1568 2508 1634 illecebris,
2545 1571 2651 1623 luto
2690 1571 2784 1624 hoc
2812 1573 2953 1642 faecis
2991 1573 3073 1625 cui
3112 1575 3402 1629 inhwsimus
3441 1580 3570 1631 cretii
3597 1581 3688 1633 sui

2092 1660 2300 1729 fetorem
2335 1660 2471 1712 venis
2496 1660 2842 1728 capacioribus
2871 1661 3169 1730 exhalante;
3211 1665 3299 1717 scd
3331 1677 3380 1719 et
3420 1667 3528 1736 lege
3560 1686 3686 1737 pec-

2091 1750 2210 1814 cati,
2241 1765 2354 1818 qute
2377 1751 2514 1804 estin
2537 1750 2768 1804 membris
2788 1752 2990 1816 nostris,
3021 1753 3119 1822 legi
3147 1754 3355 1823 spiritus
3395 1773 3687 1828 repugnan-

2092 1847 2155 1903 te,
2187 1838 2310 1891 dum
2339 1840 2609 1909 imaginem
2638 1842 2828 1910 regiam
2856 1858 2970 1911 qua:
2997 1843 3130 1896 intra
3166 1860 3254 1897 nos
3279 1856 3382 1910 est,
3427 1849 3686 1914 captivam

2089 1929 2268 1982 ducere
2289 1930 2486 1994 studet;
2513 1939 2564 1982 ut
2591 1932 2770 1999 spoliis
2793 1933 2902 2000 ejus
2931 1936 3112 1999 cedat,
3154 1934 3399 2004 quidquid
3423 1936 3554 1989 illud
3578 1948 3680 2003 est,

2088 2019 2222 2090 quod
2245 2021 2298 2074 in
2330 2037 2420 2074 nos
2441 2022 2680 2092 bene๏ฌcio
2709 2023 2893 2078 diuina:
2915 2039 2975 2077 ac
3001 2026 3179 2095 prima:
3203 2025 3341 2080 illius
3376 2028 3686 2083 conditionis

2087 2113 2291 2184 in๏ฌuxit
2321 2114 2496 2188 (Greg.
2539 2116 2792 2171 Nazianz.
2833 2119 2888 2172 in
2929 2119 3179 2190 Apologia
3215 2123 3233 2174 l
3280 2123 3343 2174 de
3378 2139 3470 2176 sua
3505 2127 3681 2194 fuga).

2083 2207 2217 2264 .litec
2245 2208 2405 2262 verba
2447 2208 2679 2263 hominis
2707 2209 2823 2275 Dei,
2851 2219 2905 2264 et
2943 2210 2995 2264 in
3039 2212 3273 2266 secundo
3299 2212 3436 2266 libro
3463 2214 3683 2270 illorum

2089 2313 2186 2353 sex
2213 2314 2346 2368 quos
2373 2308 2561 2355 contra
2592 2309 2708 2356 tuos
2727 2309 2954 2372 quatuor
2967 2302 3107 2357 edidi
3134 2302 3286 2373 (Cap.
3315 2304 3394 2375 5),
3423 2306 3552 2360 etin
3575 2307 3685 2361 hoc

2089 2404 2252 2458 opere
2277 2391 2429 2460 posui
2456 2390 2591 2462 (Lib.
2627 2393 2677 2455 1,
2701 2409 2815 2462 cap.
2840 2394 2930 2463 67)
2955 2409 3075 2448 cum
3109 2403 3198 2449 tuo
3225 2395 3397 2464 primo
3422 2397 3683 2453 volumini

2087 2480 2488 2548 responderem,
2517 2481 2607 2536 ubi
2627 2496 2820 2552 corpus
2841 2485 3045 2549 mortis,
3077 2484 3144 2538 de
3172 2499 3277 2554 quo
3301 2501 3360 2539 se
3383 2486 3510 2540 dicit
3533 2495 3684 2556 Apoโ

2087 2570 2258 2624 stolus
2290 2571 2388 2624 Dei
2417 2573 2585 2640 gratia
2612 2573 2824 2627 liberari
2849 2574 3020 2644 (Rom.
3041 2591 3132 2637 vn,
3156 2575 3247 2642 24,
3266 2575 3382 2645 25),
3408 2578 3565 2631 aliter
3589 2579 3679 2631 in-

2087 2659 2429 2728 telligendum
2458 2663 2671 2731 putasti.
2697 2663 2762 2717 Et
2787 2674 3001 2718 sanctus
3027 2664 3342 2720 Ambrosius
3362 2683 3482 2722 cum
3507 2668 3680 2723 dixis-

2086 2758 2187 2816 set,
2223 2749 2409 2806 Omnes
2435 2752 2659 2807 homines
2679 2755 2770 2807 sub
2791 2764 2991 2824 peccato
3020 2757 3303 2820 nascimur;
3325 2773 3539 2826 quorum
3568 2759 3681 2828 ipse

2087 2851 2229 2896 ortus
2248 2843 2300 2895 in
2315 2844 2434 2898 vitio
2447 2854 2538 2910 est,
2559 2845 2688 2898 sicut
2709 2845 2859 2900 habes
2875 2846 3080 2912 lectum,
3102 2848 3295 2901 dicente
3309 2848 3497 2918 David,
3509 2869 3526 2900 ฮน
3541 2851 3680 2906 Ecce

2086 2935 2220 2988 enim
2243 2935 2294 2988 in
2314 2935 2655 3005 iniquitatibus
2679 2947 2948 3008 conceptus
2975 2955 3106 3004 sum,
3127 2949 3173 2992 et
3190 2939 3241 2992 in
3256 2940 3450 2993 delictis
3481 2943 3678 3012 peperit

2086 3040 2167 3078 me
2205 3033 2362 3079 mater
2393 3043 2521 3091 utea,
2555 3045 2573 3077 ฮน
2621 3029 2864 3096 protinus
2905 3026 3148 3097 subjecit,
3192 3027 3318 3082 Ideo
3366 3029 3523 3084 Pauli
3553 3048 3675 3086 caro

2086 3131 2270 3186 corpus
2295 3118 2468 3171 mortis
2487 3127 2615 3182 erat,
2646 3120 2776 3172 sicut
2798 3119 2906 3187 ipse
2933 3120 3023 3185 ait,
3054 3138 3072 3170 โน
3107 3120 3234 3187 Quis
3263 3138 3340 3174 me
3365 3122 3592 3177 liberabit
3613 3126 3679 3179 de

2086 3223 2298 3278 corpore
2329 3212 2502 3262 mortis
2542 3211 2695 3279 hujus
2717 3227 2736 3260 ฮน
2771 3209 2872 3279 (De
2900 3208 3202 3265 Paenitet/uia
3221 3254 3236 3279 ,
3276 3213 3365 3267 lib.
3412 3215 3463 3279 1,
3492 3232 3609 3286 cap.
3641 3217 3677 3270 2

2085 3301 2163 3356 vel
2187 3301 2283 3371 ฮดฮท
2312 3300 2447 3369 Quid
2478 3316 2604 3370 ergo
2631 3302 2824 3354 mirum
2867 3311 2979 3367 est,
3019 3303 3062 3356 si
3091 3303 3414 3359 Manichaeus
3460 3307 3675 3364 intuens

2087 3392 2226 3446 mala
2256 3391 2410 3460 hujus
2433 3390 2572 3455 vitze,
2605 3400 2659 3445 et
2687 3405 2882 3460 corpus
2910 3393 3099 3447 mortis
3128 3393 3285 3463 hujus
3311 3395 3453 3464 quod
3482 3411 3674 3466 aggra-

2088 3492 2178 3538 vat
2204 3484 2458 3550 animam,
2488 3493 2544 3538 et
2568 3483 2888 3538 discordiam
2917 3485 3094 3540 carnis
3135 3495 3190 3540 et
3227 3487 3468 3556 spiritus,
3499 3497 3555 3542 et
3582 3489 3673 3557 ju-

2085 3590 2211 3646 gum
2235 3590 2397 3646 grave
2430 3590 2592 3644 super
2620 3575 2762 3630 filios
2789 3575 2958 3631 Adam
2999 3593 3029 3630 a
3065 3577 3153 3662 diโe
3193 3579 3368 3632 exitus
3397 3580 3465 3633 de
3489 3591 3676 3635 ventre

2087 3666 2274 3721 matris
2317 3680 2501 3720 eorum
2547 3680 2716 3736 usque
2761 3667 2814 3720 in
2858 3666 2998 3721 diem
3042 3669 3327 3737 sepultura:
3354 3671 3407 3723 in
3446 3680 3674 3726 matrem

2087 3757 2324 3811 omnium
2362 3756 2547 3826 (Eccli.
2581 3773 2667 3823 xc,
2697 3755 2774 3828 l),
2801 3756 2930 3812 dicit
2959 3759 3080 3812 talia
3111 3762 3271 3814 etiam
3311 3775 3407 3830 per
3432 3776 3496 3815 os
3525 3771 3675 3817 tuum

2087 3851 2239 3918 quasi
2265 3857 2450 3902 contra
2475 3863 2596 3912 nos,
2631 3848 2808 3917 qualia
2850 3849 3089 3904 videmus
3117 3850 3316 3906 dixisse
3355 3852 3676 3922 Gregorium

2087 3947 2271 3993 contra
2297 3941 2425 3994 vos?
2453 3938 2600 3994 Unde
2636 3947 2845 3993 constat
2877 3940 3015 3994 mala
3043 3941 3163 3995 vita:
3203 3941 3380 4010 hujus,
3407 3958 3527 4011 qua:
3553 3952 3675 3998 ten-

2090 4031 2217 4086 tatio
2251 4040 2334 4087 est
2358 4046 2518 4100 super
2555 4039 2750 4086 terram
2777 4030 2899 4102 (Job
2924 4047 3016 4097 vn,
3049 4034 3100 4094 l,
3127 4049 3228 4087 sec.
3251 4033 3440 4106 LXX),
3477 4036 3680 4104 quibus

2087 4123 2241 4178 malis
2269 4123 2321 4176 in
2346 4137 2541 4192 genere
2566 4122 2800 4178 humano
2823 4131 3038 4192 propter
3053 4124 3237 4192 jugum
3257 4140 3417 4194 grave
3440 4125 3678 4181 filiorum

2088 4215 2258 4269 Adam
2283 4230 2313 4268 a
2337 4215 2422 4270 die
2450 4216 2625 4270 exitus
2650 4215 2718 4270 de
2752 4224 2950 4287 ventre
2975 4218 3156 4272 matris
3193 4232 3376 4272 eorum
3410 4235 3577 4289 usque
3620 4223 3678 4275 in

2088 4305 2229 4360 diem
2252 4305 2540 4375 sepultura:
2569 4307 2620 4359 in
2649 4315 2875 4361 matrem
2903 4309 3161 4372 omnium,
3195 4310 3384 4377 plenus
3408 4319 3492 4365 est
3516 4327 3681 4365 mun-

2088 4396 2208 4462 dus,
2235 4407 2288 4450 et
2309 4396 2626 4451 Manichreos
2645 4405 2764 4450 cโum
2793 4397 3078 4452 Catholicis
3106 4399 3378 4465 confiteri;
3410 4400 3503 4454 sed
3531 4402 3679 4457 unde

2089 4487 2196 4541 sint
2222 4487 2356 4553 haec,
2387 4502 2490 4541 non
2517 4495 2772 4557 utrosque
2801 4487 2938 4543 idem
2966 4488 3169 4555 dicere,
3197 4497 3251 4544 et
3275 4505 3516 4560 magnam
3545 4493 3679 4550 hinc

2090 4579 2226 4633 inter
2266 4580 2395 4634 eosโ
2439 4595 2560 4634 esse
2601 4581 2933 4646 distantiam;
2977 4581 3118 4650 quod
3157 4597 3218 4636 ea
3256 4582 3529 4638 Manichzei
3577 4588 3681 4641 tri.

2089 4670 2257 4724 buunt
2281 4671 2468 4726 alienae
2498 4679 2700 4726 natura:
2723 4672 2896 4734 malae,
2924 4672 3182 4727 Catholici
3207 4688 3334 4728 vero
3353 4682 3414 4729 et
3445 4675 3595 4730 bona:
3615 4686 3679 4731 et

2091 4772 2318 4829 nostrze,
2365 4764 2456 4817 sed
2499 4770 2716 4832 peccato
2759 4763 2956 4817 vitiata:
3002 4764 3298 4834 meritoque
3340 4767 3555 4834 punice.
3589 4765 3680 4821 'lโu

2089 4855 2177 4922 qui
2209 4869 2314 4910 non
2355 4855 2435 4909 vis
2459 4855 2599 4925 quod
2637 4855 2864 4911 dicimus
2906 4856 3085 4910 dicere
3109 4899 3122 4920 ,
3174 4857 3287 4926 ipse
3332 4859 3458 4927 quid
3499 4859 3672 4914 dicis?

2090 4944 2368 5012 Quomodo
2403 4945 2694 4999 Manichmo
2736 4947 3028 5016 respondes
3058 4947 3196 5002 unde
3221 4949 3328 5002 sint
3369 4949 3484 5003 haec
3507 4949 3672 5016 mala,

2089 5050 2210 5088 eum
2250 5034 2442 5103 quibus
2489 5046 2777 5088 nascuntur
2825 5035 3099 5104 homines,
3144 5046 3199 5092 et
3247 5054 3366 5108 qua:
3409 5039 3462 5092 in
3510 5055 3674 5109 para-

2090 5127 2206 5182 diso
2267 5143 2371 5182 non
2434 5137 2779 5182 nascerentur
2838 5129 2884 5182 si
2943 5144 3100 5184 nemo
3148 5138 3455 5198 peccasset,
3511 5142 3677 5199 atque

2092 5217 2161 5272 ibi
2212 5233 2315 5272 non
2357 5217 2665 5287 depravata,
2715 5217 2809 5272 sed
2852 5227 2997 5273 recta
3043 5229 3223 5273 nostra
3267 5227 3488 5284 natura,
3536 5220 3674 5274 sicut

2090 5308 2302 5364 condita
2347 5318 2466 5375 est,
2517 5309 2929 5378 permaneret"?
2983 5308 3038 5364 Si
3092 5311 3274 5364 vitium
3327 5310 3672 5381 congenitum

2090 5411 2206 5465 est,
2259 5416 2367 5471 quo
2415 5415 2542 5455 caro
2589 5400 2919 5470 concupiscit
2967 5401 3223 5455 adversus
3267 5401 3515 5471 spiritum
3547 5443 3560 5466 ,
3613 5411 3676 5458 et

2091 5513 2198 5553 non
2238 5507 2320 5551 est
2356 5510 2421 5550 ex
2453 5505 2638 5550 natura
2688 5497 2740 5551 in
2779 5497 2982 5567 origine
3016 5499 3193 5552 vitiata
3214 5539 3229 5564 ,
3283 5498 3370 5552 dic
3395 5499 3535 5554 unde
3560 5497 3676 5554 sit?

2155 5651 2176 5722 ฮพ
2210 5650 2496 5722 ฮพแฝถฮฒฯแฝถฮธฮนฮตแฝทฮนฮนฮต,
2521 5662 2614 5698 vos.
2641 5657 2884 5722 stsยง.,eos.
3284 5718 3293 5722 _
3324 5709 3342 5722 _
3407 5718 3416 5722 ฮ
3467 5714 3475 5722 .
3606 5707 3635 5722 __

2155 5712 2176 5742 ยฒ
2207 5709 2342 5771 ฮตแฟถฮนแฝถ,
2379 5712 2728 5772 permanente?
2765 5713 2946 5768 verius,
2994 5718 3294 5769 nernu'meret
3317 5709 3342 5760 .'
3372 5718 3424 5762 ut
3465 5714 3511 5760 in
3540 5709 3670 5757 anti-
