3970 6184
266 323 356 380 159.

263 441 311 494 Si
357 434 534 489 vitium
583 431 920 502 congcnitum
973 434 1094 494 est,
1151 425 1206 480 in
1246 435 1352 494 quo
1392 420 1586 478 clamat
1626 417 1821 481 homo,

267 528 374 586 Scio
404 525 521 594 quia
557 539 656 576 non
699 519 945 574 inhabitat
985 519 1038 572 in
1076 533 1176 584 me,
1208 516 1301 570 hoc
1328 522 1400 568 est
1434 513 1488 566 in
1513 525 1666 565 carne
1690 524 1821 574 mea,

264 621 432 672 bonum
459 630 477 667 :
506 611 632 665 velle
652 612 785 664 enim
814 609 1012 679 adjacet
1049 607 1170 659 mihi
1195 621 1212 666 ;
1259 603 1498 674 perﬁcere
1539 608 1706 653 autem
1733 597 1824 649 bo-

266 723 391 770 num,
413 721 511 757 non
535 701 728 755 invenio
759 700 934 770 (Rom.
959 712 1053 761 vn,
1083 694 1205 766 18);
1234 703 1291 749 et
1311 708 1415 747 non
1443 699 1612 745 estex
1639 697 1826 742 natura

264 796 464 852 vitiata‘
499 792 651 862 primi
680 791 909 844 hominis
937 784 1406 857 praevaricatione;
1452 781 1538 836 die
1563 779 1702 833 unde
1735 777 1825 830 sit.

264 883 316 938 Si
335 891 506 936 autem
524 894 627 931 non
654 885 775 930 sunt
797 877 818 908 ³
837 874 1116 944 congenita
1134 872 1254 925 vitia
1277 870 1405 932 ista;
1428 868 1510 922 dic
1526 865 1668 920 unde
1691 863 1828 917 sint?

265 973 337 1030 Ex
360 969 628 1040 peccandi,
658 967 886 1037 inquies,
914 961 1329 1025 consuetudine,
1369 974 1525 1029 quam
1562 956 1661 1012 sibi
1687 955 1832 1024 quis-

267 1078 358 1133 que
382 1060 504 1116 fecit
534 1059 698 1113 libera
724 1058 1013 1110 voluntate.
1048 1053 1146 1110 Ubi
1175 1051 1314 1122 quod
1343 1065 1452 1104 non
1492 1049 1590 1110 vis,
1620 1043 1830 1099 interim

265 1152 541 1215 conﬁteris,
571 1149 774 1204 scilicet
803 1148 1100 1202 libertatem
1124 1140 1410 1197 voluntatis
1439 1153 1536 1192 suo
1563 1135 1704 1190 malo
1732 1148 1830 1187 usu

264 1244 424 1314 perire
447 1241 702 1310 potuisse,
732 1239 850 1309 quia
879 1234 1198 1307 perﬁciendo
1225 1232 1420 1286 malum
1447 1230 1622 1283 minus
1643 1227 1832 1279 idonea

263 1334 386 1388 facta
413 1339 496 1384 est
513 1329 578 1382 ad
601 1325 977 1398 perﬁciendum
1007 1325 1222 1380 bonum.
1253 1320 1357 1375 Sed
1379 1317 1628 1387 numquid
1650 1316 1835 1367 volun-

265 1433 362 1476 tate
377 1421 655 1491 quisquam
674 1419 932 1472 obtunsus
961 1423 1044 1470 est
1057 1413 1255 1469 corde?
1290 1409 1541 1478 numquid
1568 1407 1836 1460 voluntate

260 1515 538 1569 obliviosus
553 1521 635 1567 est
649 1509 942 1580 quiSpiam?
969 1504 1222 1575 numquid
1248 1503 1517 1557 voluntate
1541 1506 1623 1553 est
1646 1495 1837 1565 aliquis

263 1607 463 1662 fatuus?
494 1605 615 1659 llaec
645 1613 700 1658 et
737 1603 838 1656 alia
867 1601 993 1654 vitia
1031 1599 1196 1668 ipsius
1223 1593 1416 1649 mentis
1444 1601 1602 1660 atque
1647 1588 1832 1652 animi,

261 1714 375 1752 cum
404 1697 596 1766 quibus
619 1695 862 1749 homines
900 1689 1044 1746 nasci
1083 1688 1302 1758 ambigit
1340 1699 1520 1748 nemo,
1565 1681 1608 1737 si
1638 1696 1702 1734 ex
1733 1678 1840 1733 ori-

261 1789 377 1858 gine
401 1787 583 1841 vitiata
609 1785 744 1839 dicis
771 1797 874 1837 non
902 1795 1041 1844 esse,
1069 1778 1156 1834 dic
1173 1777 1313 1832 unde
1337 1775 1463 1828 sint.
1489 1771 1670 1840 Neque
1695 1769 1839 1824 enim

260 1878 495 1932 dicturus
519 1891 598 1936 es,
639 1873 777 1944 quod
810 1872 932 1934 ista,
976 1870 1020 1925 si
1052 1884 1210 1922 nemo
1241 1871 1530 1936 peccasset,
1565 1859 1841 1929 paradisus

263 1967 461 2022 habere
491 1965 764 2034 potuisset.
789 1963 1087 2025 Postremo,
1113 1956 1255 2028 quod
1280 1969 1473 2024 corpus
1501 1950 1842 2018 corruptibile

326 2066 510 2127 gravat
532 2057 796 2116 animam,
838 2053 937 2107 sub
964 2066 1066 2121 qua
1097 2047 1387 2103 miserabili
1417 2043 1625 2099 sarcina
1655 2055 1843 2094 omnes

257 2151 344 2219 qui
374 2165 482 2203 non
514 2159 892 2215 usquequaque
912 2143 1201 2211 desipiunt,
1230 2138 1474 2192 homines
1495 2143 1734 2204 gemunt,
1757 2133 1846 2187 dic

258 2238 405 2293 unde
434 2238 524 2291 sit.
555 2235 671 2290 Non
693 2235 834 2290 enim
873 2233 950 2286 sic
984 2232 1224 2286 dicturus
1258 2243 1317 2282 es
1361 2227 1559 2296 primos
1604 2223 1845 2278 homines

255 2338 498 2394 creatos,
527 2335 586 2382 ut
610 2324 937 2395 corruptibili
959 2337 1184 2392 corpore
1213 2318 1433 2388 alicujus
1457 2331 1640 2371 eorum
1669 2314 1842 2370 anima

257 2428 608 2488 gravaretur;
653 2427 740 2472 aut
769 2423 888 2485 post
925 2429 1108 2468 eorum
1145 2410 1273 2464 illud
1307 2407 1506 2480 grande
1547 2416 1840 2477 peccatum,

261 2511 377 2562 sine
411 2508 502 2560 tali
532 2521 756 2574 Corpore
794 2506 982 2573 aliquis
1022 2503 1274 2556 nascitur.
1305 2500 1413 2554 Cur
1437 2512 1565 2568 ergo
1593 2497 1845 2551 adversus

263 2614 361 2653 nos
389 2597 736 2652 Manichazum
767 2596 1070 2663 loquentem
1101 2590 1506 2662 loquacissimus
1531 2587 1840 2653 introducis,

263 2703 383 2743 cum
407 2698 472 2742 tu
496 2687 736 2758 negando
759 2684 899 2754 quod
925 2684 1169 2746 dicimus,
1188 2682 1234 2738 ei
1258 2681 1577 2750 respondere
1599 2694 1702 2734 non
1726 2693 1845 2748 pos-

265 2780 370 2832 sis"
398 2779 494 2832 Cui
533 2776 820 2846 respondet
845 2773 1160 2845 Cyprianus,
1195 2773 1262 2826 ita
1301 2770 1605 2826 discordare
1629 2783 1843 2822 carnem

266 2870 620 2939 spiritumque
648 2867 1043 2928 demonstrans,
1088 2871 1145 2917 ut
1189 2871 1362 2915 tamen
1409 2859 1680 2928 utriusque
1720 2858 1843 2910 sita

267 2961 374 3014 Deo
400 2961 562 3014 Patre
588 2958 783 3012 oranda
809 2955 1092 3011 concordia
1125 2952 1228 3022 (De
1256 2951 1494 3005 Oratione
1523 2944 1803 3018 Dominica)
1827 2965 1840 3000 :

266 3054 346 3108 cui
375 3051 666 3122 respondet
685 3049 993 3121 Gregorius,
1021 3048 1248 3116 quicum
1275 3044 1393 3096 talia
1416 3041 1483 3096 de
1502 3055 1661 3094 carne
1685 3039 1844 3092 dixis-

267 3155 366 3210 set,
395 3144 578 3215 qualia
599 3151 782 3197 contra
806 3157 901 3195 nos
917 3137 1259 3207 composuisti
1277 3135 1454 3189 dicere
1478 3131 1843 3193 Maniclneum,

267 3245 553 3304 utrumque
581 3242 752 3286 tamen
783 3231 850 3286 ad
880 3232 1066 3295 Deum,
1107 3228 1222 3297 ipso
1263 3226 1370 3280 Deo
1399 3222 1648 3294 propitio,
1691 3235 1845 3274 revo-

266 3327 490 3379 candum
514 3339 636 3378 esse
663 3330 903 3386 testatur,
928 3319 980 3374 id
1004 3327 1105 3382 est,
1137 3317 1382 3387 spiritum
1413 3324 1467 3368 et
1487 3327 1703 3369 carnem
1727 3328 1740 3363 :
1763 3309 1848 3365 cui

267 3417 557 3488 respondet
596 3414 924 3478 Ambrosius,
957 3411 1046 3482 qui
1083 3424 1201 3464 cum
1231 3407 1451 3462 dixisset
1476 3419 1690 3460 carnem
1735 3415 1848 3455 mo-

267 3508 550 3562 deratioris
581 3507 772 3560 animae
809 3503 1028 3558 arbitrio
1056 3497 1440 3570 conjngandam
1465 3538 1480 3563 ,
1521 3494 1697 3563 Qualis
1725 3492 1843 3562 fuit,

269 3599 452 3668 inquit,
484 3613 602 3651 cum
622 3593 950 3649 inhabitanda
975 3591 1198 3661 paradisi
1222 3597 1409 3643 secreta
1432 3586 1668 3654 suscepit,
1701 3592 1846 3637 ante-

267 3705 414 3759 quam
441 3703 635 3742 veneno
679 3685 900 3755 pestiferi
942 3682 1181 3752 serpentis
1215 3680 1399 3748 infecta
1435 3677 1730 3746 sacrilegam
1769 3676 1848 3744 fa-

270 3795 392 3832 mem
421 3782 576 3832 sciret
603 3776 738 3845 (Lib.
763 3776 794 3829 7
822 3776 874 3828 in
899 3773 1027 3826 Luc.
1056 3772 1172 3841 χιι).
1205 3770 1297 3824 llis
1326 3769 1466 3824 enim
1494 3767 1604 3822 suis
1628 3773 1846 3819 sentcn-

268 3871 352 3924 tiis
375 3870 627 3925 catholici
650 3869 913 3922 antistites
935 3866 1064 3920 satis
1089 3872 1376 3933 aperteque
1397 3859 1710 3919 docuerunt,
1733 3869 1848 3909 car-

268 3961 346 4014 nis
400 3975 507 4015 non
559 3967 799 4014 naturam
858 3957 1052 4012 malam
1106 3967 1258 4018 esse,
1325 3949 1418 4005 sed
1466 3948 1681 4012 vitium;
1741 3959 1846 4014 quo

268 4061 450 4105 sanato
477 4049 548 4104 ad
581 4049 680 4103 hoc
708 4048 877 4115 redit,
910 4055 968 4102 ut
993 4040 1437 4115 quemadmodum
1480 4037 1724 4107 primitus
1767 4035 1848 4088 in-

269 4142 442 4196 stituta
468 4151 585 4205 est,
633 4141 791 4194 nullis
826 4140 938 4194 suis
974 4135 1288 4206 corruptelis
1316 4139 1566 4202 aggravet
1592 4128 1842 4191 animam,

271 4232 582 4302 nullamque
603 4231 925 4284 haheatcum
945 4225 1132 4296 spiritu
1147 4221 1409 4278 contraria
1424 4215 1846 4287 concupiscendo

268 4321 588 4377 discordiam
619 4322 776 4390 :qnia
809 4318 1070 4373 discordia
1103 4316 1356 4383 deceptus
1382 4323 1463 4367 est
1503 4309 1844 4375 Manichacus,

269 4421 322 4464 ut
340 4414 573 4467 alienam
601 4411 793 4465 malam
822 4408 1042 4478 ﬁngeret
1063 4404 1399 4459 commixtam
1423 4401 1574 4455 nobis
1593 4413 1713 4454 esse
1733 4398 1850 4452 sub-

269 4505 536 4559 stantiam.
585 4503 784 4557 Horum
827 4499 1206 4554 catholicorum
1249 4496 1544 4550 antistitum
1601 4492 1756 4546 ﬁdem
1803 4492 1846 4545 si

267 4594 543 4648 nobiscum
571 4592 722 4660 sequi
753 4591 938 4653 velles,
970 4587 1289 4643 Manichacus
1319 4595 1604 4647 everteres,
1638 4598 1739 4636 non
1763 4582 1848 4651 jn-

268 4695 417 4736 vares
451 4702 463 4735 :
499 4699 642 4737 nunc
671 4695 796 4735 vero
823 4695 925 4734 non
957 4693 1050 4733 eos
1079 4677 1374 4740 destruere,
1403 4674 1495 4728 sed
1526 4675 1692 4742 magis
1729 4672 1848 4725 aedi-

268 4771 427 4828 ticare
455 4773 668 4828 conaris
701 4788 714 4823 :
748 4768 988 4838 negando
1019 4767 1160 4822 enim
1193 4765 1360 4830 mala,
1402 4779 1518 4832 qua:
1547 4763 1613 4817 de
1643 4763 1848 4832 origine

268 4861 446 4917 vitiata
489 4863 733 4918 homines
784 4866 1061 4913 nascentes
1107 4855 1340 4920 trahunt,
1379 4869 1484 4907 non
1523 4852 1575 4906 id
1614 4853 1747 4922 agis,
1790 4861 1847 4904 ut

265 4957 408 5011 nulla
437 4969 559 5009 esse
588 4951 866 5006 credamus
894 4947 1031 5001 mala
1061 4943 1594 5012 naturalia,quoniam
1627 4941 1844 4995 nimium

263 5044 546 5101 manifesta
568 5049 718 5102 sunt;
743 5037 836 5092 sed
866 5036 1038 5106 potius
1062 5034 1192 5104 agis,
1221 5042 1276 5087 ut
1300 5033 1366 5086 de
1382 5032 1553 5085 aliena
1581 5031 1716 5084 mala
1749 5045 1842 5083 na-

262 5145 378 5189 tura
405 5141 658 5203 putentur
676 5144 794 5185 esse
820 5129 938 5192 ista,
965 5140 1120 5195 quam
1152 5123 1336 5178 nobis.
1366 5137 1484 5176 esse
1504 5121 1842 5175 commixtam

262 5225 678 5279 Manichaeorum
706 5219 906 5274 insania
934 5217 1223 5280 fabulatur;
1268 5230 1372 5268 non
1397 5213 1462 5268 de
1492 5221 1668 5267 nostra
1705 5212 1841 5266 bona

259 5357 369 5418 quis
390 5354 637 5403 codicibus
651 5367 670 5418 ;_
689 5363 892 5414 quorum
912 5351 1057 5399 etiam
1078 5347 1289 5397 subsidio
1309 5346 1404 5395 duo
1427 5358 1600 5395 versus
1624 5347 1841 5407 proxime

259 5416 540 5477 ecquentes
560 5416 892 5462 restituuntur.

325 5478 341 5507 ί
381 5483 446 5523 Ex
472 5475 568 5523 ﬁde
589 5481 695 5522 Mss.
720 5473 923 5523 additur,
948 5468 1109 5519 vitiata

325 5489 341 5507 ι
381 5489 446 5524 EX
472 5489 568 5524 nue
592 5489 695 5522 mss.
720 5489 923 5528 auditur,
948 5489 1125 5519 vuuuu.

323 5538 343 5568 ³
378 5543 429 5584 In
457 5536 601 5584 editis
623 5535 713 5582 hoc
743 5535 862 5582 item
900 5531 1004 5581 loco
1037 5528 1549 5588 desiderabatur,‘nm
1570 5533 1694 5577 sunt.
1725 5535 1842 5591 Sup-

261 5597 426 5658 pletur
451 5609 518 5645 ex
543 5596 888 5658 manuscriptis.

321 5659 342 5690 ³
375 5659 518 5726 miti,
558 5654 682 5705 maia
725 5650 964 5722 naturalia
985 5657 1227 5726 'putentur
1261 5663 1359 5702 esse
1399 5650 1507 5709 ista,
1533 5663 1640 5713 qua:
1684 5650 1836 5700 nobis.

257 5718 581 5770 nnendantur
605 5729 668 5766 ex
691 5714 1036 5778 mmmcripus.

1680 300 1880 359 LIBER
1915 297 1998 357 SE
2008 297 2205 357 KTUS.

3371 295 3508 350 1550

1919 413 2084 483 primi
2132 411 2364 467 hominis
2405 411 2836 481 praevaricatione
2882 411 3060 465 vitiata
3104 424 3320 464 manare
3361 425 3512 463 mou-

1928 514 2184 571 strentnr,
2230 504 2370 575 quod
2412 503 2805 559 Catholicorum
2855 504 3057 558 sanitas
3099 503 3351 572 loquitur.
3403 501 3509 555 Sed

1930 594 2274 659 Manichaeus,
2326 594 2518 663 inquis,
2559 595 2717 648 etiam
2755 592 2922 662 ipsam
2955 593 3110 661 primi
3142 592 3370 646 hominis
3394 606 3510 644 car—

1932 702 2075 751 nem,
2098 686 2268 755 qualis
2294 694 2576 752 antequam
2603 692 2849 752 peccaret
2876 681 2992 745 fuit,
3022 682 3098 735 sic
3117 681 3429 736 detestatur.
3456 688 3513 734 ιιι

1933 778 2124 830 malam
2170 777 2367 830 nitatur
2394 773 2695 828 ostendere.
2742 773 2815 827 lta
2854 773 3068 842 quidem
3106 787 3134 824 a
3167 781 3218 825 te
3247 771 3514 825 inducitur

1934 868 2172 935 loquens,
2206 876 2265 920 ut
2296 866 2498 933 ingerat
2536 864 2891 932 respondendi
2929 863 3315 932 qualecumque
3349 877 3513 928 nego-

1936 957 2095 1020 tium,
2143 970 2246 1009 non
2293 955 2464 1009 solum
2495 954 2654 1016 mihi,
2695 969 2877 1008 verum
2914 955 3072 1006 etiam
3105 953 3217 1006 tibi.
3265 953 3394 1006 Nam
3424 950 3520 1004 ubi

1935 1048 2063 1102 dicit
2089 1060 2117 1099 a
2155 1045 2296 1100 malo
2330 1060 2447 1099 eam
2487 1043 2761 1098 conditore
2805 1043 2995 1096 factam
3041 1043 3230 1107 esse’;
3269 1041 3424 1095 simul
3465 1042 3520 1099 ei

1935 1136 2341 1206 respondemus,
2372 1144 2476 1188 tam
2506 1136 2696 1188 bonam
2720 1143 3037 1197 creaturam,
3069 1148 3187 1202 qua:
3211 1142 3388 1202 posset
3409 1147 3516 1185 non

1937 1244 2186 1300 peccare,
2234 1228 2277 1282 si
2325 1227 2522 1290 nollet,
2568 1227 2810 1295 quamvis
2837 1241 2939 1278 non
2969 1234 3208 1294 aequetur
3233 1239 3330 1278 suo
3353 1224 3515 1276 Crea-

1939 1319 2062 1385 tori,
2093 1333 2198 1371 non
2232 1327 2405 1371 tamen
2437 1316 2667 1384 potuisse
2695 1315 2796 1368 nisi
2830 1316 3023 1369 bonum
3066 1314 3265 1368 habere
3302 1313 3517 1368 Creato-

1938 1425 2071 1466 rem.
2099 1409 2198 1465 Ubi
2224 1425 2348 1464 vero
2368 1408 2435 1463 de
2462 1408 2652 1461 timore
2677 1408 2892 1471 mortis,
2919 1421 3074 1476 quam
3094 1448 3107 1468 ,
3147 1406 3190 1459 si
3225 1415 3514 1474 peccasset,

1939 1502 1986 1556 ei
2017 1501 2156 1554 Deus
2185 1508 2265 1554 cst
2292 1499 2662 1562 comminatus,
2685 1497 2842 1551 etiam
2877 1497 3182 1565 priusquam
3214 1505 3516 1563 peccasset,

1941 1591 2194 1646 miserum
2239 1589 2392 1658 dicit;
2440 1588 2593 1642 simul
2639 1587 3044 1656 respondemus,
3095 1585 3234 1654 quod
3266 1584 3515 1648 hominis,

1942 1683 2029 1751 qui
2057 1696 2320 1750 nunquam
2348 1693 2566 1749 peccare
2595 1678 2882 1748 potuisset,
2911 1678 2953 1731 si
3000 1693 3265 1746 nunquam
3299 1691 3520 1745 peccare

1945 1772 2218 1837 voluisset,
2242 1786 2412 1840 ptenaa
2438 1770 2575 1824 illius
2595 1768 2912 1834 devitandze,
2935 1783 3053 1837 quae
3082 1767 3250 1822 fuerat
3273 1776 3518 1820 secutura

1945 1871 2239 1933 peccatum,
2271 1861 2550 1931 tranquilla
2581 1873 2695 1914 erat
2721 1862 2915 1926 cautio,
2944 1876 3048 1914 non
3083 1860 3379 1914 turbulenta
3408 1859 3518 1913 for-

1946 1954 2107 2009 mido.
2149 1955 2262 2009 Hoc
2288 1953 2497 2023 quidem
2537 1951 2859 2020 respondere
2877 1951 3151 2005 communi
3191 1951 3518 2014 adversario,

1947 2046 2084 2100 sicut
2109 2045 2303 2100 dictum
2331 2053 2430 2109 est,
2460 2043 2811 2098 communiter
2836 2056 3116 2112 possumus
3147 2060 3159 2095 :
3192 2041 3282 2094 sed
3303 2055 3401 2110 ego
3421 2041 3520 2095 ad-

1946 2150 2134 2190 versus
2163 2133 2504 2189 Manichzeum
2530 2130 2711 2185 laudes
2731 2145 2896 2200 augeo
2920 2131 3190 2184 rationalis
3215 2131 3352 2184 illius
3372 2147 3522 2186 erea-

1949 2235 2102 2293 turze,
2133 2241 2249 2296 qua:
2277 2239 2380 2279 non
2408 2223 2578 2278 solum
2609 2237 2713 2277 non
2743 2223 3073 2276 cruciabatur
3098 2222 3206 2275 ullo
3235 2230 3399 2287 metu,
3432 2238 3524 2276 ve-

1948 2334 2066 2373 rum
2096 2318 2251 2372 etiam
2280 2315 2459 2370 laatitia
2489 2329 2672 2383 magna
2705 2313 3002 2377 fruebatur;
3048 2313 3294 2381 quoniam
3326 2312 3520 2366 malum

1949 2410 2153 2472 mortis,
2200 2407 2339 2478 quod
2377 2405 2635 2469 omnium,
2681 2405 2763 2457 vel
2806 2417 2940 2470 pene
2981 2404 3214 2456 omnium
3255 2401 3522 2470 refugiunt

1947 2501 2104 2557 corda
2130 2500 2382 2564 ﬁdelium,
2413 2496 2635 2550 habebat
2657 2497 2707 2549 in
2728 2503 2984 2564 potestate
3006 2510 3109 2548 non
3137 2496 3360 2564 perpeti.
3393 2496 3523 2550 llnic

1949 2604 2144 2647 nostra:
2174 2590 2294 2644 ﬁdei
2334 2589 2580 2659 quoniam
2612 2595 2787 2641 vester
2829 2602 2978 2641 error
3006 2586 3259 2641 adversus
3286 2595 3387 2649 est,
3417 2603 3522 2656 quo

1947 2682 2140 2752 putatis
2169 2679 2355 2744 Atiam,
2385 2678 2495 2732 sive
2519 2687 2782 2746 peccaret,
2809 2677 2920 2731 sive
2942 2691 3044 2731 non
3071 2686 3333 2745 peccaret,
3361 2675 3522 2731 fuisse

1948 2772 2292 2832 moriturum;
2325 2768 2447 2838 quid
2477 2767 2560 2820 hic
2583 2767 2871 2820 Maniclneo
2896 2766 3186 2836 respondes
3210 2765 3401 2820 dicenti
3424 2765 3523 2818 mi-

1948 2876 2118 2916 seram
2145 2859 2408 2916 conditam
2439 2873 2557 2913 esse
2585 2868 2856 2921 naturam,
2897 2872 3053 2927 quam
3096 2857 3177 2911 vel
3216 2864 3519 2925 peccantem

1949 2953 2030 3006 vel
2058 2965 2161 3005 non
2186 2958 2490 3019 peccantem
2512 2963 2657 3001 mors
2689 2947 2972 3001 imminens
3004 2948 3193 3000 timore
3225 2945 3524 3016 torquebat?

1948 3043 2004 3098 Si
2031 3042 2168 3097 enim
2194 3039 2391 3094 dixeris
2426 3039 2494 3093 ita
2525 3037 2686 3092 fuisse
2719 3038 2982 3091 conditam
3004 3079 3018 3104 ,
3062 3049 3118 3091 ut
3157 3053 3261 3091 non
3304 3039 3512 3091 timeret

1952 3140 2196 3195 mortem,
2237 3131 2354 3184 sine
2394 3129 2552 3183 dubio
2585 3128 2902 3198 quandoque
2939 3136 3242 3194 venturam;
3287 3126 3522 3195 profecto

1953 3226 2104 3278 istam
2125 3237 2242 3292 qua:
2269 3222 2319 3275 in
2353 3221 2575 3290 posteris
2601 3221 2717 3288 ejus
2745 3228 2845 3280 est,
2877 3219 3122 3274 miseram
3149 3218 3396 3273 fateberis
3424 3233 3521 3272 na-

1951 3316 2048 3378 sci,
2075 3313 2158 3367 cui
2191 3313 2372 3366 mortis
2403 3323 2600 3366 metum
2635 3311 2713 3366 sic
2750 3310 2990 3366 videmus
3014 3325 3132 3365 esse
3161 3311 3517 3379 congenitum,

1952 3419 2009 3466 ut
2033 3408 2189 3464 etiam
2225 3404 2277 3458 hi
2308 3403 2397 3474 qui
2427 3419 2521 3474 spe
2550 3403 2688 3458 ﬁdeli
2715 3402 2902 3456 futura:
2940 3402 3059 3456 vita:
3103 3400 3288 3470 gaudia
3328 3415 3524 3455 concu-

1952 3502 2179 3572 piscunt,
2202 3497 2254 3552 in
2277 3495 2375 3551 hac
2402 3504 2578 3550 tamen
2610 3496 2713 3549 vita
2742 3510 2860 3548 cum
2889 3494 3072 3548 mortis
3097 3494 3288 3548 timore
3318 3493 3522 3548 lucten-

1951 3603 2037 3650 tur
2064 3612 2076 3648 :
2106 3591 2288 3646 nolunt
2314 3588 2455 3643 enim
2484 3588 2720 3657 spoliari,
2750 3586 2841 3642 sed
2872 3585 3235 3656 supervestiri,
3272 3594 3328 3639 ut
3352 3601 3521 3655 quan-

1953 3695 2059 3740 tum
2086 3683 2152 3737 ad
2181 3696 2361 3736 eorum
2389 3680 2576 3734 attinet
2600 3678 2942 3740 voluntatem.
2977 3692 3082 3732 non
3114 3684 3282 3732 merte
3311 3677 3524 3730 finiatur

1954 3776 2064 3828 hinc
2084 3773 2208 3833 vita,
2236 3769 2330 3825 sed
2355 3769 2576 3823 mortale
2601 3768 2943 3822 absorbeatur
2963 3782 2992 3820 a
3019 3767 3121 3820 vita
3147 3767 3206 3837 (ll
3225 3765 3341 3820 Cor.
3365 3783 3417 3830 v,
3440 3767 3518 3837 4).

1952 3867 2032 3920 Ex
2057 3879 2160 3934 quo
2189 3862 2266 3923 ﬁt,
2297 3870 2354 3914 ut
2379 3860 2421 3913 si
2453 3863 2638 3912 mortis
2663 3867 2859 3911 metum
2899 3859 2952 3910 in
2994 3857 3238 3926 paradiso
3285 3857 3523 3924 posueris

1951 3965 2073 4012 ante
2099 3962 2392 4025 peccatum,
2419 3950 2645 4005 vinearis
2683 3964 2711 4000 a
2741 3948 3075 4011 Maniuhmis,
3117 3948 3203 4016 qni
3245 3955 3429 4015 putant
3469 3955 3523 4000 et

1950 4047 2120 4119 putari
2148 4045 2350 4111 volunt,
2380 4040 2518 4112 quod
2548 4041 2597 4094 in
2633 4039 2805 4109 primo
2845 4053 3056 4108 quoqne
3083 4037 3296 4091 homine
3331 4037 3521 4090 misera

1951 4139 2158 4195 condita
2184 4146 2264 4192 est
2287 4143 2467 4189 natura
2485 4132 2745 4193 humana;
2775 4131 2817 4183 si
2840 4137 3014 4184 autem
3043 4128 3282 4182 timorem
3312 4128 3518 4194 mortis,

1952 4249 2059 4304 quo
2086 4229 2380 4285 mortalium
2424 4225 2632 4279 animus
2675 4237 2777 4276 non
2823 4223 2938 4275 sine
2962 4221 3172 4276 miseria
3199 4220 3520 4286 stimulatur,

1953 4333 2075 4378 ante
2101 4329 2367 4391 peccatum
2394 4332 2498 4370 non
2527 4316 2686 4368 fuisse
2717 4311 3070 4382 responderis,
3104 4311 3330 4366 vincaris
3355 4326 3383 4363 a
3417 4325 3518 4362 no-

1953 4413 2062 4478 bis,
2101 4411 2348 4482 quoniam
2381 4422 2484 4461 non
2513 4412 2803 4459 mutaretur
2835 4406 2882 4457 in
2915 4403 3064 4472 pejus
3097 4403 3198 4456 nisi
3226 4402 3402 4455 vitiata
3430 4416 3523 4455 na-

1956 4516 2089 4560 tura.
2121 4505 2321 4559 Rursus
2343 4503 2393 4555 in
2415 4516 2479 4555 eo
2498 4499 2638 4568 quod
2660 4498 2912 4552 adversus
2933 4510 3030 4549 nos
3058 4494 3182 4548 facis
3211 4493 3386 4548 dicere
3417 4492 3524 4546 Ma-

1954 4596 2235 4658 nichmum,
2263 4592 2382 4662 quia
2414 4589 2538 4644 illud
2575 4607 2593 4639 ι
2617 4603 2813 4643 cznetmi
2841 4595 2895 4641 et
2931 4599 3286 4639 mrunmosum
3326 4583 3520 4637 animal

1953 4689 2110 4742 etiam
2141 4684 2429 4753 inquietum
2456 4680 2713 4749 cupiditas
2744 4680 2918 4732 innata
2950 4675 3223 4739 reddebat,
3253 4691 3408 4745 quam
3442 4675 3522 4729 rei

1953 4776 2244 4832 interdicta:
2270 4782 2324 4828 et
2346 4780 2598 4827 venustas
2626 4770 2865 4824 irritabat
2888 4776 2940 4822 et
2968 4767 3217 4832 suavitas,
3249 4784 3268 4817 ι
3305 4766 3399 4829 tui,
3425 4764 3519 4818 Ju-

1953 4867 2110 4928 liane,
2139 4862 2416 4931 dogmatis,
2450 4869 2696 4929 tanquam
2739 4859 2790 4911 in
2830 4855 3045 4924 scopulo
3094 4854 3381 4909 inevitabili
3425 4870 3516 4906 co-

1950 4968 2144 5026 gnosce
2172 4950 2517 5020 naufragium.
2562 4948 2670 5004 Nos
2699 4947 2838 5003 enim
2878 4945 3103 4998 dicimus
3142 4945 3192 4998 in
3238 4945 3324 4998 illa
3352 4943 3518 4998 beati-

1951 5045 2131 5099 tudine
2181 5043 2376 5096 nullam
2432 5040 2593 5094 fuisse
2640 5037 3014 5107 cupiditatem,
3078 5051 3197 5105 qua:
3250 5036 3526 5092 resisteret

1948 5132 2223 5188 voluntati.
2250 5132 2417 5186 Porro
2445 5131 2487 5183 si
2509 5127 2787 5198 cupiebant
2811 5127 2882 5180 illi
2914 5125 3175 5194 homines,
3197 5126 3338 5181 unde
3363 5127 3506 5180 absti-

1950 5240 2076 5279 nere
2118 5223 2294 5292 potius
2325 5220 2600 5278 volebant;
2646 5216 3014 5287 proculdubio
3041 5217 3292 5271 voluntati
3334 5229 3518 5269 eorum

1948 5314 2205 5383 cupiditas
2229 5311 2526 5366 resistebat.
2550 5309 2662 5362 Hoc
2678 5323 2803 5376 ergo
2820 5321 2928 5360 non
2950 5317 3130 5361 contra
3149 5321 3254 5371 me,
3277 5302 3370 5358 sed
3396 5316 3522 5355 con-

1950 5414 2028 5459 tra
2071 5412 2156 5468 te,
2196 5401 2538 5456 Manichteum
2569 5399 2743 5454 dicere
2787 5414 2880 5468 per
2917 5408 3002 5452 tua
3045 5399 3204 5464 verba
3249 5393 3432 5448 fecisti.
3463 5391 3518 5445 Si

1947 5494 2087 5550 enim
2115 5493 2243 5547 tales
2269 5501 2418 5546 erant
2447 5489 2542 5552 illi,
2572 5499 2627 5542 ut
2657 5488 2708 5542 in
2739 5489 2816 5544 eis
2845 5487 3105 5558 cupiditas
3131 5483 3398 5538 resisteret
3425 5498 3517 5534 vo-

2014 5711 2030 5741 ι
2067 5718 2115 5758 tn
2143 5716 2268 5771 Mss,
2293 5721 2399 5758 cum
2438 5708 2678 5762 conditore
2700 5711 2878 5770 factum
2900 5718 3018 5757 esse.
