3970 6184
401 292 529 348 1531

396 409 616 477 lentati;
637 408 747 480 jam
777 420 903 464 caro
929 402 1338 472 concupiscebat
1359 398 1613 454 adversus
1633 394 1898 466 spiritum,
1925 401 1981 448 et

397 505 618 575 spiritus
646 501 899 556 adversus
920 509 1172 559 carnem;
1215 492 1303 548 ubi
1343 488 1830 546 manifestissimum
1857 500 1980 540 ear-

398 596 485 651 nis
510 592 821 663 intelligitur
844 589 1048 650 vitium,
1091 595 1309 656 propter
1330 580 1473 654 quod
1505 579 1746 637 ﬁdelibus
1773 577 1984 634 dicebat

399 687 706 757 Apostolus,
735 681 861 737 Hier
886 681 1020 736 enim
1049 679 1258 733 invicem
1285 677 1644 740 adversantur;
1689 682 1746 728 ut
1783 689 1884 727 non
1922 687 1984 725 ea

398 794 511 849 quae
537 777 684 831 vultis
721 775 936 847 faciatis.
967 771 1152 826 Nullus
1180 771 1376 840 quippe
1417 777 1723 822 sanctorum
1761 772 1863 830 est,
1893 763 1982 833 qui

335 869 339 872 ’
401 886 506 924 nou
534 868 660 924 velit
689 869 863 922 facere
904 879 973 920 ne
1015 878 1140 919 caro
1177 861 1433 916 adversus
1458 859 1699 928 spiritum
1729 855 1983 924 concupi-

401 969 545 1025 scat;
577 959 818 1029 quamvis
845 958 894 1013 ei
932 956 1148 1011 resistat
1187 969 1254 1008 ne
1295 949 1780 1021 concupiscentiam
1808 946 1985 1002 carnis

403 1066 495 1105 sua
513 1050 863 1106 consensione
878 1047 1133 1117 perﬁciat,
1157 1042 1401 1099 eumdem
1418 1039 1714 1110 apostolum
1740 1037 1980 1102 audiens,

405 1143 490 1197 ubi
518 1141 626 1195 ait:
658 1139 786 1193 Dico
813 1147 1000 1202 autem,
1029 1136 1228 1205 Spiritu
1261 1130 1530 1192 ambulate,
1556 1139 1603 1183 et
1624 1129 1982 1197 concupiscen-

405 1235 499 1288 tias
526 1233 693 1286 carnis
720 1248 782 1285 ne
820 1229 1126 1301 perfeceritis
1156 1225 1351 1297 (Galat.
1383 1241 1438 1286 v,
1471 1225 1559 1290 l7,
1590 1222 1701 1294 16).
1732 1220 1846 1277 Non
1889 1221 1982 1287 ait,

405 1323 870 1393 Coucupisceutias
923 1320 1100 1375 carnis
1151 1317 1483 1371 adversarios
1533 1331 1599 1369 ne
1653 1313 1981 1376 habueritis;

405 1416 654 1485 quoniam
683 1413 896 1468 videbat
933 1411 1218 1480 perlectam
1249 1423 1432 1479 pacem
1473 1407 1647 1472 carnis
1688 1415 1742 1460 et
1768 1406 1986 1475 spiritus

409 1520 515 1558 non
538 1519 695 1574 posse
722 1503 772 1556 in
799 1517 1022 1572 corpore
1066 1500 1251 1554 mortis
1289 1497 1447 1567 hujus
1490 1497 1696 1566 impleri
1725 1513 1739 1550 τ
1770 1495 1864 1550 sed
1889 1497 1982 1562 ait,

407 1595 846 1667 Concupiscentias
870 1595 1035 1648 carnis
1054 1609 1116 1647 ne
1137 1591 1439 1662 perfeceritis
1451 1606 1470 1655 ;
1497 1590 1583 1644 ubi
1604 1598 1871 1644 certamen
1893 1602 1988 1643 no-

411 1687 493 1742 bis
524 1687 717 1755 potius,
748 1685 889 1756 quod
925 1694 1107 1740 contra
1145 1699 1359 1738 carnem
1389 1684 1755 1738 adversantem
1785 1681 1984 1737 debea-

411 1793 534 1832 mus
562 1792 844 1840 exercere,
867 1775 1160 1847 proposuit,
1185 1782 1242 1828 ut
1266 1774 1719 1843 concupiscentias
1738 1773 1852 1843 ejus
1879 1786 1985 1827 non

413 1866 752 1935 perﬁciamus
787 1863 1188 1930 consentiendo,
1228 1862 1320 1918 sed
1363 1863 1657 1918 resistendo
1695 1864 1984 1919 vincamus.

415 1958 522 2012 Pax
558 1973 706 2021 vero,
749 1957 836 2012 ubi
877 1971 982 2011 non
1023 1965 1115 2010 eas
1157 1954 1496 2009 adversantes
1532 1964 1988 2026 repugnantesque

416 2048 696 2116 patiamur,
731 2046 829 2101 fuit
852 2047 902 2100 in
932 2060 1155 2115 corpore
1180 2045 1300 2099 vitae
1324 2044 1484 2110 illius,
1512 2060 1668 2115 quam
1695 2057 1878 2101 natura
1904 2047 1986 2101 vi-

415 2137 538 2191 tiata
576 2137 732 2206 primi
761 2136 990 2190 hominis
1021 2135 1453 2206 prazvaricatione
1483 2135 1822 2204 perdidimus.
1858 2136 1988 2192 Nam

413 2225 459 2280 si
497 2242 596 2282 nec
641 2227 710 2282 ibi
745 2225 841 2281 fuit
875 2234 999 2281 ante
1025 2235 1297 2295 peccatum
1331 2239 1428 2295 pax
1455 2225 1630 2280 carnis
1659 2235 1712 2282 et
1753 2228 1987 2298 spiritus,

417 2315 710 2386 falsumque
735 2326 819 2373 est
846 2315 987 2387 quod
1014 2315 1087 2369 ait
1117 2315 1450 2386 Ambrosius,
1474 2316 1748 2387 utriusque
1785 2316 1989 2372 discor-

416 2409 557 2463 diam
585 2424 681 2478 per
707 2409 1190 2478 praevaricationem
1221 2407 1372 2477 primi
1405 2407 1634 2461 hominis
1672 2409 1724 2462 in
1755 2418 1990 2464 nostram

424 2499 649 2553 vertisse
672 2506 910 2552 naturam
938 2496 1074 2570 (Lib.
1101 2499 1132 2551 7
1165 2498 1218 2551 in
1261 2496 1385 2551 Luc.
1420 2512 1514 2563 xu,
1543 2497 1631 2568 5'5)
1666 2517 1678 2552 :
1708 2515 1830 2554 vera
1869 2501 1990 2567 erit,

418 2589 557 2660 quod
605 2591 762 2655 absit,
811 2590 905 2644 ista
949 2589 1233 2652 sententia,
1272 2603 1430 2660 quam
1467 2599 1648 2644 contra
1695 2606 1790 2646 nos
1832 2592 1995 2646 Mani-

419 2681 627 2734 cha-um
667 2679 834 2736 fecisti
888 2681 1215 2750 loquentem,
1260 2681 1517 2747 miserum,
1559 2682 1760 2737 scilicet
1805 2685 1995 2740 animal

423 2771 649 2840 primum
697 2770 963 2825 hominem
1011 2771 1301 2836 conditum,
1338 2785 1495 2840 quem
1538 2771 1786 2842 cupiditas
1821 2775 1996 2830 innata

420 2861 658 2938 reddebat
696 2861 988 2931 inquietum,
1041 2868 1194 2930 quam
1233 2861 1572 2930 cupiditatem
1611 2863 1682 2916 rei
1723 2863 1998 2921 interdicta:

420 2964 468 3008 et
496 2963 726 3008 uenustas
749 2953 975 3007 irritabat
1000 2963 1046 3007 et
1065 2953 1302 3008 suavitas.
1321 2953 1427 3009 Nos
1443 2964 1617 3008 autem
1639 2953 1864 3012 dicimus
1891 2965 1995 3013 tam

423 3045 632 3100 beatum
663 3046 826 3100 fuisse
853 3046 997 3099 illum
1028 3043 1298 3100 hominem
1326 3055 1446 3099 ante
1468 3055 1762 3115 peccatum,
1789 3055 1997 3118 tamque

422 3136 603 3191 liberte
627 3136 932 3202 voluntatis,
979 3146 1034 3191 ut
1079 3136 1168 3190 Dei
1215 3145 1533 3205 prmcepttun
1569 3139 1773 3206 magnis
1801 3139 1999 3196 viribus

423 3229 618 3283 mentis
641 3229 956 3294 olisi'rvans,
985 3227 1317 3283 resistentem
1348 3227 1447 3282 sibi
1474 3242 1689 3281 carnem
1716 3227 1860 3282 nullo
1884 3245 1999 3284 cer-

425 3320 620 3373 tamine
647 3328 937 3388 pateretur,
969 3333 1066 3372 nec
1091 3317 1289 3387 aliquid
1317 3317 1535 3372 omnino
1561 3333 1627 3372 ex
1654 3318 1828 3387 aliqua
1853 3322 2000 3390 cupi-

423 3407 586 3464 ditate
606 3409 848 3474 sentiret,
867 3409 1006 3478 quod
1034 3408 1232 3471 nollet;
1265 3409 1693 3478 voluntatemque
1721 3409 1835 3478 ejus
1857 3414 2000 3480 prius

426 3497 587 3552 fuisse
633 3498 865 3553 vitiatam
915 3513 1181 3552 venenosa
1223 3497 1565 3566 persuasione
1615 3501 1897 3567 serpentis,
1945 3515 2002 3559 ut

425 3590 654 3643 oriretur
673 3589 933 3659 cupiditas
960 3605 1078 3659 qua:
1103 3597 1419 3658 sequeretur
1452 3589 1626 3658 potius
1653 3591 1996 3660 voluntatem,

425 3693 582 3748 quam
612 3679 881 3734 resisteret
913 3679 1198 3743 voluntati;
1229 3687 1634 3749 perpetratoque
1661 3691 1876 3748 peccato
1889 3683 2001 3752 jam

429 3785 583 3839 paena
629 3769 908 3825 inﬁrmata:
949 3771 1110 3824 nwnti
1159 3771 1317 3825 etiam
1360 3770 1536 3824 carnis
1577 3772 2002 3840 concupiscentia

426 3869 762 3931 repugnaret.
796 3861 873 3915 Ac
903 3877 995 3930 per
1021 3860 1139 3921 hoc,
1170 3861 1268 3914 nisi
1302 3860 1448 3930 prius
1473 3860 1633 3914 homo
1662 3860 1856 3917 faceret
1880 3879 2003 3933 pec-

425 3951 596 4006 cando
620 3951 760 4021 quod
787 3952 967 4018 vellet,
997 3969 1100 4006 non
1127 3961 1392 4021 pateretur
1416 3954 1838 4023 concupiscendo
1863 3957 2002 4026 quod

429 4043 609 4098 nollet.
636 4044 772 4098 Ecce
788 4061 883 4098 nos
905 4044 1348 4113 quemadmodum
1363 4045 1620 4100 vincimus
1635 4045 2000 4116 Manichaenm,

429 4125 1087 4190 introducere'conantem
1144 4144 1345 4190 naturae
1393 4134 1621 4190 hominis
1675 4139 2002 4194 conditorem

430 4226 624 4280 malum
661 4245 674 4281 :
707 4235 758 4280 tu
789 4236 986 4292 autem,
1033 4227 1120 4295 qui
1162 4227 1486 4282 certantibus
1530 4228 1680 4283 nobis
1707 4229 1878 4284 locum
1910 4231 2003 4286 tibi

428 4318 741 4385 spectatoris
765 4332 862 4386 pro
888 4323 980 4370 tuo
1005 4316 1224 4371 arbitrio
1250 4316 1486 4386 delegisti
1503 4358 1518 4382 ,
1562 4317 1646 4372 his
1675 4318 1803 4389 ipsis
1830 4321 2006 4376 verbis

430 4409 552 4470 tuis,
598 4423 718 4478 qute
758 4416 940 4461 contra
986 4423 1082 4460 nos
1123 4407 1413 4461 Manichreo
1459 4407 1633 4461 danda
1669 4409 2004 4479 existimasti,

427 4515 552 4568 qua,
596 4514 796 4567 qumso,
837 4508 973 4566 arte,
1015 4499 1206 4570 quibus
1250 4498 1449 4553 viribus
1478 4499 1727 4555 resistere
1762 4500 2003 4570 audebis,

431 4592 612 4655 homo,
640 4590 728 4658 qni
758 4589 892 4644 dicis
930 4593 1105 4646 carnis
1129 4591 1632 4661 concupiscentiam,
1669 4593 1841 4664 qualis
1867 4609 2008 4651 nunc

430 4691 530 4745 est,
561 4695 718 4749 quam
757 4680 998 4735 videmus
1032 4691 1213 4736 contra
1261 4683 1502 4750 spiritum
1543 4684 1820 4750 dimicare,
1849 4687 2007 4742 talem

431 4774 593 4828 fuisse
629 4775 790 4828 etiam
830 4773 884 4827 in
927 4774 1172 4843 paradiso
1201 4785 1322 4828 ante
1352 4777 1660 4844 peccatum?
1689 4779 2009 4848 Deponimus

429 4883 557 4936 ergo
583 4878 654 4933 te,
674 4865 817 4922 velis
840 4866 995 4930 nolis,
1022 4866 1089 4922 de
1117 4865 1310 4920 theatri
1340 4867 1594 4923 sedilibus
1623 4869 1674 4923 in
1698 4885 1934 4933 arenam,
1955 4880 2011 4926 et

397 4957 495 5020 de
523 4968 820 5026 spectatore
862 4955 1082 5012 faciams
1121 4958 1452 5013 luctatorem.
1497 4960 1800 5029 Aggredere
1832 4972 2010 5017 certa-

429 5064 572 5113 men,
611 5058 666 5103 et
691 5049 1085 5115 adversarium,
1128 5049 1172 5102 si
1210 5059 1382 5118 p0les,
1425 5048 1578 5104 vince
1629 5065 2006 5107 communem:

429 5140 682 5210 quoniam
711 5148 764 5194 tu
795 5155 1004 5210 quoque
1033 5141 1199 5196 Deum
1234 5145 1528 5195 creatorem
1555 5142 1714 5196 etiam
1758 5143 1933 5198 carnis
1959 5154 2010 5200 te

429 5235 607 5290 colere
649 5233 937 5304 proﬁteris.
976 5233 1140 5289 Vince
1183 5234 1342 5304 igitur
1370 5234 1662 5300 inimicum,
1693 5235 2012 5304 persuadere

433 5335 734 5392 conantem,
784 5324 981 5378 malum
1031 5324 1197 5379 Deum
1240 5340 1358 5380 esse
1385 5326 1471 5396 qui
1501 5326 1734 5382 condidit
1772 5341 2008 5396 carnem,

430 5417 582 5489 cujus
613 5415 1043 5487 concupiscentia
1085 5415 1318 5470 nondum
1361 5417 1648 5488 depravato
1692 5419 2011 5487 praevarica-

433 5510 574 5565 tione
614 5508 821 5579 spiritui
856 5507 966 5577 jam
1013 5506 1313 5574 resistebat,
1361 5517 1415 5562 et
1443 5508 1695 5562 miserum
1743 5507 2011 5565 hominem

433 5613 528 5651 sua
549 5596 940 5653 conﬂictatione
961 5596 1203 5652 faciebat.
1238 5598 1317 5650 An
1347 5597 1584 5652 dicturus
1604 5613 1684 5664 es,
1709 5598 1933 5655 Prorsus
1957 5609 2014 5655 et

433 5690 917 5753 concupiscentiam
947 5689 1106 5745 talem
1145 5687 1392 5752 habebat,
1433 5699 1486 5744 et
1513 5700 1687 5746 tamen
1720 5692 1880 5748 miser
1905 5707 2010 5747 non

1067 283 1312 344 OPEBIS
1349 277 1754 340 lllPERFECTl
1791 275 2068 334 CONTRA
2105 276 2464 346 JULIANUM,
2505 279 2562 335 S.
2611 280 2979 338 AUGUSTINI

3534 286 3673 341 1552

2085 393 2234 447 erat?
2255 393 2484 451 lloccine
2503 405 2587 452 est
2604 397 2961 453 adversarium
2979 413 3254 470 superare,
3275 413 3342 454 an
3372 399 3551 470 potius
3570 399 3674 455 hoc

2085 493 2167 539 est
2189 485 2441 555 adjuvare
2465 488 2833 558 Manichasum,
2866 500 2922 547 et
2944 501 3128 548 contra
3153 494 3470 563 Apostolum
3497 496 3674 552 rebel-

2087 577 2241 634 lare?
2267 580 2414 635 ltane
2439 583 2632 638 oblitus
2658 599 2715 639 es
2739 585 2860 654 quis
2884 584 3097 649 dixerit,
3135 585 3292 642 Video
3319 588 3473 642 aliam
3509 589 3671 661 legem

2086 668 2139 723 in
2178 669 2409 725 membris
2447 673 2597 738 meis,
2648 684 3010 745 repugnantem
3051 675 3150 747 legi
3195 679 3376 732 mentis
3417 695 3573 743 meae;
3617 690 3668 736 et

2091 767 2209 828 post
2236 758 2537 828 hujusmodi
2561 763 2718 818 verba
2749 764 3054 833 subjecerit,
3085 765 3244 821 Miser
3271 783 3363 837 ego
3390 770 3542 824 homo
3562 771 3589 823 .’
3613 770 3674 826 Si

2088 863 2215 917 ergo
2239 850 2429 918 Adam,
2461 867 2581 907 cum
2607 865 2867 926 praecepto
2886 857 3044 912 vellet
3069 858 3438 929 obtemperare
3460 861 3672 930 divino,

2087 940 2374 1009 cupiditate
2416 943 2720 1000 irritabatur
2756 947 2932 1002 cibum
2970 947 3292 1006 manducare
3320 951 3673 1020 prohibitum,

2088 1030 2247 1099 eique
2266 1033 2442 1088 carnis
2459 1036 2907 1106 concupiscentia,
2938 1038 3149 1108 qualem
3177 1040 3324 1094 illum
3353 1050 3408 1096 et
3433 1051 3558 1098 tunc
3590 1045 3678 1097 di-

2087 1120 2164 1173 cis
2190 1120 2460 1189 habuisse,
2492 1135 2675 1181 contra
2701 1129 3092 1198 concupiscenti
3133 1131 3340 1201 spiritui
3367 1134 3674 1199 resistebat,

2090 1225 2266 1266 nonne
2289 1214 2564 1270 verissime
2591 1216 2814 1285 diceret,
2847 1219 2890 1272 si
2922 1219 3080 1275 vellet
3116 1221 3315 1282 dicere,
3345 1221 3678 1279 Condelccmr

2089 1301 2185 1370 legi
2229 1301 2324 1355 Dei
2365 1306 2639 1360 secundum
2685 1309 2972 1364 interiorem
3010 1310 3291 1378 hominem;
3317 1314 3458 1368 video
3503 1325 3680 1369 autem

2088 1393 2243 1447 aliam
2286 1394 2443 1466 legem
2478 1398 2532 1451 in
2571 1399 2801 1454 membris
2827 1402 2949 1456 meis
2987 1415 3347 1473 repugnantem
3372 1406 3470 1477 legi
3495 1409 3683 1464 mentis

2087 1486 2250 1540 mete?
2273 1487 2553 1554 Quomodo
2579 1505 2709 1561 ergo
2735 1507 2842 1546 non
2873 1502 2990 1548 erat
3015 1495 3179 1550 miser
3202 1495 3384 1562 homo,
3415 1513 3534 1551 cum
3555 1509 3683 1569 post

2089 1577 2249 1630 verba
2271 1579 2395 1633 talia
2420 1580 2563 1636 dicat
2591 1583 2896 1652 Apostolus,
2917 1585 3075 1640 Miser
3099 1603 3189 1658 ego
3205 1589 3354 1643 homo
3381 1589 3556 1663 (Rom.
3574 1609 3676 1658 vn,

2089 1666 2317 1739 22-24)?
2343 1680 2629 1739 postremo,
2655 1676 2923 1744 quomodo
2947 1678 3110 1732 miser
3128 1693 3235 1733 non
3266 1690 3398 1744 erat,
3427 1693 3479 1737 et
3507 1681 3685 1738 habe-

2090 1757 2184 1814 bat
2225 1761 2446 1816 liberam
2488 1765 2835 1834 voluntatem,
2878 1767 2923 1822 si
2961 1770 3371 1836 concupiscente
3416 1773 3686 1829 adversus

2090 1851 2333 1922 spiritum
2363 1869 2544 1920 carne,
2575 1863 2711 1912 teste
2740 1857 2856 1927 ipso
2883 1858 3156 1928 Apostolo,
3183 1875 3289 1914 nou
3318 1861 3542 1916 faciebat
3568 1864 3684 1918 uti-

2091 1958 2194 2013 que
2213 1944 2354 2015 quod
2375 1945 2608 2001 volebat?
2623 1948 2880 2015 Quoniam
2902 1963 3028 2020 ergo
3043 1949 3088 2004 si
3109 1949 3324 2015 dixeris,
3342 1953 3518 2023 qualis
3535 1969 3687 2010 nuttc

2091 2044 2193 2097 est,
2225 2037 2381 2090 talem
2411 2036 2572 2094 fuisse
2599 2040 3085 2109 concupiscentiam
3111 2042 3289 2098 carnis
3326 2054 3452 2100 ante
3491 2060 3691 2116 pecca-

2095 2134 2223 2193 tum,
2256 2129 2432 2185 vincet
2460 2138 2513 2185 te
2541 2132 2725 2200 procul
2755 2131 2918 2187 dubio
2957 2133 3280 2190 Manichams
3313 2153 3328 2190 :
3361 2136 3414 2192 in
3456 2148 3687 2194 senten-

2094 2218 2218 2272 tiam
2246 2224 2418 2274 meam
2447 2223 2632 2287 transi,
2665 2231 2717 2276 et
2740 2222 3081 2278 Ambrosium
3107 2225 3398 2295 dicentem,
3423 2242 3519 2297 per
3542 2245 3691 2299 pra-

2096 2309 2474 2364 varicationem
2502 2309 2732 2366 hominis
2761 2313 2941 2382 primi,
2973 2313 3029 2367 in
3054 2323 3297 2370 naturam
3325 2320 3548 2374 vertisse
3571 2319 3692 2375 dis-

2095 2403 2330 2459 cordiam
2375 2404 2552 2461 carnis
2599 2415 2654 2461 et
2687 2407 2938 2478 spiritus,
2986 2409 3146 2464 ambo
3190 2413 3584 2482 approbemus,
3623 2427 3694 2473 ut

2096 2493 2444 2550 Manichzeum
2473 2496 2631 2552 ambo
2653 2498 2944 2554 vincamus.
2967 2498 3070 2567 Qui
3099 2500 3276 2557 verbis
3306 2504 3426 2570 tuis,
3459 2521 3576 2574 qua
3605 2508 3693 2563 illi

2095 2587 2438 2657 composuisti
2472 2590 2622 2659 quasi
2665 2592 2972 2658 recitaturo,
3000 2601 3057 2648 et
3079 2595 3218 2664 quod
3246 2596 3297 2650 in
3331 2597 3529 2652 scholis
3559 2599 3695 2655 rbe-

2098 2685 2270 2732 torum
2299 2678 2484 2750 agitari
2513 2680 2671 2748 solet,
2705 2682 2876 2737 aliena
2903 2683 3141 2748 dicturo,
3185 2699 3290 2739 non
3334 2687 3507 2741 solum
3543 2703 3695 2742 cru-

2098 2787 2346 2838 mnosum,
2396 2788 2582 2827 verum
2640 2775 2800 2828 etiam
2848 2792 3038 2830 clerum
3091 2786 3329 2848 creatum
3379 2794 3500 2835 esse
3549 2780 3699 2837 dixit

2097 2861 2266 2917 Adam
2300 2881 2312 2916 :
2341 2863 2482 2918 unde
2503 2879 2724 2931 aecum,
2746 2865 2849 2919 nisi
2867 2865 2986 2936 quia
3009 2881 3115 2922 non
3137 2881 3354 2923 noverat
3377 2879 3692 2939 peccatum;

2098 2955 2238 3026 quod
2268 2954 2467 3011 dictum
2493 2965 2576 3011 est
2605 2957 2656 3010 in
2699 2956 2946 3012 laudibus
2973 2957 3173 3013 Christi
3203 2959 3280 3030 (ll
3314 2959 3434 3014 Cor.
3472 2976 3527 3028 v,
3555 2961 3697 3032 2i)?

2099 3047 2458 3119 Qumcumque
2483 3049 2623 3104 enim
2649 3048 2789 3103 mals
2824 3065 2928 3104 non
2958 3065 3054 3120 per
3081 3051 3416 3119 sapientiam,
3442 3052 3538 3107 sed
3567 3070 3699 3123 qua:

2101 3155 2195 3209 per
2218 3140 2598 3211 experientiam
2628 3141 2920 3208 discuntur,
2953 3141 3178 3198 feliciter
3217 3145 3545 3200 nesciuntnr.
3578 3145 3696 3203 Sed

2104 3230 2204 3284 hoc
2227 3241 2408 3284 contra
2436 3229 2780 3286 Manichtcum
2811 3231 2878 3287 de
2918 3233 3213 3303 ignorantia
3261 3235 3416 3303 primi
3455 3235 3730 3293 hominis-

2104 3319 2560 3387 calumniantem,
2627 3329 2681 3375 tu
2728 3336 2940 3391 quoque
2992 3337 3200 3377 mecum
3245 3321 3466 3378 forsitan
3513 3325 3645 3380 dicis
3675 3346 3693 3382 :

2103 3410 2227 3480 quid
2252 3427 2380 3466 vero
2408 3413 2456 3468 ei
2485 3412 2810 3482 respondeas
2829 3413 2896 3468 de
2930 3424 3102 3468 morte
3128 3416 3369 3485 corporis
3397 3416 3541 3471 etde
3564 3432 3699 3471 eon-

2103 3505 2424 3572 cupiseentia
2451 3506 2647 3573 carnis,
2672 3505 2960 3561 secundum
2983 3521 3044 3561 ea
3067 3521 3183 3576 quae
3209 3522 3350 3562 nunc
3370 3509 3465 3563 tibi
3493 3524 3589 3563 nos
3607 3525 3700 3565 re-

2105 3597 2441 3664 spondimus.
2471 3613 2668 3668 quaere.
2704 3598 2796 3652 His
2823 3599 2965 3653 enim
2999 3598 3209 3654 duabus
3237 3599 3700 3656 manifestissimis

2105 3689 2264 3742 rebus
2309 3699 2546 3760 apparet,
2589 3691 2744 3745 aliam
2790 3691 2952 3746 fuisse
2992 3691 3352 3747 Conditionem
3398 3692 3700 3761 primorum

2109 3779 2402 3848 hominum,
2433 3783 2519 3852 qui
2545 3783 2612 3837 de
2649 3784 2790 3837 nulla
2823 3792 3097 3853 parentum
3139 3784 3304 3853 stirpe
3345 3793 3472 3837 sunt
3499 3783 3698 3853 geniti;

2106 3873 2262 3927 aliam
2303 3888 2430 3928 vero
2463 3889 2678 3940 eorum,
2710 3877 2798 3945 qui
2836 3876 2905 3929 ita
2944 3885 3194 3930 creantur
3221 3890 3250 3929 a
3285 3877 3412 3938 Deo,
3448 3885 3508 3929 ut
3533 3877 3703 3931 etiam

2107 3963 2174 4016 ab
2200 3964 2502 4018 hominibus
2523 3975 2873 4034 procreentur
2898 3984 2910 4020 :
2936 3965 3003 4020 ab
3022 3966 3110 4020 illo
3131 3966 3273 4021 enim
3302 3966 3519 4020 modum
3547 3966 3705 4021 insti-

2110 4057 2328 4111 tutionis
2365 4070 2474 4109 sua:
2501 4057 2785 4126 accipiunt,
2814 4058 2881 4112 ab
2914 4057 3028 4111 istis
3063 4059 3312 4111 meritum
3351 4057 3576 4128 originis
3604 4058 3708 4112 duo

2109 4155 2255 4212 cunt,
2283 4145 2760 4201 conformationem
2781 4162 2933 4202 suam
2955 4147 3211 4202 debentes
3233 4149 3465 4217 opiﬁcio,
3495 4149 3706 4219 obliga—

2111 4237 2306 4290 tionem
2352 4235 2580 4305 judicio,
2645 4238 3012 4292 liberationem
3059 4237 3315 4294 beneﬁcio
3371 4240 3704 4295 Conditoris.

2109 4326 2345 4392 Quorum
2375 4327 2511 4380 mala
2538 4341 2659 4381 cum
2685 4327 2876 4396 quibus
2904 4337 3216 4394 nascuntur,
3239 4330 3507 4385 intuentes
3536 4329 3711 4384 Mani-

2111 4417 2267 4480 chaai,
2317 4416 2547 4470 hominis
2591 4417 2834 4486 opiﬁcem
2879 4419 3074 4472 malum
3121 4429 3385 4474 conantur
3424 4421 3707 4487 inducere,

2111 4506 2262 4576 Cujus
2284 4505 2364 4579 (ut
2387 4506 2454 4561 de
2477 4507 2653 4560 anima
2681 4515 2905 4572 taceam,
2935 4523 3052 4576 quae
3072 4508 3250 4562 carnis
3275 4511 3504 4580 estvita)
3534 4511 3711 4566 Deum

2111 4612 2231 4652 esse
2253 4598 2499 4666 opiﬁcem
2529 4610 2704 4662 suum,
2738 4611 2767 4649 a
2796 4611 2900 4667 quo
2925 4606 3050 4651 sunt
3077 4599 3252 4651 omnia
3279 4599 3416 4652 bona
3447 4602 3560 4655 sive
3586 4616 3710 4656 cae-

2113 4687 2266 4742 lestia
2295 4687 2406 4741 sive
2447 4695 2673 4753 terrena,
2713 4687 2890 4740 carnis
2932 4687 3096 4755 ipsius
3135 4703 3392 4758 compago
3442 4699 3710 4756 testatur;

2113 4777 2254 4848 quod
2295 4778 2398 4832 tale
2433 4778 2629 4831 bonum
2667 4784 2767 4840 est,
2804 4784 2860 4830 ut
2896 4776 2963 4830 de
3009 4777 3294 4832 concordia
3339 4781 3713 4834 membrorum

2116 4871 2231 4939 ejus
2260 4870 2444 4925 beatus
2467 4869 2751 4939 Apostolus
2777 4869 3175 4924 similitudinem
3199 4879 3459 4936 sumeret,
3492 4872 3556 4925 ad
3588 4872 3713 4924 lau—

2115 4960 2234 5015 dem
2269 4962 2585 5030 praecipuam
2614 4959 2905 5025 charitatis,
2921 4960 3070 5032 cujus
3087 4961 3225 5015 inter
3252 4976 3311 5016 se
3337 4962 3559 5030 paciﬁco
3581 4963 3708 5015 viu-

2117 5052 2237 5106 culo
2275 5051 2396 5106 boni
2441 5051 2626 5106 lideles
2653 5061 2902 5122 tanquam
2927 5050 3122 5106 Christi
3154 5053 3390 5108 membra
3421 5063 3715 5109 nectuntur

2119 5144 2161 5216 (l
2182 5143 2297 5198 Cor.
2328 5160 2422 5210 xu,
2453 5142 2561 5214 12).
2591 5142 2667 5198 lta
2693 5142 2751 5196 ﬁt
2773 5150 2834 5198 ut
2861 5153 2916 5198 et
2945 5143 3062 5197 illos
3091 5144 3290 5213 primos
3321 5145 3436 5198 sine
3470 5145 3598 5198 vitio
3631 5146 3719 5197 fa-

2117 5245 2252 5298 ctos,
2279 5243 2333 5290 et
2355 5245 2596 5304 posteros
2617 5248 2801 5289 eorum
2823 5249 2946 5289 cum
2968 5233 3209 5304 originali
3231 5235 3360 5289 vitio
3386 5243 3558 5298 natos,
3580 5249 3724 5303 pro-

2117 5333 2235 5397 pter
2259 5324 2714 5379 evidentissimum
2738 5333 2942 5379 naturaa
2960 5324 3158 5379 bonum
3179 5339 3366 5380 creare
3388 5338 3496 5379 non
3519 5333 3724 5394 potue-

2117 5418 2187 5471 rit
2215 5415 2314 5470 nisi
2345 5417 2516 5470 bonus
2539 5415 2802 5470 conditor.
2826 5401 2833 5408 ’

2189 5505 2308 5561 XV.
2345 5505 2466 5561 JUL.
2493 5503 2601 5560 Sed
2627 5519 2696 5560 ne
2722 5504 2880 5560 nimis
2905 5504 3129 5575 primam
3163 5514 3366 5574 partem
3395 5505 3728 5561 certaminis

2121 5613 2402 5671 urgeamus
2429 5639 2443 5662 ,
2495 5598 2758 5669 patiamur
2805 5612 3058 5667 processu
3104 5597 3372 5667 opinionis
3413 5605 3469 5654 te
3511 5597 3722 5655 bonam

2123 5693 2251 5747 Adae
2293 5691 2519 5762 probare
2563 5701 2827 5745 naturam.
2875 5691 3016 5746 Dicis
3057 5689 3339 5761 profecto:
3371 5690 3513 5747 Deus
3532 5691 3720 5758 justus
