3970 6184
275 313 294 366 Ι
306 309 401 364 535

274 425 428 492 legem
454 415 754 473 devotionis
780 417 979 474 homini
1010 432 1113 473 non
1143 425 1401 488 poneret,
1431 416 1474 470 si
1501 430 1624 471 eum
1656 425 1838 470 nosset

273 515 368 584 pati
394 509 640 580 peccandi
668 510 1034 564 necessitatem
1058 526 1073 575 ;
1105 509 1227 578 quia
1255 509 1299 562 si
1319 508 1838 578 justitiam'volunta-

276 607 339 661 tis
366 602 596 671 exigeret
632 601 700 654 ab
741 615 807 655 eo
848 616 1004 670 quem
1040 601 1192 655 malae
1231 609 1434 664 natum
1467 613 1588 654 esse
1621 607 1834 662 nosset,

273 707 366 746 non
406 690 549 744 illum
587 705 708 744 cum
742 690 1187 760 praevaricabatur
1210 732 1225 756 ,
1253 705 1400 744 reum
1431 690 1714 759 arguebat,
1743 689 1836 743 sed

271 798 324 837 se
363 780 630 835 inimicum
673 795 792 834 esse
828 779 1047 848 iustitia:
1090 778 1408 848 publicabat.
1447 778 1629 832 Posuit
1659 787 1838 832 autem

272 873 401 927 Deus
424 870 600 939 justus
624 870 792 938 legem
823 870 1058 933 homini,
1079 884 1236 938 quem
1265 869 1497 922 ulturum
1523 883 1581 922 se
1600 909 1615 935 ,
1640 868 1684 921 si
1713 866 1842 921 fuis-

271 974 345 1018 set
380 961 752 1032 praevaricatus
774 999 790 1025 ,
831 959 1134 1029 spopondit.
1180 958 1401 1013 Constat
1441 973 1568 1028 ergo
1594 973 1715 1012 eum
1748 957 1844 1012 bo-

269 1069 386 1109 num
425 1061 611 1106 natura
635 1093 649 1116 ,
687 1067 791 1105 non
823 1051 1056 1121 potuisse
1081 1051 1234 1105 aliter
1255 1093 1270 1117 ,
1304 1049 1404 1104 nisi
1432 1051 1543 1104 sola
1574 1051 1843 1105 voluntate

269 1161 502 1215 peccare.
549 1144 706 1198 Vides
747 1158 972 1212 nempe,
1011 1158 1169 1212 quam
1211 1143 1442 1212 legitima
1479 1143 1549 1196 sit
1583 1157 1613 1194 a
1643 1157 1728 1195 me
1753 1151 1843 1195 tuo

270 1237 476 1292 nomine
519 1235 721 1304 prolata
761 1233 1076 1288 conclusio?
1102 1233 1219 1303 Ipse
1247 1241 1330 1287 est
1353 1231 1570 1287 omnino
1595 1231 1802 1300 gladius
1824 1272 1840 1298 ,

268 1329 350 1399 qui
399 1328 452 1380 in
501 1341 660 1380 manu
702 1325 1092 1380 Catholicorum
1149 1339 1476 1390 coruscans,
1527 1322 1845 1378 Mauichmos

268 1419 306 1472 Τ
311 1416 728 1485 raducianosque
748 1415 1044 1486 populatur.
1076 1415 1178 1472 Sed
1206 1417 1355 1470 nimis
1375 1424 1590 1486 propter
1610 1425 1844 1471 vestrum

269 1526 400 1566 nom.
425 1525 458 1564 n
511 1507 800 1570 admiscui,
842 1523 1066 1576 quorum
1102 1509 1220 1562 vice
1247 1507 1723 1577 impraesentiarum
1753 1522 1847 1560 vo-

268 1603 460 1655 lueram
491 1613 805 1668 responsum
833 1598 1018 1652 videri.
1049 1596 1329 1652 Concussit
1353 1613 1480 1668 ergo
1501 1598 1846 1652 Mauichmum

264 1689 428 1744 solida
471 1688 774 1757 responsio.
810 1689 1099 1757 Augustam
1130 1689 1386 1742 rationem
1412 1688 1584 1758 dignis
1607 1688 1847 1744 laudibus

267 1792 562 1848 prosequor
593 1795 607 1831 :
639 1793 824 1832 verum
855 1779 974 1832 oleo
1003 1776 1315 1832 laudationis
1343 1777 1502 1848 hujus
1523 1818 1538 1842 ,
1577 1779 1628 1832 in
1654 1787 1706 1832 te
1729 1779 1845 1832 acui

262 1870 494 1938 gladium
525 1877 800 1925 contuere.
837 1869 1036 1939 Repete
1064 1870 1255 1938 igitur,
1283 1885 1465 1937 quaeso
1485 1909 1502 1935 ,
1529 1869 1669 1939 quod
1695 1869 1847 1925 dixe-

263 1975 370 2013 ras.
400 1960 540 2014 Deus
559 1959 735 2030 justus
753 2001 768 2026 ,
798 1959 975 2030 inquis
995 2000 1008 2022 ,
1037 1958 1206 2028 legem
1233 1972 1338 2012 non
1364 1968 1588 2028 poneret
1609 1958 1808 2012 homini
1829 1999 1846 2025 ,

263 2051 306 2107 si
329 2060 478 2106 esset
507 2051 679 2104 malus
709 2059 931 2114 natura;
961 2051 1133 2119 posuit
1159 2057 1334 2104 autem
1364 2051 1531 2120 legem
1561 2050 1649 2119 qui
1675 2050 1850 2118 justus

254 2151 337 2197 est
369 2160 382 2196 :
415 2151 637 2212 apparet
662 2156 802 2194 nunc
827 2141 1064 2210 potuisse
1087 2155 1322 2205 servare,
1351 2139 1492 2208 quod
1519 2139 1851 2209 aequissimus

251 2236 550 2304 imperavit
576 2251 590 2299 ;
635 2234 885 2303 quoniam
916 2233 1017 2286 nisi
1045 2231 1328 2287 obcdiendi
1355 2232 1601 2286 virtutem
1633 2230 1850 2285 habuis-

252 2337 377 2394 set,
425 2341 696 2396 nunquam
735 2332 1003 2379 constaret
1041 2323 1368 2392 prrecipienti
1408 2322 1542 2378 ratio
1571 2323 1847 2392 jussionis.

254 2419 300 2474 0
341 2419 736 2487 lepidissimum
779 2417 1106 2486 capitulum!
1151 2416 1232 2471 Me
1272 2429 1487 2481 coram,
1521 2429 1606 2468 me
1639 2423 1851 2483 specta-

259 2520 374 2565 tore
395 2550 411 2573 ,
462 2509 751 2563 bonitatem
792 2519 1027 2573 naturae,
1061 2509 1143 2581 cui
1171 2508 1254 2562 lex
1283 2508 1497 2577 ponitur
1516 2547 1530 2568 ,
1563 2505 1628 2559 de
1647 2504 1848 2574 justitia

265 2605 436 2674 legem
463 2602 851 2673 promulgantis
874 2599 1140 2663 afﬁrmat;
1168 2614 1267 2653 nec
1290 2598 1427 2652 videt
1450 2612 1508 2651 se
1525 2639 1537 2659 ,
1566 2605 1850 2665 antequam

263 2693 634 2749 vulnusculum
664 2690 982 2746 Mauiclneus
1011 2690 1237 2753 sentiat,
1266 2688 1321 2741 in
1349 2686 1711 2741 Traducianos
1733 2686 1847 2740 exi-

265 2788 392 2841 tium
421 2785 706 2856 pertulisse
737 2785 776 2836 ¹.
806 2783 875 2838 Ut
902 2782 1043 2838 enim
1071 2780 1333 2850 intelligas
1360 2777 1616 2833 semineci
1644 2791 1727 2830 me
1756 2775 1850 2830 tibi

264 2894 454 2948 rapere
492 2891 640 2931 arma
670 2883 888 2930 cruenta
914 2916 929 2941 ,
959 2873 1338 2941 victricemque
1369 2869 1542 2924 ferant
1573 2867 1850 2921 morientia

266 2971 462 3024 lumina
491 2969 772 3024 veritatem
804 2965 1045 3037 (Virgil.,
1077 2963 1290 3019 Eneid.
1323 2963 1409 3016 lib.
1445 2961 1529 3024 l0,
1564 2977 1692 3015 vers.
1722 2958 1847 3023 462,

263 3064 424 3133 465),
467 3063 524 3118 in
566 3071 652 3116 tua
697 3068 860 3115 temet
900 3060 1004 3114 tela
1044 3057 1382 3126 compellam.
1429 3055 1486 3110 Si
1512 3055 1684 3124 justus
1713 3053 1852 3106 Deus

265 3158 390 3212 Adae
425 3158 603 3225 legem
631 3153 758 3208 dare
786 3167 890 3207 non
921 3150 1121 3220 potuit,
1154 3138 1254 3203 nisi
1280 3163 1400 3202 eum
1429 3146 1590 3200 sciret
1612 3144 1726 3198 sine
1751 3141 1852 3196 ali-

262 3263 366 3319 quo
392 3246 524 3302 mali
545 3252 730 3300 coactu
753 3243 976 3297 liberum
1005 3255 1161 3309 posse
1187 3239 1469 3292 observare
1493 3234 1631 3304 quod
1652 3235 1854 3304 justum

266 3347 382 3402 est;
414 3337 538 3391 sine
561 3334 723 3390 dubio
743 3342 796 3388 et
823 3334 874 3386 in
898 3331 1224 3400 temporibus
1249 3329 1447 3384 secutis
1471 3327 1656 3382 eadem
1681 3323 1855 3396 gravi-

267 3437 368 3482 tate
388 3426 617 3497 justitia:
647 3425 730 3478 lex
761 3422 918 3478 etiam
950 3421 1139 3475 litteris
1161 3419 1347 3474 tradita
1371 3459 1389 3483 ,
1415 3415 1854 3485 multiplicatione

264 3516 537 3578 diliusior,
581 3513 921 3568 distinctione
960 3509 1216 3578 signatior
1236 3549 1251 3574 ,
1280 3516 1333 3562 ct
1360 3514 1510 3560 aucta
1539 3505 1738 3559 ultione
1763 3518 1851 3558 re-

263 3607 536 3662 verentior
559 3647 576 3672 ,
616 3604 739 3659 data
783 3601 1086 3655 hominibus
1117 3614 1224 3653 non
1251 3599 1466 3662 fuisset,
1497 3598 1540 3652 si
1572 3605 1662 3650 aut
1687 3596 1853 3650 imbe-

264 3699 370 3754 cilli
410 3699 477 3752 ad
525 3696 823 3751 iaciendum
861 3694 1057 3749 bonum
1087 3693 1203 3746 sine
1227 3691 1573 3760 possibilitate
1593 3689 1811 3758 iustitiae
1835 3730 1851 3754 ,

265 3799 352 3844 aut
386 3790 502 3852 rei,
545 3787 595 3841 id
624 3797 707 3841 est
731 3785 890 3849 mali,
917 3784 984 3837 ab
1012 3791 1162 3836 utero
1190 3789 1535 3836 nascerentur
1561 3799 1574 3833 :
1604 3780 1853 3849 quoniam

269 3891 323 3935 ut
343 3881 474 3936 istos
503 3882 560 3933 in
590 3878 733 3931 omni
766 3874 1200 3945 prmvaricalioue
1223 3871 1557 3926 necessitatis
1579 3879 1856 3924 excusaret

269 3972 517 4026 obtentus
550 3987 564 4034 ;
594 3969 664 4023 ita
693 3965 1064 4022 immoderatio
1092 3972 1474 4034 pratceptorum
1501 4003 1517 4025 ,
1545 3963 1855 4032 impotentia

268 4065 626 4126 sanctionum,
655 4060 902 4130 iniquitas
918 4057 1262 4126 judiciorum,
1293 4055 1345 4109 in
1372 4055 1630 4110 maculam
1661 4054 1857 4109 rediret

269 4155 523 4210 auctoris.
568 4151 732 4222 Igitur
771 4161 823 4205 et
861 4149 974 4203 haec
1000 4161 1122 4218 pars
1146 4147 1377 4202 secunda
1402 4146 1590 4202 eodem
1619 4161 1815 4216 genere
1836 4185 1854 4211 ,

270 4261 371 4314 quo
396 4247 546 4314 prior
567 4284 581 4308 ,
604 4241 832 4295 cluditur
857 4242 912 4305 ';
941 4239 991 4294 id
1018 4248 1128 4306 est,
1159 4247 1220 4292 ut
1244 4238 1567 4301 confitearis,
1593 4235 1854 4304 autjusti-

271 4337 392 4390 tiam
426 4337 519 4390 Dei
553 4349 658 4388 nou
686 4333 920 4402 potuisse
948 4332 1245 4400 imperare,
1279 4330 1378 4384 nisi
1405 4329 1544 4398 quod
1575 4345 1604 4382 a
1631 4329 1856 4383 subditis

274 4428 383 4482 ticri
414 4441 578 4496 posse
613 4422 1003 4493 perpenderet;
1031 4431 1083 4475 et
1111 4420 1413 4474 testimonio
1442 4420 1592 4488 primi
1624 4419 1855 4473 mandati

273 4517 628 4581 Manichaaus,
674 4513 974 4568 testimonio
1014 4521 1190 4564 autem
1219 4511 1392 4580 legum
1437 4520 1615 4580 postea
1644 4519 1854 4566 secuta-

273 4627 384 4665 rum
433 4608 754 4664 Manichacus
791 4605 1260 4672 Traducianusque
1286 4603 1615 4657 consumitur
1647 4620 1660 4654 :
1693 4612 1782 4656 aut
1811 4602 1855 4657 si

273 4701 370 4756 lmc
397 4699 654 4768 relinquit
681 4697 922 4766 impietas
947 4711 962 4756 ;
991 4709 1057 4748 ne
1081 4693 1267 4748 leviter
1286 4692 1499 4762 quidem
1517 4708 1544 4744 a
1565 4692 1714 4746 vobis
1738 4693 1857 4762 pul—

269 4801 414 4844 Salus
467 4787 790 4844 Manichacus
813 4828 828 4852 ,
857 4793 1092 4840 vestrum
1122 4800 1179 4838 se
1205 4798 1324 4838 esse
1354 4792 1553 4852 patrem
1579 4824 1594 4846 ,
1619 4792 1856 4838 vestrum

274 4883 566 4950 principem
588 4921 602 4944 ,
638 4893 864 4947 cumque
903 4877 1057 4931 vobis
1091 4875 1371 4929 adversum
1397 4889 1494 4929 nos
1521 4875 1732 4929 unicum
1755 4874 1856 4929 sibi

274 4990 388 5028 esse
412 4984 686 5028 certamen
711 5011 727 5036 ,
751 4969 948 5024 mundo
974 4976 1108 5022 teste
1129 4966 1445 5021 monstrabit
1463 4966 1504 5018 ⁸.

344 5065 480 5117 Auc.
511 5061 624 5115 Iioc
653 5069 735 5114 est
758 5073 978 5128 nempe,
1003 5056 1143 5125 quod
1165 5069 1269 5109 non
1298 5055 1542 5124 eloquio,
1565 5053 1658 5108 sed
1684 5053 1860 5108 multi-

273 5151 455 5222 loquio
500 5159 809 5221 prosecutus
849 5163 942 5215 es,
985 5148 1153 5217 legem
1196 5146 1399 5200 scilicet
1442 5145 1700 5214 priorem,
1742 5159 1860 5214 qua:

274 5243 394 5295 data
419 5253 504 5297 est
529 5241 577 5295 in
603 5240 848 5309 paradiso
872 5279 888 5306 ,
914 5237 1274 5292 testimonium
1305 5251 1425 5291 esse
1453 5247 1652 5289 natura:
1683 5236 1856 5299 boum,

274 5348 394 5402 qua:
420 5332 631 5386 condita
659 5340 741 5385 est
769 5344 889 5385 cum
919 5329 1087 5383 libero
1115 5327 1336 5382 arbitrio
1364 5344 1378 5379 :
1403 5325 1635 5395 alioquin
1657 5323 1861 5378 homini

339 5528 356 5559 ι
392 5529 471 5576 sic
490 5532 594 5574 uss.
622 5524 831 5587 At_edil.i,
854 5523 1120 5587 protulisse.

339 5590 360 5620 ³
395 5588 536 5646 aditi,
564 5585 792 5637 eluditur.
817 5581 891 5646 'A't
924 5593 1029 5635 Mss.
1075 5593 1185 5646 Mar.
1229 5590 1280 5634 et
1313 5583 1456 5645 Clar.,
1492 5581 1720 5646 cluditur.

341 5649 362 5680 ⁸
395 5644 536 5703 mliti,
558 5661 759 5709 eumque
782 5645 990 5697 vobis...
1027 5645 1209 5698 mundo
1237 5651 1351 5698 teste
1382 5644 1739 5697 monstrabitur.
1777 5652 1863 5694 Ca-

277 5711 520 5771 stigautur
541 5725 601 5759 ex
628 5710 973 5772 mauuscriptis.
1001 5745 1005 5748 μ

1635 302 1834 358 LIBER
1875 303 2160 362 SEXTUS.

3380 320 3518 378 1536

1945 417 2166 474 liberum
2203 419 2478 479 arbitrium
2506 441 2610 481 non
2638 420 2854 485 habenti
2883 429 3227 500 iniustissime
3252 434 3336 490 lex
3361 435 3519 492 dare-

1943 515 2046 564 tur.
2088 509 2236 566 Unde
2260 521 2314 568 et
2342 517 2634 583 posterior,
2665 520 2839 589 inquis
2861 561 2877 584 ,
2906 521 2990 576 lex
3016 539 3132 590 quae
3155 527 3521 594 copiosissime

1942 599 1999 654 in
2044 601 2236 658 litteris
2273 607 2599 677 promulgata
2636 619 2750 678 est,
2795 613 3153 668 testimonium
3193 627 3275 671 est
3314 628 3520 673 natura

1942 689 2131 759 boum,
2175 709 2294 764 qua:
2330 706 2544 752 creatur
2565 715 2630 754 ex
2661 703 2998 771 parentibus,
3031 705 3264 760 similiter
3297 708 3414 762 sine
3439 709 3520 762 vi-

1947 785 2053 852 tio,
2097 801 2218 840 cum
2263 788 2428 843 libero
2462 791 2700 847 arbitrio.
2747 793 2850 849 Ista
2887 795 3160 866 disputans
3202 797 3398 853 videris
3428 801 3523 854 tibi

1932 878 2141 949 aliquid
2169 881 2350 936 dicere
2367 924 2381 946 ,
2407 884 2530 953 quia
2562 885 2641 939 vel
2672 892 2788 942 tuas
2811 888 2892 942 vel
2911 887 3167 944 humanas
3190 892 3411 944 sectaris
3429 907 3521 945 ar-

1945 971 2116 1040 gutias
2148 989 2160 1026 :
2193 972 2370 1027 divina
2395 991 2522 1030 vero
2540 977 2746 1047 eloquia
2765 1018 2781 1043 ,
2812 994 2876 1033 ex
2903 979 3093 1049 quibus
3122 989 3172 1035 te
3191 981 3344 1036 nobis
3366 991 3520 1051 putas

1946 1065 2293 1132 praescribere
2316 1107 2330 1131 ,
2364 1081 2468 1122 non
2497 1083 2652 1122 curas
2683 1069 2858 1139 legere
2885 1088 2899 1136 ;
2929 1081 3022 1127 aut
3049 1073 3092 1126 si
3119 1087 3275 1126 curas
3304 1073 3478 1143 legere
3505 1116 3521 1140 ,

1949 1169 2056 1208 non
2092 1155 2200 1219 vis,
2230 1157 2310 1209 vel
2341 1172 2443 1211 non
2472 1169 2620 1228 potes
2651 1161 2940 1232 intelligere
2972 1180 2986 1216 :
3014 1163 3105 1217 sed
3133 1164 3176 1218 si
3207 1163 3342 1219 forte
3370 1165 3526 1219 intel-

1949 1243 2142 1302 lexeris
2183 1247 2572 1318 disputantibus
2613 1252 2798 1319 nobis,
2843 1253 2950 1308 noli
2993 1268 3112 1309 esse
3155 1256 3275 1310 talis
3315 1257 3526 1325 qualem

1950 1335 2222 1407 Scriptura
2271 1340 2491 1396 denotat
2540 1341 2763 1409 dicens,
2822 1343 2995 1398 Verbis
3043 1361 3143 1399 non
3186 1346 3532 1400 emendabitur

1949 1446 2117 1484 servus
2145 1431 2306 1486 durus
2328 1451 2348 1500 ;
2375 1434 2416 1487 si
2441 1436 2572 1488 enim
2596 1445 2643 1489 et
2667 1437 2986 1502 intellexerit,
3011 1454 3113 1492 non
3136 1439 3326 1492 obediet
3347 1439 3529 1511 (Prov.

1950 1535 2078 1574 χχιι
2100 1562 2116 1586 ,
2165 1523 2278 1592 15).
2314 1523 2624 1594 Quanquam
2670 1535 2724 1581 et
2756 1541 2851 1581 cor
2875 1527 3172 1597 lapideum,
3212 1545 3316 1598 quo
3340 1529 3532 1584 divinis

1949 1613 2125 1667 verbis
2163 1615 2321 1668 etiam
2367 1616 2646 1671 intellectis
2671 1631 2774 1671 non
2798 1617 3044 1673 obcditur
3069 1636 3083 1684 ;
3119 1621 3283 1688 possit
3314 1620 3404 1673 tibi
3431 1635 3531 1672 au-

1950 1701 2091 1759 ferre
2110 1745 2125 1770 ,
2165 1705 2212 1760 si
2252 1707 2378 1761 velit
2398 1749 2414 1774 ,
2441 1709 2530 1778 qui
2557 1708 2657 1762 hoc
2683 1710 2880 1780 popqu
2905 1711 3040 1765 duro
3058 1752 3072 1776 ,
3103 1711 3378 1767 Ezechiele
3402 1727 3532 1766 san-

1950 1805 2038 1850 cto
2062 1797 2428 1866 prephetante,
2459 1800 2700 1868 promisit
2725 1801 2934 1870 (Ezech.
2961 1818 3015 1856 xl
3036 1844 3051 1869 ,
3079 1801 3145 1856 I9
3169 1819 3183 1868 ;
3211 1819 3388 1867 xxxvi,
3413 1802 3529 1874 26).

1953 1883 2008 1938 In
2053 1887 2298 1954 paradiso
2330 1888 2472 1942 enim
2499 1889 2666 1958 legem
2694 1890 2896 1958 accepit
2924 1890 3114 1955 homo,
3143 1893 3230 1959 qui
3260 1889 3427 1945 factus
3452 1900 3536 1946 est

1953 1983 2129 2029 rectus
2149 2015 2162 2038 ,
2201 1984 2257 2029 ut
2295 1977 2567 2030 rationalis
2592 1987 2854 2032 creaturae
2878 1980 2960 2033 vel
2986 1980 3095 2033 sola
3116 2021 3133 2046 ,
3162 1981 3242 2033 vel
3269 1981 3534 2050 praecipua

1953 2066 2120 2120 virtus
2156 2081 2277 2121 esse
2317 2067 2618 2124 obedientia
2659 2069 2961 2125 doceretur.
3002 2070 3106 2126 Sed
3141 2071 3378 2141 ejusdem
3406 2073 3537 2142 legis

1956 2156 2390 2224 praevaricatione
2413 2200 2428 2224 ,
2467 2173 2496 2212 a
2536 2175 2595 2216 se
2622 2161 2737 2229 ipso
2773 2160 2940 2214 factus
2971 2170 3054 2216 est
3077 2177 3290 2230 pravus.
3319 2163 3385 2216 Et
3406 2178 3539 2232 quo-

1955 2246 2095 2300 niam
2135 2249 2307 2302 vitiari
2350 2265 2443 2318 per
2479 2265 2536 2304 se
2562 2244 2734 2320 ipsum
2762 2253 2970 2320 potuit,
2999 2267 3104 2306 non
3135 2254 3346 2318 sanari;
3375 2255 3535 2308 etiam

1954 2345 2136 2406 postea
2163 2354 2230 2394 eo
2261 2347 2498 2410 tempore
2517 2352 2571 2396 et
2599 2357 2663 2397 eo
2690 2344 2808 2397 loco
2826 2384 2842 2408 ,
2871 2344 3082 2414 quando
3102 2359 3220 2400 esse
3240 2345 3536 2400 faciendum

1953 2440 2007 2484 et
2048 2431 2135 2485 ubi
2173 2447 2294 2488 esse
2316 2425 2615 2488 faciendum
2649 2435 2740 2490 Dei
2766 2437 3022 2506 sapientia
3044 2437 3330 2506 judicavit,
3363 2437 3533 2506 legem

1954 2523 2113 2577 etiam
2153 2539 2344 2592 pravus
2385 2528 2625 2595 accepit,
2654 2544 2756 2581 non
2786 2544 2881 2596 per
2905 2544 3064 2596 quam
3090 2530 3279 2600 corrigi
3313 2538 3536 2598 posset;

1954 2616 2046 2670 sed
2088 2631 2182 2685 per
2216 2632 2373 2686 quam
2414 2634 2472 2672 se
2498 2635 2715 2688 pravum
2746 2635 2866 2674 esse
2885 2661 2902 2686 ,
2929 2628 3104 2676 etnec
3127 2622 3241 2690 lege
3266 2631 3479 2692 accepta
3505 2635 3536 2676 a

1953 2720 2013 2760 se
2034 2705 2150 2775 ipso
2170 2707 2361 2777 corrigi
2393 2722 2546 2776 posse
2569 2711 2824 2774 sentiret;
2848 2725 2911 2764 ac
2939 2711 3017 2766 sic
3041 2710 3270 2778 peccatis
3290 2728 3394 2765 non
3417 2713 3534 2782 lege

1955 2798 2283 2852 cessantibus
2300 2838 2318 2865 ,
2349 2799 2442 2853 sed
2472 2801 2904 2867 prwvaricatione
2923 2803 3306 2868 crescentibus,
3332 2803 3537 2872 deiecta

1955 2897 2009 2942 et
2027 2889 2252 2943 contrita
2275 2890 2520 2958 superbia
2537 2931 2553 2956 ,
2578 2890 2875 2945 humillimo
2895 2893 3056 2946 corde
3077 2893 3329 2947 auxilium
3351 2895 3535 2963 gratiae

1956 2981 2319 3048 desideraret,
2365 2991 2420 3037 et
2463 2983 2648 3052 spiritu
2688 2984 3044 3039 viviﬁcaretur
3090 2986 3261 3039 littera
3302 2986 3533 3040 occisus.

1958 3070 2020 3124 Si
2043 3071 2175 3123 enim
2203 3071 2323 3123 data
2351 3081 2475 3125 esset
2502 3073 2584 3126 lex
2606 3088 2720 3142 qute
2746 3081 2908 3143 posset
2937 3074 3187 3140 vivi/icore
3204 3116 3219 3140 ,
3251 3077 3455 3128 omnino
3475 3091 3539 3129 ea:

1957 3161 2065 3229 lege
2103 3170 2228 3213 esset
2258 3161 2460 3230 justitia
2489 3175 2509 3214 :
2532 3161 2620 3214 sed
2660 3163 2901 3215 conclusit
2945 3163 3212 3232 Scriptura
3245 3162 3413 3216 omnia
3444 3165 3538 3218 sub

1959 3259 2159 3320 peccato
2178 3291 2192 3314 ,
2235 3261 2288 3303 ut
2327 3252 2590 3320 promissio
2615 3268 2677 3306 ea:
2713 3252 2814 3319 ﬁde
2835 3250 2867 3304 Ι
2874 3269 2959 3305 esu
2983 3251 3166 3307 Christi
3194 3255 3403 3308 daretur
3424 3270 3538 3308 cre-

1957 3342 2185 3397 dentibus
2211 3342 2404 3411 (Galat.
2437 3359 2491 3398 In
2517 3384 2532 3407 ,
2561 3343 2624 3398 2i
2650 3385 2665 3407 ,
2690 3345 2807 3414 '22).
2839 3344 2894 3399 Si
2925 3346 3082 3400 verba
3108 3345 3348 3414 Apostoli
3376 3363 3540 3416 agno-

1956 3433 2064 3488 scis
2088 3475 2102 3492 .
2145 3434 2291 3487 vides
2328 3433 2564 3504 profecto
2581 3435 2663 3488 vel
2687 3435 2813 3505 quid
2841 3447 2945 3490 non
2973 3437 3235 3506 intelligas
3256 3479 3270 3502 ,
3302 3439 3384 3492 vel
3410 3437 3539 3508 quid

1957 3538 2078 3577 cum
2101 3523 2360 3593 intelligas
2380 3523 2634 3594 negligas.
2663 3525 2778 3579 Non
2805 3526 2960 3594 igitur
2987 3527 3073 3580 lcx
3096 3568 3110 3590 ,
3133 3544 3251 3597 qua:
3273 3529 3323 3582 iu
3348 3529 3540 3584 litteris

1959 3631 2054 3685 per
2079 3615 2295 3684 Moysen
2317 3615 2437 3670 data
2457 3625 2538 3670 est
2558 3656 2574 3681 ,
2601 3617 2960 3671 testimonium
2982 3628 3064 3673 est
3087 3619 3266 3674 libera:
3291 3621 3539 3675 volunta-

1961 3707 2028 3760 tis
2065 3723 2079 3760 :
2121 3720 2241 3759 nam
2279 3708 2322 3759 si
2354 3706 2423 3760 ita
2453 3715 2626 3771 esset,
2660 3723 2764 3761 nou
2787 3708 2851 3762 ad
2873 3703 2996 3762 cam.
3020 3712 3304 3779 pertineret
3337 3713 3423 3766 ille
3449 3713 3540 3782 qui

1958 3795 2116 3860 dicit,
2157 3796 2205 3848 Ν
2211 3813 2275 3848 on
2311 3797 2445 3864 quod
2474 3797 2612 3860 volo,
2643 3799 2775 3867 facio
2801 3797 2983 3852 bonum
3004 3815 3024 3863 ;
3048 3801 3135 3852 sed
3159 3802 3292 3870 quod
3316 3803 3400 3856 odi
3425 3820 3538 3855 ma-

1961 3884 2064 3938 lum
2084 3927 2099 3950 ,
2149 3886 2243 3938 hoc
2284 3902 2379 3956 ago
2423 3885 2596 3958 (Rom.
2628 3903 2695 3940 vn
2721 3929 2735 3952 ,
2768 3889 2853 3958 15)
2880 3905 2894 3951 ;
2923 3905 3081 3958 quem
3113 3906 3206 3945 vos
3229 3903 3374 3946 certe
3402 3909 3538 3946 non-

1959 3975 2084 4028 dum
2117 3975 2215 4028 sub
2243 3976 2408 4044 gratia
2429 4015 2444 4040 ,
2477 3975 2570 4030 sed
2599 3976 2773 4030 adhuc
2799 3979 2898 4031 sub
2922 3979 3036 4047 lege
3054 3995 3174 4034 esse
3194 3983 3536 4037 contenditis.

1960 4068 2068 4121 Nec
2097 4068 2207 4136 ipsa
2233 4067 2316 4122 lex
2344 4083 2478 4122 nova
2499 4111 2512 4134 ,
2538 4084 2656 4138 qua:
2687 4069 2965 4137 praidicata
2990 4073 3005 4104 ¹
3042 4081 3124 4126 est
3156 4087 3219 4128 ex
3258 4073 3384 4128 Sion
3421 4089 3543 4144 pro-

1959 4158 2130 4211 ditura
2151 4199 2166 4223 ,
2207 4168 2259 4210 et.
2283 4158 2500 4212 verbum
2535 4159 2740 4214 Domini
2765 4177 2826 4214 ex
2851 4160 3146 4216 Jerusalem
3175 4163 3323 4233 (Isai.
3350 4181 3383 4218 ll
3407 4205 3422 4230 ,
3445 4165 3499 4235 5)
3522 4207 3539 4232 ,

1960 4250 2100 4318 quod
2124 4250 2436 4320 intelligitur
2459 4265 2577 4305 esse
2608 4252 2948 4320 Evangelium
2970 4265 3211 4308 sanctum
3236 4274 3249 4319 ;
3282 4272 3381 4311 nec
3404 4258 3539 4326 ipsa,

1961 4343 2173 4411 inquam
2195 4383 2210 4408 ,
2253 4343 2610 4397 testimonium
2647 4355 2728 4398 est
2759 4344 2939 4398 liberte
2961 4386 2974 4410 ,
3004 4346 3096 4399 sed
3129 4347 3412 4401 liberandze
3443 4364 3540 4416 po-

1961 4433 2065 4486 tius
2102 4435 2405 4488 voluntatis.
2449 4435 2523 4489 Ibi
2565 4434 2706 4488 enim
2745 4436 2996 4503 scriptum
3029 4447 3109 4491 est
3137 4457 3150 4492 :
3181 4438 3241 4491 Si
3267 4455 3350 4493 vos
3381 4441 3542 4494 Filius

1962 4525 2276 4590 liberaverit,
2311 4537 2427 4579 tunc
2455 4541 2564 4579 vere
2587 4525 2728 4580 liberi
2750 4528 2888 4580 eritis
2915 4527 3090 4595 (Joan.
3117 4545 3227 4593 vm,
3258 4531 3366 4591 56).
3391 4534 3542 4598 Quod

1963 4633 2067 4671 non
2113 4618 2286 4672 solum
2330 4627 2543 4686 propter
2585 4628 2795 4686 peccata
2845 4620 3108 4687 praeterita
3148 4621 3344 4676 dictum
3383 4639 3501 4678 esse
3525 4667 3541 4691 ,

1961 4726 2185 4780 quorum
2225 4709 2540 4764 remissione
2577 4710 2896 4774 liberamur,
2931 4727 3113 4766 verum
3145 4715 3301 4769 etiam
3329 4727 3546 4786 propter

1963 4802 2278 4870 adjutorium
2308 4802 2489 4869 gratia:
2510 4843 2523 4865 ,
2555 4801 2694 4870 quod
2726 4818 2792 4856 ne
2830 4817 3110 4871 peccemus
3139 4805 3426 4873 accipimus
3446 4849 3459 4868 ,
3491 4807 3545 4862 id

1964 4902 2045 4946 est
2064 4933 2078 4955 ,
2108 4891 2177 4944 ita
2205 4890 2355 4944 liberi
2388 4889 2680 4954 efﬁcimur,
2711 4892 2820 4945 Deo
2850 4903 3026 4945 nostra
3052 4893 3236 4947 itinera
3262 4895 3541 4964 dirigente,

1967 4991 2023 5036 ut
2053 4997 2157 5036 non
2183 4982 2338 5034 nobis
2364 4981 2663 5034 dominetur
2690 4982 2864 5035 omnis
2893 4982 3142 5050 iniquitas
3166 4982 3336 5054 (Psal.
3361 5001 3544 5053 cxvut,

1968 5072 2092 5142 l33)
2127 5090 2138 5124 :
2168 5071 2433 5126 dominica
2481 5080 2704 5126 testatur
2745 5072 2936 5138 oratio,
2967 5073 3052 5126 ubi
3086 5089 3187 5127 non
3214 5077 3384 5130 solum
3411 5078 3547 5132 dici-

1967 5177 2104 5226 mus,
2151 5161 2359 5215 Dimitte
2394 5161 2534 5215 nobis
2561 5161 2727 5215 debita
2770 5170 2961 5226 nostra,
2996 5173 3210 5234 propter
3249 5169 3384 5222 mala
3427 5185 3546 5237 qua!

1969 5255 2227 5319 fecimus;
2265 5270 2450 5308 verum
2489 5254 2668 5316 etiam,
2699 5253 2781 5307 Ne
2805 5270 2894 5307 nos
2923 5255 3111 5327 inferas
3137 5259 3189 5311 in
3229 5261 3546 5312 tentationem

1973 5346 2184 5417 (Matth.
2212 5362 2288 5412 vi,
2323 5346 2409 5410 l2,
2453 5343 2562 5416 l3).
2594 5355 2811 5415 prepter
2841 5345 2940 5401 hoc
2980 5349 3160 5417 utique
3191 5363 3257 5402 ne
3294 5350 3429 5402 mala
3463 5348 3541 5402 l'a-

1969 5437 2172 5490 ciamus
2205 5454 2217 5490 :
2249 5436 2386 5490 unde
2439 5445 2491 5489 ct
2521 5437 2805 5505 Apostolus
2849 5437 2995 5501 dicit,
3032 5439 3249 5492 Oramus
3276 5448 3442 5491 autem
3479 5439 3546 5493 ad

1970 5528 2156 5594 Deum,
2192 5545 2254 5584 ne
2287 5529 2408 5600 quid
2442 5529 2643 5597 faciatis
2676 5530 2799 5583 mali
2823 5529 2890 5600 (II
2925 5529 3042 5585 Cor.
3071 5544 3190 5597 xm,
3222 5529 3298 5602 7).
3328 5529 3477 5598 Quod
3501 5531 3552 5587 si

2041 5704 2055 5734 ι
2095 5709 2236 5753 Vetus
2257 5701 2408 5752 codex
2436 5709 2578 5766 Port.,
2605 5702 2860 5768 prwdicta.
