3970 6184
392 340 530 395 1585

387 453 461 505 ita
489 462 635 507 esset
677 449 730 504 in
761 454 1040 518 potestate,
1070 444 1336 516 quomodo
1363 443 1462 499 fuit
1499 452 1622 498 aute
1652 450 1923 513 peccatum
1945 481 1960 506 ,

387 541 694 611 priusquam
730 547 871 593 esset
899 546 1081 591 natura
1125 535 1352 589 humana
1385 532 1602 598 vitiata;
1639 547 1745 586 non
1784 531 1966 599 utique

385 639 694 700 posceretur
734 627 954 693 orando,
990 627 1083 682 sed
1108 626 1311 696 agendo
1340 626 1514 695 potius
1550 631 1838 678 teneretur.
1872 621 1967 676 Ve-

386 734 506 775 rum
535 719 783 789 quoniam
814 726 934 786 post
959 717 1233 786 pristinam
1261 717 1468 770 ruinam
1501 723 1604 768 tam
1635 727 1872 783 gravem,
1911 719 1966 764 ut

382 811 436 864 in
465 809 621 879 hujus
647 807 981 862 mortalitatis
1009 806 1277 860 miseriam
1304 803 1634 867 caderemus,
1653 801 1797 871 prius
1831 802 1966 855 Deus

380 910 589 955 certare
610 915 706 954 nos
723 899 919 963 voluit,
947 899 1154 952 donans
1175 897 1326 952 nobis
1355 904 1412 951 ut
1439 896 1556 966 ejus
1573 908 1792 964 agamur
1809 894 1826 924 ¹
1847 892 1967 962 Spi-

384 992 487 1045 ritu
506 1033 522 1057 ,
555 998 611 1046 et
645 989 1026 1044 mortificemus
1052 1003 1213 1058 Opera
1239 988 1446 1052 carnis,
1479 994 1638 1056 atque
1663 987 1778 1054 ipso
1806 983 1965 1038 dante

381 1081 658 1136 victoriam
687 1096 781 1150 per
802 1079 1078 1134 Dominum
1106 1087 1344 1133 nostrum
1369 1077 1550 1132 Jesutn
1571 1075 1838 1131 Christum
1863 1114 1878 1141 ,
1913 1073 1966 1126 in

383 1181 581 1226 aeterna
611 1186 733 1225 cum
763 1171 856 1224 illo
882 1181 1063 1240 postea
1093 1184 1222 1238 pace
1250 1182 1568 1238 regnemus;
1595 1163 1836 1236 profecto
1862 1163 1964 1217 nisi

387 1261 526 1316 Deus
567 1261 734 1325 adsit,
769 1275 930 1316 nemo
961 1268 1044 1316 est
1071 1260 1293 1314 idoneus
1327 1268 1533 1314 certare
1552 1273 1670 1312 cum
1693 1256 1871 1310 vitiis:
1897 1268 1964 1310 ne

383 1354 501 1408 siue
520 1353 814 1408 certamine
837 1352 1174 1422 pertrahatur
1193 1352 1260 1406 ab
1279 1351 1356 1404 eis
1371 1391 1386 1414 ,
1417 1359 1508 1403 aut
1532 1364 1598 1404 ne
1617 1349 1726 1418 jam
1749 1355 1966 1401 certans

386 1445 438 1498 in
492 1445 604 1514 ipsa
643 1460 826 1500 eorum
865 1442 1258 1498 conﬂictatione
1297 1442 1554 1495 vincatur.
1603 1439 1727 1494 Ideo
1766 1438 1818 1492 iu
1863 1437 1966 1492 hoc

386 1553 555 1608 agone
603 1539 768 1608 magis
815 1551 912 1590 nos
956 1536 1094 1590 Deus
1139 1535 1302 1588 voluit
1351 1533 1678 1586 orationibus
1715 1538 1962 1596 certare,

386 1643 544 1696 quam
573 1627 808 1690 viribus;
839 1625 960 1695 quia
985 1633 1038 1678 et
1066 1625 1206 1693 ipsas
1234 1624 1391 1688 vires,
1415 1630 1638 1691 quantas
1665 1621 1748 1674 hic
1769 1619 1967 1674 habere
1990 1659 1994 1662 .

389 1734 486 1772 nos
531 1717 815 1786 competit,
860 1717 976 1786 ipse
1015 1715 1377 1769 subministrat
1413 1713 1768 1776 certantibus,
1807 1726 1964 1781 quem

391 1824 656 1878 rogamus.
689 1809 744 1862 Si
771 1823 898 1876 ergo
926 1807 1006 1873 hi,
1038 1822 1260 1875 quorum
1289 1815 1472 1858 contra
1490 1819 1704 1858 carnem
1724 1804 1832 1871 jam
1853 1803 1965 1871 spi-

390 1903 523 1956 ritus
542 1901 868 1971 coucupiscit
890 1941 904 1963 ,
935 1899 1001 1953 ad
1029 1908 1178 1953 actus
1206 1898 1442 1965 singulos
1472 1897 1704 1964 indigent
1727 1895 1816 1948 Dei
1841 1909 1966 1963 gra-

391 1995 461 2048 tia
487 2035 501 2059 ,
546 2010 612 2047 ne
645 1993 924 2046 vincantur
951 2008 963 2044 :
996 1990 1203 2060 qualem
1234 1990 1528 2044 libertatem
1557 1987 1844 2040 voluntatis
1870 1983 1965 2038 ha-

389 2085 518 2140 bere
542 2091 764 2154 possunt
786 2125 800 2148 ,
825 2083 915 2153 qui
941 2081 1172 2137 nondum
1195 2080 1261 2134 de
1283 2088 1542 2149 potestate
1561 2078 1698 2133 eruti
1725 2077 1968 2131 tenebra-

389 2191 545 2244 rum,
587 2175 896 2230 dominante
938 2174 1240 2243 iniquitate,
1283 2185 1384 2226 nec
1418 2181 1624 2226 certare
1655 2177 1966 2238 coeperunt;

389 2274 480 2320 aut
518 2265 562 2320 si
592 2275 797 2320 certare
825 2265 1134 2328 voluerunt,
1162 2261 1397 2318 nondum
1423 2261 1660 2318 liberata:
1683 2259 1968 2315 voluntatis

390 2356 646 2411 servitute
676 2355 996 2410 vincuntur?

462 2445 601 2500 XVI.
631 2445 749 2501 JUL.
780 2445 973 2502 Nescio
995 2460 1152 2511 sane,
1184 2453 1358 2499 utrum
1380 2443 1469 2498 hic
1490 2444 1599 2515 jam
1619 2453 1833 2499 coactus
1853 2443 1971 2498 ino-

392 2537 510 2606 pia,
554 2544 658 2589 tam
689 2537 924 2606 ineptum
943 2578 958 2601 ,
990 2547 1094 2590 tam
1127 2535 1444 2590 imbecillum
1471 2535 1666 2605 aliquid
1694 2535 1928 2589 moliaris
1951 2576 1965 2601 ,

395 2637 452 2683 ιιι
493 2627 638 2683 dicas
661 2669 676 2692 ,
727 2628 885 2682 nullis
933 2637 982 2682 te
1019 2627 1230 2696 quidem
1273 2626 1565 2682 rationibus
1593 2628 1786 2682 docere
1815 2641 1970 2697 posse

393 2719 560 2774 Adam
589 2719 781 2774 bonum
812 2735 842 2773 a
870 2720 977 2774 Deo
999 2719 1296 2793 conditum,
1324 2719 1416 2774 sed
1437 2720 1502 2772 ad
1525 2719 1625 2774 hoc
1645 2719 1968 2775 credendum

393 2816 503 2869 sola
543 2798 661 2870 esse
699 2815 940 2870 lectionis
982 2816 1294 2870 auctoritate
1335 2823 1640 2869 contentum
1665 2855 1680 2880 ,
1726 2829 1826 2883 qua
1854 2821 1972 2882 post

393 2907 674 2959 formatum
719 2906 989 2961 hominem
1036 2915 1190 2961 sexto
1227 2906 1336 2976 jam
1383 2905 1472 2960 die
1516 2904 1868 2959 communiter
1905 2903 1972 2958 de

392 2996 638 3052 omnibus
675 2999 932 3052 creaturis
962 2997 1190 3053 refertur
1209 3039 1224 3061 ,
1269 2997 1332 3051 Et
1360 2997 1479 3050 vidit
1508 2997 1643 3050 Deus
1667 2997 1836 3049 omnia
1861 3011 1974 3063 quae

394 3090 509 3159 fecit
529 3129 544 3153 ,
592 3100 640 3143 et
678 3106 791 3144 ecce
831 3089 961 3142 bona
993 3089 1138 3143 valde
1162 3087 1312 3159 (Gen.
1341 3105 1356 3143 ι
1381 3130 1394 3153 ,
1426 3087 1538 3160 51).
1565 3086 1714 3155 Quod
1743 3102 1844 3142 non
1877 3101 1972 3156 pro

393 3179 599 3248 upiticis
635 3179 891 3250 dignitate
913 3221 927 3246 ,
965 3196 1068 3234 non
1103 3195 1196 3249 pro
1225 3179 1550 3248 appensione
1579 3178 1693 3248 ejus
1715 3178 1934 3247 justitize
1953 3218 1970 3244 ,

392 3270 484 3323 sed
515 3286 610 3340 pro
631 3271 933 3325 testimonio
951 3311 966 3335 ,
997 3286 1102 3342 quo
1126 3271 1476 3324 communiter
1494 3285 1612 3339 quae
1631 3278 1808 3323 creata
1829 3277 1969 3334 sunt,

392 3363 529 3419 bene
570 3363 706 3419 facta
752 3364 1040 3428 dicuntur,
1088 3363 1256 3418 Adam
1302 3376 1514 3432 quoque
1560 3360 1695 3415 haud
1737 3361 1972 3430 iniquum

392 3455 623 3508 azstimes
656 3453 976 3507 institutum.
1018 3453 1184 3506 Pbrro
1212 3453 1336 3506 licet
1363 3451 1465 3505 hoc
1494 3450 1839 3504 Manicbarum
1867 3459 1973 3504 tam

395 3544 582 3598 leviter
618 3545 819 3612 pulset,
862 3555 918 3597 ut
960 3543 1128 3597 rideat
1160 3545 1180 3574 ¹
1216 3561 1228 3597 :
1258 3543 1648 3597 Traducianum
1680 3551 1852 3594 tamen
1885 3557 1972 3595 re-

393 3632 626 3686 vinctum
657 3631 878 3701 exponit
901 3631 1075 3685 nobis.
1107 3631 1177 3686 Ut
1204 3631 1347 3686 enim
1377 3631 1522 3685 nullo
1551 3630 1974 3685 testimoniorum

395 3723 696 3778 divinorum
735 3723 791 3777 in
820 3705 959 3778 hanc
985 3738 1096 3778 rem
1124 3724 1348 3794 populos
1373 3737 1752 3802 congregemus
1784 3741 1796 3776 :
1829 3723 1977 3792 Apo-

396 3818 516 3872 stoli
544 3817 709 3871 solius
731 3818 1042 3873 auctoritate
1068 3818 1458 3887 praescribimus
1479 3859 1493 3884 ,
1526 3819 1615 3888 qui
1640 3833 1758 3872 cum
1781 3819 1976 3873 foedum

398 3908 715 3979 pra-videret
741 3925 980 3964 errorem
1000 3950 1014 3975 ,
1045 3911 1192 3966 celso
1213 3910 1492 3965 adversum
1514 3926 1611 3972 vos
1630 3926 1721 3966 ore
1740 3911 1979 3966 detonuit

395 4001 577 4056 dicens
597 4042 612 4067 ,
659 4001 909 4070 Quoniam
943 4003 1103 4056 omnis
1137 4012 1370 4056 creatura
1400 4002 1491 4056 Dei
1515 4003 1643 4056 bona
1672 4011 1744 4057 est
1770 4001 1816 4073 (1
1841 4001 1974 4056 Tim.

399 4108 448 4146 tv
473 4132 489 4158 ,
526 4092 603 4162 Δ).
641 4092 696 4148 Si
731 4108 860 4162 ergo
887 4093 952 4147 ad
983 4081 1314 4162 probandum
1345 4094 1497 4147 bona;
1527 4102 1726 4148 natura:
1754 4094 1977 4163 primum

401 4181 671 4236 hominem
716 4182 879 4237 fuisse
921 4182 1240 4247 formatum,
1291 4183 1487 4237 suflicit
1531 4183 1635 4237 hoc
1679 4183 1817 4254 quod
1855 4183 1982 4238 dicit

403 4271 610 4342 Moyses
637 4313 652 4338 ,
677 4276 922 4327 universa
958 4273 1119 4326 Deum
1145 4273 1282 4327 bene
1299 4273 1600 4328 condidisse
1623 4315 1638 4338 ,
1663 4289 1859 4344 perque
1880 4274 1981 4330 hoc

402 4371 456 4416 tu
483 4379 602 4418 cum
629 4374 846 4433 peccato
875 4365 1043 4419 creari
1073 4380 1100 4417 a
1133 4365 1241 4419 Deo
1271 4364 1439 4418 Adam
1459 4379 1565 4419 non
1597 4367 1830 4435 potuisse
1849 4381 1980 4420 con-

403 4457 612 4522 tendis,
651 4458 772 4527 quia
811 4457 982 4512 bonus
1022 4458 1160 4512 inter
1195 4458 1393 4527 reliqua
1432 4457 1624 4527 legitur
1663 4459 1930 4513 institutus
1965 4479 1978 4516 :

403 4545 592 4600 iisdem
634 4547 784 4603 lineis
823 4551 1148 4615 referemus,
1189 4564 1284 4618 per
1324 4549 1424 4603 hoc
1457 4549 1656 4604 nullum
1682 4565 1981 4620 possecum

406 4648 626 4707 peccato
664 4641 805 4693 nasci
829 4681 843 4705 ,
885 4641 1134 4709 qttmiiam
1162 4641 1230 4694 ab
1259 4641 1514 4710 Apostolo
1540 4641 1715 4696 omnis
1742 4649 1983 4696 creatura

407 4729 498 4782 Dei
538 4728 671 4783 bona
703 4743 822 4783 esse
850 4729 1169 4785 defenditur.
1197 4732 1332 4798 Quid
1363 4748 1488 4802 ergo
1510 4733 1593 4787 his
1613 4733 1985 4803 disputationi-

405 4821 504 4875 bus
532 4824 854 4878 actum,e5t'!
878 4821 1166 4889 Videlicet,
1199 4831 1257 4877 ut
1282 4823 1330 4877 id
1356 4824 1493 4893 quod
1521 4826 1655 4880 ratio
1681 4825 1951 4895 iudagarat
1969 4866 1983 4890 ,

405 4912 552 4983 optio
573 4927 784 4982 quoque
809 4913 988 4967 indicti
1014 4913 1151 4969 inter
1179 4925 1228 4969 te
1249 4923 1305 4970 et
1331 4915 1674 4972 Manicbzeum
1704 4917 1870 4988 pra-lii
1895 4934 1988 4986 pu-

407 5004 628 5057 blicaret
654 5022 667 5057 :
700 5013 754 5059 ut
779 5019 898 5060 cum
932 5005 1202 5074 proposito
1231 5007 1520 5061 certamine
1545 5023 1612 5062 ne
1642 5001 1800 5062 unum
1825 5008 1846 5039 ³
1872 5009 1985 5076 qui-

405 5096 528 5149 dum
559 5092 718 5147 telum
747 5095 862 5148 sine
885 5103 968 5147 tua
998 5096 1230 5164 pernicie
1251 5095 1300 5149 iu
1326 5107 1704 5167 praeceptorem
1735 5107 1879 5151 tuum
1910 5097 1988 5150 vi-

411 5186 564 5241 brare
587 5186 610 5218 δ
642 5201 862 5258 posses;
903 5187 1070 5241 multo
1108 5187 1540 5244 manifestissime
1570 5190 1827 5244 reluccret
1851 5230 1865 5253 ,
1896 5204 1990 5244 vos

407 5289 458 5332 et
483 5277 802 5331 Manichzcos
829 5277 880 5330 in
905 5293 1063 5330 unum
1092 5279 1381 5348 impietatis
1402 5293 1594 5349 corpus
1616 5279 1843 5333 obscena
1868 5295 1993 5333 coa-

413 5367 571 5422 luisse
596 5367 900 5423 concordia.
924 5367 1061 5434 Quid
1086 5369 1226 5422 enim
1255 5379 1427 5438 potest
1455 5383 1576 5423 esse
1599 5379 1702 5422 tam
1723 5369 1988 5439 junctum,

481 5543 497 5607 ξ
535 5541 688 5607 E_dtti,
731 5553 944 5607 agamus.
1000 5546 1177 5607 Omnes
1221 5551 1341 5589 vero
1394 5541 1723 5603 manuscripti,
1770 5551 1991 5602 agantur.

476 5604 496 5632 '
527 5603 598 5649 Sic
622 5611 723 5652 uss.
762 5602 814 5652 λι
835 5603 966 5658 editi,
1003 5602 1186 5650 redeat.

480 5663 500 5694 ³
533 5663 816 5720 viguiorius,
843 5663 1007 5713 ullmu.
1036 5671 1091 5712 At
1117 5671 1201 5709 uss
1226 5696 1238 5719 ,
1265 5673 1426 5710 unum.

480 5722 500 5754 δ
535 5731 657 5780 λιες..
685 5723 878 5775 librare.

1055 333 1298 391 OPERIS
1334 328 1745 388 IMPERFECTI
1779 327 2053 386 CONTRA
2090 326 2446 396 JULIANUM,
2487 329 2544 386 S.
2585 324 2947 386 AUGUSTINI

3522 323 3658 380 ίῖῖόσ

2071 453 2229 508 quam
2295 441 2436 509 quod
2496 456 2595 497 nec
2645 441 3010 496 discriminum
3065 446 3344 510 separatur
3395 437 3656 494 incursu?

2069 529 2224 584 Omni
2263 531 2426 585 exitio
2461 531 2732 586 Manichaei
2757 573 2772 598 ,
2801 532 3252 586 Traducianorum
3287 531 3478 602 dogma
3506 546 3645 585 com-

2069 622 2295 675 moritur
2331 640 2346 676 :
2375 621 2503 676 nihil
2529 633 2610 677 est
2638 623 2777 693 quod
2809 623 2956 677 illum
2983 621 3174 685 feriat,
3203 631 3258 676 et
3285 631 3336 676 te
3367 622 3644 692 relinquat.

2072 708 2188 766 Una
2211 713 2360 768 vobis
2384 723 2509 768 sunt
2534 715 2769 768 instituta
2795 756 2808 779 ,
2834 730 2936 768 una
2966 714 3250 785 mysteria,
3282 728 3491 783 unaque
3515 715 3652 782 peri-

2071 802 2187 855 cula
2211 819 2224 854 :
2258 811 2313 856 et
2337 802 2788 860 substomacharis
2810 846 2825 870 ,
2859 803 2904 858 si
2925 804 3067 858 senis
3089 802 3257 856 Manis
3280 802 3493 858 soboles
3515 818 3640 856 nun-

2069 905 2264 960 cupere
2283 891 2307 945 ?

2140 983 2276 1038 Anc.
2319 983 2394 1038 Ita
2433 983 2566 1039 dicis
2605 999 2692 1040 me
2731 985 2890 1039 nullis
2919 985 3210 1039 rationibus
3239 984 3431 1038 docere
3458 998 3654 1054 posse,

2069 1073 2238 1128 Adam
2269 1074 2464 1129 bonum
2492 1091 2521 1129 a
2545 1077 2654 1130 Deo
2674 1077 2941 1132 conditum
2965 1117 2980 1141 ,
3009 1077 3156 1146 quasi
3181 1085 3353 1131 tecum
3376 1075 3500 1131 inde
3521 1092 3656 1131 con-

2070 1161 2266 1232 ﬂigam.
2307 1164 2493 1221 Nonne
2521 1166 2717 1222 bonum
2743 1167 3011 1221 cenditum
3040 1167 3242 1233 Adam,
3273 1182 3378 1222 non
3407 1183 3507 1238 ego
3537 1177 3658 1222 tan-

2071 1261 2212 1320 tum,
2255 1271 2351 1310 nec
2393 1265 2479 1324 tu,
2523 1257 2617 1312 scd
2655 1257 2813 1312 ambo
2857 1257 3123 1313 dicimus?
3151 1258 3322 1313 Ambo
3349 1260 3492 1315 enim
3525 1260 3657 1314 dici-

2069 1359 2187 1400 mus
2226 1346 2416 1400 bonam
2449 1362 2567 1402 esse
2603 1357 2842 1402 naturam
2865 1391 2879 1413 ,
2911 1365 3028 1418 quae
3056 1357 3234 1418 posset
3258 1364 3363 1402 non
3389 1364 3618 1418 peccare
3638 1391 3655 1412 ,

2069 1435 2115 1489 si
2157 1436 2322 1490 nollet
2352 1453 2367 1488 :
2399 1438 2492 1492 sed
2521 1453 2640 1492 cum
2666 1454 2764 1508 ego
2793 1454 2908 1493 eam
2935 1439 3206 1494 meliorem
3233 1454 3467 1494 asseram
3495 1455 3656 1510 quam

2072 1533 2124 1582 tu
2149 1566 2162 1587 ,
2208 1525 2457 1594 quoniam
2495 1527 2614 1582 dico
2648 1529 2806 1583 etiam
2848 1544 2964 1584 eam
2993 1529 3127 1584 mori
3155 1545 3260 1583 non
3298 1530 3537 1599 potuisse
3558 1571 3570 1590 ,
3605 1530 3655 1584 si

2070 1629 2294 1684 peccare
2319 1615 2614 1682 noluisset;
2645 1617 2771 1688 quid
2797 1627 2911 1685 est,
2943 1619 3082 1688 quod
3109 1619 3273 1685 dicis,
3307 1619 3465 1674 nullis
3486 1621 3654 1674 ratio-

2072 1704 2227 1760 nibus
2251 1721 2280 1759 a
2310 1721 2394 1761 me
2422 1707 2602 1762 doceri
2633 1724 2789 1778 posse
2811 1751 2826 1774 ,
2859 1709 3027 1763 Adam
3056 1710 3254 1765 bonum
3279 1726 3308 1765 a
3337 1711 3447 1766 Deo
3470 1714 3660 1767 condi-

2074 1803 2182 1849 tum
2206 1836 2222 1862 ,
2269 1813 2389 1851 cum
2428 1799 2724 1854 rationibus
2767 1801 2900 1856 meis
2939 1802 3106 1871 magis
3143 1803 3312 1858 bonus
3341 1804 3659 1860 ostendatur

2071 1901 2190 1940 esse
2227 1902 2383 1956 quam
2431 1890 2534 1943 tuis
2552 1889 2577 1940 7
2604 1889 2734 1945 Meis
2761 1891 2954 1961 quippe
2980 1892 3277 1947 ostenditur
3299 1935 3314 1959 ,
3341 1908 3449 1948 non
3478 1895 3658 1950 solum

2073 1979 2306 2047 potuisse
2331 1995 2435 2034 non
2465 1996 2715 2049 peccare,
2747 1983 2791 2036 si
2821 1984 2984 2038 nollet
3008 2001 3022 2050 ;
3045 1983 3137 2039 sed
3159 1999 3258 2039 nec
3284 1986 3440 2052 mori,
3464 1987 3508 2041 si
3533 2003 3662 2057 pec-

2073 2082 2195 2122 care
2226 2069 2484 2125 noluisset
2510 2089 2524 2125 :
2557 2073 2660 2126 tuis
2684 2082 2858 2127 autem
2879 2114 2896 2140 ,
2921 2074 2992 2129 ita
3020 2075 3300 2131 mortalem
3331 2075 3527 2132 factum
3550 2121 3565 2145 ,
3596 2088 3661 2134 ut

2073 2158 2185 2214 sive
2230 2169 2508 2228 peccaret,
2549 2163 2661 2218 sive
2700 2179 2806 2218 non
2847 2175 3129 2234 peccaret,
3171 2168 3462 2223 moriturus
3489 2181 3656 2225 esset.

2074 2248 2224 2314 Quod
2272 2251 2324 2304 in
2370 2252 2656 2322 episcopali
2697 2253 2899 2324 judicio
2938 2255 3248 2324 Palaestino,
3280 2272 3402 2313 cum
3443 2260 3660 2331 Pelagio

2076 2339 2261 2394 luisset
2309 2341 2573 2410 objectum
2604 2384 2619 2409 ,
2668 2359 2734 2399 ne
2779 2344 3121 2401 damnaretur
3151 2389 3166 2412 ,
3221 2349 3334 2420 ipse
3384 2350 3661 2406 damnavit

2075 2430 2179 2499 (De
2220 2430 2382 2486 Gestis
2423 2431 2650 2504 Pelagii,
2685 2452 2772 2489 nn.
2808 2436 2910 2503 24,
2938 2438 3027 2504 57,
3055 2437 3146 2509 60)
3171 2454 3185 2504 ;
3213 2448 3268 2494 et
3294 2449 3376 2494 est
3401 2455 3430 2492 a
3455 2451 3659 2496 semct-

2075 2521 2190 2589 ipso
2219 2522 2498 2579 damnatus
2522 2566 2536 2592 ,
2567 2526 2707 2593 quod
2745 2525 2811 2582 de
2833 2528 3046 2584 homine
3075 2530 3328 2585 hanretico
3355 2532 3488 2586 dicit
3509 2535 3657 2604 Apo-

2075 2611 2243 2666 stolus
2286 2611 2412 2682 (Tit.
2456 2631 2542 2681 Ill,
2571 2617 2691 2682 -10,
2735 2617 2846 2688 ll).
2889 2619 3016 2674 Dico
3047 2620 3207 2675 etiam
3231 2660 3247 2688 ,
3275 2637 3380 2676 non
3415 2622 3658 2678 timuisse

2074 2702 2242 2756 Adam
2271 2714 2496 2760 mortem
2514 2747 2528 2770 ,
2571 2708 2622 2761 in
2653 2708 2804 2777 cujus
2828 2718 2942 2763 erat
2966 2719 3223 2780 potestate
3251 2727 3355 2766 non
3388 2713 3527 2767 mori
3556 2731 3568 2766 :
3599 2725 3658 2768 tu

2075 2800 2250 2846 autem
2296 2796 2668 2850 necessitatem
2710 2796 2960 2854 habuisse
2998 2801 3296 2866 moriendi,
3337 2802 3500 2856 etiam
3541 2804 3660 2857 sine

2076 2884 2181 2938 ulla
2225 2889 2540 2942 necessitate
2582 2889 2854 2958 peccandi.
2901 2889 3071 2958 Quem
3119 2893 3164 2946 si
3204 2891 3403 2948 dixeris
3431 2905 3658 2949 mortem

2079 2977 2318 3032 timuisse
2356 2981 2514 3033 etiam
2554 2991 2678 3035 ante
2714 2990 2986 3053 peccatum
3007 3025 3022 3051 ,
3055 2985 3179 3054 quid
3205 2985 3337 3041 dicis
3365 2988 3467 3041 nisi
3495 2989 3663 3043 mise-

2075 3081 2193 3121 rum
2236 3069 2512 3123 creatum?
2559 3069 2612 3126 Si
2655 3081 2831 3127 autem
2881 3088 2948 3128 ne
2989 3074 3154 3130 miser
3185 3085 3356 3140 esset,
3389 3086 3615 3132 mortem
3641 3121 3659 3147 ,

2077 3159 2319 3227 quamvis
2345 3159 2610 3228 futuram,
2635 3179 2738 3217 non
2768 3173 2940 3219 tamen
2967 3166 3139 3220 timuit
3160 3183 3176 3232 ;
3197 3177 3343 3222 certe
3363 3183 3512 3223 suam
3539 3186 3664 3240 pro-

2079 3248 2221 3318 lem,
2268 3253 2353 3306 cui
2401 3252 2645 3308 timorem
2686 3258 2872 3311 mortis
2911 3260 3232 3328 congenuit,
3277 3262 3462 3330 procul
3501 3262 3664 3318 dubio

2079 3343 2325 3396 miseram
2370 3345 2570 3413 genuit.
2609 3344 2738 3413 Quis
2773 3347 2914 3402 enim
2964 3358 3158 3419 neget,
3191 3351 3263 3405 ita
3290 3353 3538 3408 homines
3567 3372 3663 3408 na-

2081 3439 2196 3484 tura
2245 3443 2472 3487 mortem
2526 3434 2747 3502 timere,
2799 3444 2857 3490 ut
2904 3452 3021 3492 eam
3074 3440 3362 3495 nonnullos
3405 3441 3496 3496 vix
3547 3459 3662 3497 rara

2079 3523 2241 3577 animi
2290 3523 2597 3594 magnitudo
2636 3525 2794 3582 faciat
2841 3543 2947 3583 non
2995 3528 3225 3586 timere?
3264 3531 3504 3603 Itemque
3529 3535 3665 3589 addo

2083 3629 2182 3685 ego
2219 3615 2286 3670 ad
2321 3617 2610 3672 bonitatem
2648 3619 2966 3676 conditionis
2993 3621 3158 3689 Adte,
3192 3624 3332 3693 quod
3366 3626 3416 3678 in
3448 3642 3515 3680 eo
3542 3643 3667 3681 caro

2081 3709 2337 3763 adversus
2362 3710 2604 3780 spiritum
2632 3726 2737 3766 non
2763 3713 3174 3784 concupiscebat
3199 3723 3323 3769 ante
3347 3727 3665 3784 peccatum:

2085 3809 2138 3854 tu
2182 3811 2358 3855 autem
2381 3842 2396 3866 ,
2440 3803 2530 3872 qui
2573 3802 2734 3857 talem
2770 3802 2903 3858 dicis
2937 3805 3113 3860 carnis
3137 3807 3623 3875 concupiscentiam
3648 3848 3667 3874 ,

2083 3893 2255 3962 qualis
2285 3909 2424 3948 nunc
2449 3901 2532 3949 est
2555 3937 2568 3960 ,
2602 3895 2654 3949 in
2686 3895 2932 3965 paradiso
2953 3896 3181 3952 futuram
3206 3897 3406 3965 fuisse,
3439 3900 3484 3954 si
3509 3916 3668 3956 nemo

2086 3993 2396 4054 peccasset,
2429 3987 2692 4056 talemque
2721 3987 2773 4040 in
2799 3987 2890 4041 illo
2919 3987 3084 4042 fuisse
3113 3997 3168 4044 et
3191 3991 3336 4058 prius
3357 4005 3517 4059 quam
3541 4006 3668 4060 pec-

2085 4083 2270 4139 caret;
2313 4075 2464 4130 addis
2506 4077 2622 4145 ejus
2659 4076 2952 4132 conditioni
2989 4086 3043 4132 et
3082 4078 3238 4132 istam
3275 4079 3546 4133 miseriam
3579 4096 3674 4149 per

2086 4164 2303 4234 spiritus
2325 4165 2606 4234 carnisque
2626 4166 2969 4221 discordiam.
2995 4166 3127 4222 Cum
3149 4183 3277 4239 ergo
3300 4178 3376 4222 tot
3405 4170 3674 4239 tantisque

2087 4253 2381 4308 rationib‘us
2424 4255 2592 4309 Adam
2638 4255 2912 4312 meliorem
2937 4297 2953 4324 ,
3000 4273 3157 4328 quam
3196 4269 3251 4313 tu
3275 4275 3397 4313 eum
3423 4259 3590 4324 dicis,
3619 4271 3674 4314 et

2088 4345 2376 4400 feliciorem
2421 4347 2690 4402 conditum
2728 4349 3046 4414 ostendam;
3091 4349 3216 4420 quid
3261 4350 3356 4404 tibi
3395 4351 3567 4404 visum
3591 4360 3676 4404 est

2090 4445 2232 4490 tanta
2277 4437 2524 4492 vecordia
2558 4437 2788 4495 delirare
2810 4479 2827 4506 ,
2868 4449 2925 4494 ut
2951 4439 3157 4494 diceres
3179 4481 3192 4504 ,
3222 4441 3374 4494 nullis
3404 4457 3482 4493 me
3509 4442 3676 4493 ratio-

2090 4529 2234 4582 nibus
2260 4529 2436 4583 docere
2465 4545 2639 4599 posse,
2668 4530 2831 4582 Adam
2857 4531 3042 4584 bonum
3078 4547 3109 4583 a
3142 4529 3242 4584 Deo
3272 4531 3554 4592 conditum.
3587 4533 3678 4584 sed

2090 4619 2158 4672 ad
2182 4621 2274 4673 hoc
2299 4620 2600 4674 credendum
2627 4621 2735 4674 sola
2759 4637 2862 4675 esse
2888 4622 3184 4674 auctoritate
3211 4621 3436 4675 lectionis
3464 4633 3674 4678 conten-

2093 4720 2198 4764 tum
2216 4752 2231 4777 ,
2265 4711 2383 4780 quia
2406 4711 2646 4781 scriptum
2681 4720 2790 4776 est,
2823 4711 2999 4781 fecisse
3031 4709 3188 4763 Deum
3212 4711 3380 4764 omnia
3409 4713 3540 4764 bona
3563 4712 3677 4764 eal-

2093 4801 2200 4854 de?
2236 4800 2351 4854 Non
2394 4814 2560 4871 usque
2585 4800 2718 4856 adeo
2739 4815 2872 4855 sum
2909 4800 3105 4870 pistillo
3128 4842 3144 4866 ,
3175 4802 3309 4855 sicut
3337 4802 3675 4865 couviciaris,

2094 4890 2373 4945 obtunsior
2417 4891 2647 4961 (Supra,
2691 4891 2779 4945 lib.
2821 4891 2891 4956 2,
2940 4908 3055 4960 cap.
3093 4892 3219 4962 H7)
3246 4934 3260 4957 ,
3303 4902 3362 4946 ut
3386 4892 3679 4946 Manichmo

2094 4981 2459 5052 redarguendo
2514 4982 2635 5036 libri
2691 4982 2845 5051 hujus
2901 4983 3061 5036 divini
3113 4983 3524 5049 auctoritatem,
3573 4999 3679 5053 qua

2097 5091 2200 5129 non
2233 5083 2442 5130 tenetur
2463 5117 2479 5141 ,
2507 5075 2773 5144 objiciam.
2802 5075 2919 5128 Tibi
2946 5074 3081 5129 hanc
3105 5074 3324 5144 objicio,
3355 5075 3568 5144 quando
3592 5089 3680 5128 res

2100 5167 2346 5236 postulat,
2378 5172 2626 5238 quoniam
2659 5165 2785 5221 mihi
2815 5167 3016 5236 tibique
3043 5167 3345 5220 communis
3369 5176 3472 5219 est.
3511 5165 3684 5218 Mani-

2098 5260 2304 5311 clueum
2324 5273 2452 5312 vero
2478 5273 2582 5311 non
2611 5257 2678 5312 de
2715 5257 2929 5327 opilleio
2975 5256 3089 5322 Dei,
3143 5255 3284 5325 quod
3343 5256 3456 5325 ipse
3501 5265 3680 5325 negat,

2099 5357 2370 5402 creaturas
2398 5349 2526 5403 istas
2553 5351 2719 5403 bonas
2756 5364 2878 5426 esse
2917 5349 3212 5412 convinco;
3245 5347 3337 5402 sed
3369 5347 3436 5402 de
3465 5348 3681 5401 illarum

2103 5440 2337 5494 bonitate
2367 5441 2540 5509 potius
2560 5441 2843 5509 compello,
2868 5441 3062 5494 bonum
3089 5455 3180 5493 eas
3210 5440 3406 5494 habere
3431 5438 3680 5508 Opiﬁcem

2102 5531 2364 5586 conﬁteri.
2389 5531 2539 5600 Quod
2568 5540 2742 5586 autem
2767 5532 2841 5586 ait
2884 5533 3186 5600 Apostolus,
3217 5547 3376 5603 quem
3419 5546 3479 5585 se
3521 5530 3687 5584 Mani—

2105 5623 2236 5676 chtei
2265 5623 2508 5692 accipere
2554 5623 2884 5691 profitentur,
2922 5622 3098 5676 Omnis
3147 5633 3377 5677 creatura
3421 5621 3512 5674 Dei
3557 5623 3686 5672 bona

2112 5724 2182 5768 est
2203 5730 2218 5777 ;
2243 5713 2488 5782 quoniam
2518 5715 2584 5768 de
2607 5729 2706 5783 qua
2729 5724 2969 5768 creatura
2991 5714 3297 5783 loqueretur
3313 5721 3555 5778 apertum
3577 5721 3663 5764 ess
