3970 6184
303 404 323 458 i
334 399 426 458 537

297 514 515 569 validum
556 522 698 568 esset
719 511 972 567 adversus
1003 524 1098 565 eos
1140 509 1518 575 testimonium,
1563 509 1663 564 nisi
1701 510 1858 565 etiam

301 604 464 660 Libris
512 601 804 668 canonicis,
860 591 994 671 quos
1044 600 1351 670 accipiunt,
1401 599 1655 668 quasdam
1707 598 1864 652 falsas

295 693 576 749 sententias
613 691 903 760 permixtas
931 704 1051 745 esse
1078 689 1481 744 contenderent.
1509 691 1587 743 Ac
1635 703 1730 758 per
1763 687 1866 743 hoc

293 785 354 838 de
379 781 610 836 bonitate
638 789 996 835 creaturarum
1021 793 1234 848 semper
1261 786 1384 832 sunt
1421 777 1664 848 urgendi,
1689 786 1745 832 ut
1769 792 1862 832 ea-

294 890 401 928 rum
427 873 624 927 bonum
655 872 840 936 Deum,
868 870 1010 940 quod
1035 878 1247 938 negant,
1280 867 1543 924 fateantur
1565 877 1860 923 auctorem.

299 963 453 1019 Porro
468 972 728 1016 creaturae
755 974 941 1015 omnes
969 960 1039 1014 ita
1070 973 1190 1014 sunt
1215 959 1388 1025 bonaa,
1421 962 1660 1013 utetiam
1701 958 1860 1026 ipsas,

295 1069 402 1122 qua:
431 1066 554 1105 cum
573 1051 714 1104 vitiis
738 1061 1009 1114 creantur,
1033 1050 1168 1103 ratio
1191 1048 1357 1103 bonas
1377 1063 1494 1103 esse
1509 1047 1858 1112 demonsuet,

290 1143 518 1213 ipsorum
561 1155 772 1209 quoque
807 1137 1147 1194 attestatione
1178 1138 1468 1203 vitiorum;
1518 1138 1638 1207 quia
1677 1137 1862 1191 vitium

287 1242 458 1287 contra
490 1241 732 1286 naturam
752 1238 835 1285 est
866 1247 880 1283 :
909 1229 1007 1284 nisi
1030 1229 1171 1283 enim
1207 1237 1394 1283 natura
1428 1229 1540 1298 ipsa
1581 1237 1724 1283 recte
1754 1227 1867 1296 pla-

285 1333 441 1388 ceret,
472 1323 618 1377 nullo
644 1322 803 1377 modo
823 1331 966 1377 recte
989 1320 1156 1390 ipsius
1173 1320 1356 1375 vitium
1382 1319 1714 1390 displiceret.
1755 1319 1865 1374 Hoc

285 1399 459 1470 contra
484 1414 825 1481 Manichteos,
855 1414 944 1484 qui
972 1421 1157 1482 putant
1199 1412 1360 1467 etiam
1397 1412 1508 1482 ipsa
1543 1412 1669 1466 vitia
1711 1421 1864 1465 natu-

285 1523 368 1563 ras
415 1522 537 1562 esse
586 1517 744 1576 atque
795 1505 1154 1571 substantias,
1202 1505 1256 1559 in
1301 1503 1613 1574 quibusdam
1667 1504 1864 1558 nostris

283 1599 548 1668 opusculis
577 1597 843 1667 copiosius
881 1597 1198 1666 disputatur,
1234 1594 1635 1665 ostenditurque
1681 1593 1861 1648 vitium

283 1699 464 1745 natura
507 1704 611 1743 non
651 1702 808 1753 esse;
850 1697 904 1742 et
927 1687 1049 1756 quia
1079 1694 1261 1740 contra
1302 1692 1544 1738 naturam
1597 1691 1696 1749 est,
1743 1682 1862 1737 ideo

284 1781 474 1836 malum
505 1795 660 1845 esse;
693 1793 756 1833 ac
786 1793 881 1848 per
910 1777 1012 1832 hoc
1038 1785 1284 1831 naturam
1315 1776 1367 1830 in
1391 1785 1648 1846 quantum
1675 1781 1861 1827 natura

281 1879 380 1938 est,
405 1873 604 1926 bonum
622 1883 743 1924 esse
772 1887 785 1923 :
822 1867 963 1923 unde
986 1867 1266 1936 colligitur,
1293 1881 1400 1921 non
1420 1879 1540 1920 esse
1563 1874 1860 1920 creatorem

280 1970 584 2016 naturarum
623 1960 724 2016 nisi
754 1967 1049 2015 creatorem
1080 1958 1364 2021 bonorum,
1409 1971 1471 2011 ac
1500 1972 1594 2027 per
1631 1956 1732 2010 hoc
1763 1956 1861 2010 bo-

279 2069 440 2118 num;
476 2053 567 2107 sed
595 2052 854 2106 creaturis
888 2051 998 2105 suis
1027 2065 1215 2120 magna
1245 2048 1542 2104 differentia
1568 2056 1623 2101 et
1655 2061 1861 2102 summa

276 2145 515 2200 bonitate
544 2144 845 2207 meliorem,
871 2141 962 2211 qui
979 2157 1084 2194 non
1112 2147 1284 2210 potest
1303 2139 1522 2193 omnino
1539 2138 1732 2203 vitiari,
1758 2152 1862 2191 non

271 2233 622 2303 perceptione
650 2232 835 2301 gratia:
859 2232 900 2296 ¹,
929 2229 1024 2285 sed
1052 2229 1381 2299 proprietate
1407 2237 1628 2282 naturae.
1653 2225 1864 2282 Natum

272 2325 439 2394 igitur
467 2332 680 2388 creatte,
711 2322 823 2377 sive
847 2335 966 2390 quae
992 2319 1107 2373 sine
1135 2319 1264 2372 vitio
1304 2325 1447 2383 sunt,
1478 2316 1595 2370 sive
1620 2330 1740 2385 qua:
1764 2330 1862 2368 na-

273 2420 342 2468 ιω
369 2415 647 2477 vitiantur,
676 2413 790 2467 sive
818 2426 937 2481 quae
966 2410 1160 2464 vitiata:
1187 2416 1508 2471 nascuntur,
1537 2405 1682 2460 illum
1711 2420 1862 2460 crea-

275 2513 447 2558 torem
477 2503 576 2556 nisi
607 2519 729 2557 eum
751 2505 772 2533 ³
802 2501 894 2570 qui
925 2500 1060 2555 bona
1073 2507 1239 2561 creat,
1256 2498 1452 2552 habere
1475 2510 1579 2550 non
1603 2505 1860 2566 possunt;

275 2595 394 2664 quia
423 2593 477 2648 in
499 2601 752 2662 quantum
784 2600 987 2645 naturae
1007 2599 1150 2652 sunt,
1177 2589 1329 2642 boote
1355 2595 1500 2651 sunt,
1529 2588 1690 2640 etiam
1711 2602 1860 2656 quae-

276 2699 504 2754 cumque
528 2682 724 2737 vitiata:
744 2689 885 2736 sunt.
908 2680 1024 2734 Non
1050 2679 1191 2734 enim
1223 2679 1492 2743 vitiorum,
1514 2677 1607 2732 sed
1644 2685 1861 2730 natura-

279 2790 395 2828 rum
422 2783 612 2828 auctor
635 2782 736 2838 est,
765 2778 974 2826 creator
1001 2769 1227 2824 illarum.
1250 2767 1382 2822 Nam
1421 2776 1476 2822 et
1518 2776 1704 2822 auctor
1747 2767 1861 2834 ipse

277 2864 529 2918 vitiorum
560 2871 747 2917 natura
779 2861 948 2915 bonus
974 2869 1076 2925 est,
1109 2873 1266 2929 quam
1299 2858 1438 2913 Deus
1463 2857 1622 2918 fecit;
1664 2857 1761 2911 sed
1787 2856 1864 2909 vi-

281 2955 350 3008 tio
377 2953 554 3008 malus
579 2962 680 3018 est,
711 2967 817 3022 quo
842 2943 954 3020 ipse
989 2965 1016 3003 a
1041 2949 1183 3004 bono
1210 2948 1486 3003 conditore
1511 2948 1646 3002 mala
1679 2947 1864 3000 volun-

278 3051 382 3098 tate
407 3042 625 3097 defecit.
669 3040 849 3110 Itaque
878 3039 1291 3093 Manichteorum
1323 3051 1560 3092 errorem
1599 3037 1735 3090 ratio
1763 3036 1862 3089 ista

279 3149 396 3189 vera
429 3131 723 3199 convincit,
747 3132 834 3201 qui
864 3129 1050 3184 nolunt
1076 3129 1314 3198 recipere
1341 3127 1728 3191 auctoritatem,
1753 3127 1864 3180 sive

276 3240 372 3294 qua
396 3225 604 3280 dictum
635 3232 736 3290 est,
773 3221 913 3276 Fecit
942 3221 1076 3275 Deus
1101 3221 1288 3284 omnia,
1319 3228 1365 3273 et
1391 3236 1501 3274 ecce
1522 3219 1653 3273 bona
1679 3219 1826 3272 valde
1843 3259 1859 3285 ,

278 3316 484 3385 quando
519 3315 694 3370 adhuc
718 3314 919 3367 nullum
948 3321 1062 3367 erat
1095 3312 1291 3366 malum
1324 3326 1338 3374 ;
1370 3310 1483 3364 sive
1520 3325 1622 3380 qua
1663 3309 1863 3365 dictum

275 3414 372 3474 est,
398 3405 584 3460 Omnis
608 3413 839 3458 creatura
855 3402 947 3457 Dei
975 3402 1104 3456 bona
1124 3410 1216 3467 est,
1245 3399 1454 3470 quando
1488 3399 1598 3470 jam
1620 3409 1737 3454 erat
1763 3400 1863 3454 hoc

275 3498 529 3552 saeculum
556 3495 774 3561 malum,
806 3509 928 3548 cum
956 3493 1095 3546 Deus
1120 3492 1188 3544 sit
1224 3490 1407 3560 utique
1429 3489 1595 3543 factor
1619 3489 1856 3543 omnium

275 3586 612 3640 seculorum.
637 3584 714 3638 Tu
744 3591 944 3648 autem,
972 3581 1060 3651 qui
1092 3579 1226 3634 hanc
1266 3578 1461 3648 recipis
1489 3578 1859 3633 auctoritatem

275 3677 577 3733 divinorum
606 3675 958 3744 eloquiorum,
991 3682 1048 3726 ιιι
1090 3686 1151 3726 ea
1196 3671 1388 3725 merito
1437 3670 1605 3740 possis
1661 3670 1856 3738 urgeri,

274 3781 362 3822 cur
388 3785 492 3824 non
519 3766 756 3840 attendis
788 3766 839 3819 in
867 3779 932 3818 eo
959 3765 1114 3827 libro,
1141 3762 1228 3817 ubi
1259 3761 1450 3831 legitur
1475 3762 1641 3816 Deum
1671 3760 1861 3816 fecisse

274 3862 442 3915 omnia
498 3860 646 3915 bona
692 3857 889 3919 valde,
943 3854 1178 3910 omnium
1234 3853 1470 3906 locorum
1523 3853 1780 3920 optimum
1839 3850 1860 3882 ⁸

276 3951 567 4018 plantatum
595 3963 713 4004 esse
743 3946 1066 4018 paradisum,
1095 3944 1183 4000 ubi
1213 3943 1351 3998 Deus
1377 3957 1541 4012 usque
1570 3942 1704 3996 adeo
1732 3941 1860 3996 nihil

276 4041 390 4094 tnali
421 4055 552 4095 esse
573 4039 757 4102 voluit,
789 4046 845 4092 ut
872 4052 972 4091 nec
1001 4035 1282 4104 imaginem
1307 4049 1457 4088 suam
1491 4033 1557 4087 ibi
1588 4047 1707 4088 esse
1743 4048 1862 4101 per-

277 4131 522 4199 mitteret,
551 4139 896 4200 postcaquam
922 4126 1132 4197 pr0pria
1156 4124 1426 4179 voluntate
1447 4123 1686 4193 peccavit
1706 4122 1856 4192 (Gen.

277 4234 338 4284 n,
359 4221 422 4286 8;
448 4237 529 4284 ttt,
555 4219 646 4284 25,
672 4217 806 4288 24)?
847 4216 917 4271 Et
964 4224 1139 4270 tamen
1171 4229 1266 4269 vos
1306 4215 1357 4268 in
1390 4223 1551 4268 tanta:
1584 4213 1860 4272 felicitatis

278 4321 326 4364 et
353 4311 566 4367 decoris
595 4311 791 4376 locum,
820 4308 908 4363 ubi
959 4321 1058 4361 nec
1100 4306 1246 4376 ligni,
1280 4319 1378 4360 nec
1422 4304 1552 4371 feni,
1576 4318 1674 4359 nec
1693 4303 1857 4373 pomi,

279 4417 370 4456 nec
397 4403 718 4473 cujusquam
745 4399 827 4453 vel
853 4397 1017 4467 frugis
1037 4395 1121 4451 vel
1146 4395 1353 4466 pecoris
1396 4394 1583 4448 vitium
1612 4407 1730 4447 esse
1763 4408 1860 4462 po-

281 4492 436 4549 tuisse
480 4493 572 4547 vel
607 4505 764 4562 posse
807 4486 1131 4544 credendum
1158 4493 1258 4549 est,
1299 4483 1477 4538 omnia
1506 4482 1860 4537 humanorum

278 4597 560 4652 corporum
590 4591 644 4637 et
667 4578 1000 4651 ingeniorum
1022 4576 1150 4631 vitia
1179 4591 1282 4631 non
1303 4573 1557 4628 dubitatis
1583 4572 1857 4636 inducere,

279 4685 390 4725 cum
417 4674 614 4743 quibus
640 4670 888 4724 homines
918 4667 1087 4728 nasci,
1120 4666 1302 4720 dolere
1335 4679 1432 4719 vos
1474 4663 1716 4726 sinimus,
1754 4677 1862 4715 non

281 4777 486 4832 negare.
517 4762 751 4817 Necesse
780 4769 862 4814 est
881 4759 1022 4814 enim
1039 4767 1096 4812 ut
1115 4755 1358 4822 doleatis,
1389 4752 1600 4824 quando
1625 4752 1750 4822 quid
1775 4769 1862 4807 re-

279 4853 583 4920 spondeatis
612 4868 718 4908 non
749 4833 1028 4915 invenitis,
1062 4856 1117 4903 et
1160 4855 1266 4902 tam
1298 4860 1510 4916 pravam
1539 4844 1858 4900 sententiam

281 4952 480 4998 mutare
513 4959 619 4998 non
662 4941 839 5006 vultis,
892 4953 1010 5010 qua:
1064 4951 1160 4992 vos
1213 4935 1502 4990 incvitabili
1545 4934 1862 4989 necessitate

279 5035 548 5104 compellit
575 5035 629 5090 in
657 5033 776 5088 loco
806 5039 966 5086 tantae
993 5026 1334 5084 beatitudinis
1375 5034 1428 5079 et
1454 5021 1860 5094 pulchritudinis

279 5127 603 5180 constituere
653 5136 846 5188 caecos,
901 5120 1098 5182 luscos,
1154 5118 1346 5186 lippos,
1402 5114 1614 5178 surdos,
1662 5122 1858 5180 mutos,

277 5216 494 5271 claudos
519 5217 563 5284 ⁵,
585 5214 868 5279 deformes,
893 5213 1166 5274 distortos,
1201 5209 1453 5272 tineosos,
1485 5208 1744 5276 leprosos,
1771 5219 1862 5274 pa-

279 5309 548 5378 ralylicos,
573 5305 903 5375 epilcpticos,
935 5311 990 5356 et
1009 5300 1127 5354 aliis
1148 5297 1378 5353 diversis
1402 5297 1688 5366 generibus
1709 5296 1862 5350 vitio-

279 5411 383 5458 sos,
413 5408 575 5467 atque
592 5394 871 5466 aliquando
891 5393 1050 5447 etiam
1073 5391 1228 5444 nimia
1255 5388 1496 5445 foeditate
1523 5399 1577 5444 et
1599 5387 1864 5443 membro-

340 5551 355 5582 ί
394 5557 544 5598 Vetus
565 5549 716 5599 codex
741 5547 882 5608 clara,

339 5613 359 5643 '
391 5614 463 5660 sic
501 5611 664 5669 Morel,
695 5610 843 5659 Elem.
870 5604 1018 5670 'tirit.,
1050 5604 1098 5671 p.
1143 5607 1254 5667 519,
1287 5604 1436 5656 nilum
1472 5609 1737 5655 creatorem
1769 5604 1865 5656 nisi

280 5685 401 5722 etim.
469 5679 524 5721 Μ.

340 5737 361 5797 ἓ
391 5734 552 5782 uidex
581 5740 725 5797 μοι-ιη

338 5795 362 5828 δ
388 5796 650 5861 aequantia
666 5807 758 5845 sex
778 5792 1009 5845 vocabula
1027 5793 1118 5842 huc
1134 5805 1417 5841 revocamus
1437 5805 1497 5840 ex
1516 5793 1861 5856 manuscriptis.

1663 396 1865 453 LIBER
1905 395 2188 454 SEXTUS.
2687 394 2714 426 ι’
2826 404 2859 430 -ι

3409 399 3544 453 1558

1970 525 2087 564 rum
2120 511 2356 566 horribili
2387 513 2617 568 novitate
2655 523 3041 570 monstruosos.
3085 515 3220 584 Quid
3265 517 3436 572 dicam
3477 514 3549 569 de

1968 602 2109 656 vitiis
2156 603 2475 667 animorum,
2507 605 2697 674 quibus
2736 616 2857 659 sunt
2885 605 3095 674 quidam
3145 618 3328 663 natura
3372 609 3546 664 libidi-

1969 693 2104 757 nosi,
2137 693 2350 762 quidam
2396 695 2651 759 iracundi,
2699 697 2909 765 quidam
2966 699 3281 765 metiattfosi,
3331 700 3543 768 quidam

1967 783 2230 849 obliviosi,
2259 784 2468 853 quidam
2501 785 2846 847 tardieordes,
2870 788 3086 856 quidam
3109 789 3365 844 excordes
3390 799 3547 859 atque

1968 873 2037 926 ita
2083 871 2234 938 fatui,
2265 883 2319 927 ut
2349 874 2500 927 malit
2530 874 2690 928 homo
2722 890 2840 929 cum
2885 876 3196 944 quibusdam
3247 880 3543 948 pecoribus,

1967 975 2123 1029 quam
2154 977 2273 1016 cum
2328 963 2521 1018 talibus
2551 964 2849 1019 hominibus
2896 967 3112 1021 vivere?
3139 969 3288 1022 Adde
3323 970 3550 1038 gemitus

1969 1053 2308 1120 parientium,
2352 1055 2612 1124 fletusque
2661 1057 3010 1122 nascentium,
3048 1059 3313 1113 cruciatus
3363 1060 3548 1115 dolen-

1966 1143 2096 1197 tium
2122 1184 2136 1209 ,
2167 1145 2525 1214 languentium
2552 1145 2763 1200 labores
2784 1187 2797 1210 ,
2832 1155 3092 1201 tormenta
3123 1149 3285 1202 multa
3318 1151 3551 1204 morien-

1967 1237 2120 1296 tium,
2149 1241 2201 1287 et
2231 1234 2462 1302 pericula
2485 1235 2650 1288 multo
2676 1237 2824 1304 plura
2854 1237 3161 1291 viventium.
3195 1238 3320 1293 Haec
3347 1240 3545 1300 omnia,

1967 1330 2125 1391 atque
2155 1323 2255 1376 alia
2290 1324 2431 1388 talia,
2465 1324 2577 1378 sive
2600 1324 2798 1393 pejora,
2824 1341 2942 1394 qua:
2963 1327 3140 1380 verbis
3169 1328 3418 1397 congruis
3446 1329 3549 1382 sal-

1969 1420 2073 1466 tem
2116 1412 2351 1467 breviter
2391 1428 2815 1467 commemorare
2849 1415 2966 1483 quis
2991 1415 3223 1470 sufﬁcit?
3253 1418 3545 1472 secundum

1965 1517 2201 1556 errorem
2225 1511 2480 1566 vestrum,
2503 1503 2596 1555 sed
2621 1502 2776 1571 plane
2801 1513 2982 1559 contra
3009 1506 3260 1574 pudorem
3284 1519 3539 1569 vestrum.

1963 1602 2054 1646 aut
2081 1592 2254 1648 fronte
2281 1592 2690 1662 improbissimo,
2719 1606 2808 1648 aut
2839 1612 2995 1650 manu
3016 1597 3172 1652 fronti
3198 1601 3462 1669 opposita,
3495 1603 3547 1655 in

1952 1683 2057 1738 Dei
2089 1683 2331 1752 paradiso
2358 1683 2604 1753 cogimini
2641 1685 2935 1751 collocare,
2982 1698 3034 1741 et
3059 1687 3239 1743 dicere
3284 1690 3459 1743 futura
3490 1701 3546 1744 et

1964 1773 2034 1828 ibi
2063 1773 2175 1828 haec
2199 1772 2382 1839 fuisse,
2409 1774 2615 1828 etiamsi
2641 1790 2796 1829 nemo
2818 1785 3113 1846 peccasset.
3138 1778 3326 1845 Dicite,
3347 1780 3506 1834 dicite
3532 1797 3544 1833 :

1963 1879 2059 1917 cur
2084 1864 2226 1918 enim
2251 1863 2597 1918 revereamini
2624 1863 2979 1920 dehonestare
3012 1874 3088 1919 tot
3115 1882 3179 1921 ac
3216 1870 3374 1921 tantis
3408 1869 3550 1922 vitiis

1964 1962 2017 2008 et
2039 1952 2428 2007 calamitatibus
2450 1953 2648 2018 locum,
2671 1969 2830 2022 quem
2861 1954 3064 2008 nefario
3083 1955 3333 2025 dogmate
3350 1973 3378 2010 a
3401 1958 3550 2012 vobis

1964 2042 2135 2097 facitis
2161 2043 2391 2097 alienum
2413 2042 2436 2094 ?
2457 2040 2588 2094 Nam
2615 2043 2658 2094 si
2685 2043 2968 2111 aliquando
2995 2044 3119 2098 illuc
3145 2045 3347 2100 intrare
3367 2046 3548 2116 dispo-

1965 2133 2182 2196 neretis,
2212 2145 2482 2200 nunquam
2511 2131 2619 2184 illic
2647 2132 2767 2185 talia
2821 2135 3112 2201 poneretis.
3168 2136 3274 2189 Aut
3313 2137 3357 2189 si
3387 2137 3551 2192 vincit

1966 2221 2141 2290 pudor
2167 2223 2221 2275 in
2249 2221 2501 2275 cordibus
2524 2221 2736 2286 vestris,
2773 2231 2827 2276 et
2854 2222 2906 2275 in
2933 2223 3054 2277 loco
3084 2225 3172 2276 tali
3205 2225 3325 2278 talia
3354 2227 3552 2281 consti-

1967 2318 2117 2366 tuere
2139 2310 2468 2376 erubescitis,
2495 2309 2821 2375 horrescitis,
2855 2313 3220 2369 ohmutescitis
3247 2357 3262 2380 ,
3292 2323 3349 2370 et
3374 2325 3549 2373 tamen

1965 2401 2134 2456 errori
2158 2410 2355 2466 vestro,
2385 2415 2490 2470 quo
2534 2416 2641 2454 non
2686 2401 2902 2456 creditis
2957 2402 3241 2457 humanam
3294 2415 3538 2462 naturam

1964 2494 2120 2563 primi
2170 2493 2401 2548 hominis
2438 2495 2870 2563 praevaricatione
2917 2498 3150 2551 vitiatam
3200 2501 3540 2567 pertinaciter

1963 2585 2326 2640 adhterescitis
2347 2602 2361 2650 ;
2388 2588 2704 2656 respondete
2727 2587 3029 2641 Maniclmis
3049 2588 3189 2643 unde
3209 2590 3314 2644 sint
3335 2591 3459 2657 ista,
3484 2605 3551 2646 ne

1965 2677 2040 2731 illi
2067 2691 2128 2730 ea
2158 2677 2225 2732 de
2251 2679 2630 2732 commixtione
2668 2678 2855 2732 aliena:
2896 2679 3152 2748 malmque
3196 2690 3398 2736 natura:
3431 2697 3552 2738 esse

1963 2768 2302 2822 concludant.
2337 2771 2377 2821 A
2411 2768 2563 2822 nobis
2611 2769 2752 2822 enim
2791 2784 2912 2823 cum
2961 2767 3060 2824 hoc
3110 2773 3416 2841 requiritur,
3466 2789 3552 2828 re-

1964 2857 2290 2927 spondemus
2320 2873 2424 2912 non
2453 2859 2566 2912 htec
2596 2875 2714 2914 esse
2736 2859 2803 2914 de
2833 2861 3191 2928 permixtione
3217 2863 3423 2928 alienae,
3457 2863 3551 2918 sed

1965 2947 2032 3002 de
2062 2957 2259 3002 nOStrae
2312 2949 2746 3016 praevaricatione
2784 2958 3008 3016 naturae,
3064 2965 3159 3019 per
3201 2967 3321 3006 eum
3362 2953 3450 3022 qtti
3490 2954 3545 3006 in

1965 3039 2212 3108 paradiso
2261 3039 2516 3106 dejectus,
2567 3050 2619 3094 et
2648 3041 2715 3094 de
2745 3039 2990 3108 paradiso
3019 3040 3222 3108 ejectus
3251 3050 3353 3105 est,
3394 3057 3460 3095 ne
3490 3043 3542 3095 in

1965 3129 2084 3184 loco
2101 3128 2441 3183 beatitudinis
2471 3139 2710 3184 maneret
2738 3141 2920 3183 natura
2951 3130 3218 3194 damnata,
3246 3142 3300 3185 et
3322 3132 3445 3185 vitia
3463 3133 3547 3187 vel

1965 3220 2242 3290 supplicia,
2274 3236 2390 3290 qua:
2415 3231 2655 3290 posteros
2677 3220 2793 3284 ejus
2823 3219 3012 3273 merito
3040 3218 3250 3273 fuerant
3279 3231 3546 3285 secutura,

1967 3309 2019 3364 in
2043 3325 2109 3364 eo
2137 3311 2255 3366 loco
2278 3321 2456 3366 essent
2475 3353 2492 3377 ,
2521 3310 2609 3365 ubi
2638 3311 2778 3363 nulla
2813 3325 2934 3364 esse
2973 3309 3220 3363 sinuntur
3245 3311 3402 3365 mala.
3447 3311 3548 3366 Vos

1964 3408 2140 3456 autem
2167 3401 2293 3456 dum
2316 3401 2518 3472 negatis
2547 3401 2644 3455 ista
2672 3400 2754 3456 vel
2783 3399 3040 3455 deformia
3061 3401 3145 3456 vel
3166 3417 3462 3456 aerumnosa
3480 3403 3548 3457 de

1965 3494 2170 3549 meritis
2191 3495 2386 3548 vitiata:
2413 3504 2609 3548 nostra:
2641 3503 2842 3547 natura:
2868 3493 3078 3557 venire,
3112 3493 3546 3549 commixtionem

1966 3585 2272 3654 permittitis
2314 3584 2522 3650 alienae,
2567 3593 2727 3655 atque
2771 3585 2840 3638 ita
2897 3584 3076 3638 miseri
3130 3593 3186 3638 et
3232 3583 3550 3640 Manichacus

1961 3674 2216 3744 adjuvare
2244 3675 2515 3745 eogimini,
2546 3683 2600 3729 et
2632 3675 2767 3728 mala
2798 3675 2886 3728 illa
2918 3675 2969 3728 in
3011 3675 3308 3744 paradisum
3336 3683 3549 3730 revocat

1959 3779 2117 3820 error
2140 3772 2336 3831 vester,
2355 3764 2493 3820 unde
2519 3765 2602 3818 illa
2624 3765 2914 3818 abstulerat
2942 3763 3110 3832 pudor
3139 3774 3333 3818 vester.

2033 3855 2197 3910 XVII.
2235 3855 2354 3909 Jun.
2397 3857 2466 3909 At
2502 3865 2685 3909 contra
2727 3854 2846 3908 vide
2895 3869 3052 3922 quam
3106 3854 3364 3908 adversus
3409 3863 3459 3908 te
3494 3863 3550 3909 et

1963 3945 2330 4010 Maniehteum,
2353 3945 2503 4014 cujus
2535 3954 2586 4000 te
2624 3959 2838 4012 semper
2869 3945 3018 3997 ruina
3059 3945 3345 4008 convolvit,
3390 3960 3549 3998 verus

1963 4037 2034 4092 sit
2062 4037 2214 4092 nobis
2251 4036 2550 4099 conﬂictus,
2579 4045 2632 4090 et
2657 4036 2723 4089 de
2748 4050 2814 4090 eo
2838 4035 2979 4089 celer
3006 4035 3322 4105 triumphus.
3356 4036 3546 4091 Omnia

1963 4130 2076 4192 illa,
2114 4146 2232 4200 quae
2261 4131 2312 4183 in
2357 4128 2796 4198 vituperationem
2849 4127 3019 4181 divini
3068 4129 3244 4196 operis
3287 4131 3544 4194 evomuit,

1964 4221 2149 4289 prima:
2191 4220 2367 4274 statim
2425 4217 2747 4273 definitionis
2797 4226 2975 4272 aratro
3029 4217 3547 4287 eiremnseribitnus;

1964 4310 2306 4381 cogimusque
2332 4320 2383 4363 ut
2417 4309 2664 4377 explicet,
2713 4307 2839 4378 quid
2897 4316 3041 4377 putet
3085 4322 3205 4362 esse
3249 4320 3546 4378 peceatum,

1963 4402 2104 4472 quod
2136 4403 2299 4456 claret
2322 4401 2451 4455 nihil
2483 4416 2600 4454 csse
2624 4399 2788 4464 aliud,
2822 4415 2978 4467 quam
3024 4399 3345 4453 voluntatem
3380 4415 3544 4470 appe-

1965 4501 2164 4547 tentem
2194 4492 2335 4561 quod
2358 4491 2560 4559 justitia
2592 4497 2754 4551 vetat,
2777 4497 2830 4542 et
2857 4487 2998 4541 unde
3027 4488 3251 4542 liberum
3278 4498 3360 4543 est
3386 4489 3548 4544 absti-

1965 4599 2112 4638 nere.
2141 4583 2256 4650 Quo
2282 4582 2588 4645 constituto,
2627 4593 2812 4633 omnes
2853 4577 2928 4630 illi
2972 4577 3369 4632 oblocutionnm
3403 4581 3539 4644 ruhi,

1964 4675 2054 4743 qui
2075 4673 2467 4727 concretionem
2495 4684 2779 4739 corporum
2818 4653 3165 4737 pupugerant,
3193 4669 3466 4735 radicitus,
3495 4681 3548 4726 et

1965 4774 2017 4818 ut
2039 4765 2122 4818 ille
2142 4767 2234 4827 ait,
2257 4762 2540 4818 eradieitus
2559 4770 2921 4815 monstrantur
2943 4761 3110 4815 evulsl
3143 4760 3362 4830 (Cicero,
3395 4763 3481 4817 lib.
3513 4763 3549 4818 2

1966 4856 2029 4910 de
2058 4853 2103 4908 F
2105 4853 2314 4925 imbus).
2343 4852 2458 4907 .lam
2490 4866 2616 4907 vero
2645 4851 2868 4906 affectus
2913 4851 3119 4904 timoris
3143 4860 3195 4907 et
3231 4866 3420 4906 sensus
3449 4853 3547 4908 do-

1968 4949 2116 5014 loris,
2143 4963 2238 5016 per
2261 4961 2393 5016 quos
2421 4947 2473 5000 in
2502 4944 2770 5014 naufragia
2796 4942 3070 4996 hominum
3113 4942 3239 4997 cieri
3265 4953 3551 5014 tempesta-

1969 5049 2073 5095 tem
2107 5040 2324 5110 putavit,
2354 5053 2459 5093 non
2510 5037 2680 5091 solum
2726 5034 2922 5105 nullius.
2961 5033 3082 5086 mali
3131 5043 3426 5102 coactores,
3456 5037 3550 5092 sed

1967 5147 2086 5187 cum
2120 5133 2134 5163 ¹
2167 5129 2472 5200 repagulum
2501 5127 2653 5181 bonae
2697 5125 2983 5179 voluntatis
3028 5125 3169 5179 nacti
3208 5136 3351 5194 sunt,
3399 5129 3549 5197 adju-

1969 5234 2112 5279 tores
2131 5231 2185 5278 et
2209 5231 2545 5292 pervectores
2568 5221 2588 5250 '
2606 5217 2821 5287 justitim
2850 5217 3223 5288 perdocentur.
3248 5218 3379 5285 Quis
3407 5219 3548 5274 enim

1968 5315 2279 5370 formidaret
2315 5312 2596 5383 judicium,
2656 5310 2755 5363 nisi
2809 5308 3016 5364 timoris
3068 5307 3380 5362 admonitu?
3423 5307 3546 5372 Quis

1972 5408 2294 5480 paenitentiae
2326 5404 2610 5475 gemitibus
2649 5402 2944 5470 juvaretur,
2990 5400 3093 5454 nisi
3136 5397 3336 5452 doloris
3369 5405 3424 5450 et
3465 5395 3550 5449 in-

1971 5513 2136 5557 ternae
2168 5497 2494 5571 mgritudinis
2515 5495 2767 5566 expiant?
2817 5493 2952 5561 Quid
2994 5501 3263 5562 postremo
3295 5489 3552 5542 severitas

1966 5592 2252 5665 judicantis
2274 5588 2490 5650 valeret,
2520 5586 2620 5640 nisi
2645 5583 2936 5639 voluntaria
2965 5587 3176 5650 peccata
3198 5577 3328 5632 illati
3345 5578 3550 5634 crucia-

2039 5730 2054 5760 ¹
2090 5729 2162 5776 sic
2185 5734 2286 5776 Mss.
2313 5732 2362 5772 in
2385 5737 2408 5768 κ
2424 5738 2543 5784 tgn.,
2567 5733 2749 5770 (antra.

2040 5793 2060 5822 ⁸
2093 5796 2250 5849 Forte,
2273 5794 2584 5851 praeceleres.
2660 5828 2666 5833 .
