3970 6184
392 377 532 432 1539

394 499 480 544 tus
527 507 760 548 aerumna
816 491 1059 561 puniret?
1105 492 1342 558 Quorum
1395 492 1632 544 omnium
1669 487 1972 544 testimonio

393 591 633 653 apparet,
665 581 793 634 nihil
819 581 959 634 aliud
986 596 1104 636 esse
1134 591 1428 650 peccatum,
1453 596 1609 650 quam
1644 580 1971 634 voluntatem

391 673 611 727 liberam
635 672 1010 740 despicientem
1030 681 1289 740 praecepta
1309 672 1554 739 justitiaz;
1579 669 1840 740 aliterque
1867 685 1973 724 non

390 774 533 819 stare
557 763 839 832 justitiam,
868 778 1026 831 quam
1055 763 1100 816 si
1143 762 1267 816 illud
1310 763 1530 831 imputet
1577 762 1628 816 in
1653 758 1966 829 peccatum,

389 852 542 920 cujus
571 852 776 905 noverit
808 851 968 906 fuisse
1019 852 1238 905 liberam
1265 853 1564 905 cautionem
1589 867 1602 904 :
1632 865 1697 905 ac
1739 864 1834 918 per
1871 849 1973 903 boe

389 947 534 1000 nulla
561 945 696 1012 lege,
725 961 786 999 ea
830 960 948 1014 qua:
987 944 1243 1000 naturalia
1276 953 1420 1009 sunt,
1467 944 1518 997 in
1563 944 1771 1012 culpam
1813 955 1968 1011 posse

389 1038 651 1107 reputari;
683 1051 783 1092 nec
811 1052 1126 1106 quemquam
1149 1037 1418 1104 suscipere
1445 1037 1669 1099 crimen,
1697 1034 1840 1104 quod
1867 1049 1972 1088 non

391 1129 505 1195 ipse
560 1128 906 1188 commiserit,
951 1142 1071 1182 cum
1121 1128 1288 1182 vitare
1334 1127 1517 1195 possit.
1573 1125 1684 1192 Qua
1734 1125 1970 1194 potentia

393 1217 716 1272 Manichacus
740 1227 793 1272 et
835 1217 1196 1272 Traducianus
1243 1217 1592 1279 consumitur,
1624 1217 1712 1286 qui
1763 1214 1972 1270 effossis

392 1309 552 1363 totius
605 1308 967 1378 intelligentia.
1017 1309 1208 1375 oculis,
1254 1324 1368 1363 rem
1420 1308 1705 1367 voluntatis
1750 1316 1973 1361 conatur

391 1399 683 1454 seminibus
705 1399 1012 1454 admovere.

463 1492 598 1546 Anc.
641 1490 733 1545 His
763 1490 865 1544 tuis
893 1489 1166 1544 erroribus
1200 1489 1309 1558 jam
1356 1505 1500 1559 saepe
1552 1490 1969 1558 respondimus:

395 1580 536 1635 unde
568 1581 656 1649 qui
686 1596 746 1634 ea
783 1581 983 1650 legunt,
1018 1589 1072 1635 et
1102 1581 1373 1635 memoriae
1418 1580 1816 1647 commendant,
1866 1595 1972 1634 non

395 1671 590 1740 ubique
637 1671 946 1725 desiderant
987 1671 1385 1740 responsionem
1415 1685 1587 1725 meam
1613 1712 1628 1735 ,
1659 1671 1974 1740 ubicumque

395 1769 450 1814 tu
490 1763 689 1831 repetis
716 1761 1090 1816 verbositatem
1124 1772 1284 1815 tuam.
1313 1761 1417 1816 Sed
1445 1777 1511 1816 ne
1537 1763 1814 1831 quisquam
1845 1777 1974 1831 qui.»

394 1861 562 1912 ratur,
588 1852 983 1921 ignoscentibus
1018 1851 1144 1906 mihi
1171 1852 1519 1907 celerioribus
1545 1853 1754 1922 ingenio
1773 1894 1788 1918 ,
1814 1853 1973 1907 etiam

395 1941 729 1996 tardiuscuiis
752 1941 939 1996 deesse
961 1958 1062 1995 non
1093 1941 1281 1995 debeo.
1303 1941 1442 1996 Ecce
1455 1951 1504 1994 et
1526 1941 1609 1995 hic
1636 1943 1726 1996 tibi
1753 1957 1975 2011 respon-

391 2031 494 2085 deo
523 2031 589 2086 de
617 2033 819 2101 peccati
847 2032 1177 2095 deﬁnitione,
1205 2047 1306 2100 qua
1339 2040 1389 2086 te
1430 2032 1446 2064 ¹
1475 2032 1699 2085 multum
1733 2031 1972 2101 adjuvari

389 2131 559 2190 putas.
597 2121 725 2177 lllud
751 2120 892 2192 quod
937 2131 1208 2192 peccatum
1239 2122 1308 2174 ita
1335 2129 1528 2186 est,.ut
1554 2136 1658 2175 non
1705 2121 1775 2175 sit
1811 2122 1972 2176 etiam

391 2228 546 2280 poma
576 2213 798 2282 peccati,
827 2208 1071 2268 deﬁnitio"
1090 2213 1188 2266 ista
1229 2211 1570 2274 determinat,
1616 2227 1719 2282 qua
1757 2212 1970 2277 dicitur,

392 2301 673 2357 Peccatum
704 2312 785 2357 est
812 2303 1054 2354 voluntas
1079 2309 1338 2370 appetens
1365 2301 1507 2371 quod
1545 2301 1747 2371 justitia
1800 2311 1972 2369 vetat,

391 2405 444 2448 et
471 2394 613 2448 unde
636 2402 717 2448 est
744 2393 969 2446 liberum
997 2393 1284 2448 abstinere.
1305 2392 1456 2460 Quod
1483 2394 1710 2448 maxime
1728 2393 1793 2447 ad
1822 2394 1970 2450 illum

394 2485 642 2552 pertinet,
666 2501 728 2541 ex
758 2484 908 2552 cujus
949 2495 1167 2554 peccato
1199 2485 1290 2538 illo
1347 2501 1538 2556 magno
1584 2488 1814 2556 posteris
1858 2487 1974 2558 ejus

395 2582 480 2629 est
502 2583 682 2627 exorta
711 2574 920 2628 miseria
965 2589 1062 2644 per
1089 2575 1452 2644 gravejugum
1481 2592 1511 2629 a
1551 2577 1638 2632 die
1689 2578 1862 2633 exitus
1907 2578 1974 2634 de

392 2672 580 2717 ventre
607 2666 790 2718 matris
810 2678 1016 2728 eorum,
1036 2675 1089 2719 et
1114 2681 1211 2734 per
1240 2681 1434 2736 corpus
1459 2669 1806 2736 corruptibile
1831 2671 1971 2738 quod

392 2765 642 2825 aggravat
669 2755 920 2808 animam.
952 2754 1042 2812 Ille
1063 2758 1257 2826 quippe
1279 2759 1393 2826 lege
1419 2759 1730 2813 brevissima
1756 2770 1970 2830 accepta

393 2845 598 2899 sciebat
620 2845 744 2914 quid
772 2846 1193 2915 vetaretjustitia
1219 2863 1234 2912 ;
1263 2855 1317 2900 ct
1344 2848 1466 2902 inde
1494 2851 1515 2880 ’
1538 2849 1608 2902 illi
1637 2850 1816 2920 utique
1836 2851 1971 2908 libe-

393 2951 511 2991 rum
536 2937 706 2990 fuerat
730 2937 1017 3000 abstinere.
1056 2937 1292 2991 nondum
1314 2939 1570 2993 adversus
1593 2939 1710 3010 ejus
1726 2941 1971 3010 spiritum

391 3047 555 3086 carne
577 3033 1004 3101 concupiscente,
1029 3042 1251 3102 propter
1265 3032 1406 3102 quod
1433 3033 1627 3088 malum
1649 3035 1807 3089 etiam
1837 3034 1973 3089 ﬁde-

401 3123 538 3177 libus
567 3122 765 3178 dictum
796 3132 900 3188 est,
927 3122 992 3178 Ut
1023 3140 1122 3176 non
1147 3140 1205 3176 ea
1232 3140 1346 3194 qua:
1369 3126 1518 3178 vultis
1547 3125 1746 3195 faciatis
1776 3125 1971 3197 (Galat.

396 3233 453 3283 v,
505 3217 616 3285 l7).
667 3216 894 3272 Caecitas
947 3216 1106 3286 igitur
1154 3217 1352 3284 cordis,
1405 3233 1508 3288 qua
1562 3219 1800 3273 nescitur
1844 3218 1972 3288 quid

388 3306 588 3376 justitia
611 3315 775 3372 vetet,
799 3317 852 3360 et
873 3307 1120 3362 violentia
1142 3308 1606 3379 concupiscentite,
1624 3325 1727 3378 qua
1745 3309 1974 3364 vincitur

389 3397 550 3452 etiam
577 3399 665 3464 qui
708 3397 806 3450 scit
837 3396 979 3450 unde
1027 3396 1220 3450 debeat
1267 3398 1554 3462 abstinere,
1610 3414 1715 3452 non
1766 3407 1972 3454 tantum

392 3497 635 3557 peccata,
679 3487 772 3542 sed
810 3502 983 3555 parum
1008 3496 1135 3542 sunt
1166 3487 1325 3542 etiam
1369 3497 1727 3557 peccatorum.
1760 3491 1824 3544 Et
1853 3491 1973 3545 ideo

393 3593 498 3632 non
530 3577 870 3630 indluduntur
893 3576 981 3629 illa
1009 3576 1317 3632 deﬁnitione
1345 3579 1568 3647 peccati,
1599 3595 1700 3649 qua
1732 3595 1838 3634 non
1873 3581 1972 3636 de-

391 3666 598 3720 ﬁnitum
623 3676 705 3720 est
731 3666 829 3720 nisi
857 3675 1127 3735 peccatum
1159 3667 1347 3732 solum,
1376 3683 1480 3723 non
1507 3669 1647 3739 qod
1672 3680 1756 3724 est
1779 3680 1832 3725 et
1857 3684 1974 3740 pm-

394 3772 460 3812 na
483 3757 703 3826 peccati.
731 3756 860 3812 Cum
883 3759 1022 3811 enim
1043 3757 1159 3828 quis
1188 3759 1393 3828 ignorat
1421 3760 1545 3830 quid
1569 3759 1741 3816 facere
1760 3755 1971 3828 debeat,

390 3861 444 3903 et
473 3848 592 3903 ideo
619 3848 743 3903 facit
782 3849 922 3918 quod
955 3849 1128 3905 facere
1154 3865 1258 3904 non
1293 3851 1487 3906 debeat
1509 3853 1564 3917 ³;
1618 3869 1724 3909 non
1779 3855 1830 3910 ei
1874 3854 1976 3911 fuit

393 3938 618 3992 liberum
662 3939 951 4004 abstinere,
986 3940 1125 3995 unde
1159 3941 1532 3997 abstinendum
1572 3958 1690 3999 esse
1731 3959 1834 3999 non
1873 3961 1972 4001 no-

393 4039 563 4084 verat.
598 4030 832 4100 Itemque
854 4030 942 4085 ille
971 4032 1078 4101 qui,
1112 4039 1169 4086 ut
1213 4032 1408 4100 dicitis,
1449 4048 1557 4088 non
1603 4036 1822 4106 origine,
1877 4038 1972 4093 sed

393 4121 776 4177 consuetudine
805 4123 1090 4190 premitur,
1133 4135 1187 4176 ut
1215 4124 1495 4189 exclamet,
1526 4124 1648 4180 Non
1675 4128 1811 4196 quod
1835 4128 1968 4196 volo,

286 4260 294 4270 ,
394 4209 528 4280 facio
543 4209 765 4276 bonum;
791 4210 879 4264 sed
903 4200 1037 4280 quod
1053 4213 1168 4266 nolo
1193 4213 1404 4279 malum,
1425 4217 1519 4268 hoc
1541 4233 1636 4287 ago
1674 4217 1850 4287 (Rom.
1875 4235 1969 4288 vtl,

398 4301 509 4372 15).
542 4302 808 4372 quomodo
837 4304 884 4355 ei
916 4303 1138 4358 liberum
1188 4315 1264 4358 est
1311 4307 1576 4363 abstinere
1617 4311 1685 4365 ab
1713 4327 1779 4366 eo
1810 4313 1972 4381 malo,

393 4392 537 4461 quod
567 4409 669 4447 non
696 4394 806 4448 vult
831 4402 884 4448 et
915 4393 1056 4459 facit,
1088 4395 1199 4449 odit
1221 4406 1274 4450 et
1297 4396 1436 4466 agit?
1465 4398 1555 4452 llis
1599 4411 1774 4456 autem
1803 4406 1976 4473 pmuis

393 4495 580 4536 carere
634 4482 678 4535 si
726 4491 868 4538 esset
914 4484 964 4537 in
1014 4484 1287 4539 hominum
1343 4495 1623 4556 potestate,
1679 4507 1784 4544 non
1839 4493 1976 4548 Deus

399 4583 695 4642 rogaretur,
725 4583 778 4628 et
802 4586 982 4630 contra
1002 4578 1314 4642 ca-citatem,
1339 4579 1424 4633 ubi
1453 4580 1500 4634 ei
1528 4580 1742 4650 dicitur,
1766 4581 1976 4637 Illumi-

402 4680 468 4717 na
493 4663 664 4716 oculos
683 4680 815 4717 meos
837 4664 1008 4733 (Psal.
1033 4683 1131 4733 xu,
1155 4667 1208 4738 4)
1226 4684 1240 4731 ;
1259 4678 1312 4722 et
1341 4679 1522 4723 contra
1555 4671 1786 4742 iniquam
1831 4676 1976 4744 cupi-

395 4755 639 4818 ditatem,
669 4753 758 4807 ubi
789 4755 836 4808 ei
877 4755 1090 4822 dicitur,
1151 4756 1269 4811 Non
1315 4760 1598 4814 dominetur
1645 4764 1768 4817 mihi
1812 4767 1976 4820 omnis

395 4845 632 4914 iniquitas
660 4843 829 4917 (Psal.
859 4861 1046 4912 cxvm,
1091 4849 1232 4918 155).
1265 4849 1431 4905 Porro
1473 4852 1517 4906 si
1559 4854 1717 4908 etiam
1762 4866 1978 4925 peccata

398 4935 520 4988 ideo
562 4934 659 4988 ista
687 4949 790 4989 non
821 4945 1019 4999 essent,
1063 4938 1185 5006 quia
1230 4953 1334 4992 non
1386 4940 1454 4992 ab
1505 4942 1585 4996 eis
1633 4943 1854 4998 liberum
1895 4955 1978 5000 est

393 5025 687 5091 abstinere,
733 5041 844 5082 non
888 5025 1171 5091 diceretur,
1224 5028 1416 5084 Delicta
1448 5033 1726 5101 jtwcntutis
1765 5051 1890 5090 mea:
1933 5048 1979 5091 et

396 5115 698 5186 ignorantia:
716 5132 838 5170 mea
863 5134 924 5170 ne
947 5119 1229 5175 memineris
1249 5119 1417 5191 (Psal.
1451 5139 1602 5185 xxiv,
1637 5125 1692 5194 7)
1717 5141 1731 5178 :
1762 5142 1866 5180 non
1895 5127 1978 5181 di-

395 5217 627 5270 ceretur,
662 5206 891 5278 Signasti
921 5221 1122 5277 peccata
1160 5228 1270 5266 mea
1299 5212 1350 5266 in
1378 5215 1612 5281 sacculo,
1645 5225 1690 5269 et
1727 5217 1981 5273 adnotasti

397 5302 443 5354 si
495 5298 618 5370 quid
671 5298 854 5352 invitus
897 5299 1078 5354 admisi
1130 5300 1260 5375 (Job
1309 5319 1422 5370 xw,
1476 5306 1562 5371 17,
1612 5324 1712 5360 scr.
1775 5309 1977 5379 LXX).

403 5389 491 5444 Illa
520 5405 648 5458 ergo
675 5387 984 5444 deﬁnitione
1033 5393 1257 5458 peccati,
1300 5395 1454 5463 quale
1493 5398 1759 5451 commisit
1788 5398 1978 5466 Adam,

400 5481 488 5545 qui
536 5481 739 5536 sciebat
786 5479 912 5550 quid
959 5490 1161 5536 vetaret
1201 5483 1422 5554 justitia,
1456 5496 1511 5542 et
1549 5501 1654 5542 non
1709 5488 1832 5544 inde
1860 5490 1982 5546 abs-

466 5631 482 5697 ξ
518 5631 591 5697 sic
611 5639 717 5697 atas.
741 5639 790 5681 In
814 5632 972 5697 vign.,
997 5633 1151 5697 quale.

465 5691 484 5758 ξ
507 5693 653 5758 flliti.
675 5697 820 5744 unde.
843 5691 1108 5758 H'eligus'llts.
1133 5703 1264 5758 Nam,

453 5751 477 5782 ³
502 5750 662 5802 Codex
697 5763 844 5809 Port..
873 5755 1090 5808 debebat.

1062 377 1306 434 OPERIS
1342 376 1749 432 IMPERFECTI
1787 373 2057 429 CONTRA
2097 373 2455 444 JULIANUM,
2495 380 2554 435 S.
2594 379 2961 436 AUGUSTINI

3515 373 3650 429 {550

2086 489 2241 544 tinuit
2265 531 2279 556 ,
2319 491 2459 547 unde
2488 493 2561 548 illi
2587 494 2810 552 liberum
2835 494 3003 551 fuerat
3048 496 3330 563 abstinere,
3369 502 3657 558 vincuntur

2083 579 2354 636 Manichazi
2377 601 2390 646 ;
2417 584 2511 638 sed
2539 601 2568 638 a
2595 587 2763 652 nobis,
2792 588 2914 655 quia
2947 587 3068 644 hinc
3092 603 3212 644 esse
3235 589 3498 660 originem
3526 593 3658 648 dici-

2083 685 2202 724 mus
2215 673 2472 727 malorum
2489 674 2857 744 humanorum,
2874 679 3066 748 quibus
3079 680 3318 736 videmus
3331 691 3388 737 et
3415 687 3662 752 parvulos

2083 765 2354 831 aggravari
2375 805 2391 829 ,
2437 775 2492 820 ct
2536 779 2750 836 propter
2775 775 2915 839 quod
2942 773 3100 826 etiam
3127 773 3255 828 illud
3275 777 3536 845 scriptum
3559 789 3659 846 est,

2081 866 2202 906 cum
2227 853 2297 908 de
2321 857 2548 923 peccatis
2572 868 2846 928 ageretur:
2865 861 2996 925 Quia
3020 879 3120 916 non
3139 874 3210 918 est
3238 867 3460 921 mundus
3485 884 3517 918 a
3550 885 3662 922 sor-

2082 940 2228 995 dibus
2244 984 2258 1007 ,
2281 959 2370 997 nec
2407 945 2578 1014 infans
2605 949 2752 1018 cujus
2775 959 2848 1002 est
2873 951 2971 1002 diei
2990 953 3139 1006 unius
3163 954 3264 1006 vita
3296 971 3454 1024 super
3474 968 3660 1010 tarum

2083 1032 2203 1104 (Job
2225 1052 2331 1116 xiv,
2357 1038 2413 1102 ι,
2437 1054 2537 1092 sec.
2569 1038 2838 1112 LXX).Tu
2861 1051 3036 1095 autem
3055 1044 3155 1098 hoc
3177 1059 3396 1114 negans,
3423 1060 3667 1106 nostram

2079 1125 2292 1193 quidem
2337 1137 2614 1193 naturam,
2673 1145 2740 1185 ne
2789 1131 3125 1187 liberatorem
3157 1136 3351 1190 misera
3393 1138 3662 1207 inquirat,

2081 1218 2290 1272 conaris
2341 1219 2631 1287 perniciosa
2672 1220 2982 1277 defensione
3021 1224 3140 1292 plus
3168 1241 3454 1295 premere:
3490 1229 3665 1284 Mani-

2083 1306 2290 1361 chmum
2315 1323 2442 1362 vero
2460 1349 2473 1372 ,
2500 1324 2620 1363 cum
2650 1311 2904 1379 quaeritur
2932 1312 3069 1367 unde
3095 1315 3165 1368 sit
3185 1317 3402 1378 malum,
3434 1319 3665 1374 alienam

2085 1400 2226 1454 Deo'
2251 1409 2570 1454 comternam
2609 1403 2871 1471 permittis
2899 1404 3255 1460 introducere.
3289 1407 3475 1479 Neque
3517 1413 3665 1466 enim

2082 1492 2192 1558 ille,
2223 1492 2364 1548 unde
2393 1503 2635 1548 naturam
2666 1494 2847 1563 culpet
2895 1495 3178 1551 humanam
3203 1539 3218 1564 ,
3275 1500 3485 1556 timoris
3529 1503 3664 1558 aﬂe-

2080 1593 2224 1637 ctum
2248 1593 2302 1637 et
2328 1599 2546 1638 sensum
2565 1583 2769 1640 doloris
2791 1585 3036 1656 impingit
3060 1604 3073 1640 :
3106 1604 3223 1657 qua:
3243 1588 3349 1643 duo
3392 1600 3445 1644 tu
3466 1593 3666 1648 adver-

2079 1686 2171 1726 sus
2199 1688 2320 1726 eum
2348 1674 2539 1742 putasti
2570 1688 2690 1730 esse
2718 1675 3009 1743 laudanda,
3059 1679 3180 1746 quia
3219 1680 3424 1737 scilicet
3453 1701 3473 1734 ι
3504 1685 3669 1739 timor

2079 1772 2132 1816 et
2159 1762 2312 1816 dolor
2339 1763 2610 1831 adjutores
2633 1774 2686 1818 et
2716 1769 3090 1833 provectores'
3115 1769 3334 1836 justitite
3361 1772 3667 1840 perdocen-

2083 1862 2192 1917 tur;
2226 1872 2246 1905 ι
2276 1853 2402 1908 dum
2426 1870 2528 1908 non
2559 1864 2744 1923 peccat
2772 1857 2932 1911 homo
2954 1858 3144 1914 timore
3162 1860 3380 1930 judicii,
3406 1872 3502 1917 aut
3537 1881 3668 1934 pec—

2077 1958 2232 1999 casse
2259 1958 2318 1999 se
2338 1944 2484 1999 dolet
2503 1946 2700 2000 aculeis
2725 1948 3034 2016 paenitendi.
3069 1949 3182 2005 Non
3214 1952 3314 2008 hoc
3337 1970 3368 2008 a
3393 1965 3444 2010 te
3464 1959 3668 2026 quaeri-

2082 2040 2203 2097 tur;
2230 2033 2325 2087 sed
2353 2034 2478 2104 quid
2509 2035 2578 2088 sit
2617 2051 2772 2104 pinna
2801 2037 3007 2094 timoris
3037 2040 3088 2094 in
3112 2044 3349 2111 parvulis
3369 2087 3385 2111 ,
3416 2047 3506 2115 qui
3537 2065 3668 2118 pec.

2079 2133 2196 2179 cata
2225 2142 2331 2180 non
2378 2125 2604 2196 fugiunt,
2629 2139 2682 2182 et
2703 2145 2796 2184 cur
2825 2132 2985 2185 mutis
3028 2133 3301 2190 doloribus
3337 2137 3665 2208 amigantur,

2079 2221 2169 2289 qui
2186 2228 2398 2290 peccata
2419 2237 2525 2276 non
2544 2223 2841 2278 faciunt.'l‘u
2862 2241 3052 2296 nempe
3065 2228 3262 2294 dixisti,
3285 2231 3452 2298 «Quid
3464 2235 3670 2288 severi—

2081 2311 2456 2380 tasjudicantis
2481 2313 2700 2380 valeret,
2728 2315 2827 2368 nisi
2850 2317 3142 2372 voluntaria
3166 2330 3379 2389 peccata
3396 2323 3528 2378 illati
3545 2339 3668 2380 cru-

2077 2401 2248 2455 ciatus
2285 2418 2520 2456 aerumna
2550 2404 2761 2472 puniret
2785 2405 2808 2458 ?
2833 2424 2851 2456 ι
2874 2407 2988 2473 Qua
3017 2423 3145 2478 ergo
3165 2409 3402 2479 justitia,
3432 2431 3664 2484 quorum

2083 2494 2380 2549 Voluntaria
2409 2506 2626 2564 peccata
2658 2497 2797 2552 nulla
2828 2509 2951 2552 sunt
2979 2506 3215 2569 propria,
3243 2503 3374 2558 illati
3390 2506 3668 2562 cruciatus

2078 2599 2314 2639 aarumna
2341 2587 2542 2656 parvuli
2572 2590 2982 2658 puniuntuan
3014 2592 3096 2648 his
3126 2605 3271 2650 certe
3286 2608 3508 2667 apparet
3528 2615 3666 2656 vana

2079 2684 2134 2728 et
2164 2675 2339 2745 inepta
2369 2691 2491 2732 esse
2523 2687 2610 2734 tua
2661 2682 2952 2750 prmconia,
2982 2684 3178 2753 quibus
3223 2687 3468 2744 timorem
3505 2690 3668 2746 dolo-

2078 2779 2303 2836 remque
2346 2767 2592 2822 laudasti.
2625 2769 2818 2826 Gravia
2844 2781 2968 2828 sunt
2993 2775 3190 2846 quippe
3227 2778 3325 2832 ista
3363 2781 3664 2850 supplicia,

2078 2871 2197 2925 qua:
2227 2871 2331 2910 non
2360 2867 2666 2926 paterentur
2684 2861 2752 2916 ab
2777 2875 2963 2918 exortu
2993 2877 3235 2944 recentes
3264 2879 3321 2924 et
3344 2886 3498 2927 nova:
3525 2875 3664 2928 ima-

2075 2948 2226 3018 gines
2257 2948 2350 3004 Dei
2377 2949 2478 3005 sub
2497 2951 3008 3025 justissimojudicio
3031 2969 3084 3014 et
3111 2963 3497 3033 armipotentia
3532 2967 3660 3034 Dei,

2077 3038 2123 3092 si
2151 3040 2396 3095 meritum
2439 3058 2543 3096 non
2574 3044 2848 3101 traherent
2874 3050 3144 3119 originalis
3187 3057 3490 3126 veterisque
3534 3073 3662 3128 pec-

2078 3131 2204 3184 cati.
2233 3132 2475 3204 Deuique
2497 3135 2549 3189 in
2581 3136 2849 3205 paradiso,
2875 3139 2920 3193 si
2943 3157 3100 3196 nemo
3134 3157 3427 3214 peccasset,
3454 3158 3508 3204 et
3531 3165 3661 3218 pro—

2077 3225 2316 3280 venisset
2343 3227 2745 3298 conjugatorum
2774 3247 2840 3284 cx
2870 3232 2959 3287 illa
2983 3235 3157 3289 veraci
3181 3236 3271 3291 Dei
3291 3238 3669 3298 benedictione

2077 3311 2396 3382 fecunditas,
2423 3316 2563 3372 absit
2586 3327 2645 3372 ut
2667 3319 2945 3389 quisquam
2978 3322 3048 3376 ibi
3087 3324 3169 3378 vel
3213 3341 3534 3397 magnorum
3580 3332 3665 3387 vel

2077 3405 2688 3481 pusillorum-pateretur
2710 3411 2809 3465 ista
2837 3421 3121 3469 tormenta.
3150 3415 3265 3472 Non
3313 3419 3488 3474 solum
3521 3423 3663 3478 enim

2075 3494 2251 3562 dolor,
2273 3498 2416 3567 quod
2445 3499 2600 3554 valde
2647 3503 2986 3558 manifestum
3015 3515 3131 3572 est;
3166 3509 3262 3564 sed
3291 3511 3456 3566 etiam
3482 3515 3662 3582 timor,

2077 3585 2254 3641 divina
2279 3587 2552 3660 Scriptura
2599 3601 2850 3659 testante,
2882 3603 3202 3654 tormentum
3235 3601 3395 3657 habet
3415 3604 3460 3676 (I
3505 3604 3662 3660 Joan.

2079 3693 2154 3744 tv,
2185 3679 2274 3749 18)
2308 3697 2321 3732 :
2353 3680 2492 3736 absit
2531 3697 2659 3752 ergo
2688 3694 2740 3738 ut
2771 3685 2824 3739 in
2854 3687 2970 3742 loco
3019 3690 3161 3745 illius
3187 3692 3460 3749 felicitatis
3483 3708 3668 3752 essent

2078 3768 2183 3822 ulla
2214 3779 2499 3825 tormenta.
2527 3773 2757 3832 Proinde
2779 3775 2831 3830 in
2861 3787 3016 3834 :ctate
3038 3782 3297 3850 qualibet,
3322 3788 3542 3842 nemine
3561 3798 3668 3844 ter-

2079 3870 2232 3917 rente
2261 3863 2387 3932 quid
2409 3865 2655 3921 timerent
2685 3867 2936 3924 ?nemiue
2967 3871 3192 3929 las-dente
3218 3876 3346 3945 quid
3367 3877 3672 3936 dolerent?

2081 3951 2138 4006 In
2163 3953 2265 4008 hoc
2291 3964 2469 4009 autem
2492 3959 2740 4026 prmseuti
2771 3961 2966 4016 sarculo
2992 3964 3252 4034 maligno,
3295 3969 3436 4037 quod
3491 3981 3550 4026 ut
3571 3989 3673 4028 no-

2081 4043 2208 4098 stris
2257 4045 2488 4100 miseriis
2543 4059 2909 4118 perageretur,
2941 4053 3008 4107 de
3060 4056 3306 4124 paradiso
3349 4059 3670 4119 deliciarum

2081 4137 2305 4207 projecti
2334 4152 2520 4193 sumus
2544 4183 2558 4206 ,
2587 4140 2639 4194 in
2671 4141 2751 4195 his
2772 4144 2930 4198 etiam
2977 4147 3170 4214 quibus
3198 4160 3415 4221 peccata
3446 4153 3674 4212 dimissa

2079 4238 2237 4296 sunt,
2271 4231 2518 4286 timorum
2543 4243 2597 4288 et
2622 4222 2867 4290 dolorum
2894 4253 3128 4292 (erumna
3156 4253 3470 4312 permanet,
3493 4257 3554 4300 ut
3577 4263 3675 4303 no-

2080 4329 2189 4377 stra
2211 4321 2278 4378 de
2303 4325 2500 4378 sa‘culo
2523 4324 2697 4379 futuro
2720 4326 2852 4382 ﬁdes
2871 4370 2886 4392 ,
2911 4329 2998 4384 ubi
3042 4332 3183 4385 nulla
3225 4343 3383 4388 erunt
3408 4335 3528 4400 ista,
3564 4355 3671 4394 non

2082 4413 2254 4467 solum
2283 4413 2334 4467 in
2363 4415 2578 4480 nostris,
2601 4432 2785 4471 verum
2808 4420 2966 4474 etiam
2996 4421 3047 4474 in
3079 4431 3383 4479 nostrorum
3409 4429 3674 4496 parvulo-

2081 4520 2198 4560 rum
2222 4507 2474 4562 aerumnis
2503 4509 2791 4578 probetur:
2815 4513 2936 4580 quia
2967 4528 3072 4568 non
3091 4529 3186 4569 eos
3209 4515 3329 4571 ideo
3360 4523 3669 4589 regenerari

2081 4597 2346 4662 volumus,
2380 4607 2435 4652 ut
2477 4613 2583 4653 non
2613 4600 2878 4668 patiantur
2926 4602 3042 4658 bzec
3072 4606 3246 4671 mula;
3279 4608 3373 4662 sed
3405 4619 3464 4663 ut
3504 4611 3559 4664 in
3587 4628 3671 4666 re-

2082 4703 2265 4758 gnum,
2299 4689 2350 4743 in
2378 4705 2483 4760 quo
2515 4692 2636 4746 talia
2668 4708 2771 4747 non
2802 4705 2978 4762 erunt,
3011 4699 3395 4766 pervehantur.
3425 4702 3576 4760 Hanc
3606 4707 3668 4759 li-

2084 4779 2204 4834 dem
2232 4795 2411 4835 veram
2439 4791 2596 4852 atque
2620 4784 2936 4840 catholicam
2980 4788 3071 4843 tibi
3120 4794 3391 4860 respuenti
3410 4835 3424 4859 ,
3453 4805 3508 4852 et
3534 4811 3671 4852 vano

2085 4867 2370 4924 buccarum
2399 4873 2622 4941 strepitu
2645 4874 2877 4931 refutare
2903 4881 3113 4935 conanti
3136 4922 3152 4948 ,
3194 4899 3314 4938 cum
3345 4884 3664 4945 Manichmus

2086 4959 2372 5030 ingesserit
2393 4965 2740 5032 quaestionem
2770 4967 2910 5021 unde
2958 4970 3095 5024 mala
3143 4973 3250 5027 sint
3290 4977 3652 5044 parvulorum,

2087 5051 2262 5106 cumis
2309 5063 2395 5106 tua
2446 5056 2738 5124 loquacitas
2764 5057 3096 5118 obmutescet
3123 5080 3136 5116 :
3167 5067 3419 5134 quoniam
3458 5078 3651 5140 negant

2087 5146 2345 5215 originale
2371 5156 2674 5217 peccatum,
2703 5165 2823 5204 mox
2867 5152 2954 5207 ille
2991 5154 3208 5211 collidet
3234 5157 3461 5214 frontem
3494 5171 3664 5223 tuam,

2089 5243 2139 5289 et
2163 5237 2287 5291 mali
2321 5248 2562 5293 naturam
2592 5238 2891 5302 introducet
2920 5243 3169 5302 alienam.
3191 5246 3307 5302 Non
3325 5259 3504 5305 autem
3527 5252 3669 5307 timet

2089 5329 2346 5384 catholica
2379 5330 2530 5398 ﬁdes,
2549 5332 2691 5402 quod
2714 5334 2805 5390 tibi
2830 5335 3057 5404 videtur,
3087 5358 3106 5392 ι
3126 5355 3238 5395 rem
3261 5343 3552 5398 voluntatis
3570 5360 3670 5397 non

2093 5434 2249 5488 posse
2304 5422 2596 5477 seminibus
2617 5424 2923 5492 admoveri;
2951 5447 2970 5480 ι
3004 5444 3124 5483 cum
3172 5431 3352 5487 audiat
3405 5433 3669 5488 dicentem

2095 5510 2286 5577 Deum,
2320 5512 2467 5567 reddi
2523 5524 2734 5584 peccata
2763 5525 2971 5588 patrum
3027 5519 3079 5576 in
3109 5522 3320 5579 tertiam
3341 5532 3396 5580 et
3423 5535 3666 5594 quartam

2156 5644 2174 5710 ξ
2208 5645 2365 5706 vign.,
2392 5652 2439 5696 et
2457 5654 2573 5697 Deo.
2598 5649 2762 5710 Abest,
2785 5658 2846 5710 et,
2869 5664 2897 5702 a
2923 5660 3025 5702 Mss.

2090 5707 2358 5819 mo'ugetns
2379 5710 2532 5762 codex
2559 5722 2688 5776 Man,
2713 5707 3041 5780 perveneras;
3063 5723 3118 5767 ut
3137 5729 3282 5782 supra
3305 5721 3354 5766 in
3378 5713 3549 5768 Iuliani
3577 5733 3678 5770 ser-
