3970 6184
396 331 421 386 ί
431 329 534 385 543

393 455 572 500 tamen
613 452 816 499 certum
863 451 943 496 est
994 442 1241 495 meritum
1290 439 1640 504 innocentiae,
1695 455 1815 493 cum
1871 451 1975 506 qua

394 537 681 590 humanum
708 531 947 602 procedit
969 530 1276 596 exordium,
1308 530 1592 583 voluntatis
1619 529 1746 583 vitio
1775 528 1970 598 deper-

395 630 492 683 ire.
534 629 603 680 At
649 640 746 694 ego
775 626 846 678 ita
890 623 940 677 id
996 639 1114 678 esse
1164 637 1268 676 non
1295 624 1470 677 abnno
1503 640 1515 675 :
1546 621 1639 675 sed
1687 619 1817 675 illud
1852 628 1970 684 est,

392 717 530 787 quod
563 716 645 770 his
671 714 1022 768 illuminatum
1063 713 1321 782 exemplis
1371 713 1523 776 volo,
1548 712 1671 782 quia
1702 726 1820 765 cum
1855 710 1975 764 talis

389 808 458 862 sit
487 805 719 859 conditio
755 803 890 857 facta
931 803 1262 872 qualitatum,
1302 817 1398 872 per
1425 817 1558 872 quas
1591 802 1714 857 boni
1747 811 1801 856 et
1848 801 1973 855 mali

391 898 636 959 dicimur,
664 905 720 949 ut
759 895 857 948 sub
876 895 996 964 jure
1023 895 1221 964 agitent
1251 893 1570 958 voluntatis;
1619 901 1830 960 tamque
1870 890 1974 945 hoc

389 990 456 1041 sit
499 987 639 1042 serio
681 985 1048 1048 constitutum,
1106 995 1296 1038 utnec
1347 983 1670 1049 innocentia,
1716 997 1836 1052 quae
1877 997 1973 1052 pro

389 1078 645 1148 dignitate
670 1077 901 1131 auctoris
929 1075 1161 1129 ofﬁcium
1195 1076 1463 1130 antevenit
1483 1075 1770 1147 voluntatis
1792 1084 1844 1128 et
1870 1089 1968 1127 na-

389 1169 576 1222 luralis
626 1177 743 1230 est;
777 1177 952 1220 tamen
983 1167 1121 1219 nulla
1157 1181 1217 1222 se
1245 1175 1503 1235 potestate
1528 1165 1579 1219 in
1605 1165 1784 1219 animo
1811 1180 1971 1232 repu-

389 1268 585 1326 gnante
614 1256 898 1321 custodiat,
928 1256 1083 1326 longe
1105 1257 1364 1326 longeque
1392 1256 1618 1327 amplius
1645 1256 1746 1310 hoc
1777 1255 1828 1308 in
1848 1254 1971 1308 mali

392 1359 542 1417 parte
566 1350 654 1417 jus
681 1349 874 1413 valeat,
903 1356 959 1401 ut
980 1347 1176 1401 nullam
1207 1349 1256 1400 in
1282 1348 1500 1401 rationis
1525 1347 1743 1401 exiliunt
1785 1354 1969 1417 tyran-

390 1441 566 1494 nidem
597 1449 841 1510 capessat
869 1439 1025 1507 culpa
1050 1439 1320 1493 voluntate
1348 1449 1613 1508 suscepta.
1643 1439 1712 1492 Et
1748 1439 1790 1492 si
1832 1439 1967 1492 bona

389 1531 648 1600 qualitas,
680 1545 800 1583 cum
832 1545 932 1599 qua
961 1531 1130 1584 factus
1155 1537 1238 1584 est
1266 1531 1428 1582 homo
1449 1570 1462 1593 ,
1489 1528 1833 1583 immutabilis
1864 1542 1966 1582 non

392 1619 489 1674 fuit
518 1619 673 1692 (falso
696 1621 837 1674 enim
872 1619 1141 1673 diceretur
1169 1619 1302 1673 liber
1331 1617 1513 1683 homo,
1550 1619 1595 1671 si
1640 1627 1815 1672 motus
1842 1631 1968 1686 pro-

392 1712 535 1780 prios
563 1712 768 1765 variare
795 1726 896 1764 non
929 1710 1130 1780 posset)
1157 1728 1170 1764 :
1198 1711 1368 1764 multo
1393 1710 1559 1779 magis
1581 1708 1809 1778 qualitas
1833 1709 1968 1762 mala

390 1802 501 1854 ﬁeri
555 1816 660 1854 non
714 1802 912 1870 potuit,
943 1810 999 1854 ut
1040 1799 1382 1853 immutabilis
1419 1809 1474 1853 et
1509 1799 1780 1853 rationalis
1805 1800 1860 1854 ιε
1903 1813 1970 1852 ne

389 1891 476 1945 illa
507 1891 642 1944 ratio
665 1891 922 1945 libertatis
951 1889 1315 1959 prinjudicium
1338 1904 1368 1943 a
1393 1889 1514 1942 mali
1543 1898 1690 1959 parte
1710 1891 1964 1955 sentiret,

388 1979 529 2048 quod
566 1988 782 2049 prepter
805 1987 997 2034 statum
1023 1993 1176 2034 suum
1207 1993 1305 2034 nec
1323 1993 1354 2032 a
1373 1978 1496 2034 boni
1515 1980 1758 2049 portione
1784 1988 1968 2048 pertu-

387 2069 540 2124 lerat.

458 2162 594 2216 Auc.
624 2159 762 2214 Ecce
793 2168 847 2214 tu
876 2175 1084 2231 quoque
1113 2160 1379 2227 invenisti,
1412 2169 1467 2216 et
1489 2162 1732 2232 quamvis
1759 2163 1930 2221 serius
1948 2206 1963 2231 ,

390 2260 565 2306 tamen
592 2251 877 2321 aliquando
922 2252 1015 2305 tibi
1055 2252 1200 2306 venit
1223 2251 1275 2305 in
1307 2259 1537 2307 mentem
1557 2293 1572 2318 ,
1605 2253 1743 2309 unde
1770 2264 1854 2309 tua
1885 2265 1966 2312 te-

384 2345 611 2397 meraria
633 2343 893 2397 sententia
919 2342 1224 2398 destruatur
1247 2360 1259 2394 :
1281 2342 1457 2397 dixisti
1482 2345 1696 2414 quippe,
1726 2348 1968 2403 naturale

385 2434 581 2487 bonum
609 2474 622 2496 ,
667 2433 807 2502 quod
846 2442 928 2488 est
957 2433 1259 2487 innocentia
1282 2475 1296 2498 ,
1340 2448 1498 2502 posse
1528 2437 1813 2491 voluntatis
1839 2438 1966 2492 vitio

384 2523 629 2591 deperire
654 2540 666 2574 :
689 2537 750 2575 ac
780 2537 876 2591 per
915 2522 1014 2576 hoc
1043 2530 1148 2576 tam
1179 2539 1427 2593 magnum
1467 2524 1662 2579 bonum
1683 2567 1698 2594 ,
1728 2528 1866 2596 quod
1895 2529 1965 2582 ita

387 2613 617 2682 pertinet
646 2612 710 2665 ad
743 2621 1004 2675 naturam,
1039 2628 1142 2666 non
1174 2615 1432 2682 corporis,
1465 2614 1557 2668 sed
1585 2616 1748 2684 ipsius
1771 2617 1960 2685 animi,

384 2715 442 2759 ut
475 2719 593 2757 eum
620 2703 735 2771 ipso
762 2703 902 2757 bono
939 2703 1080 2758 Deus
1109 2703 1379 2758 hominem
1423 2703 1634 2770 fecerit,
1677 2708 1964 2763 amissibile

383 2809 503 2848 esse
532 2794 872 2866 monstrasti:
894 2792 1036 2863 quod
1084 2793 1128 2846 si
1177 2801 1298 2848 ante
1343 2794 1436 2850 tibi
1467 2795 1697 2850 venisset
1726 2795 1779 2850 in
1812 2813 1963 2852 men-

383 2895 490 2939 tem
513 2925 526 2947 ,
559 2898 662 2938 non
698 2893 906 2952 putares
933 2883 1296 2953 prodigialiter
1323 2892 1377 2939 et
1405 2885 1624 2938 nimium
1652 2885 1964 2942 deformiter

383 2977 509 3040 dici,
545 2993 562 3025 ‹
587 2975 732 3029 Bene
763 2974 1060 3028 institutum
1089 2983 1170 3029 est
1193 2975 1408 3041 animal,
1439 2975 1490 3029 in
1519 2991 1624 3045 quo
1652 2976 1962 3033 amissibilia

384 3067 596 3118 fuerunt
631 3063 767 3117 bona
805 3064 964 3117 etiam
1008 3063 1305 3117 naturalia:
1334 3082 1353 3115 ι
1404 3064 1879 3121 amissibilia‘enim
1907 3076 1963 3123 tu

384 3153 579 3223 putasti
605 3167 725 3207 esse
745 3195 758 3213 ,
787 3152 881 3207 sed
914 3152 1232 3219 voluntaria,
1263 3153 1344 3207 vel
1370 3153 1529 3221 bona,
1558 3156 1641 3210 vel
1669 3156 1837 3223 mala;
1868 3171 1966 3212 na-

384 3246 568 3300 turalia
611 3257 739 3298 vero
769 3244 912 3298 soles
952 3244 1315 3299 inamissibilia
1362 3246 1670 3314 praedicare.
1703 3247 1781 3301 Tu
1818 3249 1962 3303 enim

381 3345 436 3390 et
479 3334 602 3388 alibi
649 3332 781 3386 dicis
804 3372 819 3396 ,
864 3331 986 3401 quia
1040 3350 1058 3382 ‹
1084 3333 1340 3386 naturalia
1370 3333 1437 3386 ab
1467 3335 1616 3388 initio
1652 3337 1963 3392 substantiae

383 3439 550 3493 usque
578 3422 643 3475 ad
670 3420 954 3476 terminum
974 3421 1114 3476 illius
1145 3432 1486 3491 perseverant
1511 3442 1530 3475 ι
1549 3423 1767 3492 (Supra,
1795 3425 1882 3479 lib.
1901 3429 1956 3494 2,

381 3532 499 3582 cap.
525 3513 614 3582 76)
639 3531 650 3566 :
674 3513 741 3567 ad
779 3513 881 3568 hoc
922 3522 978 3566 ut
1016 3513 1240 3567 liberum
1264 3513 1570 3578 arbitrium,
1600 3517 1737 3584 quod
1763 3516 1962 3573 homini

384 3605 524 3659 Deus
544 3645 557 3667 ,
585 3620 703 3658 cum
727 3619 847 3658 eum
870 3613 1099 3670 crearet,
1131 3602 1296 3670 dedit,
1326 3604 1492 3658 amitti
1525 3620 1627 3659 non
1657 3621 1810 3675 posse
1837 3623 1964 3662 con-

384 3697 600 3760 tendas;
633 3697 897 3765 praecipue
921 3709 1167 3750 asserens
1196 3696 1450 3750 naturalia
1484 3695 1620 3752 bona
1649 3699 1963 3756 voluntariis

384 3788 536 3842 malis
559 3787 731 3856 perire
752 3801 855 3840 non
878 3800 1053 3855 posse.
1070 3785 1138 3840 Et
1157 3785 1276 3841 ideo
1296 3786 1491 3854 dicitis,
1516 3789 1655 3859 quod
1674 3791 1724 3844 in
1745 3806 1962 3860 perver-

383 3897 498 3935 sum
534 3879 708 3934 omnia
744 3894 1001 3933 conemur
1025 3894 1288 3948 asserere,
1321 3889 1567 3951 tanquam
1593 3882 1831 3938 dicamus
1856 3901 1963 3940 non

383 3986 539 4042 posse
569 3971 736 4024 amitti
764 3970 1056 4024 voluntaria
1086 3970 1221 4023 mala
1241 4010 1256 4035 ,
1303 3986 1463 4040 posse
1489 3983 1664 4028 autem
1705 3976 1963 4032 naturalia

384 4065 520 4118 bona
549 4081 562 4116 :
587 4062 724 4132 quod
763 4076 860 4116 nos
907 4060 1119 4128 quidem
1153 4076 1254 4114 non
1283 4061 1542 4128 dicimus;
1572 4073 1796 4135 utraque
1820 4066 1962 4121 enim

383 4155 609 4208 dicimus
623 4153 789 4207 amitti
810 4167 994 4221 posse;
1017 4152 1108 4206 sed
1133 4153 1267 4206 mala
1284 4169 1400 4222 quze
1422 4155 1742 4210 invehuntur
1759 4173 1852 4227 per
1871 4173 1965 4212 vo-

385 4247 637 4300 luntatem
675 4244 893 4298 liberam
917 4284 931 4308 ,
979 4257 1076 4310 per
1116 4242 1345 4297 divinam
1390 4244 1765 4316 indulgentiam
1807 4265 1964 4318 posse

383 4337 576 4401 amitti,
611 4335 692 4391 vel
717 4351 811 4404 per
832 4336 1114 4388 humanam
1141 4335 1486 4402 voluntatem,
1520 4339 1612 4392 sed
1641 4354 1666 4391 a
1695 4341 1802 4394 Deo
1832 4341 1964 4396 libe-

385 4440 551 4485 ratam
569 4471 582 4495 ,
609 4437 662 4483 et
686 4443 715 4481 a
743 4428 968 4481 Domino
987 4436 1360 4496 przeparatam.
1388 4427 1584 4482 Verum
1615 4436 1668 4484 tu
1699 4431 1786 4499 qui
1808 4431 1960 4499 dicis,

388 4519 558 4574 amitti
597 4533 752 4587 posse
791 4533 883 4585 per
912 4518 1240 4572 voluntatem
1288 4518 1510 4582 malam,
1542 4519 1636 4573 sed
1668 4521 1962 4577 voluntaria

389 4612 525 4664 bona
544 4650 558 4674 ,
589 4623 694 4661 non
722 4607 998 4671 naturalia,
1022 4623 1148 4662 ecce
1169 4608 1434 4674 invenisti,
1466 4617 1624 4680 atque
1646 4611 1756 4679 ipse
1784 4610 1964 4667 dixisti

389 4701 744 4759 innocentiam
770 4739 783 4757 .
819 4698 957 4768 quod
987 4707 1068 4752 est
1096 4701 1334 4753 naturale
1361 4699 1578 4766 bonum,
1608 4701 1776 4755 amitti
1809 4717 1965 4772 posse

392 4813 485 4866 per
524 4791 878 4848 voluntarium
925 4789 1141 4843 malum.
1174 4791 1237 4843 Et
1267 4791 1564 4845 innocentia
1585 4833 1600 4856 ,
1645 4791 1688 4847 si
1721 4792 1855 4847 bene
1879 4801 1961 4848 ate

391 4885 608 4949 tendas,
658 4883 828 4951 majus
854 4881 1046 4936 bonum
1076 4890 1186 4945 est,
1219 4896 1374 4950 quam
1404 4881 1624 4937 liberttm
1653 4884 1962 4940 arbitrium:

391 4977 512 5046 quia
539 4973 836 5028 innocentia
868 4987 956 5026 res
989 4970 1248 5026 bonorum
1277 4980 1378 5036 est,
1410 4973 1633 5028 liberum
1663 4991 1788 5029 vero
1817 4977 1963 5030 arbi-

391 5077 428 5120 ti
444 5066 548 5119 ium
589 5074 640 5118 et
678 5063 937 5116 bonorum
983 5071 1095 5126 est,
1144 5072 1197 5117 et
1239 5063 1517 5116 malorum.
1569 5063 1754 5119 Utrum
1785 5076 1962 5121 autem

393 5157 528 5212 mala
562 5155 827 5209 voluntate
865 5155 942 5207 sic
968 5164 1149 5222 pereat
1178 5155 1476 5208 innocentia
1503 5197 1517 5220 ,
1551 5166 1605 5209 ut
1633 5157 1796 5226 possit
1825 5157 1962 5212 bona

389 5249 661 5304 voluntate
705 5244 970 5314 reparari,
1012 5261 1116 5298 non
1159 5245 1570 5318 contemptibilis
1611 5249 1834 5317 quaestio
1859 5258 1958 5303 est.

389 5341 536 5393 Sicut
574 5339 716 5391 enim
760 5335 802 5389 si
846 5335 1115 5389 voluntate
1153 5348 1490 5407 amputentur
1527 5340 1769 5408 corporis
1798 5356 1962 5394 mem—

392 5433 503 5489 lira.
535 5445 640 5485 non
669 5429 1015 5484 restituuntur
1039 5427 1221 5482 itidem
1248 5429 1550 5495 voluntate;
1584 5431 1654 5484 ita
1681 5431 1962 5486 videndum

390 5534 467 5576 cSt
487 5562 502 5585 ,
543 5537 608 5575 an
636 5521 687 5574 in
717 5535 774 5574 re
811 5517 1020 5589 quidem
1053 5518 1332 5586 dissimili,
1367 5519 1416 5574 id
1443 5529 1524 5576 est
1544 5563 1558 5588 ,
1590 5522 1838 5577 inanimo
1862 5524 1965 5579 tale

456 5671 472 5701 ι
500 5677 657 5740 vetus
677 5670 838 5740 culex
889 5678 1030 5730 l‘ort.,
1089 5677 1134 5720 et
1195 5671 1444 5723 naturalis.
1499 5681 1636 5725 Forte
1681 5675 1963 5738 legendum,

389 5737 508 5780 esset
530 5738 573 5780 et
613 5735 871 5781 rationalis.

1036 324 1280 381 OPERIS
1321 322 1728 380 IMPERFECTI
1767 323 2035 380 CONTRA
2076 322 2434 392 JULIANUM,
2475 325 2532 381 S.
2573 325 2941 384 AUGUSTINI

3527 333 3549 386 I
3560 333 3667 388 544

2085 435 2282 507 aliquid
2310 437 2377 491 de
2397 437 2710 494 innocentia:
2731 439 3027 508 perditione
3055 440 3352 511 contingat,
3385 453 3439 497 et
3467 446 3667 499 volun-

2085 528 2218 581 tario
2245 535 2389 581 motu
2435 529 2607 596 perire
2647 531 2844 598 possit,
2879 530 3053 585 redire
3079 545 3182 585 non
3211 533 3399 602 possit.
3436 533 3567 589 Nam
3605 546 3662 590 et

2081 633 2231 672 sacra
2257 619 2548 689 virginitas,
2579 621 2620 674 si
2649 637 2740 690 per
2761 621 3077 691 impudicam
3104 632 3284 691 pereat
3310 624 3658 692 voluntatem,

2081 708 2147 762 ad
2196 711 2499 778 pudicitiam
2548 711 2710 765 rediri
2737 713 2752 742 ί
2795 721 3004 781 potest,
3044 712 3110 766 ad
3153 714 3507 783 virginitatem
3552 731 3660 771 non

2081 806 2274 867 potest.
2306 799 2411 854 Sed
2441 799 2615 854 adhuc
2640 801 3009 870 respondetur,
3041 813 3094 856 et
3122 803 3474 873 integritatem
3497 806 3662 875 virgi-

2080 888 2294 942 nitatis”
2323 889 2373 942 in
2404 904 2662 960 corpore,
2697 906 2801 944 non
2829 892 3010 961 utique
3034 892 3194 946 animi
3223 908 3342 948 esse
3364 937 3380 960 ,
3411 895 3507 949 sed
3536 911 3662 951 cor-

2079 978 2225 1046 poris
2249 995 2263 1031 :
2286 993 2408 1032 cum
2434 994 2561 1034 vero
2589 980 2656 1034 de
2687 981 2985 1035 innocentia
3016 982 3364 1051 disputatur',
3397 994 3453 1039 et
3481 994 3662 1041 tamen

2079 1069 2524 1148 considerandum
2571 1081 2691 1137 est,
2744 1081 2919 1125 utrum
2969 1072 3034 1126 ad
3081 1073 3341 1142 justitiam
3391 1076 3662 1131 voluntate

2077 1159 2263 1214 redeat
2285 1161 2372 1228 qui
2405 1160 2725 1228 peccaverit,
2756 1177 2862 1214 non
2893 1161 2957 1214 ad
2986 1162 3376 1227 innocentiam;
3407 1165 3542 1218 sicut
3574 1165 3661 1220 illa

2077 1250 2144 1304 ad
2175 1250 2480 1320 pudicitiam
2503 1292 2518 1317 ,
2552 1266 2657 1305 non
2686 1254 2750 1305 ad
2779 1252 3131 1322 virginitatem
3171 1254 3329 1308 redit.
3360 1255 3491 1308 Nam
3522 1257 3662 1311 sicut

2077 1339 2331 1409 injustitia
2368 1341 2614 1410 justitiac;
2651 1342 2719 1395 ita
2757 1343 3074 1396 innocentiae
3109 1344 3253 1399 velut
3299 1345 3416 1415 ejus
3447 1357 3663 1400 contra-

2077 1433 2236 1497 rium,
2258 1449 2361 1486 non
2382 1433 2660 1503 injustitia,
2684 1434 2776 1489 sed
2798 1445 2978 1489 reatus
2999 1437 3301 1504 opponitur,
3320 1439 3406 1507 qui
3426 1438 3662 1494 hominis

2076 1523 2346 1577 voluntate
2386 1539 2490 1578 non
2522 1525 2750 1592 tollitur,
2781 1525 2880 1580 etsi
2909 1528 3023 1595 ejus
3053 1528 3324 1583 voluntate
3353 1531 3422 1584 sit
3463 1531 3655 1587 factus.

2074 1613 2190 1673 Non
2217 1615 2359 1668 enim
2392 1631 2576 1670 verum
2620 1616 2792 1683 videt,
2837 1617 2926 1687 qui
2977 1626 3122 1686 putat
3165 1630 3367 1674 reatum
3410 1622 3510 1675 sibi
3556 1624 3658 1692 ipsi

2074 1705 2261 1761 tollere
2286 1709 2661 1775 poenitentem;
2691 1724 2988 1778 quanquam
3015 1719 3068 1765 et
3093 1711 3260 1779 ipsam
3289 1715 3658 1781 ptenitentiam

2077 1796 2215 1851 Deus
2240 1797 2348 1862 det,
2379 1798 2519 1868 quod
2550 1799 2835 1868 Apostolus
2862 1800 3144 1854 confirmat
3166 1801 3378 1866 dicens,
3413 1802 3498 1858 Ne
3528 1809 3662 1876 forte

2072 1886 2174 1940 illis
2203 1886 2339 1941 Deus
2365 1888 2448 1942 det
2478 1890 2814 1957 paenitentiam
2834 1889 2900 1960 (ll
2921 1889 3055 1944 Tim.
3081 1907 3141 1958 tt,
3169 1892 3260 1963 ΞΒ)
3287 1913 3302 1949 :
3325 1895 3418 1949 sed
3447 1907 3656 1954 reatum

2073 1978 2409 2046 apertissime
2436 1978 2580 2032 Deus
2608 1978 2764 2044 tollit,
2799 1980 2997 2034 homini
3026 1980 3202 2034 dando
3228 1981 3613 2052 indulgentiam
3640 2002 3658 2050 ;

2075 2081 2178 2120 non
2205 2067 2304 2121 sibi
2345 2068 2458 2137 ipse
2496 2067 2690 2134 homo,
2735 2069 2940 2139 agendo
2971 2071 3355 2138 paenitentiam.
3391 2074 3660 2130 Debemus

2071 2156 2266 2226 quippe
2296 2156 2444 2210 illum
2465 2157 2720 2221 recolere,
2763 2160 2852 2227 qui
2885 2158 3056 2212 locum
3083 2160 3410 2229 paenitentia:
3437 2177 3540 2216 non
3568 2165 3661 2217 in-

2073 2245 2248 2310 venit,
2281 2245 2522 2314 quamvis
2562 2261 2681 2300 cum
2720 2246 2971 2318 lacrymis
3006 2249 3271 2316 quaesierit
3299 2265 3419 2305 eam
3455 2252 3660 2321 (Hebr.

2073 2353 2173 2402 xu,
2207 2337 2317 2407 i7).
2348 2340 2424 2393 Ac
2453 2352 2546 2407 per
2571 2337 2672 2393 hoc
2696 2348 2750 2393 et
2776 2340 3140 2408 paenitentiam
3167 2343 3304 2411 egit,
3335 2351 3389 2397 et
3418 2359 3541 2398 rens
3567 2361 3661 2398 re-

2070 2429 2304 2494 mansit,
2349 2429 2471 2499 quia
2499 2429 2704 2482 veniam
2736 2443 2840 2483 non
2870 2431 3186 2499 accepit:et
3226 2432 3298 2485 illi
3345 2434 3434 2502 qui
3475 2434 3662 2489 dicent

2069 2517 2209 2572 inter
2237 2533 2314 2584 se,
2339 2520 2677 2588 paenitentiam
2697 2530 2917 2590 agentes,
2949 2531 2996 2574 et
3023 2538 3112 2591 per
3132 2524 3419 2592 angustiam
3446 2526 3660 2593 spiritus

2067 2609 2480 2678 gementesﬁuid
2494 2609 2634 2662 nobis
2650 2611 2842 2680 profuit
2863 2611 3093 2678 superbia
3112 2611 3262 2682 (Sap.
3281 2629 3332 2678 v,
3356 2613 3408 2678 5,
3428 2613 3506 2682 8),
3523 2616 3660 2669 etc.?

2069 2700 2150 2754 rei
2175 2700 2353 2770 utique
2382 2701 2433 2754 in
2457 2709 2718 2755 aeternum
2736 2740 2752 2766 ,
2782 2717 2885 2754 non
2913 2713 3128 2771 accepta
3153 2705 3303 2758 venia
3321 2746 3336 2769 ,
3371 2721 3662 2774 permane-

2065 2786 2201 2847 bunt
2229 2808 2242 2844 :
2266 2792 2404 2846 sicut
2431 2791 2591 2845 etiam
2634 2792 2721 2846 ille
2754 2791 2820 2846 de
2849 2807 2954 2861 quo
2993 2793 3250 2847 Dominus
3276 2794 3377 2857 ait,
3420 2794 3541 2848 Non
3570 2814 3658 2850 re-

2065 2888 2290 2941 mittetur
2317 2887 2382 2952 ei,
2409 2885 2496 2939 sed
2522 2901 2636 2938 reus
2667 2885 2760 2938 erit
2785 2887 2958 2940 aeterni
2982 2887 3174 2955 peccati
3199 2885 3392 2954 (Marc.
3428 2904 3506 2953 tu,
3533 2889 3654 2958 29).

2065 2976 2202 3030 Ecce
2223 2975 2432 3030 inventa
2459 2982 2542 3028 est
2563 2975 2865 3029 innocentia
2895 2989 3142 3044 magnum
3168 2974 3398 3030 hominis
3428 2977 3651 3043 bonum,

2065 3075 2225 3135 atque
2265 3067 2337 3120 ita
2380 3066 2652 3130 naturale,
2695 3074 2754 3119 ut
2796 3080 2916 3118 cum
2948 3065 3038 3118 illa
3073 3065 3142 3120 sit
3175 3067 3418 3121 conditos
3446 3068 3657 3138 primus

2065 3139 2249 3222 homo,
2281 3163 2334 3210 et
2360 3156 2496 3210 sicut
2533 3172 2627 3210 vos
2669 3155 2866 3222 dicitis,
2911 3170 3032 3210 cum
3076 3156 3162 3210 illa
3203 3159 3437 3212 nascitur
3473 3159 3655 3214 omnis

2066 3245 2258 3310 homo,
2301 3261 2419 3315 qua:
2478 3255 2653 3300 tamen
2696 3245 2922 3299 hominis
2960 3245 3230 3300 voluntate
3256 3247 3408 3316 perdi
3438 3258 3649 3316 potest,

2072 3352 2177 3390 non
2210 3344 2381 3405 potest
2413 3335 2559 3389 reddi
2582 3353 2596 3388 :
2617 3343 2670 3390 et
2691 3345 2870 3390 reatus
2892 3350 3138 3405 magnum
3162 3337 3358 3389 malum
3390 3336 3650 3391 innocen-

2068 3427 2259 3496 timque
2301 3427 2662 3491 contrarium,
2705 3427 2845 3496 quod
2890 3437 3063 3481 tamen
3101 3435 3335 3496 potestas
3378 3427 3647 3496 hominis,

2064 3530 2186 3571 cum
2221 3516 2289 3570 sit
2328 3516 2700 3578 voluntarium,
2738 3517 2908 3586 possit
2954 3514 3170 3580 inferre,
3212 3530 3311 3571 nec
3351 3518 3522 3586 possit
3557 3532 3654 3571 au-

2064 3604 2225 3660 ferre.
2266 3603 2501 3660 Videsne
2543 3605 2990 3675 quemadmodum
3025 3606 3287 3676 generalis
3331 3617 3419 3659 tua
3465 3607 3649 3677 regula

2066 3701 2152 3755 illa
2179 3699 2481 3769 frangatur,
2514 3715 2615 3768 qua
2648 3701 2869 3768 putabas
2893 3698 3382 3765 naturale'bonum,
3421 3713 3522 3754 nos
3549 3716 3651 3754 vo.

2065 3792 2270 3846 luntate
2295 3805 2401 3844 non
2442 3788 2696 3859 perdere;
2729 3787 2940 3858 quando
2972 3789 3242 3843 inventum
3268 3797 3353 3844 est
3372 3789 3515 3858 quod
3544 3805 3650 3845 non

2067 3885 2240 3940 solum
2283 3891 2502 3953 pereat,
2551 3881 2644 3936 sed
2677 3897 2774 3935 nec
2810 3880 2993 3937 redeat
3028 3881 3301 3936 voluntate
3324 3922 3340 3944 ,
3389 3881 3653 3937 duntaxat

2065 3973 2338 4030 humana?
2378 3975 2520 4029 Deus
2554 3954 2729 4026 autem
2758 3980 2934 4042 potest
2970 3972 3237 4026 hominem
3279 3981 3430 4026 reatu
3473 3973 3653 4029 ablato

2065 4063 2132 4118 ad
2159 4064 2513 4118 innocentiam
2547 4077 2819 4117 revocare.
2860 4061 2968 4117 Cur
2993 4077 3119 4132 ergo
3145 4078 3251 4117 non
3285 4062 3462 4116 credis
3486 4064 3651 4119 libero

2066 4162 2229 4209 tatem
2257 4153 2393 4208 bene
2415 4153 2602 4221 agendi
2633 4154 2903 4207 voluntate
2928 4152 3155 4206 humana
3184 4153 3358 4223 perire
3385 4153 3648 4223 petuisse,

2066 4261 2169 4301 nec
2210 4243 2386 4300 redire
2423 4258 2615 4314 posse,
2648 4244 2746 4298 nisi
2786 4244 2961 4299 divina
2987 4244 3287 4309 voluntate;
3315 4259 3437 4298 cum
3463 4245 3650 4299 audias

2069 4334 2334 4390 hominem
2373 4333 2663 4398 dicentem,
2689 4331 2810 4387 Non
2834 4334 2970 4403 quod
2991 4333 3122 4400 volo,
3156 4335 3287 4405 facio
3308 4334 3530 4399 bonum;
3559 4337 3650 4390 sed

2066 4424 2200 4496 quod
2236 4423 2352 4477 nolo
2385 4423 2603 4490 malum,
2651 4423 2744 4476 hoc
2771 4440 2900 4494 ago;
2941 4433 2994 4478 et
3025 4431 3148 4494 post
3186 4423 3347 4478 verba
3383 4425 3506 4478 talia
3535 4426 3648 4481 cla-

2067 4525 2322 4583 mantem,
2356 4517 2480 4584 Quis
2509 4533 2586 4570 me
2621 4515 2884 4570 liberabit?
2917 4531 2979 4571 ac
3018 4517 3388 4587 subjicientem
3411 4560 3426 4583 ,
3470 4516 3652 4571 Gratia

2067 4609 2164 4663 Dei
2193 4626 2279 4679 per
2304 4608 2479 4663 Iesum
2507 4607 2762 4662 Clu-istum
2791 4607 3065 4662 Dominum
3094 4619 3320 4662 nostrum
3346 4607 3524 4676 (Rom.
3554 4625 3645 4663 vn.

2070 4701 2157 4763 15,
2204 4699 2295 4766 24,
2339 4697 2471 4768 25)?
2503 4697 2648 4752 «Sed
2680 4697 2832 4762 falso,
2866 4717 2883 4749 l
2919 4697 3115 4767 inquis,
3171 4715 3189 4747 ι
3219 4693 3490 4747 diceretur
3515 4689 3656 4744 liber

2070 4791 2251 4854 homo,
2283 4790 2327 4845 si
2368 4799 2544 4844 motus
2580 4790 2823 4859 proprios
2860 4789 3066 4844 variare
3121 4799 3223 4838 non
3261 4791 3462 4852 posset.
3490 4801 3508 4834 ι
3543 4781 3657 4837 Nec
3691 4838 3702 4847 ,

2069 4889 2122 4935 te
2151 4879 2298 4934 vides
2327 4880 2425 4948 ipsi
2453 4879 2562 4932 Deo
2591 4879 2777 4933 tollere
2803 4879 3127 4936 libertatem,
3153 4883 3208 4927 et
3233 4873 3405 4935 nobis,
3438 4873 3659 4942 quando

2069 4987 2189 5025 cum
2218 4970 2308 5024 illo
2338 4970 2388 5023 in
2419 4983 2591 5038 regno
2611 4969 2726 5038 ejus
2747 4964 3079 5023 immortales
3098 4965 3279 5019 vivere
3305 4963 3652 5034 cmperimus,

2070 5075 2168 5116 nec
2194 5068 2370 5114 motus
2398 5067 2641 5123 nostros,
2673 5074 2812 5113 nunc
2859 5055 2912 5110 in
2955 5055 3174 5118 bonum,
3203 5069 3343 5109 nunc
3370 5055 3423 5108 in
3453 5054 3655 5107 malum

2069 5151 2224 5205 nobis
2251 5150 2351 5203 erit
2388 5149 2642 5218 possibile
2681 5151 2926 5212 variare;
2973 5153 3029 5201 et
3072 5154 3250 5199 tamen
3291 5153 3420 5199 tunc
3449 5141 3658 5197 felicius

2067 5239 2222 5295 liberi
2251 5239 2472 5305 erimus,
2505 5239 2715 5308 quando
2743 5250 2850 5290 non
2872 5236 3164 5307 poterimus
3188 5236 3389 5291 servire
3411 5241 3656 5303 peccato,

2068 5331 2205 5386 sicut
2232 5344 2332 5384 nec
2363 5331 2475 5399 ipse
2504 5330 2643 5386 Deus
2667 5348 2678 5382 :
2703 5327 2798 5384 sed
2838 5342 2936 5384 nos
2965 5327 3131 5398 ipsius
3159 5328 3326 5398 gratia
3347 5369 3362 5393 ,
3411 5326 3506 5381 ille
3529 5338 3661 5379 vero

2068 5437 2162 5477 sua
2188 5429 2394 5476 natura.

2133 5617 2150 5682 ξ
2184 5616 2256 5682 sic
2280 5623 2383 5664 Mss.
2401 5618 2452 5662 tn
2483 5613 2638 5682 vign.,
2659 5609 2858 5682 redire.“

2132 5680 2152 5708 ³
2187 5678 2258 5723 sic
2279 5683 2384 5726 Mss.
2416 5681 2463 5723 In
2495 5674 2649 5736 vign.,
2679 5674 2899 5736 Virginis.

2137 5741 2158 5771 ³
2193 5743 2328 5788 Forte
2363 5737 2452 5786 add
2465 5732 2658 5789 end'um.
2683 5734 2744 5784 de
2761 5732 2830 5783 "re
2855 5745 2960 5795 qua
2982 5733 3128 5783 unum
3149 5740 3217 5782 est
3241 5732 3525 5791 disputetur.
