3970 6184
268 335 403 391 1545

339 446 453 505 XX.
479 447 598 502 Jun.
630 443 833 500 Deinde
869 443 987 514 quis
1025 443 1286 512 parasitus
1313 445 1381 498 ita
1414 442 1598 498 militis
1626 443 1840 514 gloriosi

264 545 402 598 vires
423 538 870 597 assentationibus
891 535 1099 597 extulit.
1130 545 1186 590 ιιι
1211 534 1578 590 Traducianus
1602 532 1841 588 diaboli?

262 635 412 705 Quod
453 634 520 689 de
557 630 890 704 ponderibus
931 629 1254 684 affectuum‘
1285 627 1497 697 agnosci
1531 626 1671 680 licet.
1704 623 1849 678 Fecit

264 727 526 799 siquidem
559 726 696 779 Deus
726 724 1016 785 hominem,
1047 722 1322 776 materiam
1351 721 1516 789 ipsam
1545 719 1657 773 limi
1685 731 1846 770 vene.

263 821 415 876 rabili
439 817 744 888 dignatione
765 823 1126 879 contrectans,
1151 828 1270 883 qua:
1293 812 1344 866 in
1367 810 1593 866 formam
1618 807 1848 862 hominis

257 913 494 968 auctoris
524 910 607 964 sui
639 923 854 962 manum
884 906 1100 961 subacta
1128 913 1461 972 sequeretur.
1488 898 1848 968 Steteratjam

257 997 591 1063 absolutum,
619 1010 870 1055 cauerunt
899 997 1102 1068 pallens
1129 992 1850 1066 frigensqne’simulacrum,

260 1095 514 1164 spiritum
555 1107 662 1161 quo
698 1089 894 1144 niteret
935 1096 989 1141 et
1021 1088 1219 1156 vigeret
1247 1082 1550 1155 opperiens.
1582 1080 1733 1135 Tunc
1756 1096 1851 1133 au-

255 1183 574 1254 gustissimo
604 1178 833 1234 auctoris
872 1177 1050 1232 afﬂatu
1093 1185 1303 1231 creatus
1337 1183 1391 1228 et
1419 1171 1706 1242 inspiratus
1730 1170 1848 1223 ani-

255 1292 384 1331 mus
404 1317 419 1342 ,
447 1275 650 1328 viscera
681 1270 892 1340 impleta
921 1268 1209 1324 commovit
1231 1283 1246 1320 :
1272 1274 1398 1320 tunc
1433 1277 1620 1318 omnes
1658 1275 1851 1317 sensus

257 1367 311 1422 in
357 1373 670 1435 apparatum
715 1359 1052 1432 propriorum
1100 1371 1380 1412 tnuncrum
1425 1351 1661 1408 suscitati
1703 1359 1848 1405 sunt.

255 1457 425 1512 Dedit
467 1453 733 1510 habitator
779 1451 1049 1528 ingressus
1078 1447 1369 1503 visceribus
1410 1445 1683 1508 colorem,
1721 1456 1850 1496 sau-

252 1549 408 1620 guini
431 1544 717 1606 calorem',
757 1541 1010 1597 membris
1030 1540 1286 1610 vigorem,
1310 1535 1418 1592 cuti
1441 1535 1690 1590 nitorem.
1720 1531 1852 1587 Vide

252 1639 405 1709 quod
462 1636 728 1707 negotium
775 1634 826 1687 in
878 1629 1159 1687 formando
1202 1636 1257 1683 et
1303 1624 1590 1680 animando
1636 1622 1852 1678 homine

250 1732 436 1802 pietas
476 1728 653 1784 divina
703 1723 955 1794 suscepit.
1011 1720 1205 1775 Verum
1254 1732 1354 1772 nec
1393 1714 1684 1787 perfectum
1729 1728 1851 1768 eunt

250 1801 482 1888 reliquit
512 1816 843 1872 familiaritas
873 1809 1213 1869 Conditoris:
1241 1804 1562 1862 transfertur
1590 1801 1656 1858 ad
1687 1817 1851 1857 animo

249 1912 472 1966 niorem
518 1909 691 1965 locum
719 1947 734 1972 ,
766 1915 821 1961 et
842 1919 1001 1976 quem
1031 1903 1324 1956 clementer
1350 1895 1572 1961 fecerat,
1605 1892 1853 1948 munifice.

247 2000 574 2068 locupletat.
607 1996 715 2051 Nec
746 1993 849 2050 hoc
878 2003 1052 2048 tamen
1095 1988 1407 2061 prmstitisse
1444 1991 1754 2046 contentus,
1790 1981 1854 2035 il-

249 2093 462 2147 lustrat
481 2106 603 2146 cum
631 2087 990 2158 itupcrtitione
1015 2081 1259 2152 colloquii
1286 2098 1300 2132 :
1325 2079 1414 2132 dat
1435 2077 1481 2132 ei
1506 2083 1852 2146 praeceptum,

246 2192 310 2236 ιιι
344 2183 650 2235 libertatem
679 2193 829 2231 suam
860 2174 1184 2244 intelligens,
1207 2169 1413 2224 videret
1440 2167 1538 2221 sibi
1568 2174 1853 2234 suppetere

243 2289 364 2344 per
391 2271 530 2342 quod
576 2270 728 2324 fieret
766 2266 988 2321 amicior
1016 2261 1291 2318 Conditori
1319 2279 1331 2314 :
1359 2258 1498 2330 quod
1533 2266 1853 2327 przcccptum

242 2379 377 2417 non
413 2362 465 2415 in
496 2361 658 2415 multa
688 2357 1043 2418 distenditur,
1093 2369 1159 2410 ne
1203 2351 1326 2420 quid
1359 2351 1540 2406 oneris
1567 2347 1635 2402 de
1678 2347 1857 2401 mulli-

245 2451 463 2523 plicnta
506 2450 621 2520 lege
655 2448 905 2511 Seuliret;
956 2446 1047 2500 sed
1092 2441 1410 2500 itnerdictu‘
1437 2441 1589 2494 unius
1618 2437 1852 2510 pomuli,

249 2543 634 2600 testimonium
678 2541 976 2596 devotionis
1019 2538 1309 2609 expetitur.
1341 2535 1531 2589 Pestea
1561 2546 1771 2603 quoque
1799 2537 1856 2584 ut

246 2635 490 2690 haberet
515 2614 834 2693 consortem,
861 2645 1121 2700 perquam
1147 2638 1297 2697 pater
1320 2625 1490 2688 fieret,
1513 2622 1689 2678 denuo
1711 2621 1854 2676 illius

250 2740 483 2791 manus,
509 2739 608 2794 qua
637 2722 880 2778 conditus
907 2729 1042 2786 erat,
1071 2717 1377 2772 uobilitatur
1401 2723 1596 2768 attactu
1619 2731 1634 2779 ;
1668 2711 1854 2767 divino

247 2831 483 2888 quoque
524 2812 747 2868 subinde
789 2809 1052 2880 colloquio
1099 2807 1303 2862 fovetur
1341 2814 1498 2876 atque
1542 2803 1851 2858 honoratur.

253 2909 399 2963 llzec
429 2920 556 2976 ergo
582 2920 609 2957 a
643 2904 752 2958 Deo
781 2903 1013 2972 pnestita
1047 2911 1151 2954 tam
1180 2900 1356 2970 longa,
1390 2907 1496 2952 tam
1529 2896 1715 2959 nutlta,
1747 2905 1852 2976 ta_m

250 2998 512 3073 grandia.
541 2997 797 3060 instituta,
829 3009 1071 3059 munera,
1101 3001 1387 3063 prmeepta,
1414 2987 1698 3058 colloquia,
1730 2972 1852 3040 nu'l-

253 3093 376 3146 lam
425 3090 661 3144 fecerunt
690 3085 892 3141 homini
925 3083 1050 3138 boni
1075 3079 1442 3136 necessitatem
1469 3096 1483 3132 :
1507 3089 1556 3132 at
1584 3093 1614 3132 e
1639 3075 1856 3147 regione

251 3179 512 3234 diabolus
536 3193 638 3230 non
665 3176 838 3229 minus
861 3173 1064 3237 timide,
1092 3187 1249 3242 quam
1275 3169 1485 3234 callide,
1515 3167 1702 3237 exigua
1731 3181 1852 3221 cum

252 3270 497 3325 muliere
521 3269 676 3323 verba
698 3265 1063 3328 commiscuit;
1094 3273 1144 3317 et
1169 3273 1368 3316 tantum
1392 3261 1580 3316 virium
1605 3255 1855 3313 habuisse

255 3361 538 3424 dicuntur,
567 3366 622 3410 ut
648 3356 900 3411 continuo
922 3354 973 3408 in
1001 3352 1358 3409 conditionem
1393 3348 1709 3404 naturalium
1740 3363 1856 3401 ver-

258 3459 542 3514 terentur;
593 3449 698 3502 imo
745 3447 972 3518 ingenita
1013 3454 1198 3499 cuncta
1231 3443 1576 3506 sulu'uercnt,
1620 3439 1856 3495 faceteut

257 3550 582 3613 perpetuam
611 3539 731 3592 ntali
762 3537 1148 3598 necessitatem,
1181 3544 1235 3589 et
1258 3532 1530 3588 dominum
1552 3547 1612 3586 ac
1643 3545 1855 3601 posses-

256 3647 449 3687 Soretn
499 3629 709 3697 imagini
744 3629 832 3682 ltei
878 3627 1147 3681 diabolum
1179 3625 1531 3695 imponerent.
1563 3622 1696 3690 Quid
1727 3638 1854 3692 ergo

258 3723 483 3786 fortius,
506 3721 628 3791 quid
656 3719 1026 3784 mcclleutius,
1058 3715 1183 3786 quid
1215 3713 1636 3784 magnificentius
1657 3712 1852 3766 adver-

257 3814 406 3867 saria
444 3821 738 3880 potestate,
788 3810 830 3864 si
877 3819 1078 3862 tantum
1123 3807 1221 3861 levi
1249 3805 1674 3860 confabulatione
1702 3803 1851 3868 fecit,

257 3914 528 3975 quantum
563 3903 697 3957 Deus
730 3915 824 3955 nec
855 3899 1105 3969 operibus
1134 3897 1245 3950 suis
1275 3896 1465 3966 potuit,
1495 3909 1592 3948 nec
1621 3893 1854 3947 numeri-

259 3996 366 4049 bus
394 3993 671 4048 obtinerc?
694 3989 1028 4046 Manifestum
1050 3999 1129 4041 est
1152 3987 1346 4057 itaque,
1373 3985 1425 4040 in
1448 3987 1564 4053 ejus
1586 3999 1681 4037 vos
1705 3992 1853 4052 parte

258 4085 564 4140 consistere
584 4125 598 4146 ,
640 4083 789 4153 cujus
820 4093 923 4135 tatu
956 4078 1238 4134 iunnmlice
1265 4076 1552 4147 potentiam
1595 4073 1851 4144 prtedica-

261 4180 364 4239 tis;
417 4189 515 4230 nec
555 4177 606 4228 in
647 4175 847 4229 cultum
888 4171 977 4226 Dei
1018 4168 1181 4223 nostri
1215 4168 1377 4221 ullum
1412 4165 1608 4220 habere
1633 4178 1848 4218 consor-

261 4269 400 4320 tium
423 4307 436 4324 .
465 4280 622 4335 quem
650 4279 748 4318 nos
774 4274 828 4316 ιιι
857 4260 1215 4330 ιιιιιιιιδδὶιιιιιιιι
1234 4299 1249 4321 .
1298 4259 1366 4312 ita
1395 4253 1852 4325 omnipotentissi-

259 4373 415 4411 tuum
442 4358 775 4412 confitemur,
798 4369 886 4422 qut
912 4361 1098 4420 potens
1118 4357 1222 4412 est,
1249 4359 1303 4402 et
1324 4349 1518 4402 veritas
1548 4345 1600 4401 in
1631 4345 1852 4400 circuitu

259 4447 408 4514 ejus,
435 4446 523 4516 qui
552 4443 790 4499 luuniliat
813 4444 946 4497 sicut
972 4442 1300 4495 vulneratum
1331 4439 1641 4508 superbum,
1672 4436 1723 4491 id
1747 4446 1848 4500 est,

260 4537 542 4591 diabolum
566 4547 619 4592 ct
643 4534 1012 4592 .\lauich.cum.
1051 4546 1254 4601 vosque
1279 4529 1394 4600 ejus
1437 4530 1670 4584 asscclas
1707 4527 1852 4583 calu-

261 4628 537 4682 mniantes
562 4635 838 4691 naturam,
872 4639 939 4679 ne
967 4637 1062 4677 vos
1087 4629 1278 4692 sponte
1313 4635 1532 4690 peccare
1560 4607 1847 4673 fateamini.

260 4718 386 4788 lpsc
408 4726 542 4788 'ergo
573 4716 712 4772 Deus
741 4724 922 4770 noster
951 4715 1000 4768 in
1033 4715 1226 4767 virtute
1256 4711 1456 4765 brachii
1486 4711 1565 4765 sui
1595 4708 1852 4780 disperdit

259 4808 514 4863 inimicos
544 4820 668 4861 suos
697 4805 864 4876 (Psal.
890 4819 1161 4868 Lxxxvnt,
1193 4802 1248 4866 9,
1283 4799 1394 4872 ll),
1425 4817 1520 4871 per
1545 4801 1686 4871 quod
1718 4799 1849 4854 nihil

257 4908 354 4952 aut
383 4913 415 4952 a
447 4896 618 4961 vobis,
649 4905 741 4950 aut
769 4911 798 4949 a
827 4893 1125 4948 Manichazis
1148 4891 1324 4946 afferri
1354 4892 1542 4959 potuit,
1574 4889 1715 4962 quod
1743 4904 1848 4943 non

255 4987 510 5044 veritatis
534 4987 648 5057 ejus
669 4986 888 5042 fulmine
910 4985 1182 5040 dissiliret.

332 5081 473 5135 Anc.
516 5080 890 5139 Assentatores
933 5075 1131 5131 diaboli
1179 5089 1284 5129 non
1332 5088 1537 5142 sumus,
1587 5087 1687 5129 nec
1730 5071 1852 5143 ejus

255 5179 604 5239 potestatem,
626 5183 744 5238 qua:
765 5167 858 5222 Dei
877 5166 1113 5236 subjecta
1132 5174 1215 5221 est
1234 5164 1502 5235 potestati,
1527 5163 1846 5228 adulatorie,

253 5261 404 5313 sicut
423 5257 576 5311 nobis
597 5255 988 5320 conviciamini,
1035 5256 1298 5335 praeconio
1326 5255 1496 5310 laudis
1520 5254 1846 5312 extollimus.

257 5345 371 5403 Sed
399 5348 598 5403 utinam
629 5362 726 5402 vos
752 5363 858 5401 non
883 5348 999 5416 ejus
1028 5346 1222 5401 milites
1243 5347 1469 5412 essetis,
1498 5348 1636 5399 sicut
1661 5358 1850 5399 omnes

255 5439 502 5496 haeretici
529 5458 542 5494 :
569 5454 793 5511 quorum
825 5439 914 5494 ille
941 5438 1191 5509 dogmata
1223 5438 1275 5492 in
1300 5451 1434 5495 auos
1465 5438 1726 5506 potuerit,
1754 5450 1848 5506 per

326 5579 343 5642 ξ
381 5581 528 5642 vetus
549 5571 1147 5642 eodexetarq‘eﬂectuum.

321 5640 345 5697 ξ
376 5639 450 5687 sic
472 5645 575 5686 uss.
602 5643 649 5684 tu
670 5635 828 5697 vign.,
851 5633 1173 5697 fringensqne.

316 5684 340 5762 ξ
368 5684 535 5762 ᾖδε-κζ
563 5684 826 5762 κήδεαι-ὥρας’
844 5684 1055 5762 cateiam
1075 5684 1294 5762 sanguini
1315 5693 1534 5745 colorem.

316 5756 337 5784 ⁵
363 5755 563 5809 Βὶρλιεε.
587 5764 634 5806 tn
658 5757 814 5819 V‘ignL,
838 5755 923 5807 sed
949 5753 1218 5806 interdicta.
1303 5799 1319 5809 .

607 5851 873 5910 Parnm“
913 5851 1098 5913 XLV.

1617 323 1816 379 LIBER
1854 322 2146 381 SEXTUS.

3399 327 3538 383 1346

1953 453 2158 497 vestras
2207 441 2413 512 linguas
2456 440 2599 496 velut
2630 441 2730 495 tela
2776 437 3045 495 mortifera
3089 440 3368 511 iaculatur.
3403 441 3538 497 Dicit

1951 535 2267 604 Apostolus.
2299 532 2502 588 Gratias
2529 543 2729 605 agentes
2763 532 2936 598 Patri,
2972 532 3178 588 idoneos
3207 533 3410 603 facienti
3448 551 3539 587 nos

1953 625 2003 677 in
2031 634 2222 693 portent
2260 625 2410 678 sortis
2434 635 2720 678 sanctorum
2762 624 2815 676 in
2847 623 3064 689 lumine;
3095 623 3178 694 qui
3207 625 3331 678 eruit
3361 641 3452 678 nos
3480 625 3540 678 de

1956 723 2198 784 potestate
2225 713 2560 774 tenebrarum,
2589 723 2633 767 et
2664 715 2921 767 transtulit
2959 715 3010 768 in
3037 731 3243 785 regnum
3271 713 3394 768 Filii
3415 723 3540 768 clm-

1954 806 2118 860 ritatis
2143 822 2248 860 sua:
2271 805 2483 876 (Coloss.
2513 822 2526 860 ι
2553 847 2568 872 ,
2600 805 2687 870 12,
2717 807 2806 874 l5)
2833 825 2845 859 :
2870 814 2924 860 et
2954 821 3048 861 vos
3074 807 3202 862 istas
3223 807 3419 877 gratias
3441 823 3538 877 pro

1956 897 2186 966 parvulis
2214 912 2311 950 nos
2336 912 2492 967 agere
2521 894 2832 965 prohibetis,
2856 905 3158 951 asserentes
3178 910 3272 952 eos
3294 911 3397 950 non
3420 911 3542 951 esse

1957 987 2054 1042 sub
2077 996 2337 1057 potestate
2358 986 2585 1051 diaboli;
2616 985 2821 1056 utquid,
2856 987 2953 1041 nisi
2984 997 3037 1041 ut
3069 987 3190 1042 inde
3216 1003 3321 1042 non
3343 1003 3539 1042 eruan-

1959 1086 2062 1145 tur,
2097 1095 2161 1133 ne
2189 1078 2334 1132 lucra
2362 1076 2557 1132 diaboli
2588 1076 2927 1130 minuantur?
2959 1077 3094 1131 Dicit
3119 1077 3306 1142 Jcsus,
3339 1079 3426 1148 qui
3457 1093 3538 1133 se-

1957 1167 2186 1222 cundum
2209 1167 2310 1222 hoc
2331 1181 2524 1221 nomen
2547 1181 2723 1234 suum,
2743 1167 2945 1221 salvum
2972 1167 3093 1222 facit
3115 1169 3364 1239 pupulum
3388 1184 3543 1223 suum

1958 1273 1988 1312 a
2015 1258 2242 1330 peccatis
2279 1273 2463 1313 eorum
2493 1256 2704 1327 (Matth.
2739 1273 2754 1312 ι
2781 1300 2796 1324 ,
2827 1257 2944 1328 2|),
2984 1256 3146 1312 Nemo
3174 1259 3328 1312 intrat
3363 1260 3412 1313 in
3447 1259 3542 1313 do-

1958 1366 2095 1402 mum
2123 1349 2296 1419 fortis,
2338 1359 2389 1402 at
2420 1364 2539 1402 vasa
2568 1348 2676 1416 eius
2705 1348 2921 1420 eripiat,
2953 1349 3051 1403 nisi
3084 1349 3225 1420 prius
3262 1348 3546 1421 alligaverit

1959 1443 2136 1512 fortem
2182 1437 2291 1512 (Id.
2327 1455 2420 1503 xu,
2453 1439 2545 1510 9.9)
2578 1458 2590 1494 :
2620 1449 2675 1495 et
2717 1455 2813 1495 vos
2857 1441 2907 1494 in
2953 1439 3054 1496 hoc
3083 1441 3279 1512 populo
3307 1439 3500 1496 Christi
3527 1482 3544 1507 ,

1958 1546 2114 1602 quem
2142 1531 2346 1584 salvum
2399 1528 2522 1584 facit
2560 1544 2590 1583 a
2638 1529 2867 1600 pet-eatis
2898 1545 3083 1584 eorum
3107 1571 3122 1598 ,
3167 1524 3414 1600 parvulos
3443 1548 3547 1585 non

1959 1635 2080 1676 esse
2109 1618 2453 1686 contenditis,
2487 1634 2621 1690 quos
2651 1629 2707 1674 ιιι
2737 1621 2962 1689 prepriis
2984 1662 2998 1687 ,
3046 1621 3115 1675 ita
3147 1636 3244 1674 nec
3277 1620 3547 1691 originali-

1961 1711 2058 1767 bus
2101 1713 2259 1767 vultis
2302 1712 2588 1767 obstrictos
2631 1726 2751 1768 esse
2801 1713 3064 1782 peccatis;
3113 1721 3164 1766 et
3209 1727 3330 1767 cum
3378 1711 3549 1766 fallaci

1960 1813 2140 1858 vestro
2162 1818 2410 1858 sermone
2432 1803 2668 1858 minuitis
2689 1801 2828 1858 vires
2849 1803 2985 1873 ejus,
3010 1817 3166 1872 quem
3189 1803 3323 1857 dixit
3346 1801 3551 1858 Veritas

1962 1897 2174 1960 fortem,
2205 1887 2388 1952 errore
2413 1906 2592 1950 vestro
2621 1911 2742 1950 eum
2774 1895 2947 1950 facitis
2977 1895 3044 1948 ad
3074 1893 3394 1950 obtinendos
3425 1910 3548 1965 par-

1961 1989 2109 2044 vulos
2140 1989 2434 2044 fortiorem.
2468 1988 2599 2042 Dicit
2625 1985 2800 2051 Jesus,
2833 1986 2974 2040 Venit
2995 1987 3126 2040 enim
3147 1984 3317 2040 Filius
3336 1986 3552 2039 hominis

1960 2094 2182 2149 qurercre
2209 2087 2254 2132 et
2276 2078 2471 2132 salvum
2500 2082 2665 2148 facere
2691 2076 2825 2148 quod
2849 2077 3064 2146 perierat
3097 2074 3244 2146 (an.
3275 2092 3389 2140 xtx,
3419 2076 3508 2146 l0)
3535 2093 3548 2130 :

1962 2178 2014 2224 et
2042 2184 2136 2224 vos
2163 2170 2211 2224 ei
2244 2169 2599 2238 respontletis,
2625 2165 2738 2222 Non
2769 2183 2905 2239 opus
2932 2178 3013 2223 est
3040 2178 3095 2221 ιιι
3123 2168 3371 2237 parvulos
3401 2184 3549 2237 quac-

1964 2274 2072 2323 ras,
2101 2259 2224 2328 quia
2255 2274 2360 2313 non
2394 2258 2693 2327 perierant;
2727 2267 2887 2328 atque
2917 2257 2986 2311 ita
3016 2274 3138 2311 cum
3168 2257 3236 2311 ab
3262 2257 3339 2312 eis
3367 2256 3552 2311 Salva—

1965 2353 2094 2407 toris
2136 2352 2532 2423 inquisitionem
2563 2347 2818 2421 repellitis
2839 2392 2855 2417 ,
2901 2359 3215 2421 potestatem
3246 2359 3427 2405 contra
3459 2365 3552 2404 eos

1964 2443 2315 2500 vulneratoris
2349 2445 2574 2515 augetis.
2609 2445 2745 2498 Dicit
2773 2443 2950 2506 Jesus,
2987 2442 3108 2497 Non
3137 2454 3208 2498 est
3236 2444 3546 2498 necessarias

1962 2536 2099 2590 sanis
2125 2536 2376 2602 medicus,
2423 2535 2514 2591 sed
2555 2535 2687 2590 male
2727 2535 3053 2600 trahentibus;
3089 2552 3190 2589 non
3235 2536 3345 2590 veni
3380 2553 3552 2590 vocare

1956 2628 2145 2698 justas,
2175 2628 2264 2682 sed
2291 2637 2576 2698 peceatores
2603 2627 2817 2698 (Matth.
2860 2644 2912 2682 Ix
2937 2669 2952 2694 ,
2998 2629 3064 2683 12
3088 2668 3102 2694 ,
3147 2629 3234 2701 15)
3263 2647 3275 2682 :
3300 2639 3352 2684 ct
3383 2645 3478 2685 vos
3502 2631 3551 2684 ei

1962 2717 2136 2773 dicitis
2161 2759 2177 2782 ,
2205 2717 2320 2774 Non
2365 2734 2424 2773 es
2452 2733 2580 2789 ergo
2612 2719 2846 2788 parvulis
2875 2719 3207 2774 necessarius
3231 2761 3247 2785 ,
3293 2720 3414 2790 quia
3455 2736 3552 2780 nec

1963 2809 2236 2864 voluntate
2274 2818 2397 2864 sunt
2439 2808 2684 2880 propria,
2732 2825 2829 2865 nec
2874 2811 3103 2864 luunana
3134 2809 3341 2882 origine
3364 2827 3551 2882 pecca-

1965 2907 2130 2954 tores.
2160 2899 2290 2953 Cum
2320 2914 2446 2968 ergo
2475 2915 2580 2953 non
2617 2903 2793 2955 salvos
2825 2903 3008 2956 venire
3046 2899 3332 2956 salvaudos
3360 2904 3550 2957 vetatis

1963 2991 2027 3044 ad
2062 2989 2344 3056 medicum,
2376 2989 2638 3044 diabolica
2664 2989 2717 3045 in
2748 2992 2826 3045 eis
2855 3001 3068 3046 exercet
3093 2993 3258 3061 pestis
3285 2994 3552 3064 potentius

1966 3081 2336 3151 principatum.
2358 3081 2569 3148 Quanto
2589 3096 2717 3150 ergo
2745 3090 2826 3136 est
2857 3082 3204 3148 tolerabilius,
3227 3094 3280 3138 ιιι
3303 3093 3553 3155 tanquam

1966 3171 2181 3240 parasiti
2211 3180 2262 3226 ct
2289 3180 2653 3226 assentatores
2673 3171 2944 3225 diabolum
2971 3172 3117 3226 falsis
3150 3172 3394 3229 laudibus
3416 3175 3552 3228 ιιιιιῑ-

1964 3262 2147 3326 ceatis,
2178 3277 2336 3332 quam
2385 3261 2519 3314 sicut
2566 3260 2761 3314 milites
2791 3260 2871 3315 vel
2903 3260 3160 3316 satellites
3186 3275 3306 3316 eum
3331 3261 3554 3330 dogma-

1967 3367 2076 3411 ιιιιιι
2106 3352 2421 3410 falsitatibus
2443 3353 2506 3406 ad
2508 3352 2744 3429 juvetis?’
2762 3352 2993 3422 Copioso
3011 3362 3062 3406 et
3084 3360 3274 3407 ornato
3294 3353 3553 3411 describis

1964 3446 2193 3515 eloquio,
2221 3441 2490 3515 quomodo
2514 3443 2652 3497 Deus
2673 3458 2738 3496 ex
2767 3443 2894 3497 limo
2927 3443 3230 3498 formaverit
3257 3442 3550 3509 hominem,

1966 3537 2140 3592 flando
2187 3537 2526 3602 auimaverit,
2561 3535 2805 3606 paradiso
2833 3535 3252 3605 locupletavcrit,
3284 3549 3552 3611 praecepto

1962 3627 2438 3694 adtniuiculaverit,
2476 3635 2782 3697 tantamque
2811 3643 3017 3695 curam,
3046 3645 3113 3686 ne
3144 3631 3194 3684 in
3223 3631 3402 3702 aliquo
3431 3650 3550 3686 eum

1962 3728 2228 3788 gravaret,
2263 3718 2528 3782 habuerit,
2558 3726 2614 3771 ut
2645 3717 2782 3773 idem
2813 3730 3136 3790 pra‘ceptum
3169 3738 3272 3776 non
3305 3724 3355 3778 iu
3385 3725 3550 3778 multa

1962 3807 2292 3862 distenderet
2334 3822 2402 3861 ne
2433 3807 2557 3875 quid
2586 3807 2765 3861 oneris
2794 3807 2957 3863 homo
2977 3849 2992 3874 ,
3037 3827 3195 3880 quem
3230 3821 3371 3866 tanta
3402 3814 3551 3868 beni-

1962 3898 2165 3968 gnitate
2190 3895 2503 3950 eondiilerat
2524 3935 2540 3962 ,
2571 3896 2635 3951 de
2665 3897 3011 3966 multiplicata
3037 3899 3151 3968 lege
3173 3901 3414 3954 sentiret.
3442 3901 3548 3956 Cur

1963 4003 2090 4059 ergo
2112 4002 2251 4041 nunc
2268 4001 2464 4056 corpus
2490 3968 2838 4056 corruplibile
2860 3998 3109 4057 aggravet
3137 3991 3366 4044 animant
3391 3991 3543 4062 (Sep.

1963 4096 2042 4144 Ix,
2077 4080 2208 4150 15)?
2237 4095 2333 4133 cur
2363 4093 2492 4146 ergo
2517 4093 2676 4147 grave
2701 4077 2887 4148 jugum
2918 4087 2999 4133 est
3027 4095 3188 4145 super
3216 4081 3351 4137 filios
3378 4083 3545 4138 Adam

1960 4186 1990 4223 a
2011 4169 2097 4225 die
2126 4171 2299 4224 exitus
2327 4167 2394 4223 de
2427 4176 2612 4245 ventre
2650 4169 2835 4223 matris
2863 4185 3048 4224 eorum
3096 4169 3283 4243 (Ereti.
3315 4189 3418 4240 XL,
3453 4175 3550 4243 ηε)

1961 4260 2388 4332 quandoquidem
2440 4260 2612 4329 ipsum
2654 4261 2824 4316 Adam
2878 4276 2976 4316 nec
3032 4262 3145 4332 lege
3200 4263 3543 4334 multiplicata

1963 4354 2127 4407 voluit
2151 4368 2458 4424 aggravare.
2490 4351 2693 4421 Nempe
2713 4352 2950 4418 cernitis,
2979 4352 3121 4422 quod
3145 4353 3189 4407 si
3221 4353 3272 4407 in
3299 4355 3544 4424 paradiso

1963 4459 2119 4500 nemo
2149 4454 2442 4515 peccasset,
2478 4446 2546 4498 ita
2589 4443 2882 4499 fecunditas
2910 4445 3192 4514 conjugum
3216 4461 3410 4516 genere
3441 4447 3543 4500 hu-

1964 4558 2122 4598 mano
2160 4542 2335 4597 locum
2377 4527 2525 4596 illum
2573 4549 2731 4594 tanta:
2762 4538 3029 4593 felicitatis
3059 4539 3332 4610 impleret,
3362 4550 3415 4594 ut
3445 4557 3546 4600 nec

1961 4638 2192 4691 animam
2240 4632 2589 4703 corruptibile
2640 4646 2836 4703 corpus
2880 4641 3162 4702 gravaret,
3217 4647 3316 4689 nec
3357 4635 3542 4704 jogum

1960 4745 2120 4800 grave
2165 4736 2320 4783 natos
2359 4725 2604 4781 homines
2650 4735 2956 4796 premeret,
3003 4741 3099 4780 nec
3139 4725 3288 4782 labor
3310 4736 3364 4783 et
3391 4727 3545 4784 dolor

1961 4817 2296 4874 miserandos
2331 4816 2576 4887 parvulos
2618 4814 2872 4872 erndirct.
2900 4814 3053 4871 Unde
3091 4831 3220 4887 ergo
3247 4817 3345 4872 ista
3384 4829 3503 4872 sum
3527 4859 3544 4886 ,

1959 4927 2079 4982 qua:
2109 4909 2292 4979 utique
2322 4924 2428 4962 non
2457 4916 2584 4962 sunt
2614 4907 2680 4962 de
2711 4908 2892 4962 nescio
2921 4923 3021 4976 qua
3054 4907 3214 4975 mala,
3243 4924 3400 4980 quam
3434 4911 3542 4965 Bla-

1960 5003 2201 5060 nichzeus
2230 5001 2400 5071 ﬁngit,
2429 5009 2520 5055 aut
2557 4999 2762 5064 credit,
2807 5015 2834 5053 a
2867 4999 3020 5054 nobis
3048 4999 3218 5056 aliena
3241 5042 3253 5063 ,
3285 5003 3546 5074 nobisque

1958 5097 2244 5170 permixta,
2279 5095 2379 5150 nisi
2407 5093 2476 5149 de
2497 5102 2677 5148 nostra
2712 5093 2892 5146 vitiata
2921 5091 3077 5162 primi
3105 5093 3335 5149 hominis
3363 5105 3541 5150 trans-

1959 5191 2234 5264 gressione
2289 5186 2519 5242 natura?
2569 5184 2674 5239 Sed
2733 5185 2969 5249 miraris,
3001 5184 3165 5242 homo
3229 5196 3415 5244 acutus
3480 5201 3542 5239 ac

1959 5279 2226 5353 prudens,
2274 5286 2328 5332 et
2371 5291 2476 5332 non
2517 5275 2791 5332 existimas
2838 5289 2958 5331 esse
2998 5277 3362 5342 credendum,
3400 5276 3541 5344 quod

1957 5371 2151 5430 diaboli
2196 5369 2384 5440 exigua
2413 5367 2570 5424 verba
2599 5382 2719 5422 cum
2766 5366 2990 5424 muliere
3017 5368 3302 5425 commixta
3334 5374 3538 5420 tantum

1960 5466 2149 5521 virium
2196 5460 2448 5517 habuisse
2472 5460 2754 5527 dicuntur,
2797 5470 2854 5515 ιιι
2894 5460 3152 5516 naturalia
3180 5466 3367 5512 cuncta
3399 5457 3537 5514 bona

1962 5564 2330 5630 pervertereut
2363 5573 2376 5608 :
2405 5553 2554 5624 quasi
2604 5553 2706 5608 hoc
2761 5554 3027 5624 loquentis
3071 5550 3232 5606 verba
3283 5551 3540 5614 fecerint,

1959 5665 2064 5706 non
2089 5661 2383 5704 consensus
2408 5645 2694 5702 audientis.
2725 5645 2839 5701 Non
2870 5644 3030 5708 enim,
3075 5652 3131 5697 ut
3172 5641 3328 5709 dicis,
3377 5659 3544 5716 pauca

1959 5743 2117 5798 Verba
2162 5742 2423 5812 serpentis
2466 5744 2515 5797 in
2561 5741 2916 5797 conditionem
2960 5752 3109 5791 versa
3157 5747 3278 5793 sunt
3328 5749 3544 5794 natura-

2673 5837 2712 5916 ί
2733 5833 3308 5910 Quarante-nruf.)
