3958 6188
403 276 537 339 m7

400 394 689 452 lium:sed
731 391 963 449 hominis
1004 388 1253 448 voluntas
1294 389 1524 464 perdidit
1565 391 1798 457 bonum,
1840 388 1984 461 quod

394 487 550 545 reddi
581 502 688 543 non
717 496 896 558 posset
925 485 1154 541 hominis
1181 486 1470 551 voluntate,
1502 484 1595 541 sed
1628 482 1740 549 Dei,
1772 483 1986 556 quando

396 579 729 637 reddendum
754 587 808 635 et
835 578 1025 649 quibus
1069 575 1431 644 reddendum,
1473 576 1838 647 iustissimus,
1886 591 1989 647 po-

400 672 759 736 tentissimus,
794 679 848 725 et
874 667 1404 726 misericordissimus
1424 666 1718 739 judicabit'
1755 686 1769 725 :
1801 684 1992 739 quem-

399 761 684 820 admodum
731 762 783 816 in
829 774 1077 832 corpore,
1117 762 1255 817 sient
1294 761 1405 832 jam
1434 761 1686 825 diximus,
1715 762 1989 819 voluntate

401 854 633 910 hominis
659 861 832 923 potest
861 854 978 924 ejus
1009 854 1153 908 visus
1180 851 1408 918 auferri;
1440 852 1581 923 quod
1610 853 1654 908 si
1680 852 1775 919 iit,
1807 853 1988 924 sequi-

397 956 487 999 tur
509 945 722 1000 caecitas
741 985 758 1012 ,
802 958 960 1015 quam
991 943 1280 999 necessitas
1305 941 1458 1009 ferat,
1484 944 1733 999 voluntas
1759 959 1863 1001 non
1894 960 1991 999 au-

401 1036 567 1104 ferat;
597 1046 654 1093 et
686 1034 740 1091 in
781 1036 961 1091 animo
993 1044 1166 1107 potest
1202 1035 1435 1091 hominis
1460 1038 1703 1092 voluntas
1733 1036 1991 1094 innocen-

399 1128 528 1182 tiam
550 1127 665 1199 ejus
694 1126 937 1198 perdere,
968 1136 1023 1182 et
1051 1143 1152 1182 non
1181 1136 1356 1198 potest
1380 1128 1624 1184 reddere.
1655 1127 1786 1183 illud
1816 1129 1991 1199 potius

402 1219 641 1286 intuere,
674 1217 816 1289 quod
847 1216 984 1274 mala
1024 1234 1143 1274 cum
1174 1219 1367 1291 quibus
1392 1228 1682 1275 nascuntur
1710 1220 1953 1276 homines
1972 1261 1987 1286 ,

401 1326 519 1380 qua:
544 1311 893 1382 congenerari
926 1310 1229 1367 hominibus
1255 1311 1307 1366 in
1339 1312 1570 1382 paradisi
1601 1310 1854 1369 felicitate
1882 1328 1989 1367 non

401 1410 625 1471 possent
650 1444 666 1472 ,
714 1403 948 1475 profecto
975 1404 1072 1458 nisi
1103 1403 1172 1459 de
1199 1404 1445 1474 paradiso
1472 1403 1670 1459 exisset
1699 1413 1884 1458 natura
1913 1404 1993 1459 vi-

401 1493 557 1557 tiata,
604 1509 745 1548 nunc
785 1493 865 1549 eis
908 1502 1262 1564 congcnerata
1303 1508 1410 1548 non
1450 1501 1651 1549 essent.
1686 1490 1822 1561 ista,
1871 1510 1992 1565 qua:

400 1584 684 1640 manifesta
714 1594 838 1639 sunt
863 1626 877 1651 ,
905 1584 1103 1654 aspice.
1134 1584 1249 1639 Non
1280 1583 1424 1639 enim
1468 1583 1769 1639 mortalium
1794 1585 1930 1639 mala
1960 1600 1990 1640 a

401 1677 490 1732 die
513 1678 687 1732 exitus
715 1672 781 1731 de
806 1685 989 1731 ventre
1011 1676 1194 1730 matris
1221 1674 1449 1730 filiorum
1473 1672 1662 1739 Adam,
1689 1676 1741 1729 in
1764 1662 1992 1731 obscuro

402 1767 751 1840 conjicimus;
797 1766 891 1823 sed
937 1766 990 1822 in
1043 1765 1163 1822 luce
1209 1765 1503 1821 clarissima
1546 1766 1833 1821 cernimus.
1866 1765 1992 1822 ilzec

403 1860 527 1930 quia
559 1874 662 1914 non
693 1866 909 1913 suntex
952 1856 1105 1912 mala:
1133 1854 1323 1912 aliena:
1352 1857 1731 1911 commixtione
1756 1865 1987 1923 naturae;

404 1948 778 2020 proculdubio
807 1965 875 2005 ex
913 1948 1297 2020 depravatione
1338 1957 1532 2003 nostrae
1571 1955 1713 2002 sunt.
1752 1946 1864 2004 Nec
1899 1946 1991 2003 tibi

404 2041 644 2099 videatur
666 2041 939 2114 indignum
962 2082 979 2110 ,
1015 2040 1155 2112 quod
1194 2039 1429 2112 subjecta
1461 2049 1544 2095 est
1581 2039 1792 2095 diabolo
1818 2039 1993 2111 imago

398 2134 500 2190 Dei
524 2153 539 2189 :
565 2136 665 2191 hoc
694 2135 839 2192 enim
870 2150 975 2190 non
1021 2132 1214 2203 fieret,
1263 2134 1364 2189 nisi
1397 2133 1595 2205 judicio
1626 2133 1748 2200 Dei;
1781 2148 1880 2189 nec
1908 2146 1993 2188 re-

403 2236 648 2282 movetur
672 2226 769 2281 ista
791 2225 1085 2292 damnatio,
1119 2223 1220 2279 nisi
1246 2224 1416 2296 gratia
1450 2224 1563 2279 Dei.
1594 2223 1693 2293 Qui
1723 2225 1866 2281 enim
1894 2240 1988 2279 na-

402 2329 538 2374 tura:
554 2318 894 2385 excellentia,
918 2326 975 2372 ut
996 2317 1172 2387 imago
1194 2317 1286 2372 Dei
1308 2326 1471 2384 esset,
1494 2315 1560 2371 ad
1587 2316 1990 2372 similitudinem

396 2407 498 2463 :Dei
529 2408 696 2464 factus
723 2417 838 2471 est,
881 2423 986 2464 non
1026 2416 1109 2465 est
1138 2406 1469 2475 mirandum,
1512 2408 1635 2479 quia
1666 2417 1870 2463 natura:
1898 2407 1994 2463 de-

391 2501 733 2569 pravatione,
761 2500 982 2556 vanitati
1008 2500 1198 2556 similis
1228 2500 1395 2557 factus
1420 2509 1538 2568 est,
1565 2501 1707 2558 unde
1733 2501 1848 2557 dies
1874 2501 1991 2573 ejus

391 2590 546 2646 velut
571 2591 758 2647 umbra
791 2599 1114 2661 pra-tereunt
1140 2590 1308 2664 (Psai.
1339 2607 1527 2660 exun,
1558 2593 1634 2665 4).
1658 2593 1738 2649 Tu
1762 2592 1867 2657 dic,
1896 2609 1995 2649 cur

392 2680 817 2736 innumerabiles
858 2680 1117 2752 imagines
1163 2680 1261 2737 Dei
1302 2682 1356 2736 in
1401 2683 1616 2752 parvula
1663 2692 1819 2739 astate
1849 2681 1992 2738 nulla

401 2780 618 2844 peccata
647 2771 928 2841 facientes,
961 2790 1068 2829 non
1094 2773 1444 2829 admittuntur
1467 2775 1533 2829 ad
1558 2789 1777 2846 regnum
1805 2776 1918 2843 Dei,
1943 2777 1992 2832 si

400 2876 509 2917 non
537 2873 903 2920 renascantur.
936 2865 1145 2920 llabent
1180 2864 1321 2920 enim
1349 2865 1548 2936 aliquid
1576 2865 1718 2922 unde
1749 2881 1992 2922 merean-

401 2964 489 3009 tur
518 2952 700 3025 jacere
739 2955 840 3011 sub
880 2955 1117 3020 diabolo,
1165 2967 1383 3028 propter
1407 2957 1549 3030 quod
1582 2974 1687 3014 non
1719 2969 1993 3015 merentur

400 3058 625 3117 regnare
666 3045 767 3100 sub
808 3046 947 3114 Deo;
993 3046 1148 3118 cujus
1190 3048 1235 3103 si
1288 3047 1472 3114 lumini
1515 3052 1835 3119 coluereres,
1882 3065 1991 3106 non

403 3144 547 3191 tanta
579 3137 878 3208 arrogantia
910 3138 1069 3194 verba
1099 3147 1184 3194 tua
1218 3136 1422 3195 fulmini
1448 3154 1811 3212 comparares.

414 3250 421 3255 ι
470 3226 613 3285 XXI.
641 3226 762 3286 ἔτι..
785 3222 976 3300 Liquet
1006 3230 1164 3301 igitur
1182 3231 1605 3301 absolutissime,
1634 3234 1779 3290 nullo
1807 3234 1989 3307 Augu-

399 3321 596 3377 stinum
625 3337 656 3377 a
684 3334 1012 3394 praeceptore
1037 3338 1136 3379 suo
1160 3323 1397 3391 dill‘errc,
1425 3324 1519 3381 sed
1546 3324 1992 3396 disputationibus

391 3412 515 3483 ejus
541 3428 645 3468 non
672 3412 848 3469 minus
875 3413 1027 3478 Adae,
1055 3430 1214 3484 quam
1239 3424 1557 3470 caeterorum
1587 3427 1829 3471 naturam
1863 3433 1989 3487 pes-

396 3504 588 3558 simam
623 3501 856 3559 deiiniri.
885 3502 1126 3575 Denique
1153 3514 1208 3559 ut
1229 3503 1403 3559 adhuc
1427 3504 1624 3575 aliquid
1651 3522 1772 3562 cum
1800 3505 1989 3561 eodem

400 3592 468 3649 de
516 3593 621 3662 his,
647 3608 767 3666 qua:
804 3592 1032 3663 egimus,
1074 3592 1400 3650 disseramus
1425 3612 1439 3649 :
1464 3605 1687 3667 apparet
1732 3605 1784 3653 te
1830 3597 1989 3653 etiam

400 3685 555 3757 primi
597 3687 797 3757 peccati
830 3702 935 3741 non
977 3683 1117 3742 idem
1147 3701 1338 3757 genus,
1366 3686 1508 3759 quod
1555 3688 1775 3743 aliarum
1800 3699 1991 3761 putare

399 3779 696 3849 culparum.
722 3776 855 3835 Nam
886 3795 1006 3834 eum
1033 3777 1166 3833 dicis
1204 3777 1398 3850 ﬂagitia
1440 3789 1737 3851 temporum
1779 3788 1993 3836 secuto-

390 3887 518 3927 rum
547 3871 602 3928 in
629 3880 871 3929 naturam
917 3873 1143 3928 transire
1178 3888 1284 3928 non
1323 3889 1504 3946 posse,
1527 3874 1672 3929 verbi
1710 3876 1901 3948 gratia,
1933 3882 1992 3932 ut

384 3962 466 4021 ide
495 3963 820 4037 peculatore,
852 3961 919 4020 de
947 3964 1230 4035 parricida,
1254 3963 1323 4020 de
1348 3966 1555 4021 incesto
1581 3967 1681 4021 orti
1715 3952 1804 4022 filii
1827 3984 1991 4039 gene-

392 4066 606 4113 rantum
630 4057 862 4128 pacatis
894 4067 1179 4112 nascantur
1204 4057 1444 4123 obnoxii;
1474 4073 1571 4114 nec
1598 4056 1759 4114 ullum
1782 4060 1985 4117 crimen

395 4163 516 4204 esse
553 4144 695 4219 quod
742 4147 1035 4203 seminibus
1064 4147 1372 4215 misceatur,
1397 4159 1591 4219 praeter
1633 4148 1762 4205 illud
1799 4166 1983 4219 unum;

395 4223 1016 4309 apertissimeostendis,
1036 4237 1178 4291 illam
1205 4238 1618 4294 inubedientiam
1650 4256 1755 4295 non
1785 4250 1834 4295 te
1854 4240 1989 4311 ejus-

401 4329 524 4385 dem
552 4327 766 4402 generis
789 4327 1058 4397 arbitrari,
1080 4328 1229 4399 cujus
1257 4329 1422 4385 etiam
1450 4338 1659 4385 caeteras
1688 4341 1830 4386 sunt.
1856 4331 1986 4388 Vide

397 4436 542 4490 ergo,
602 4418 944 4491 interrogatio
996 4429 1178 4475 nostra
1239 4430 1452 4490 quanta:
1491 4419 1560 4474 sit
1602 4419 1874 4477 brevitatis
1932 4431 1988 4479 et

396 4511 547 4566 lucis.
579 4509 636 4565 Si
677 4521 973 4582 peccatum,
1001 4511 1142 4584 quod
1195 4510 1362 4566 Adam
1402 4511 1691 4581 commisit,
1713 4513 1985 4571 voluntate

395 4607 701 4668 susceptum
738 4607 841 4663 est,
871 4609 924 4654 et
965 4601 1133 4670 potuit
1158 4600 1269 4656 fieri
1306 4601 1567 4668 naturale;
1595 4617 1691 4658 cur
1741 4618 1846 4659 non
1869 4603 1984 4660 haec

394 4706 515 4761 quae
554 4680 686 4745 fiunt
724 4688 960 4762 quotidie
1006 4701 1244 4762 peccata,
1274 4706 1394 4762 quae
1427 4693 1673 4750 voluntas
1696 4693 1982 4753 criminosa

395 4780 697 4848 committit,
728 4780 780 4835 iu
834 4778 1226 4836 deformitatem
1275 4790 1330 4837 et
1368 4783 1671 4854 prasjudicia
1717 4786 1981 4842 seminum

397 4871 790 4942 cengcruutnr?
815 4870 965 4938 Quod
993 4872 1036 4927 si
1074 4871 1173 4928 ista
1216 4887 1322 4928 non
1353 4875 1530 4929 minus
1576 4877 1797 4946 atrocia,
1820 4893 1980 4951 quam

399 4963 574 5033 plura,
629 4962 931 5034 ingenerari
985 4974 1275 5035 nequeunt;
1327 4976 1430 5036 qua
1483 4964 1620 5037 lege,
1643 4983 1745 5038 qua
1790 4968 1979 5025 condi-

392 5057 557 5120 tione,
580 5068 688 5125 quo
725 5054 1005 5127 privilegio
1048 5055 1174 5112 illud
1212 5056 1384 5112 solum
1433 5057 1734 5115 vindicatur
1773 5059 1982 5132 ingeni-

392 5146 546 5203 tttm'i
569 5144 625 5203 Si
657 5144 818 5203 huius
858 5148 1071 5217 generis
1115 5158 1326 5219 peccata
1365 5158 1511 5216 sunt,
1562 5162 1681 5221 qua
1715 5150 1978 5219 novimus,

391 5256 510 5312 quae
538 5234 625 5296 lex
653 5237 848 5309 arguit,
878 5250 997 5307 quin
1018 5242 1239 5309 aequitas
1269 5239 1438 5310 punit,
1463 5250 1518 5297 et
1543 5236 1671 5298 illud
1696 5242 1849 5315 primi
1880 5244 1979 5300 ho.

394 5333 572 5402 minis,
586 5328 726 5404 quod
746 5322 1020 5384 voluntate
1040 5326 1382 5388 commissum
1403 5340 1458 5389 et
1472 5332 1718 5406 aequitate
1738 5335 1977 5408 punitum

391 5440 492 5495 est;
515 5443 611 5484 cur
636 5442 741 5483 non
767 5430 861 5481 aut
893 5424 992 5480 ista
1024 5438 1089 5480 ex
1119 5423 1209 5479 illo
1248 5426 1608 5498 intelligimus,
1629 5434 1717 5483 aut
1746 5428 1874 5483 illud
1913 5443 1974 5484 ex

392 5518 540 5575 istis?
565 5521 671 5575 Aut
696 5517 742 5574 si
768 5525 952 5573 mutuo
992 5513 1091 5571 sibi
1134 5516 1436 5575 testimdnlo
1465 5524 1585 5576 esse
1611 5534 1714 5575 non
1736 5527 1973 5592 possunt,

390 5618 494 5691 qua
532 5608 858 5680 impudentia
896 5607 1190 5679 denegatur
1236 5607 1322 5664 illa
1361 5608 1726 5682 praevaricatio
1762 5608 1977 5669 alterius

458 5737 473 5765 ⁸
511 5748 661 5797 vetus
680 5743 836 5796 codex
858 5751 1003 5808 rem,
1018 5742 1292 5807 judicabat.

1065 278 1311 337 OPERIS
1346 277 1760 335 IMPERFECTI
1796 274 2071 332 CONTRA
2109 273 2470 347 JL‘LIANUM,
2512 281 2569 338 S.
2613 282 2979 342 AUGUSTINI

3551 289 3686 350 1548

2098 391 2423 450 conditionis
2466 395 2649 461 fuisse,
2682 396 2735 453 id
2765 408 2867 465 est,
2897 414 3001 455 non
3031 396 3105 477 de.
3143 399 3437 469 voluntate,
3468 402 3564 461 sed
3590 421 3687 462 na-

2098 484 2254 541 turali
2291 486 2411 542 tabe
2435 488 2679 559 prolata?
2707 489 3006 556 Postremo,
3037 490 3175 547 aude
3225 507 3349 548 cum
3392 501 3689 552 assertione

2099 575 2332 633 traducis
2376 576 2602 636 delinire
2647 580 3020 653 quodcumque
3073 592 3373 653 peccatum,
3416 600 3523 641 non
3568 587 3687 643 dico

2097 666 2227 722 illud
2258 669 2507 739 primum,
2536 671 2627 727 sed
2659 673 2870 728 interim
2901 675 2982 729 vel
3003 673 3072 730 de
3106 674 3189 731 his
3219 691 3340 746 qua:
3366 693 3510 734 nunc
3534 679 3681 748 ﬁunt,

2099 760 2244 815 verbi
2270 764 2459 832 gratia,
2491 748 2848 836 sacrilegium,
2878 764 3155 837 ﬂagitium,
3187 768 3271 823 vel
3295 769 3495 825 malum
3516 772 3686 841 quod-

2101 851 2238 921 piam
2267 851 2490 919 facinus;
2523 855 2575 911 id
2604 864 2705 924 est,
2731 857 2846 913 haec
2870 870 3084 929 peccata
3112 874 3281 932 quam
3316 862 3686 921 deﬁnitionem

2099 942 2349 1013 habeant,
2368 947 2653 1018 explicato.
2672 948 2826 1005 Dices
2858 950 2976 1006 sine
3000 950 3185 1020 dubio,
3200 952 3464 1009 Voluntas
3489 964 3571 1010 est
3599 971 3683 1028 ap-

2099 1050 2285 1108 petens
2314 1039 2455 1110 quod
2494 1041 2700 1112 iustitia
2745 1053 2908 1112 vetat,
2931 1052 2986 1099 et
3019 1044 3160 1100 unde
3180 1047 3406 1102 liberum
3452 1057 3538 1104 est
3565 1050 3688 1104 abs-

2100 1128 2291 1185 tinere.
2325 1132 2462 1198 Quia
2512 1133 2557 1188 si
2592 1132 2837 1190 voluntas
2885 1135 3022 1191 mala
3051 1149 3157 1192 non
3211 1147 3376 1204 esset,
3411 1150 3689 1210 peccatum

2098 1232 2218 1277 esse
2245 1237 2352 1277 non
2394 1226 2628 1294 posset‘.
2659 1224 2740 1281 Ad
2763 1226 2865 1282 hoc
2893 1241 3050 1296 quam
3093 1229 3483 1287 rationabiliter
3506 1247 3687 1290 assur-

2098 1324 2287 1383 gamus
2332 1313 2570 1370 intende.
2592 1311 2638 1371 O
2670 1314 3067 1384 hebetudiuem,
3092 1334 3126 1373 ο
3151 1319 3538 1391 impudentiam
3583 1340 3688 1381 nun

2096 1402 2389 1460 ferendam!
2417 1404 2612 1463 Definis
2640 1422 2747 1462 non
2787 1423 2908 1464 esse
2938 1420 3210 1480 peccatum
3238 1410 3340 1469 nisi
3362 1415 3686 1473 volontatem

2098 1494 2343 1560 liberam,
2372 1496 2694 1567 etajustitia
2736 1500 3225 1570 prohibitam;’cum
3267 1506 3392 1561 mali
3436 1511 3690 1566 naturalis

2096 1588 2278 1658 Opinio
2323 1591 2632 1661 pra-scribat
2668 1606 2789 1649 esse
2826 1584 3123 1665 peccatum,
3152 1612 3271 1653 eum
3317 1614 3427 1670 quo
3456 1602 3691 1660 nascitur

2098 1679 2276 1748 homo,
2302 1698 2406 1737 non
2432 1683 2808 1740 voluntarium.
2841 1686 2955 1743 Non
2982 1697 3064 1744 est
3090 1704 3218 1761 ergo
3250 1707 3462 1758 verum,
3482 1695 3688 1766 culpam

2097 1786 2202 1826 non
2232 1787 2375 1837 esse,
2405 1772 2504 1828 nisi
2529 1791 2647 1843 qua)
2693 1787 2886 1846 sponte
2933 1781 3301 1847 committitur;
3331 1784 3452 1855 quia
3475 1795 3561 1842 est
3587 1789 3690 1843 cri-

2098 1877 2243 1930 men,
2272 1870 2326 1918 ct
2368 1867 2680 1932 maximum,
2709 1870 2851 1940 quod
2899 1887 3005 1925 non
3038 1882 3249 1943 sponte,
3279 1876 3378 1932 sed
3422 1881 3688 1937 nascendo

2097 1953 2405 2025 suscipitur.
2439 1955 2672 2015 Remitte
2697 1961 2857 2031 igitur
2900 1960 3265 2021 definitionem
3310 1970 3538 2037 peccati,
3569 1988 3688 2043 qum

2095 2043 2383 2102 Catholicis
2429 2051 2599 2105 amica
2644 2049 2712 2105 ad
2754 2067 2849 2108 vos
2880 2069 2979 2109 nec
3014 2056 3227 2126 hospitii
3270 2059 3395 2128 jure
3432 2062 3688 2131 deﬂectit,

2095 2143 2255 2206 atque
2282 2151 2343 2191 ea
2388 2139 2826 2213 remissa,proba
2866 2152 2920 2199 te
2976 2161 3081 2200 non
3129 2162 3248 2202 esse
3288 2148 3501 2206 illorum
3545 2170 3690 2209 com-

2096 2229 2523 2302 militonem,qui
2556 2232 2725 2304 ipsam
2769 2237 3122 2293 substantiam
3166 2239 3360 2296 invidia
3410 2246 3686 2313 pravitatis

2096 2330 2422 2391 oppugnant.
2447 2321 2513 2377 Et
2537 2331 2594 2378 ut.
2620 2325 2761 2396 quod
2796 2327 3001 2398 egimus
3026 2329 3307 2401 colligatur
3334 2342 3464 2389 :aut
3481 2337 3682 2393 nullum

2095 2408 2376 2465 docebitur
2417 2413 2793 2483 voluntarium,
2826 2418 2871 2471 Si
2896 2427 2979 2474 est
3005 2419 3219 2490 aliquod
3271 2425 3514 2481 naturale
3564 2444 3689 2499 pec-

2095 2509 2293 2565 catum;
2324 2514 2415 2558 aut
2459 2505 2663 2561 nullum
2702 2509 2807 2563 erit
2837 2511 3094 2577 naturale,
3127 2514 3171 2569 si
3208 2529 3367 2571 onme
3406 2530 3685 2589 peceatum

2094 2592 2455 2650 voluntarium
2504 2595 2759 2653 delinitur
2790 2615 2803 2653 :
2833 2601 3217 2673 coniiciturque
3254 2620 3318 2661 ex
3360 2606 3464 2676 his,
3514 2620 3572 2663 ut
3601 2616 3689 2665 aut

2096 2700 2260 2758 neges
2303 2687 2448 2742 nasci
2488 2704 2647 2760 posse
2692 2703 2990 2764 peccatum,
3012 2705 3066 2751 et
3093 2706 3332 2754 transeas
3361 2699 3415 2755 in
3449 2701 3689 2758 Catholi.

2096 2790 2281 2830 eorum
2330 2777 2510 2844 fidem;
2540 2791 2631 2836 aut
2654 2781 2698 2836 si
2727 2786 3027 2854 perstiteris
3068 2804 3171 2842 non
3194 2789 3427 2860 aliquod,
3454 2795 3551 2849 sed
3579 2812 3690 2851 ma-

2096 2868 2294 2923 ximum
2342 2871 2543 2926 crimen
2583 2873 2700 2929 sine
2730 2875 3002 2934 voluntate
3042 2881 3241 2951 suscipi
3283 2898 3378 2953 per
3415 2897 3685 2955 naturam,

2097 2958 2293 3015 reddas
2336 2977 2529 3018 nomen
2586 2974 2734 3021 tuum
2778 2968 2938 3024 etiam
2998 2969 3327 3043 Manichaee,
3375 2977 3462 3032 cui
3518 2989 3688 3036 totum

2099 3059 2319 3121 prmstas
2338 3052 2676 3126 obsequium.

2167 3140 2300 3198 Anc.
2325 3142 2566 3216 Magnam
2596 3156 2646 3203 te
2692 3146 2820 3204 mihi
2862 3154 3012 3219 putas
3059 3151 3311 3210 invidiam
3340 3146 3685 3230 comparare,

2094 3245 2217 3286 cum
2268 3231 2418 3300 dicis,
2460 3235 2588 3290 nihil
2633 3232 2718 3293 me
2746 3254 2778 3294 a
2806 3255 2929 3295 meo
2969 3254 3302 3315 praeceptore
3339 3247 3555 3306 differre
3587 3268 3605 3304 :
3632 3262 3686 3308 at

2093 3339 2195 3394 ego
2225 3324 2276 3378 in
2323 3325 2531 3382 laudem
2575 3346 2747 3385 meam
2775 3340 2863 3388 tua
2902 3348 3056 3389 sumo
3097 3338 3370 3405 convicia;
3405 3357 3502 3396 nec
3543 3332 3684 3413 quod

2094 3415 2315 3485 ctegitas,
2344 3416 2441 3472 sed
2490 3419 2632 3489 quod
2674 3422 2852 3479 verbis
2902 3439 3083 3493 sonas,
3116 3443 3373 3484 revocans
3410 3430 3476 3486 ad
3524 3432 3683 3490 [idem

2095 3525 2291 3575 meam,
2319 3511 2455 3567 sicut
2490 3529 2575 3569 me
2612 3513 2908 3585 intelligere
2928 3529 3161 3589 oportet,
3190 3521 3451 3594 intelligo.
3484 3524 3684 3583 Verum

2094 3604 2236 3658 enim
2263 3603 2416 3667 dicis.
2440 3614 2495 3661 et
2533 3608 2739 3674 nescis;
2771 3609 2921 3664 sicut.
2942 3608 3174 3681 Caiphas
3212 3614 3451 3683 pontifex
3498 3633 3685 3687 perse-

2093 3702 2250 3749 cutor
2272 3694 2490 3765 Christi,
2522 3697 2725 3754 scelera
2758 3698 3042 3769 cogitabat,
3076 3711 3132 3757 et
3173 3702 3404 3759 salubria
3438 3709 3685 3764 nesciens

2093 3785 2255 3840 verba
2306 3784 2515 3841 dicebat
2561 3787 2738 3859 (Joan.
2764 3805 2836 3856 xl,
2865 3790 3080 3864 49-52).
3104 3793 3323 3850 Gaudeo
3364 3813 3604 3867 prorsus,
3630 3800 3683 3856 in

2094 3874 2194 3930 hac
2213 3892 2332 3948 qua:
2362 3876 2499 3932 inter
2524 3894 2620 3932 nos
2646 3874 2868 3935 vertitur
2900 3885 3217 3953 quastione,
3235 3903 3321 3942 me
3347 3888 3479 3945 nihil
3506 3907 3534 3947 a
3562 3909 3686 3948 meo

2092 3978 2422 4039 prmeeptore
2446 3968 2690 4038 diil‘erre;
2715 3973 2908 4052 primo,
2935 3976 3056 4045 quia
3084 3978 3196 4046 ipse
3218 3979 3472 4040 Dominus
3502 3984 3684 4041 docuit

2092 4073 2201 4126 me,
2231 4069 2471 4114 mortuos
2494 4076 2614 4117 esse
2660 4065 2929 4133 parvulos,
2966 4068 3068 4122 nisi
3123 4069 3238 4139 ipse
3291 4085 3389 4127 eos
3428 4074 3680 4145 viviiieet,

2090 4149 2179 4220 qui
2210 4165 2309 4220 pro
2350 4152 2597 4207 omnibus
2622 4166 2866 4211 mortuus
2894 4166 2978 4213 est
3009 4176 3024 4216 :
3053 4161 3195 4230 quod
3229 4178 3509 4239 exponens
3548 4169 3685 4238 Apo«

2089 4243 2257 4298 stolus
2277 4242 2426 4308 dicit,
2458 4243 2596 4316 Ergo
2623 4262 2797 4303 omnes
2835 4250 3023 4306 mortui
3060 4263 3200 4319 sunt,
3222 4264 3269 4308 et
3315 4274 3408 4326 pro
3449 4261 3685 4319 omnibus

2089 4342 2316 4388 mortuus
2353 4344 2425 4388 est
2451 4335 2518 4406 (ll
2541 4333 2662 4392 Cor.
2689 4352 2738 4406 v,
2769 4339 2856 4408 16,
2893 4341 3011 4408 i5).
3043 4342 3109 4397 Et
3138 4352 3191 4398 tu
3217 4347 3563 4415 contradicis,
3582 4366 3682 4406 ue-

2088 4440 2222 4496 gans
2265 4427 2510 4498 parvulos
2562 4439 2824 4498 mortuos,
2848 4446 2917 4487 ne
2959 4431 3297 4491 viviﬁcentur
3341 4436 3393 4493 in
3438 4438 3679 4509 Christo,

2087 4532 2211 4573 cum
2254 4517 2470 4575 fatearis
2495 4531 2763 4577 mortuum
2802 4525 2962 4580 etiam
2996 4541 3091 4596 pro
3120 4529 3359 4597 parvulis
3381 4530 3679 4589 Christum.

2088 4611 2201 4668 iioe
2243 4629 2332 4670 me
2369 4614 2706 4673 docetetiam
2753 4618 2989 4676 Joannes
3034 4624 3274 4678 omnium
3324 4623 3681 4698 Praeceptoris

2086 4705 2383 4774 apostolus,
2408 4709 2498 4777 qui
2523 4708 2670 4775 dicit,
2700 4710 2822 4766 ideo
2862 4713 3072 4769 venisse
3112 4714 3304 4770 Filium
3333 4716 3451 4784 Dei,
3484 4729 3545 4773 ut
3568 4720 3678 4775 sol-

2086 4803 2174 4849 vat
2199 4810 2360 4866 opera
2386 4796 2580 4854 diaholi
2611 4798 2667 4874 (l
2689 4797 2848 4857 Joan.
2872 4817 2949 4869 ut,
2978 4803 3042 4874 8)
3071 4822 3086 4859 :
3117 4821 3238 4875 quae
3262 4822 3359 4865 vos
3387 4811 3600 4881 negatis
3624 4812 3680 4866 in

2084 4887 2324 4957 parvulis
2363 4890 2500 4946 solvi
2525 4931 2540 4958 ,
2571 4893 2724 4963 quasi
2769 4905 2984 4968 propter
3021 4897 3140 4953 illos
3167 4913 3275 4955 non
3306 4903 3517 4958 venerit
3537 4944 3554 4970 ,
3588 4905 3679 4973 qui

2085 4978 2207 5035 ideo
2234 4982 2377 5039 venit
2401 4992 2460 5039 ut
2486 4985 2655 5042 solvat
2688 5002 2850 5058 opera
2873 4988 3091 5047 diaboli.
3124 4991 3490 5063 Praeceptores
3515 4997 3675 5052 etiam

2085 5086 2234 5129 meos
2250 5091 2443 5148 negare
2469 5094 2576 5133 non
2601 5078 2792 5140 debeo.
2810 5082 2900 5152 qui
2930 5098 3019 5138 me
3042 5083 3109 5138 ad
3142 5086 3243 5141 hoc
3273 5085 3675 5157 intelligendum

2084 5176 2182 5221 suo
2206 5164 2466 5223 litterario
2491 5169 2673 5226 labore
2689 5170 2960 5241 juverunt.
2987 5171 3133 5230 Meus
3164 5188 3465 5246 pra-ceptor
3486 5188 3569 5233 est
3580 5176 3669 5248 C3-

2084 5254 2323 5325 prianus,
2361 5260 2453 5330 qui
2496 5258 2647 5329 dicit,
2702 5261 2961 5319 nutantem
3010 5264 3304 5321 secundum
3353 5267 3527 5323 Adam
3552 5283 3675 5325 clr-

2081 5347 2272 5405 naiiter
2298 5357 2500 5415 natum,
2528 5353 2831 5425 contagium
2870 5356 3058 5412 mortis
3091 5358 3324 5428 antiquae
3350 5360 3519 5430 prima
3538 5364 3677 5415 nati-

2081 5439 2244 5496 vitate
2270 5442 2830 5518 traxisse,etbocipso
2844 5449 2908 5503 ad
2937 5450 3303 5506 remissionem
3332 5464 3670 5523 peccatorum

2080 5532 2442 5603 accipiendam
2491 5534 2699 5594 facilius
2743 5539 3023 5607 accedere,
3062 5541 3206 5614 quod
3232 5543 3283 5598 ei
3322 5544 3666 5601 remittuntur

2090 5691 2490 5810 Ροὲἒεηιετξυι,
2517 5703 2765 5758 pecudum
2787 5709 2879 5746 non
2901 5703 3035 5749 esset.
3059 5702 3449 5761 Iss.,prccouun
3464 5713 3562 5753 me
3579 5722 3679 5761 non
