3958 6188
284 384 380 442 154

281 513 382 553 non
403 499 637 570 propria,
661 497 755 553 sed
784 497 952 554 aliena
974 506 1185 567 peccata
1207 497 1398 569 (Epist.
1419 501 1510 572 64,
1545 495 1856 572 adFidmu).

280 591 424 646 Meus
442 601 524 645 est
541 601 837 660 praeceptor
856 589 1188 657 Ambrosius,
1199 589 1350 661 cujus
1372 606 1477 646 non
1498 589 1669 646 solum
1689 589 1855 649 libros

279 682 398 753 legi,
413 681 508 736 sed
529 681 690 738 verba
718 682 878 742 etiam
901 681 1165 753 loquentis
1179 681 1378 744 audivi.
1398 690 1453 735 et
1473 696 1566 750 per
1584 697 1710 738 eum
1725 682 1867 737 lava-

275 789 424 828 crum
458 775 879 842 regenerationis
914 776 1115 844 accepi.
1145 775 1326 846 Longe
1351 790 1469 830 sum
1495 774 1709 846 quidem
1756 775 1861 829 im-

277 881 368 934 par
396 867 602 921 meritis
639 867 754 936 ejus
783 884 796 921 :
825 867 916 924 sed
946 868 1204 926 conﬁteor
1221 879 1275 923 et
1293 868 1548 939 proﬁteor
1573 883 1658 923 me
1685 869 1735 922 in
1760 867 1862 924 hac

275 973 430 1012 causa
460 958 591 1012 nihil
615 959 683 1013 ah
709 958 814 1015 hoc
846 974 966 1015 meo
995 968 1321 1029 przcceptnre
1343 959 1580 1016 differre.
1604 958 1700 1015 Cui
1723 959 1862 1016 absit

274 1049 553 1104 utaudcas
603 1050 854 1119 prmierre
900 1051 1168 1121 Pelagium
1216 1060 1596 1121 praeceptorem
1663 1059 1857 1105 tuum:

269 1155 426 1210 quem
461 1150 637 1196 tamen
666 1157 766 1212 ego
794 1150 979 1198 contra
1013 1153 1064 1198 te
1089 1142 1154 1198 de
1181 1143 1466 1198 Ambrosio
1499 1153 1654 1197 teneo
1671 1151 1860 1198 testem

271 1250 470 1289 meum.
496 1235 744 1306 Pelagius
791 1235 933 1290 enim
963 1236 1115 1301 dixit,
1143 1235 1285 1306 quod
1317 1235 1432 1306 ejus
1475 1235 1631 1291 ﬁdem
1672 1244 1726 1290 et
1754 1250 1855 1304 pu-

271 1325 540 1380 rissimum
588 1327 639 1380 iu
688 1326 977 1396 Scripturis
1013 1341 1228 1382 sensum
1273 1342 1341 1382 ne
1367 1326 1613 1382 inimicus
1641 1325 1858 1396 quidem

269 1433 432 1472 ausus
454 1428 540 1472 est
564 1417 961 1489 reprehendere
991 1417 1278 1488 (Pelagius,
1309 1418 1372 1472 de
1398 1416 1579 1471 Libero
1613 1408 1857 1483 Arbitrio,

271 1507 358 1562 lib.
388 1508 466 1580 5).
496 1509 666 1578 Quem
694 1511 772 1565 sic
813 1521 866 1565 tu
897 1511 1060 1566 audes
1099 1511 1510 1581 reprehendere,
1543 1511 1763 1581 utquod
1785 1512 1860 1566 ait

270 1599 594 1654 discordiam
615 1602 792 1656 carnis
812 1617 907 1670 per
935 1603 1420 1672 przevarieationem
1450 1604 1602 1671 primi
1627 1603 1858 1660 hominis

261 1691 320 1745 in
352 1701 592 1747 nostram
616 1694 839 1748 vertisse
876 1703 1120 1748 naturam
1153 1693 1290 1762 (Lib.
1319 1694 1349 1746 7
1371 1694 1422 1747 in
1448 1692 1574 1747 Luc.
1598 1710 1698 1760 xu,
1724 1694 1794 1750 53
1813 1693 1855 1764 ),

268 1792 318 1837 et
345 1783 605 1854 quidquid
635 1784 778 1839 aliud
804 1783 872 1840 de
894 1785 1074 1839 vitiata
1099 1801 1198 1854 per
1222 1785 1390 1842 Adam
1415 1794 1599 1840 natura
1627 1785 1856 1840 humana

267 1876 434 1929 sensit
469 1884 526 1930 et
557 1876 1003 1939 dixitJianicbari
1049 1877 1280 1933 afﬁrmes
1321 1893 1441 1933 esse
1475 1889 1854 1935 commentmn.

268 1966 407 2024 Sane
439 1969 802 2024 testiumnium
854 1969 1196 2039 praeceptoris
1243 1970 1314 2024 tui
1342 1969 1394 2024 in
1426 1970 1528 2025 hoc
1561 1979 1708 2027 tanto
1743 1971 1858 2026 viro

264 2075 330 2114 ex
395 2069 550 2130 parte
601 2061 872 2126 custodis,
925 2060 1068 2131 quod
1125 2076 1247 2126 eum
1310 2075 1416 2115 non
1451 2060 1640 2116 audes
1675 2069 1858 2130 aperte

265 2150 668 2222 reprehendere
705 2168 718 2204 :
752 2150 846 2206 sed
890 2167 1012 2208 cum
1052 2151 1178 2204 mihi
1229 2150 1540 2207 nominatim
1588 2151 1856 2204 convicia-

264 2244 340 2297 ris
386 2245 566 2314 lingua
603 2243 864 2298 maledica
902 2252 956 2299 et
1003 2243 1175 2298 fronte
1211 2253 1486 2312 proterva,
1533 2242 1767 2312 profecto
1805 2251 1858 2296 et

264 2334 416 2386 illum
450 2343 506 2388 et
543 2335 694 2398 alios,
724 2334 815 2403 qui
859 2333 1045 2388 eadem
1088 2343 1371 2388 senserunt
1399 2342 1556 2402 atque
1587 2332 1854 2398 dixerunt,

267 2425 528 2480 Ecclesia:
555 2426 831 2480 catholie-e
867 2441 1087 2495 magnos
1129 2425 1408 2495 clarosque
1441 2424 1688 2479 doctores
1710 2431 1857 2480 tanto

267 2516 512 2586 nequius,
529 2526 728 2587 quanto
743 2517 1007 2586 obliquius
1023 2517 1342 2572 criminaris.
1359 2517 1469 2588 Ego
1487 2517 1661 2587 itaque
1678 2517 1858 2572 adver-

267 2625 356 2663 sus
383 2620 434 2664 te
462 2619 516 2664 et
541 2623 713 2664 meum
739 2608 966 2664 defendo
989 2617 1048 2664 et
1073 2609 1280 2664 illorum
1312 2608 1488 2674 ﬁdem,
1519 2623 1653 2678 quos
1684 2609 1854 2677 palam

272 2701 428 2755 times
476 2699 681 2755 habere
725 2697 989 2766 inimicos,
1035 2708 1090 2754 et
1120 2700 1350 2755 invitus1
1394 2700 1591 2769 pateris
1626 2699 1852 2769 judiees.

270 2792 418 2847 Absit
447 2800 625 2849 autem
659 2801 714 2846 ut
738 2791 876 2861 apud
909 2792 1043 2847 tales
1075 2791 1286 2860 judiees
1311 2793 1520 2848 valeant
1544 2792 1742 2862 aliquid
1763 2808 1853 2848 ar-

271 2884 701 2952 gumentationes
749 2892 874 2948 ture,
921 2883 975 2938 in
1014 2883 1208 2953 quibus
1247 2893 1466 2953 peccato
1510 2883 1581 2938 illi
1625 2899 1851 2954 magno,

273 2973 370 3030 hoc
397 2983 502 3040 est,
549 2974 967 3043 prazvaricationi
1007 2974 1163 3045 primi
1195 2973 1448 3039 hominis,
1480 2982 1693 3043 peccata
1728 2990 1856 3030 con-

268 3070 602 3137 sequentium
632 3078 930 3138 temporum
953 3082 1254 3137 comparas,
1285 3075 1340 3122 et
1367 3076 1523 3137 putas
1565 3069 1610 3121 si
1649 3068 1856 3124 scelere

271 3159 418 3226 primi
453 3159 689 3213 hominis
726 3167 914 3213 natura
945 3159 1156 3229 generis
1203 3158 1421 3212 humani
1463 3167 1664 3214 mutata
1709 3161 1852 3226 est’,

268 3250 420 3304 etiam
448 3265 597 3304 nunc
627 3258 909 3318 parentum
947 3249 1150 3306 scelera
1183 3258 1422 3303 naturam
1463 3248 1710 3305 debuisse
1741 3265 1855 3305 mu-

270 3348 376 3396 tare
397 3340 657 3395 filiorum.
690 3341 814 3398 llaie
841 3341 984 3395 enim
1014 3340 1200 3395 dicens
1227 3354 1332 3394 non
1357 3340 1583 3409 reSpicis
1610 3350 1853 3410 peccato~

268 3446 348 3485 res
373 3431 521 3498 illos,
552 3440 895 3501 posteaquam
925 3442 1199 3502 peccatum
1227 3431 1356 3486 illud
1379 3431 1579 3501 grande
1595 3433 1851 3498 fecerunt,

266 3531 318 3576 et
359 3523 422 3577 de
472 3521 728 3593 paradiso
767 3537 889 3577 esse
937 3522 1206 3588 dimissos,
1237 3533 1292 3578 et
1333 3538 1362 3576 a
1391 3523 1534 3593 ligno
1559 3524 1679 3578 vita:
1710 3532 1854 3578 tanta

265 3612 553 3666 severitate
590 3611 907 3682 prohibitos.
957 3611 1221 3683 Numquid
1261 3613 1506 3693 scelerati
1550 3621 1852 3682 temporum

268 3702 480 3758 istorum
515 3704 566 3758 in
596 3703 798 3774 aliquas
820 3703 1100 3758 inferiores
1117 3715 1286 3759 terras
1308 3702 1656 3774 projiciunlur
1669 3703 1738 3759 de
1753 3704 1854 3760 hoc

267 3795 391 3851 orbe
415 3806 706 3862 terrarum,
735 3810 856 3849 cum
879 3795 965 3850 hic
990 3795 1100 3865 ipsa
1118 3795 1321 3850 scelera
1350 3795 1642 3865 quamlibet
1662 3811 1852 3866 magna

267 3888 674 3944 commiserint?
699 3887 967 3957 Numquid
993 3903 1021 3940 a
1056 3888 1198 3958 ligno
1223 3887 1364 3950 vitae,
1395 3886 1538 3957 quod
1561 3887 1612 3940 in
1635 3885 1733 3940 hac
1755 3887 1854 3941 mi-

267 3980 396 4032 seria
435 3966 646 4034 nullum
677 3989 779 4043 est,
818 3977 1210 4045 prohibentur?
1247 3977 1350 4032 Sed
1379 3977 1620 4046 persistit.
1640 3979 1851 4046 generis

269 4064 478 4124 humani
512 4070 659 4124 locus
678 4079 732 4124 et
758 4069 886 4134 vita,
918 4068 969 4121 in
1001 4067 1193 4137 quibus
1215 4075 1265 4122 et
1289 4067 1533 4122 homines
1554 4067 1850 4136 impiissimi

272 4159 488 4215 vivunt:
523 4175 646 4215 cum
690 4159 965 4214 videamus
1011 4159 1221 4214 illorum
1270 4159 1552 4228 impiorum
1585 4159 1759 4214 locum
1796 4169 1852 4218 et

268 4251 443 4318 vitam,
496 4254 634 4308 sicut
659 4261 780 4308 erat
809 4262 932 4307 ante
963 4261 1254 4322 peccatum,
1284 4260 1404 4322 post
1429 4262 1700 4324 peccatum
1743 4269 1847 4308 non

271 4344 500 4409 potuisse
514 4345 828 4400 consistere.
860 4344 1168 4399 Debuerant
1194 4353 1394 4413 autem,
1419 4346 1711 4402 sectmdum
1729 4346 1848 4415 opi-

271 4434 473 4490 nionem
501 4445 749 4500 vestnnn,
781 4437 984 4506 parvuli
1016 4437 1160 4490 nullo
1179 4446 1328 4492 reatu
1357 4437 1592 4507 obligati,
1641 4454 1762 4492 mox
1794 4447 1849 4494 ut

271 4537 573 4593 nascuntur,
597 4535 849 4597 tanquam
871 4527 1216 4584 innocentes‘
1238 4528 1495 4598 imagines
1516 4528 1606 4582 Dei
1626 4529 1847 4598 perferri

270 4617 336 4671 ab
353 4620 570 4690 Angelis
601 4623 654 4674 in
702 4621 1005 4690 paradisum
1039 4621 1152 4686 Dei,
1176 4630 1232 4676 et
1257 4621 1362 4676 illic
1386 4622 1501 4676 sine
1525 4621 1636 4677 ullo
1665 4622 1848 4678 labore

271 4715 322 4761 et
339 4709 516 4765 dolore
536 4713 747 4775 nutriri,
772 4720 829 4766 ut
855 4712 898 4766 si
927 4713 1043 4782 quis
1062 4726 1248 4767 eorum
1275 4721 1568 4782 peccasset,
1593 4714 1705 4784 ipse
1727 4715 1848 4769 inde

271 4801 452 4856 merito
472 4802 842 4872 proﬁceretur,
873 4819 940 4858 ne
966 4803 1585 4860 crescerentiniitatione
1608 4816 1842 4874 peccata.

270 4886 412 4946 Nunc
433 4908 560 4947 vero
585 4909 709 4950 cum
727 4894 874 4949 solus
901 4894 1128 4950 audierit
1145 4894 1234 4966 qui
1265 4895 1318 4949 in
1345 4896 1574 4966 paradisi
1598 4897 1846 4954 felicitate

272 4986 522 5053 peccavit,
557 4987 749 5056 Spinas
773 4996 820 5041 et
851 4987 1059 5042 tribulos
1082 4997 1217 5042 terra
1241 4988 1402 5058 pariet
1428 4988 1533 5053 tibi,
1576 4988 1845 5044 maledicta

269 5073 318 5126 in
340 5076 569 5134 omnibus
611 5077 845 5148 operibus
891 5079 1025 5143 tuis;
1050 5088 1098 5132 et
1138 5078 1193 5132 in
1224 5079 1406 5134 sudore
1427 5079 1592 5134 vultus
1615 5081 1690 5134 tui
1730 5081 1845 5135 edes

271 5180 444 5232 panem
466 5177 608 5222 tuum
639 5185 660 5224 :
678 5169 880 5224 nullum
906 5169 1177 5224 hominum
1204 5169 1443 5226 videmus
1461 5186 1490 5222 a
1516 5186 1670 5240 paula
1693 5172 1843 5227 labo-

272 5256 340 5314 ris
359 5259 624 5329 alienutn;
655 5262 744 5332 qui
787 5261 968 5332 utique
997 5262 1147 5318 labor
1173 5263 1358 5318 beatos
1385 5263 1708 5320 habitatores
1753 5280 1844 5334 pa-

273 5351 423 5410 radisi
450 5369 552 5410 non
579 5349 1060 5426 erat'gravaturus.
1103 5355 1172 5410 Et
1196 5357 1461 5414 cunicula
1501 5356 1693 5418 mulier
1727 5358 1843 5427 ejus

271 5441 520 5508 audierit,
574 5445 642 5500 In
666 5447 873 5502 tristitia
903 5446 1068 5516 paries
1109 5447 1238 5501 tilias
1286 5445 1437 5519 (Gen.
1481 5463 1556 5513 tu,
1611 5448 1839 5515 ili-t9);

271 5534 456 5590 nullam
483 5539 797 5608 parientium
819 5539 887 5594 ab
909 5539 1010 5594 hoc
1035 5540 1293 5612 supplicio
1313 5541 1512 5595 scimus
1530 5544 1838 5595 immunem.

271 5617 522 5696 Numquid
563 5645 692 5701 ergo
737 5631 808 5684 ita
843 5630 974 5686 estis
1020 5630 1259 5692 absurdi.
1298 5639 1355 5685 ut
1377 5640 1467 5685 aut
1516 5634 1565 5685 in
1595 5632 1840 5702 paradiso

332 5737 348 5806 ξ
381 5737 511 5798 Fditi,
534 5740 750 5806 invictus.
779 5745 1077 5806 (fatigantur
1097 5756 1159 5792 ex
1189 5751 1292 5792 ttss.

328 5797 348 5861 ξ
384 5797 526 5852 Vetus
545 5805 701 5853 crnifex
731 5813 862 5861 Man,
895 5797 1158 5854 uitiatae“.

329 5858 350 5890 ³
380 5862 458 5912 ttic
477 5868 760 5917 auctoritate
784 5858 888 5916 uss.
915 5866 1148 5926 addimus,
1169 5865 1453 5917 innocentes.

1669 385 1869 446 unm
1913 373 2180 434 SEXTUS

3425 403 3444 455 1
3453 402 3559 457 550

1968 519 2283 578 existimetis
2314 519 2555 580 homines
2581 523 2709 582 ista:
2731 541 3000 586 azrumnas
3026 528 3191 588 fuisse
3224 547 3474 602 passuros
3499 541 3542 592 si

1967 624 2130 667 nemo
2181 623 2476 682 peccasset,
2523 631 2655 684 quas
2694 617 3186 676 manifestissimum
3235 634 3337 689 est,
3383 625 3552 682 Deum

1966 699 2177 756 nonnisi
2204 704 2698 771 praevaricatorihus
2724 706 2828 761 illis
2856 716 2980 763 tunc
3008 708 3313 767 hominibus
3339 715 3554 772 intulis-

1964 803 2052 855 se;
2075 800 2166 847 aut
2186 807 2326 847 nunc
2348 808 2441 848 cas
2461 795 2664 865 negetis
2691 810 2876 853 eorum
2894 809 3138 869 posteros
3163 807 3364 873 perpeti
3396 822 3555 876 para-

1963 879 2066 936 disi
2097 884 2332 950 exsules,
2363 893 2414 939 et
2443 885 2638 955 ubique
2665 897 2924 943 terrarum
2953 898 3030 945 tot
3051 901 3103 946 et
3121 901 3296 948 emtas
3315 899 3558 955 miserias

1964 967 2334 1051 perferentes;
2378 987 2470 1032 aut
2498 977 2689 1036 dicturi
2720 981 2868 1047 estis,
2897 992 3096 1053 quanto
3125 987 3293 1058 magis
3329 989 3557 1059 quisque

1962 1075 2046 1122 est
2072 1075 2326 1136 peccator
2349 1078 2403 1124 et
2429 1068 2646 1140 impius,
2677 1079 2825 1126 tanto
2848 1075 3016 1144 magis
3037 1075 3154 1146 ejus
3181 1092 3338 1148 agros
3363 1095 3554 1148 parete

1962 1159 2144 1228 Spiltus
2172 1169 2226 1214 et
2255 1159 2498 1228 tribulos,
2527 1168 2583 1216 et
2610 1170 2758 1218 tanto
2784 1167 2952 1235 magis
2979 1182 3100 1221 eum
3130 1168 3323 1225 sudare
3354 1171 3550 1228 labori-

1964 1250 2094 1314 bus;
2122 1259 2177 1306 et
2199 1262 2396 1322 quanto
2414 1265 2497 1309 est
2521 1269 2746 1324 qumque
2767 1257 2957 1314 mulier
2985 1259 3234 1331 iniquior,
3265 1272 3410 1320 tanto
3430 1280 3551 1322 eam

1963 1341 2261 1410 parientem
2291 1343 2509 1399 dolores
2538 1349 2738 1416 perpeti
2763 1348 3074 1416 graviores?
3111 1351 3260 1408 Sicut
3281 1370 3406 1424 ergo
3434 1371 3551 1425 pte-

1963 1447 2046 1486 na:
2078 1431 2431 1488 humanarum
2457 1436 2817 1505 miseriarum,
2843 1455 2977 1510 quas
3003 1444 3358 1500 communiter
3379 1446 3554 1516 perfe-

1962 1531 2088 1576 runt
2115 1521 2208 1576 filii
2231 1523 2399 1578 Adam
2430 1541 2460 1578 a
2484 1524 2574 1581 die
2602 1529 2777 1585 exitus
2803 1528 2873 1585 de
2919 1542 3106 1587 ventre
3132 1535 3318 1589 matris
3339 1550 3549 1604 eorum,

1962 1611 2081 1669 ideo
2104 1622 2227 1670 sunt
2247 1617 2504 1684 omnium,
2537 1619 2659 1688 quia
2684 1630 2928 1690 parentes
2955 1637 3270 1680 communes
3294 1635 3416 1682 sunt
3436 1642 3552 1684 om.

1961 1709 2129 1774 nium,
2159 1711 2229 1767 de
2253 1727 2480 1782 quorum
2529 1715 2964 1784 prmvaricatione
3003 1719 3103 1774 ista
3144 1731 3448 1777 venerunt:
3481 1724 3548 1777 ita

1961 1801 2196 1872 ipsorum
2229 1804 2456 1861 duorum
2481 1809 2846 1877 praevaricatio
2874 1819 2978 1865 tam
3006 1827 3252 1883 magnum
3276 1823 3549 1885 peccatum

1959 1893 2121 1950 debet
2161 1896 2406 1967 intelligi,
2435 1909 2491 1953 ut
2517 1909 2701 1970 posset
2725 1900 2965 1956 omnium
3011 1918 3076 1957 ex
3107 1903 3219 1958 viro
3248 1913 3302 1960 et
3327 1906 3550 1966 muliere

1959 1986 2296 2041 nascentium
2327 1988 2378 2040 in
2407 1986 2643 2044 deterius
2671 1997 2875 2048 mutare
2902 2003 3166 2060 naturam,
3198 2006 3252 2051 et
3275 2001 3546 2054 communi

1962 2084 2112 2136 reatu
2141 2085 2392 2148 tanquam
2433 2077 2762 2136 hazreditarii
2806 2080 2970 2139 debiti
3009 2083 3246 2154 obligare
3273 2085 3548 2158 chirograo

1959 2164 2147 2234 phum.
2178 2165 2430 2238 Quisquis
2470 2185 2599 2239 ergo
2649 2169 2778 2225 dicit
2826 2172 2982 2228 talem
3025 2175 3383 2231 conditionem
3411 2193 3548 2249 quo-

1959 2259 2211 2318 rumlibet
2250 2259 2601 2328 delictorum,
2631 2278 2750 2332 qua:
2784 2279 2924 2319 nunc
2963 2267 3393 2336 committuntur,
3429 2285 3548 2325 ess:

1959 2347 2232 2414 debuisse,
2283 2350 2455 2421 qualis
2499 2351 2596 2406 fuit
2637 2353 2873 2410 conditio
2911 2354 3092 2410 delicti
3133 2357 3294 2426 illius,
3322 2360 3545 2428 quodin

1962 2441 2102 2498 illius
2129 2443 2250 2498 vita:
2282 2451 2425 2498 tanta
2451 2444 2722 2514 felicitate,
2745 2456 2799 2502 et
2825 2454 2968 2502 tanta
3000 2464 3104 2504 non
3137 2452 3390 2519 peccandi
3417 2452 3547 2509 iacio

1959 2533 2110 2591 litate
2135 2536 2482 2592 commissum
2521 2545 2642 2604 est;
2682 2539 2841 2593 etiam
2885 2539 3028 2610 ipsas
3055 2539 3189 2596 duas
3222 2542 3356 2598 vitas
3392 2543 3549 2598 debet

1959 2640 2193 2694 mquare,
2226 2642 2343 2681 eam
2371 2628 2575 2684 scilicet
2605 2644 2723 2699 qua:
2749 2643 2890 2685 nunc
2914 2631 3110 2703 agitur,
3131 2641 3187 2688 et
3207 2648 3326 2688 eam
3347 2649 3466 2706 qua:
3497 2635 3547 2690 in

1960 2715 2068 2770 illis
2090 2717 2289 2772 sanctis
2332 2727 2386 2772 et
2425 2717 2596 2773 beatis
2621 2718 2828 2775 deliciis
2856 2721 3126 2791 agebatur.
3156 2722 3308 2792 Quod
3339 2725 3383 2782 si
3429 2741 3550 2781 esse

1958 2809 2360 2866 stolidissimum
2405 2813 2612 2878 cernis;
2661 2813 2847 2870 desine
2875 2815 2943 2871 de
2991 2818 3225 2886 peccatis
3267 2822 3548 2890 praesentis

1958 2901 2140 2958 StDCuli
2166 2903 2301 2958 velle
2329 2905 2694 2972 prrscrihere,
2727 2922 2796 2962 ne
2822 2907 2950 2963 illud
2981 2924 3230 2980 magnum
3263 2923 3539 2982 peccatum

1961 2992 2155 3049 habeat
2181 3008 2332 3048 suam
2359 2995 2465 3050 vim
2493 3004 2548 3052 ct
2569 3013 2722 3051 suum
2757 2997 3004 3054 meritum
3028 3000 3316 3070 singulare.
3343 2998 3544 3071 Quan-

1957 3099 2116 3153 quam
2141 3095 2197 3140 et
2223 3086 2273 3140 in
2301 3085 2402 3142 hac
2422 3087 2525 3141 vita
2541 3089 2880 3158 omnipotens
2907 3099 2960 3146 et
2975 3089 3152 3161 justus
3173 3093 3260 3149 ille
3282 3096 3370 3164 qui
3395 3095 3544 3162 dicit,

1961 3175 2190 3231 Reddam
2220 3189 2423 3248 peccata
2448 3188 2648 3249 patrum
2675 3180 2724 3235 in
2748 3181 2881 3249 ﬁlios
2901 3181 3098 3253 (Exod.
3129 3199 3219 3247 xx.
3247 3185 3328 3256 5),
3357 3201 3547 3256 paren-

1959 3278 2075 3325 tum
2126 3279 2278 3326 reatu
2331 3273 2491 3327 etiam
2549 3281 2794 3340 posteros
2847 3273 3044 3333 irretiri
3093 3276 3224 3330 satis
3269 3277 3546 3334 evidenter

1958 3361 2214 3428 ostendit,
2245 3370 2299 3418 et
2327 3363 2572 3432 quamvis
2611 3363 2821 3418 mitiore
2844 3379 3006 3434 nexu,
3053 3373 3229 3423 tamen
3267 3367 3547 3425 haeredita-

1958 3453 2069 3510 rios
2095 3453 2367 3509 debitores
2398 3453 2532 3519 ﬁeri,
2563 3454 2662 3509 nisi
2687 3470 2802 3522 eos,
2825 3455 2961 3510 sicut
2975 3455 3086 3526 jam
3106 3456 3157 3511 in
3183 3459 3546 3530 superioribus

1959 3543 2116 3612 hujus
2145 3544 2324 3614 operis
2355 3544 2596 3616 partibus
2625 3544 3035 3615 disputavimus,
3081 3563 3112 3601 a
3142 3547 3356 3604 vinculo
3402 3551 3544 3606 illius

1958 3634 2246 3704 proverbii,
2267 3634 2408 3705 quod
2428 3634 2532 3690 dici
2562 3635 2720 3701 solet,
2757 3635 2934 3691 Patres
2955 3637 3380 3695 manducauerunt
3396 3656 3545 3694 uuam

1957 3725 2210 3789 acerbam,
2241 3735 2286 3779 et
2308 3725 2479 3780 dentes
2505 3724 2731 3795 ﬁliorum
2757 3728 3122 3798 obstupuerunt
3153 3729 3367 3804 (Jerent.
3393 3748 3541 3799 XXXI,

1957 3816 2074 3888 29),
2106 3831 2212 3871 non
2236 3826 2472 3872 vestrum
2493 3827 2886 3887 argumentum,
2907 3819 3001 3874 sed
3024 3835 3220 3877 novum
3243 3821 3546 3880 Testamen-

1958 3919 2090 3976 tum,
2119 3925 2220 3968 nec
2241 3911 2601 3982 generationis
2629 3921 2836 3978 natura,
2867 3911 2960 3967 sed
2987 3913 3156 3983 gratia
3186 3916 3545 3984 regeneratio-

1959 4003 2042 4057 nis
2070 4004 2334 4058 ahsolvat.
2371 4002 2616 4059 Deﬁnitio
2648 4019 2773 4057 vero
2799 4003 2886 4056 illa
2923 4005 3148 4074 peccati,
3181 4005 3268 4061 ubi
3301 4007 3545 4078 intelligi-

1957 4102 2042 4151 tur
2087 4094 2337 4151 voluntas
2389 4104 2648 4165 appetens
2686 4095 2828 4165 quod
2869 4096 3072 4166 justitia
3114 4107 3277 4166 vetat,
3314 4109 3366 4154 et
3401 4101 3543 4156 unde

1956 4185 2186 4240 liberum
2226 4195 2310 4242 est
2351 4185 2644 4252 abstinere,
2697 4186 2839 4242 illius
2892 4187 3097 4256 peccati
3141 4187 3381 4244 deﬁnitio
3433 4202 3537 4258 est,

1954 4276 2097 4347 quod
2119 4277 2488 4332 tantummodo
2516 4286 2791 4347 peccatum
2813 4285 2916 4343 est,
2941 4293 3049 4333 non
3072 4279 3212 4349 quod
3236 4280 3397 4336 etiam
3428 4297 3543 4352 pa:-

1956 4385 2020 4424 na
2062 4369 2266 4439 pecuni
2303 4387 2317 4424 :
2358 4368 2502 4441 quod
2559 4369 2744 4425 nescio
2793 4371 3002 4440 quoties
3038 4371 3131 4427 tibi
3173 4372 3284 4442 jam
3331 4373 3398 4428 ad
3440 4375 3538 4430 ista

1955 4477 2274 4532 reSpousum
2315 4472 2420 4518 est.
2451 4463 2550 4531 Qui
2582 4463 2724 4516 cnim
2768 4461 2918 4529 dicit,
2948 4461 3069 4518 Non
3089 4463 3225 4532 quod
3263 4465 3396 4532 volo,
3446 4467 3538 4520 bo-

1956 4569 2078 4607 num
2105 4554 2276 4626 facio;
2304 4553 2396 4608 sed
2421 4553 2559 4623 quod
2599 4552 2716 4608 nolo
2744 4555 2956 4622 malum,
2985 4555 3080 4610 hoc
3113 4573 3210 4627 ago
3237 4555 3416 4628 (Rom.
3443 4575 3538 4624 vn,

1956 4643 2045 4715 15)
2073 4660 2088 4708 ;
2120 4659 2226 4700 non
2257 4643 2334 4698 illi
2362 4643 2431 4698 ab
2475 4644 2574 4697 hoc
2601 4645 2744 4699 malo
2778 4643 3002 4700 liberum
3043 4655 3127 4702 est
3170 4649 3460 4716 abstinere,
3487 4662 3542 4706 et

1951 4733 2074 4787 ideo
2100 4733 2311 4790 invocat
2335 4732 2697 4800 liberatorem,
2725 4735 2846 4804 quia
2875 4735 3103 4805 perdidit
3127 4737 3446 4795 libertatem.

2025 4827 2190 4882 XXII.
2216 4827 2336 4884 Jun.
2361 4827 2596 4898 Tempus
2606 4831 2858 4886 admonet
2875 4843 2930 4888 ιιι
2955 4833 3020 4888 ad
3037 4834 3141 4890 alia
3161 4844 3498 4893 transeamus
3523 4859 3538 4892 :

1952 4918 2048 4972 sed
2080 4920 2132 4973 in
2161 4918 2350 4974 eodem
2375 4919 2491 4974 loco
2520 4928 2724 4979 restare
2765 4922 2966 4993 aliquid
2993 4923 3358 4994 indignatione
3383 4945 3538 4985 eom-

1953 5010 2142 5080 pcllor.
2167 5009 2318 5066 Tune
2345 5010 2542 5073 audeas
2565 5012 2745 5072 dicere
2768 5013 2938 5070 Adam
2961 5016 3232 5072 voluntate
3253 5025 3544 5091 peccasse?

1953 5103 2105 5160 Unde
2135 5103 2228 5157 tibi
2257 5103 2403 5160 venit.
2427 5103 2531 5159 hoc
2556 5105 2862 5164 somnium?
2891 5107 3024 5174 Quia
3049 5109 3307 5179 iniquum,
3339 5112 3538 5186 inquis,

1949 5203 2088 5260 erat,
2119 5202 2179 5250 ut
2223 5194 2510 5265 imputaret
2552 5196 2608 5250 in
2666 5207 2941 5266 peccatum
3000 5198 3160 5268 Deus,
3212 5204 3312 5260 nisi
3355 5220 3386 5260 a
3432 5222 3540 5275 quo

1949 5287 2222 5343 abstinere
2256 5287 2484 5344 liberum
2513 5297 2717 5345 nosset.
2745 5288 2881 5356 Quid
2899 5292 3071 5362 ergo?
3114 5291 3252 5350 hanc
3274 5293 3535 5364 justitiam

1950 5378 2039 5435 ille
2065 5375 2312 5451 pritmeps
2342 5379 2679 5438 tenebrarum
2699 5396 2864 5452 quem
2883 5382 3080 5453 colitis,
3108 5384 3176 5440 ad
3203 5396 3536 5444 momentum

1947 5472 1998 5526 ei
2051 5470 2377 5535 crediderat,
2422 5481 2480 5529 et
2529 5487 2648 5529 eam
2704 5475 3016 5545 propediem
3063 5490 3356 5546 reposcens
3397 5478 3537 5535 hunc

1952 5565 2118 5619 Deum
2146 5565 2291 5619 omni
2335 5564 2585 5633 mquitate
2628 5565 2893 5633 chtituit,
2927 5567 3094 5638 utqui
3123 5567 3462 5626 intellexerat
3503 5588 3533 5626 a

1950 5656 2248 5727 primordio
2273 5670 2379 5711 non
2430 5671 2549 5714 esse
2597 5657 2966 5728 imputandum
3015 5657 3066 5711 in
3101 5669 3398 5727 peccatum,
3432 5662 3531 5716 nisi

1951 5748 2091 5801 unde
2132 5749 2355 5802 liberum
2405 5744 2576 5803 fuerat
2617 5749 2906 5813 abstinere,
2932 5763 3029 5817 per
3069 5762 3230 5805 omne
3269 5754 3535 5823 reliquum

1951 5849 2055 5894 tem
2063 5852 2158 5909 pus
2175 5853 2202 5892 a
2220 5838 2424 5894 cunctis
2447 5839 2784 5895 nascentibus
2800 5840 3004 5894 noverit
3021 5839 3285 5901 abstinete
3309 5844 3532 5925 liberum
