3958 6188
364 354 484 413 1551

352 488 461 526 non
493 467 700 526 fuisse?
731 469 1026 532 Postremo,
1053 466 1193 522 unde
1224 474 1281 520 tu
1307 461 1448 519 nosti
1471 459 1596 516 illud
1625 465 1943 512 tantummo-

353 567 426 618 do
453 563 652 629 justmn
679 559 856 621 fuisse,
887 567 941 613 ut
971 558 1024 612 in
1048 557 1216 612 Adam
1241 555 1340 611 nisi
1362 550 1721 609 voluntarium
1737 547 1944 603 crimen

362 670 467 709 non
501 653 668 722 possit
693 651 911 715 ulcisci;
955 651 998 703 si
1032 649 1284 720 injustum
1313 660 1432 701 esse
1457 659 1560 698 non
1588 641 1748 704 nosti,
1775 640 1946 707 impu-

356 760 462 799 tart
491 744 736 814 cuiquam
769 743 821 796 in
851 742 1079 805 crimen,
1108 739 1249 812 quod
1287 736 1503 792 fatearis
1532 734 1649 788 sine
1675 733 1949 785 voluntate

363 849 665 907 susceptum
688 836 712 889 ?
737 837 840 890 Aut
884 848 1011 903 ergo
1039 834 1344 904 Opinionem
1370 827 1602 884 traducis
1620 825 1816 896 justam
1849 839 1946 892 pn-

365 929 519 994 tabis,
551 937 607 982 ut
636 928 725 982 Dei
751 929 918 998 possit
943 927 1229 982 convenire
1259 922 1557 985 sententizn,
1580 934 1702 974 cum
1725 919 1951 986 imputat

362 1031 636 1094 peccatum
662 1021 906 1093 parvulo.
935 1020 1077 1090 quod
1109 1019 1177 1073 sit
1203 1017 1348 1072 nulla
1378 1015 1494 1086 ejus
1518 1013 1786 1067 voluntate
1812 1025 1953 1064 com-

365 1115 614 1174 missum;
644 1123 698 1167 et
725 1112 934 1184 cogeris
956 1111 1083 1165 illud
1107 1124 1323 1181 quoque
1344 1107 1544 1178 justum
1569 1113 1623 1159 et
1645 1103 1737 1157 Dei
1759 1115 1956 1156 conve-

366 1205 746 1276 niensjudiciis
779 1203 1033 1275 profiteri,
1060 1212 1116 1257 ut
1154 1201 1284 1256 Adre
1311 1197 1654 1270 imputaverit
1677 1196 1729 1249 in
1759 1208 1952 1264 pecca-

371 1306 505 1364 tum,
531 1298 669 1368 quod
697 1306 916 1352 noverat
939 1297 1006 1353 ab
1035 1311 1100 1350 eo
1124 1310 1227 1349 non
1259 1293 1553 1354 voluntate,
1585 1289 1677 1344 sed
1706 1287 1954 1343 substan-

369 1392 458 1446 tiae
502 1406 612 1445 sua:
661 1389 1000 1446 deformitate
1030 1387 1340 1457 prolatum:
1392 1397 1590 1453 perque
1635 1379 1737 1434 hoc
1779 1380 1952 1448 ipsum

370 1483 515 1538 nulla
543 1482 646 1537 erit
675 1481 882 1545 tradux,
917 1495 1018 1534 nec
1065 1479 1353 1548 depravata
1395 1473 1668 1544 operantis
1709 1470 1951 1541 arbitrio,

371 1574 464 1632 sed
498 1575 635 1628 male
661 1574 899 1629 instituta
927 1573 993 1627 ab
1023 1571 1246 1626 exordio
1290 1579 1476 1624 natura
1511 1562 1950 1634 reprehendetur,

370 1665 815 1735 confiteberisqne
844 1674 895 1719 te
919 1678 1038 1718 esse
1063 1661 1427 1734 Manichmum.
1454 1661 1559 1712 Aut
1580 1657 1621 1711 si
1643 1655 1958 1724 resipiscens

372 1757 625 1826 iniustum
667 1770 784 1810 esse
829 1754 1048 1818 dixeris,
1077 1761 1137 1806 ut
1181 1751 1348 1806 Adam
1393 1755 1665 1804 teneretur
1705 1759 1830 1801 rens
1863 1758 1959 1812 pro

374 1857 578 1901 natum
621 1859 732 1900 sum
774 1845 976 1915 culpis;
1019 1842 1419 1898 irrefutabiliter
1449 1838 1810 1910 consequitur,
1837 1849 1960 1900 sce-

373 1937 718 1993 lestissimum
751 1951 888 2003 ease,
921 1937 965 1990 si
994 1935 1146 2000 Abel,
1196 1933 1403 1998 Enoch,
1431 1931 1564 1998 Noe,
1594 1942 1647 1985 et
1676 1944 1837 1984 omne
1863 1928 1961 1984 bo-

375 2030 576 2084 minum
597 2044 767 2100 genus
787 2026 1077 2082 obnoxium
1114 2024 1326 2082 crimini
1357 2022 1603 2093 originali
1649 2031 1956 2076 censeatur.

373 2120 524 2186 Quod
554 2119 755 2174 facinus
792 2117 980 2188 indicii
1022 2116 1065 2172 si
1098 2116 1386 2171 admoveas
1411 2117 1520 2170 Deo
1549 2123 1660 2177 tuo,
1690 2112 1837 2166 solus
1866 2123 1964 2180 pro

374 2213 621 2265 omnibus
639 2209 938 2265 remanebit
959 2224 1080 2264 rens
1101 2225 1115 2274 ;
1145 2206 1543 2278 apparebitque,
1563 2203 1703 2275 quod
1726 2217 1961 2272 semper,

371 2319 479 2357 non
514 2304 684 2373 ipsum
716 2317 858 2367 esse,
901 2315 1060 2370 quem
1081 2298 1338 2354 catholici
1365 2295 1724 2366 aaquissimum
1758 2294 1810 2347 in
1839 2291 1963 2348 Tri-

377 2395 542 2448 nitate
565 2408 902 2447 veneramur.
934 2389 1086 2457 Quod
1116 2389 1159 2444 si
1185 2405 1214 2443 a
1246 2388 1342 2443 Dei
1365 2386 1703 2441 aecusatione
1744 2384 1966 2439 destiteo

377 2486 473 2547 ris;
502 2483 804 2538 .I-Ianiclueze
835 2481 1089 2548 traducis,
1129 2496 1232 2550 qua
1261 2479 1515 2534 hactenus
1558 2475 1838 2532 confossus
1881 2489 1963 2542 es,

375 2577 462 2630 vel
485 2575 760 2629 redivivus
785 2573 975 2643 dogma
1007 2570 1304 2626 damnabis.

450 2667 583 2722 Acs.
629 2666 762 2720 Ilinc
785 2675 867 2720 est
888 2663 1030 2732 quod
1055 2663 1402 2718 vehementer
1441 2661 1653 2727 erratis,
1678 2660 1802 2714 hinc
1835 2659 1965 2714 estis

381 2755 639 2821 hmretici,
667 2755 788 2810 hinc
804 2754 1058 2808 adversus
1074 2753 1396 2808 catholicam
1417 2751 1596 2818 fidem,
1621 2767 1739 2822 qua:
1759 2751 1966 2806 evitans

390 2848 690 2911 haereticos,
719 2847 929 2916 eloquia
967 2845 1144 2901 divina
1189 2852 1444 2910 sectatur,
1483 2845 1668 2914 eisque
1699 2837 1962 2908 munitur,’

384 2941 607 2996 novitias
628 2939 905 2996 machinas
931 2937 1178 2993 humanis
1219 2946 1273 2993 et
1316 2937 1467 2992 vanis
1489 2936 1964 3008 argumentationio

381 3033 479 3087 bus
511 3046 836 3102 componere
865 3030 1110 3095 audetis;
1157 3028 1409 3099 quoniam
1462 3028 1700 3095 nescitis,
1725 3036 1780 3083 et
1820 3027 1964 3098 quod

362 3123 672 3193 intelligere
693 3138 797 3178 non
815 3125 1055 3193 potestis,
1073 3119 1295 3176 credere
1315 3119 1594 3184 recusatis,
1613 3118 1970 3189 quidraleant

379 3217 432 3269 in
463 3215 657 3270 seriem
683 3214 1042 3285 generationis
1073 3214 1335 3267 seminum
1366 3213 1588 3276 nexns',
1611 3221 1666 3266 et
1687 3211 1970 3270 ithreatu-

381 3307 456 3363 ris
495 3323 628 3379 quas
669 3308 806 3362 Dens
839 3307 969 3362 alias
997 3321 1062 3361 ex
1105 3306 1223 3360 aliis
1266 3305 1559 3362 secundum
1604 3318 1772 3375 genus
1814 3319 1967 3358 suum

365 3401 527 3456 'nasci
580 3399 765 3464 voluit,
814 3409 1006 3468 quanta
1048 3399 1154 3452 sint
1196 3406 1251 3452 et
1296 3414 1454 3466 quam
1509 3398 1618 3452 sint
1661 3397 1965 3463 ineffabilia,

383 3506 650 3562 quamque
675 3493 836 3547 etiam
861 3482 1376 3561 nullo‘penetrentur
1403 3507 1584 3556 sensu,
1611 3492 1750 3546 nulla
1773 3493 1970 3560 cogita~

369 3582 528 3636 tione
571 3581 1098 3652 comprehendantur
1146 3581 1408 3635 naturalia
1453 3581 1573 3650 jura
1627 3584 1967 3654 propaginis;

367 3673 525 3728 -unde
578 3672 679 3728 iste
724 3673 794 3726 sit
852 3671 1043 3726 insitus
1095 3670 1329 3726 humano
1375 3672 1557 3741 generi
1610 3672 1863 3739 atfectus,
1915 3684 1971 3729 ttt

381 3780 592 3832 omnes,
623 3773 876 3836 qnantmn
906 3765 970 3819 ad
1015 3765 1161 3834 ipsos
1185 3765 1397 3828 attinet,
1431 3775 1609 3822 certos
1653 3765 1790 3822 filios
1807 3768 1972 3823 velint

384 3859 616 3914 habere:
645 3857 729 3912 cui
751 3858 827 3912 rei
861 3857 1068 3926 prolicit
1095 3858 1145 3911 in
1168 3856 1390 3913 feminis
1412 3859 1574 3914 castis
1596 3859 1811 3914 hederis
1841 3859 1970 3915 fides

386 3951 716 4023 :onjugalis;
779 3959 998 4021 propter
1053 3951 1193 4021 quod
1244 3950 1596 4022 philosophus
1650 3951 1803 4006 Plato
1852 3952 1970 4021 jure

382 4043 670 4114 displicuit,
699 4043 1054 4114 quia'ceusuit
1076 4043 1347 4112 permixte
1374 4043 1628 4098 utendum
1654 4042 1881 4108 feminis,
1917 4043 1968 4097 in

379 4149 442 4188 ea
472 4134 707 4199 civitate,
739 4149 899 4204 quam
928 4133 1250 4202 disputando
1273 4133 1417 4188 velut
1436 4135 1689 4204 optimam
1721 4133 1968 4200 format',

367 4226 541 4281 etiam
587 4223 704 4295 ipse
748 4224 873 4296 quid
908 4223 1124 4289 volens,
1155 4224 1340 4277 nisiut
1380 4225 1631 4280 omnibus
1677 4225 1971 4281 minoribus

371 4319 618 4387 ‘majores'
637 4332 755 4372 eam
787 4315 1074 4372 redderent
1103 4315 1441 4381 charitatem,
1472 4332 1630 4386 quam
1662 4318 1876 4373 videbat
1906 4319 1971 4373 ll-

385 4410 467 4465 !iis
491 4411 658 4480 ipsam
675 4409 874 4465 debere
899 4416 1165 4474 naturam,
1183 4422 1304 4463 cum
1328 4407 1552 4478 quisque
1569 4409 1828 4479 cogitaret
1847 4427 1970 4468 esse

387 4515 543 4569 posse
571 4500 734 4553 lilium
765 4515 940 4566 suum,
968 4498 1122 4569 cujus
1149 4514 1266 4554 eam
1295 4497 1501 4554 videret
1539 4507 1771 4565 aetatem,
1805 4508 1862 4554 ut
1903 4515 1969 4556 ex

381 4605 720 4662 quacumque
771 4591 966 4646 femina
1017 4591 1194 4660 ignota
1259 4607 1362 4660 qua
1426 4589 1789 4646 indiderenter
1843 4608 1972 4648 usus

387 4693 566 4745 esset.
611 4697 710 4737 suo
750 4691 907 4736 natus
941 4683 1148 4736 semine
1175 4698 1280 4737 non
1326 4684 1592 4739 immerito
1639 4685 1968 4740 crederetur.

388 4773 571 4841 Quid?
613 4774 755 4828 illam
806 4787 993 4828 vocem
1031 4787 1212 4827 nonne
1236 4772 1304 4827 de
1334 4773 1629 4830 visceribus
1657 4785 1972 4830 cunctorum

389 4876 600 4938 patrum
633 4866 824 4922 Cicero
866 4866 1045 4921 emisit
1078 4865 1145 4920 ad
1182 4864 1366 4933 lilium,
1418 4865 1483 4920 ad
1529 4882 1690 4936 quem
1733 4868 1974 4923 scribens

391 4959 484 5024 ait,
524 4977 544 5008 ‹
574 4958 736 5014 Solus
772 4972 831 5014 es
874 4958 1135 5024 omnium,
1166 4971 1196 5012 a
1223 4971 1331 5028 quo
1353 4971 1440 5012 me
1469 4958 1519 5011 in
1551 4959 1798 5014 omnibus
1836 4959 1975 5014 vinci

395 5050 590 5105 velim?
616 5068 647 5101 ι»
679 5051 864 5104 Nonne
890 5053 1001 5120 ipsa
1033 5065 1152 5121 quze
1181 5049 1544 5105 occultissima
1574 5065 1694 5106 esse
1721 5049 1972 5116 diximus,

389 5155 447 5199 et
476 5154 654 5198 tamen
677 5142 793 5210 plus
818 5157 976 5212 quam
993 5142 1247 5198 credibile
1266 5153 1348 5196 est
1373 5141 1552 5197 valere
1579 5143 1972 5212 cognoscimus,

387 5232 646 5290 naturalia
694 5232 995 5302 prOpaginis
1033 5233 1153 5301 jura
1197 5233 1488 5296 fecerunt',
1545 5242 1600 5287 ut
1647 5232 1754 5289 duo
1778 5234 1974 5303 gemini

389 5341 496 5380 non
523 5325 699 5380 Solum
734 5320 970 5376 nondum
999 5321 1298 5392 gignentes,
1340 5338 1524 5380 verum
1537 5324 1708 5378 etiam
1738 5325 1973 5381 nondum

389 5425 694 5483 nascentes,
722 5414 898 5470 adhuc
918 5413 970 5467 in
984 5424 1150 5468 utero
1170 5414 1504 5488 matris,dtto
1525 5416 1703 5486 populi
1723 5413 1975 5472 diceren-

455 5623 470 5683 ξ
509 5621 643 5683 miti,
669 5632 830 5683 sexus.
870 5621 1030 5683 Aptius
1049 5623 1134 5670 Ms.
1159 5625 1283 5668 Fort.
1300 5653 1315 5678 ,
1338 5632 1508 5669 nexus.

455 5681 474 5744 ξ
512 5681 649 5744 editi.
675 5681 1218 5744 {ommicastigantur
1243 5695 1302 5729 ex
1330 5687 1439 5730 Mss.

455 5741 476 5771 ³
512 5743 932 5799 ἣευίυιηὶυωτιτα
963 5741 1171 5800 faciant.
1205 5749 1270 5791 Ex
1293 5748 1400 5791 Mss.
1439 5742 1518 5793 hic
1563 5749 1613 5794 et
1649 5743 1770 5794 intra
1801 5757 1976 5797 emcn-

393 5809 576 5859 uamns,
603 5806 831 5859 fecerunt.
962 5806 970 5812 '

1033 349 1278 407 OPEIiIS
1320 339 1728 402 IMPILRFEC'I‘I
1770 333 2040 393 CONTRA
2081 333 2446 404 JULIANUM,
2489 335 2548 391 S.
2592 331 2955 392 AUGUSTINI

3495 331 3637 389 I552

2057 463 2142 508 tur
2173 455 2326 525 (Gen.
2357 469 2490 520 xxv,
2519 455 2654 526 23)?
2685 454 2883 509 Eadem
2909 452 3216 523 propaginis
3231 451 3493 507 natur-alla
3517 453 3635 521 jura

2055 545 2314 610 fecerunt,
2343 556 2402 601 ut
2427 545 2588 602 Israel
2625 547 2832 601 dicatur
2859 546 3089 600 servisse
3115 545 3166 598 in
3197 544 3436 615 Egypto
3461 544 3636 614 (Deut.

2051 651 2161 702 xtv,
2184 635 2302 705 22),
2333 636 2496 692 Israel
2519 636 2790 707 profectus
2813 649 2933 691 esse
2958 650 3022 690 ex
3045 641 3280 706 mgypto
3306 633 3500 702 (Exod.
3525 653 3636 703 xiv,

2051 727 2166 798 50),
2211 729 2368 783 Israel
2415 729 2467 783 in
2515 731 2712 783 terram
2763 729 3132 799 promissionis
3176 729 3425 793 intrasse,
3480 728 3642 785 Israel

2052 819 2274 889 adeptus
2301 819 2440 874 bona
2463 821 2546 875 vel
2574 830 2823 889 expertus
2845 820 3004 886 mala,
3031 835 3149 890 qua:
3172 821 3244 875 illi
3279 823 3475 891 popqu
3505 823 3643 878 Deus

2056 909 2140 964 vel
2165 911 2406 979 praestitit
2444 911 2524 964 vel
2557 910 2764 965 inflixit.
2805 911 2878 965 De
2903 926 3010 981 quo
3047 912 3207 965 etiam
3237 913 3492 982 scriptum
3535 925 3642 978 cst,

2067 997 2236 1054 Veniet
2258 1018 2322 1054 ea:
2344 1002 2470 1056 Sion
2489 1003 2576 1072 qui
2591 1003 2773 1070 eripiat
2795 1011 2842 1055 et
2861 1012 3052 1056 avertat
3073 1003 3381 1073 impietatem
3401 1023 3432 1058 a
3447 1005 3646 1072 Iacob;

2055 1101 2102 1147 et
2131 1092 2226 1146 hoc
2254 1093 2356 1147 illis
2400 1111 2431 1146 a
2467 1110 2544 1147 me
2570 1096 2977 1158 testamentum‘,
2999 1111 3113 1148 cum
3139 1097 3394 1152 abstulero
3436 1111 3646 1167 peccata

2056 1199 2227 1238 eorum
2276 1183 2428 1257 (Isai.
2462 1201 2568 1249 ιιι,
2608 1186 2700 1250 ‘30,
2728 1185 2858 1256 2i);
2892 1201 3012 1240 cum
3045 1187 3132 1242 ille
3162 1187 3343 1250 homo,
3396 1191 3487 1258 qui
3532 1191 3648 1247 lucc

2057 1276 2164 1332 duo
2196 1279 2410 1333 nomina
2450 1280 2666 1349 propria
2696 1281 2898 1348 primus
2923 1288 2978 1334 et
3025 1281 3171 1335 solus
3219 1283 3441 1351 accepit,
3492 1285 3651 1356 longe

2057 1378 2181 1423 ante
2207 1367 2507 1433 defunctus,
2541 1370 2677 1424 bona
2715 1371 2800 1425 vel
2830 1371 2966 1425 mala
2994 1370 3095 1426 ista
3135 1387 3239 1427 non
3269 1373 3481 1429 viderit.
3524 1375 3652 1432 Ilarc

2061 1461 2364 1530 prepaginis
2394 1462 2650 1516 naturalia
2689 1461 2810 1532 jura
2858 1460 3116 1527 fecerunt,
3168 1474 3224 1518 ut
3253 1464 3391 1519 idem
3421 1468 3651 1535 populus

2059 1535 2488 1606 decimarelnrin
2514 1551 2804 1617 Abraham,
2837 1568 2942 1607 non
2981 1554 3051 1607 ob
3089 1553 3252 1619 aliud,
3301 1555 3402 1610 nisi
3439 1557 3565 1626 quia
3598 1558 3650 1612 in

2060 1643 2254 1698 lumbis
2277 1644 2389 1714 ejus
2416 1653 2550 1708 erat,
2581 1644 2792 1715 quando
2837 1645 3136 1700 decimatus
3175 1657 3256 1700 cst
3288 1649 3402 1716 ipse
3432 1649 3650 1718 propria

2063 1734 2336 1788 voluntate
2381 1733 2564 1808 (Hebr.
2597 1751 2691 1802 vtt,
2719 1735 2771 1800 9,
2803 1735 2911 1807 I0),
2943 1735 3030 1790 ille
3061 1746 3236 1792 autem
3271 1739 3500 1808 p0pulus
3543 1755 3651 1795 non

2063 1826 2274 1896 pr0pria
2305 1827 2594 1894 voluntate,
2617 1827 2710 1883 sed
2738 1828 2967 1882 naturali
3002 1830 3306 1900 propaginis
3333 1831 3475 1899 jure.
3505 1831 3656 1896 Quo-

2063 1915 2224 1970 modo
2251 1927 2427 1972 autem
2460 1918 2600 1972 idem
2628 1920 2859 1988 populus
2890 1920 3051 1974 fuerit
3078 1921 3129 1974 in
3168 1921 3362 1978 lumbis
3399 1923 3650 1989 Abrahe,

2063 2021 2171 2062 non
2202 2007 2376 2062 solum
2405 2021 2470 2064 ex
2494 2009 2582 2063 illo
2609 2025 2775 2081 usque
2802 2009 2868 2064 ad
2897 2019 3108 2080 tempus
3131 2013 3270 2082 quod
3293 2015 3550 2085 scriptum
3571 2025 3656 2072 est

2066 2097 2119 2152 in
2159 2097 2398 2168 Epistola
2425 2099 2491 2154 ad
2522 2100 2796 2166 Hebrmos,
2825 2117 3010 2157 verum
3041 2103 3202 2159 etiam
3230 2119 3294 2158 ex
3329 2105 3444 2174 ipso
3485 2121 3655 2176 usque

2065 2189 2132 2245 ad
2155 2189 2257 2244 hoc
2286 2201 2516 2261 tempus,
2541 2203 2597 2248 et
2623 2193 2692 2248 ab
2713 2193 2815 2249 hoc
2845 2209 3011 2265 usque
3031 2198 3083 2251 in
3107 2197 3265 2252 linem
3292 2199 3497 2266 saeculi,
3522 2215 3654 2269 quo-

2067 2295 2235 2352 usque
2274 2282 2364 2337 lilii
2409 2282 2568 2338 Israel
2613 2283 2701 2339 alii
2743 2300 2806 2340 ex
2849 2286 2970 2341 aliis
2999 2298 3354 2357 generantur;
3387 2289 3658 2361 quomodo

2067 2387 2196 2442 ergo
2224 2388 2343 2428 esse
2367 2375 2596 2443 potuerit
2623 2375 2674 2429 in
2697 2375 2890 2431 lumbis
2919 2377 3075 2432 ttnius
3103 2376 3336 2432 hominis
3354 2389 3462 2433 tam
3495 2380 3656 2435 innu-

2067 2465 2340 2520 merabilis
2365 2465 2637 2522 hominum
2661 2468 2966 2535 multitudo,
2994 2469 3114 2538 quis
3145 2470 3445 2539 eloquendo
3481 2472 3654 2542 expli-

2067 2563 2186 2621 cet,
2227 2556 2346 2626 quis
2392 2558 2582 2612 saltem
2637 2558 2873 2613 inve‘niat
2911 2559 3233 2630 cogitando?
3284 2560 3469 2629 Neque
3512 2563 3655 2617 enim

2067 2647 2276 2703 semina
2315 2649 2447 2719 ipsa,
2481 2665 2705 2720 quorum
2750 2660 2834 2707 est
2861 2654 3129 2721 quantitas
3168 2655 3485 2724 corporalis,
3535 2656 3660 2712 licet

2069 2741 2274 2812 singula
2304 2742 2406 2796 sint
2431 2743 2642 2813 exigua,
2669 2759 2736 2799 ex
2766 2745 2959 2814 quibus
2987 2746 3179 2816 singuli
3206 2747 3405 2818 quique
3425 2764 3658 2804 nascun-

2072 2841 2177 2899 tur,
2205 2835 2250 2889 si
2292 2843 2543 2904 cougesta
2586 2846 2772 2893 essent
2811 2853 2878 2892 ex
2904 2839 3094 2910 quibus
3140 2848 3218 2894 tot
3255 2840 3503 2896 homines
3549 2843 3659 2899 nati

2070 2935 2195 2982 sunt
2231 2936 2390 2996 atque
2433 2937 2748 2994 nascuntur,
2789 2938 2845 2983 et
2869 2929 2921 2984 in
2967 2931 3123 2985 linem
3158 2947 3326 3002 usque
3347 2943 3657 2999 nascentur,

2070 3018 2365 3088 potuissent
2397 3019 2594 3076 lumbis
2623 3021 2782 3075 tutius
2818 3021 3050 3077 hominis
3079 3025 3360 3080 contineri.
3410 3026 3502 3081 Vis
3531 3043 3661 3097 ergo

2072 3112 2252 3166 nescio
2279 3127 2399 3181 qua:
2430 3113 2709 3168 invisibilis
2735 3124 2789 3168 et
2819 3116 3276 3173 incontrectahilis
3304 3121 3524 3180 secuetis
3563 3136 3662 3174 na-

2074 3204 2334 3258 turalibus
2381 3205 2536 3259 insita
2587 3215 2690 3272 est,
2741 3206 2829 3262 ubi
2877 3207 2993 3279 jura
3037 3211 3343 3280 propaginis
3398 3213 3661 3269 naturalia

2073 3293 2412 3359 delitescunt,
2465 3306 2684 3366 propter
2731 3313 2890 3368 quam
2942 3301 3048 3354 vim
3095 3309 3269 3356 tamen
3319 3317 3426 3358 non
3480 3304 3664 3373 utique

2073 3387 2404 3443 mendaciter
2453 3389 2506 3444 in
2557 3390 2752 3446 lumbis
2791 3391 2933 3447 illius
2970 3394 3137 3463 patris
3183 3393 3345 3450 fuisse
3392 3396 3657 3462 dicuntur,

2072 3486 2332 3549 quotquot
2357 3495 2422 3535 ex
2453 3480 2544 3536 illo
2571 3497 2680 3536 uno
2710 3492 2997 3553 potuerunt
3020 3488 3423 3555 generationum
3445 3503 3662 3544 sueces-

2073 3569 2223 3625 slhns
2249 3580 2305 3626 et
2333 3572 2857 3642 multiplicationibus
2883 3577 3182 3646 propagari.
3211 3577 3328 3633 Non
3371 3581 3544 3635 solum
3566 3595 3665 3634 au-

2074 3669 2185 3719 tem
2214 3664 2286 3719 ibi
2328 3665 2562 3732 fuerunt,
2609 3683 2792 3722 verum
2823 3669 2984 3722 etiam
3025 3669 3114 3723 illo
3141 3670 3344 3725 sciente
3377 3679 3433 3726 et
3457 3671 3665 3726 voIcnte

2072 3755 2353 3823 decimam,
2385 3769 2436 3814 et
2473 3759 2576 3829 ipsi
2602 3771 2724 3815 sunt.
2752 3761 2998 3816 decimati
3029 3778 3199 3830 neque
3223 3763 3455 3818 scientes
3495 3779 3666 3833 neque

2074 3848 2335 3911 volentes,
2371 3851 2618 3919 quoniam
2643 3851 2877 3905 nondum
2930 3853 3246 3907 exstiterant
3285 3853 3374 3923 qui
3422 3855 3562 3909 scire
3602 3869 3665 3909 ac

2074 3938 2210 3994 velle
2251 3941 2569 4008 potuissent.
2628 3939 2740 3997 Hoc
2783 3957 2946 4011 porro
2991 3943 3111 3997 ideo
3153 3943 3284 3998 dixit
3329 3944 3471 3999 illius
3501 3962 3665 4000 saera:

2074 4041 2260 4087 auctor
2276 4031 2548 4101 Epistolaa,
2569 4042 2625 4086 ut
2639 4034 2992 4088 sacerdotium
3011 4033 3232 4101 Christi,
3247 4035 3387 4104 quod
3411 4037 3668 4106 ﬁgurabat

2075 4121 2325 4176 sacerdos
2349 4121 2756 4185 Melchisedech,
2785 4125 2873 4193 qui
2903 4125 3185 4180 declinavit
3216 4125 3505 4187 Abraham.
3535 4143 3669 4196 pra:-

2074 4222 2298 4284 poncrct
2318 4211 2553 4267 Levitico
2579 4214 2906 4279 sacerdotio;
2925 4215 3124 4270 docens
3141 4218 3298 4270 etiam
3325 4217 3500 4284 ipsum
3519 4219 3666 4279 Levi.

2075 4304 2162 4374 qui
2189 4303 2487 4359 decimaba't
2503 4303 2696 4361 fratres
2713 4321 2857 4373 suos,
2875 4307 2974 4362 hoc
2986 4317 3086 4373 est,
3103 4307 3337 4362 decimas
3353 4307 3421 4362 ab
3442 4310 3520 4364 eis
3539 4311 3670 4366 acci-

2076 4395 2250 4466 piebat
2273 4437 2288 4463 ,
2307 4395 2627 4451 decimatum
2651 4396 2816 4452 fuisse
2831 4413 2859 4450 a
2882 4398 3267 4453 MelchiSedech
3292 4399 3342 4453 in
3368 4400 3666 4463 Abraham;

2077 4487 2200 4558 quia
2230 4496 2282 4542 et
2311 4487 2426 4556 ipse
2455 4488 2508 4542 in
2533 4488 2728 4543 lumbis
2758 4490 2985 4544 Abralnc
3012 4499 3149 4555 erat,
3181 4492 3399 4555 quando
3428 4493 3667 4547 decima-

2079 4579 2154 4633 vit
2183 4594 2303 4633 eum
2334 4578 2746 4645 Melchisedech,
2780 4580 2830 4634 id
2861 4590 2961 4642 est,
2995 4581 3062 4636 ab
3088 4595 3154 4636 eo
3177 4581 3415 4637 decimas
3444 4585 3667 4651 accepit.

2082 4673 2158 4726 Ac
2185 4687 2282 4742 per
2309 4673 2410 4727 hoc
2440 4671 2711 4727 Christum
2731 4715 2746 4738 ,
2777 4672 2864 4726 cui
2894 4673 3094 4726 dictum
3117 4681 3221 4737 est,
3255 4672 3331 4726 Tu
3356 4691 3410 4728 es
3435 4675 3672 4728 sacerdos

2077 4763 2131 4816 in
2155 4773 2396 4819 aeternum
2420 4763 2690 4817 secundum
2712 4764 2938 4818 ordinem
2964 4764 3332 4820 Melchisedech
3357 4764 3533 4835 (Paul.
3562 4783 3672 4830 αι,

2079 4853 2159 4923 ι),
2188 4869 2294 4907 non
2319 4854 2431 4908 vult
2451 4854 2669 4925 intelligi
2699 4855 3018 4910 deeimatum
3041 4873 3056 4917 ;
3091 4865 3147 4910 ut
3166 4855 3404 4910 Levitico
3425 4858 3678 4912 sacerdoo

2082 4943 2154 4998 tio
2175 4945 2364 4998 merito
2387 4944 2700 5015 praeferatur
2719 4945 2917 5017 (Ηωῡν.
2946 4945 3039 5018 vn)
3069 4963 3082 5000 :
3114 4947 3507 5004 Melchisedech
3531 4949 3677 5003 enim

2080 5035 2363 5092 decimavit
2387 5037 2651 5093 Abraham
2667 5040 2710 5106 ³,
2739 5054 2844 5094 non
2874 5039 3168 5094 decimatas
3183 5049 3285 5107 est,
3308 5042 3448 5096 sicut
3469 5041 3595 5096 Levi
3621 5043 3675 5096 in

2081 5126 2369 5180 Abraham.
2402 5127 2460 5182 Si
2484 5137 2660 5183 autem
2688 5130 2968 5200 quaeritur,
3000 5130 3270 5199 quomodo
3297 5131 3544 5186 Christus
3572 5147 3676 5187 non

2081 5215 2240 5272 fuerit
2270 5215 2588 5282 decimatas,
2627 5233 2750 5273 cum
2785 5219 2947 5274 etiam
2975 5219 3108 5289 ipse,
3146 5219 3287 5299 quod
3334 5221 3680 5276 manifestum

2075 5318 2192 5370 est,
2256 5307 2555 5364 secundum
2605 5309 2863 5379 originem
2925 5311 3102 5364 carnis
3153 5308 3315 5366 fuerit
3369 5311 3422 5364 in
3480 5311 3677 5366 lumbis

2081 5397 2329 5467 Abrahze,
2367 5399 2580 5470 quando
2605 5415 2635 5454 a
2663 5399 3050 5457 Melchisedech
3082 5409 3234 5471 pater
3262 5400 3354 5457 ille
3375 5402 3678 5456 decimatns

2145 5623 2176 5689 ί,
2196 5623 2410 5689 θὶοηῇζςς.
2435 5622 2550 5673 Fditi
2595 5633 2777 5689 autem,
2817 5632 2863 5675 et
2900 5625 3090 5689 auferat
3123 5622 3422 5689 btiquitatem
3451 5638 3483 5675 α
3508 5621 3671 5686 Jacob,

2080 5689 2126 5732 et
2158 5683 2243 5732 hoc
2267 5682 2364 5734 illis
2384 5698 2415 5734 a
2444 5699 2519 5735 me
2557 5682 2888 5738 testimont'tau.

2146 5746 2326 5811 '_Duos
2348 5745 2423 5811 hic
2439 5759 2624 5811 versus,
2653 5762 2832 5811 nempe
2855 5762 2884 5798 a
2915 5748 3111 5808 verbis,
3137 5761 3231 5798 non
3267 5748 3365 5798 vult
3383 5783 3401 5806 .
3434 5761 3587 5811 usque
3616 5746 3677 5798 ad

2087 5806 2308 5858 verbum.
2347 5807 2578 5857 attraham
2596 5846 2608 5864 .
2638 5806 2920 5864 auctoritate
2943 5818 3048 5862 Mss.
3073 5806 3390 5865 restitutum.
3515 5808 3525 5816 ’
