  <div class='ocr_page' id='page_1' title='image "/cluster/home/n/w/nwhite01/storage/ocr_20150623/45/hvd.32044096580667/290.png"; bbox 0 0 3958 6188; ppageno 0'>
   <div class='ocr_carea' id='block_1_1' title="bbox 319 315 451 372">
    <p class='ocr_par' dir='ltr' id='par_1_1' title="bbox 319 315 451 372">
     <span class='ocr_line' id='line_1_1' title="bbox 319 315 451 372; baseline 0 -1"><span class='ocrx_word' id='word_1_1' title='bbox 319 315 451 372; x_wconf 75' lang='grc'><strong>1553</strong></span> 
     </span>
    </p>
   </div>
   <div class='ocr_carea' id='block_1_2' title="bbox 314 429 1896 506">
    <p class='ocr_par' dir='ltr' id='par_1_2' title="bbox 314 429 1896 506">
     <span class='ocr_line' id='line_1_2' title="bbox 314 429 1896 506; baseline 0.006 -22"><span class='ocrx_word' id='word_1_2' title='bbox 314 441 394 485; x_wconf 82' lang='lat' dir='ltr'><strong>est</strong></span> <span class='ocrx_word' id='word_1_3' title='bbox 411 446 424 492; x_wconf 86' lang='lat'><strong>;</strong></span> <span class='ocrx_word' id='word_1_4' title='bbox 443 429 569 484; x_wconf 91' lang='lat' dir='ltr'><strong>nihil</strong></span> <span class='ocrx_word' id='word_1_5' title='bbox 583 431 835 496; x_wconf 87' lang='lat' dir='ltr'><strong>occurrit,</strong></span> <span class='ocrx_word' id='word_1_6' title='bbox 853 431 952 487; x_wconf 87' lang='lat' dir='ltr'><strong>ttisi</strong></span> <span class='ocrx_word' id='word_1_7' title='bbox 968 433 982 464; x_wconf 89' lang='grc'>¹</span> <span class='ocrx_word' id='word_1_8' title='bbox 1001 433 1139 503; x_wconf 92' lang='lat' dir='ltr'><strong>quod</strong></span> <span class='ocrx_word' id='word_1_9' title='bbox 1159 433 1317 488; x_wconf 81' lang='lat' dir='ltr'><strong>Maria</strong></span> <span class='ocrx_word' id='word_1_10' title='bbox 1339 434 1553 504; x_wconf 87' lang='lat' dir='ltr'><strong>quidem</strong></span> <span class='ocrx_word' id='word_1_11' title='bbox 1575 446 1744 491; x_wconf 89' lang='lat' dir='ltr'><strong>mater</strong></span> <span class='ocrx_word' id='word_1_12' title='bbox 1757 438 1896 506; x_wconf 91' lang='lat' dir='ltr'><strong>ejus,</strong></span> 
     </span>
    </p>
   </div>
   <div class='ocr_carea' id='block_1_3' title="bbox 309 523 1900 596">
    <p class='ocr_par' dir='ltr' id='par_1_3' title="bbox 309 523 1900 596">
     <span class='ocr_line' id='line_1_3' title="bbox 309 523 1900 596; baseline 0.004 -21"><span class='ocrx_word' id='word_1_13' title='bbox 309 523 378 575; x_wconf 86' lang='lat' dir='ltr'><strong>de</strong></span> <span class='ocrx_word' id='word_1_14' title='bbox 395 535 492 591; x_wconf 91' lang='lat' dir='ltr'><strong>qua</strong></span> <span class='ocrx_word' id='word_1_15' title='bbox 510 536 721 576; x_wconf 89' lang='lat' dir='ltr'><strong>carnem</strong></span> <span class='ocrx_word' id='word_1_16' title='bbox 735 526 980 592; x_wconf 87' lang='lat' dir='ltr'><strong>sumpsit,</strong></span> <span class='ocrx_word' id='word_1_17' title='bbox 993 523 1058 579; x_wconf 89' lang='lat' dir='ltr'><strong>de</strong></span> <span class='ocrx_word' id='word_1_18' title='bbox 1068 524 1265 578; x_wconf 88' lang='lat' dir='ltr'><strong>carnali</strong></span> <span class='ocrx_word' id='word_1_19' title='bbox 1277 526 1702 593; x_wconf 76' lang='lat' dir='ltr'><strong>concupiscentia</strong></span> <span class='ocrx_word' id='word_1_20' title='bbox 1721 543 1780 596; x_wconf 87' lang='lat' dir='ltr'><strong>pa</strong></span> <span class='ocrx_word' id='word_1_21' title='bbox 1790 545 1900 582; x_wconf 86' lang='lat' dir='ltr'><strong>rett-</strong></span> 
     </span>
    </p>
   </div>
   <div class='ocr_carea' id='block_1_4' title="bbox 311 615 1893 689">
    <p class='ocr_par' dir='ltr' id='par_1_4' title="bbox 311 615 1893 689">
     <span class='ocr_line' id='line_1_4' title="bbox 311 615 1893 689; baseline 0.003 -21"><span class='ocrx_word' id='word_1_22' title='bbox 311 626 419 668; x_wconf 89' lang='lat' dir='ltr'><strong>tom</strong></span> <span class='ocrx_word' id='word_1_23' title='bbox 449 622 571 668; x_wconf 85' lang='lat' dir='ltr'><strong>nata</strong></span> <span class='ocrx_word' id='word_1_24' title='bbox 601 624 683 668; x_wconf 90' lang='lat' dir='ltr'><strong>est</strong></span> <span class='ocrx_word' id='word_1_25' title='bbox 703 631 717 680; x_wconf 93' lang='lat'><strong>;</strong></span> <span class='ocrx_word' id='word_1_26' title='bbox 741 630 844 670; x_wconf 91' lang='lat' dir='ltr'><strong>non</strong></span> <span class='ocrx_word' id='word_1_27' title='bbox 874 627 1050 670; x_wconf 90' lang='lat' dir='ltr'><strong>autem</strong></span> <span class='ocrx_word' id='word_1_28' title='bbox 1079 615 1344 672; x_wconf 78' lang='lat' dir='ltr'><strong>Christum</strong></span> <span class='ocrx_word' id='word_1_29' title='bbox 1381 619 1458 673; x_wconf 93' lang='lat' dir='ltr'><strong>sic</strong></span> <span class='ocrx_word' id='word_1_30' title='bbox 1487 617 1598 686; x_wconf 80' lang='lat' dir='ltr'><strong>ipsa</strong></span> <span class='ocrx_word' id='word_1_31' title='bbox 1629 621 1893 689; x_wconf 82' lang='lat' dir='ltr'><strong>concepit,</strong></span> 
     </span>
    </p>
   </div>
   <div class='ocr_carea' id='block_1_5' title="bbox 307 706 1896 776">
    <p class='ocr_par' dir='ltr' id='par_1_5' title="bbox 307 706 1896 776">
     <span class='ocr_line' id='line_1_5' title="bbox 307 706 1896 776; baseline 0.003 -18"><span class='ocrx_word' id='word_1_32' title='bbox 307 721 466 774; x_wconf 88' lang='lat' dir='ltr'><strong>quem</strong></span> <span class='ocrx_word' id='word_1_33' title='bbox 513 722 618 759; x_wconf 89' lang='lat' dir='ltr'><strong>non</strong></span> <span class='ocrx_word' id='word_1_34' title='bbox 662 706 730 760; x_wconf 89' lang='lat' dir='ltr'><strong>de</strong></span> <span class='ocrx_word' id='word_1_35' title='bbox 779 707 914 761; x_wconf 89' lang='lat' dir='ltr'><strong>virili</strong></span> <span class='ocrx_word' id='word_1_36' title='bbox 959 709 1183 771; x_wconf 88' lang='lat' dir='ltr'><strong>semine,</strong></span> <span class='ocrx_word' id='word_1_37' title='bbox 1232 708 1325 762; x_wconf 88' lang='lat' dir='ltr'><strong>sed</strong></span> <span class='ocrx_word' id='word_1_38' title='bbox 1365 708 1431 762; x_wconf 91' lang='lat' dir='ltr'><strong>de</strong></span> <span class='ocrx_word' id='word_1_39' title='bbox 1472 709 1670 776; x_wconf 88' lang='lat' dir='ltr'><strong>Spiritu</strong></span> <span class='ocrx_word' id='word_1_40' title='bbox 1713 720 1896 762; x_wconf 87' lang='lat' dir='ltr'><strong>sancto</strong></span> 
     </span>
    </p>
   </div>
   <div class='ocr_carea' id='block_1_6' title="bbox 307 798 1895 868">
    <p class='ocr_par' dir='ltr' id='par_1_6' title="bbox 307 798 1895 868">
     <span class='ocr_line' id='line_1_6' title="bbox 307 798 1895 868; baseline 0.003 -17"><span class='ocrx_word' id='word_1_41' title='bbox 307 799 627 867; x_wconf 86' lang='lat' dir='ltr'><strong>procreavit.</strong></span> <span class='ocrx_word' id='word_1_42' title='bbox 686 798 800 853; x_wconf 86' lang='lat' dir='ltr'><strong>Non</strong></span> <span class='ocrx_word' id='word_1_43' title='bbox 844 815 974 866; x_wconf 88' lang='lat' dir='ltr'><strong>ergo</strong></span> <span class='ocrx_word' id='word_1_44' title='bbox 1022 801 1273 868; x_wconf 90' lang='lat' dir='ltr'><strong>pertinuit</strong></span> <span class='ocrx_word' id='word_1_45' title='bbox 1323 800 1388 854; x_wconf 88' lang='lat' dir='ltr'><strong>ad</strong></span> <span class='ocrx_word' id='word_1_46' title='bbox 1435 800 1693 855; x_wconf 82' lang='lat' dir='ltr'><strong>ratiOnem</strong></span> <span class='ocrx_word' id='word_1_47' title='bbox 1725 801 1895 856; x_wconf 84' lang='lat' dir='ltr'><strong>virilis</strong></span> 
     </span>
    </p>
   </div>
   <div class='ocr_carea' id='block_1_7' title="bbox 304 891 1891 963">
    <p class='ocr_par' dir='ltr' id='par_1_7' title="bbox 304 891 1891 963">
     <span class='ocr_line' id='line_1_7' title="bbox 304 891 1891 963; baseline 0.004 -21"><span class='ocrx_word' id='word_1_48' title='bbox 304 891 548 956; x_wconf 69' lang='lat' dir='ltr'><strong>seminis,</strong></span> <span class='ocrx_word' id='word_1_49' title='bbox 598 906 696 960; x_wconf 85' lang='lat' dir='ltr'><strong>per</strong></span> <span class='ocrx_word' id='word_1_50' title='bbox 731 907 886 961; x_wconf 88' lang='lat' dir='ltr'><strong>quam</strong></span> <span class='ocrx_word' id='word_1_51' title='bbox 931 894 1140 946; x_wconf 79' lang='lat' dir='ltr'><strong>fuerunt</strong></span> <span class='ocrx_word' id='word_1_52' title='bbox 1171 894 1221 947; x_wconf 89' lang='lat' dir='ltr'><strong>in</strong></span> <span class='ocrx_word' id='word_1_53' title='bbox 1255 893 1448 948; x_wconf 89' lang='lat' dir='ltr'><strong>lumbis</strong></span> <span class='ocrx_word' id='word_1_54' title='bbox 1479 894 1726 957; x_wconf 70' lang='lat' dir='ltr'><strong>Abrahm,</strong></span> <span class='ocrx_word' id='word_1_55' title='bbox 1757 909 1891 963; x_wconf 88' lang='lat' dir='ltr'><strong>quos</strong></span> 
     </span>
    </p>
   </div>
   <div class='ocr_carea' id='block_1_8' title="bbox 304 974 1890 1052">
    <p class='ocr_par' dir='ltr' id='par_1_8' title="bbox 304 974 1890 1052">
     <span class='ocr_line' id='line_1_8' title="bbox 304 974 1890 1052; baseline 0.004 -20"><span class='ocrx_word' id='word_1_56' title='bbox 304 980 358 1033; x_wconf 85' lang='lat' dir='ltr'><strong>in</strong></span> <span class='ocrx_word' id='word_1_57' title='bbox 390 980 482 1034; x_wconf 90' lang='lat' dir='ltr'><strong>illo</strong></span> <span class='ocrx_word' id='word_1_58' title='bbox 507 981 800 1035; x_wconf 88' lang='lat' dir='ltr'><strong>decimatos</strong></span> <span class='ocrx_word' id='word_1_59' title='bbox 829 996 949 1035; x_wconf 82' lang='lat' dir='ltr'><strong>esse</strong></span> <span class='ocrx_word' id='word_1_60' title='bbox 975 997 1124 1036; x_wconf 83' lang='lat' dir='ltr'><strong>saera</strong></span> <span class='ocrx_word' id='word_1_61' title='bbox 1162 982 1438 1052; x_wconf 79' lang='lat' dir='ltr'><strong>Scriptura</strong></span> <span class='ocrx_word' id='word_1_62' title='bbox 1469 974 1713 1037; x_wconf 76' lang='lat' dir='ltr'><strong>testatur.</strong></span> <span class='ocrx_word' id='word_1_63' title='bbox 1747 983 1890 1038; x_wconf 85' lang='lat' dir='ltr'><strong>Con-</strong></span> 
     </span>
    </p>
   </div>
   <div class='ocr_carea' id='block_1_9' title="bbox 301 1072 1889 1148">
    <p class='ocr_par' dir='ltr' id='par_1_9' title="bbox 301 1072 1889 1148">
     <span class='ocr_line' id='line_1_9' title="bbox 301 1072 1889 1148; baseline 0.002 -24"><span class='ocrx_word' id='word_1_64' title='bbox 301 1072 626 1148; x_wconf 54' lang='lat' dir='ltr'><strong>cupis&#39;centia</strong></span> <span class='ocrx_word' id='word_1_65' title='bbox 657 1086 819 1142; x_wconf 88' lang='lat' dir='ltr'><strong>porro</strong></span> <span class='ocrx_word' id='word_1_66' title='bbox 858 1073 1052 1135; x_wconf 88' lang='lat' dir='ltr'><strong>carnis,</strong></span> <span class='ocrx_word' id='word_1_67' title='bbox 1087 1088 1182 1142; x_wconf 89' lang='lat' dir='ltr'><strong>per</strong></span> <span class='ocrx_word' id='word_1_68' title='bbox 1210 1088 1368 1142; x_wconf 91' lang='lat' dir='ltr'><strong>quam</strong></span> <span class='ocrx_word' id='word_1_69' title='bbox 1394 1073 1568 1141; x_wconf 84' lang='lat' dir='ltr'><strong>jactus</strong></span> <span class='ocrx_word' id='word_1_70' title='bbox 1594 1073 1889 1128; x_wconf 83' lang='lat' dir='ltr'><strong>earnalium</strong></span> 
     </span>
    </p>
   </div>
   <div class='ocr_carea' id='block_1_10' title="bbox 301 1161 1890 1231">
    <p class='ocr_par' dir='ltr' id='par_1_10' title="bbox 301 1161 1890 1231">
     <span class='ocr_line' id='line_1_10' title="bbox 301 1161 1890 1231; baseline 0.003 -17"><span class='ocrx_word' id='word_1_71' title='bbox 301 1161 566 1214; x_wconf 78' lang='lat' dir='ltr'><strong>seminum</strong></span> <span class='ocrx_word' id='word_1_72' title='bbox 609 1172 945 1231; x_wconf 68' lang='lat' dir='ltr'><strong>provocatur,</strong></span> <span class='ocrx_word' id='word_1_73' title='bbox 994 1172 1086 1216; x_wconf 86' lang='lat' dir='ltr'><strong>aut.</strong></span> <span class='ocrx_word' id='word_1_74' title='bbox 1131 1163 1270 1216; x_wconf 88' lang='lat' dir='ltr'><strong>nulla</strong></span> <span class='ocrx_word' id='word_1_75' title='bbox 1312 1162 1366 1216; x_wconf 89' lang='lat' dir='ltr'><strong>in</strong></span> <span class='ocrx_word' id='word_1_76' title='bbox 1411 1163 1578 1217; x_wconf 82' lang='lat' dir='ltr'><strong>Adam</strong></span> <span class='ocrx_word' id='word_1_77' title='bbox 1629 1162 1726 1218; x_wconf 81' lang='lat' dir='ltr'><strong>fuit</strong></span> <span class='ocrx_word' id='word_1_78' title='bbox 1766 1174 1890 1218; x_wconf 87' lang='lat' dir='ltr'><strong>ante</strong></span> 
     </span>
    </p>
   </div>
   <div class='ocr_carea' id='block_1_11' title="bbox 301 1253 1891 1322">
    <p class='ocr_par' dir='ltr' id='par_1_11' title="bbox 301 1253 1891 1322">
     <span class='ocr_line' id='line_1_11' title="bbox 301 1253 1891 1322; baseline 0.004 -21"><span class='ocrx_word' id='word_1_79' title='bbox 301 1265 599 1320; x_wconf 84' lang='lat' dir='ltr'><strong>peccatum,</strong></span> <span class='ocrx_word' id='word_1_80' title='bbox 645 1263 736 1306; x_wconf 90' lang='lat' dir='ltr'><strong>aut</strong></span> <span class='ocrx_word' id='word_1_81' title='bbox 787 1254 838 1306; x_wconf 91' lang='lat' dir='ltr'><strong>in</strong></span> <span class='ocrx_word' id='word_1_82' title='bbox 866 1253 955 1307; x_wconf 90' lang='lat' dir='ltr'><strong>illo</strong></span> <span class='ocrx_word' id='word_1_83' title='bbox 1003 1254 1181 1307; x_wconf 88' lang='lat' dir='ltr'><strong>vitiata</strong></span> <span class='ocrx_word' id='word_1_84' title='bbox 1221 1263 1304 1308; x_wconf 88' lang='lat' dir='ltr'><strong>est</strong></span> <span class='ocrx_word' id='word_1_85' title='bbox 1334 1269 1425 1322; x_wconf 87' lang='lat' dir='ltr'><strong>per</strong></span> <span class='ocrx_word' id='word_1_86' title='bbox 1465 1263 1757 1322; x_wconf 89' lang='lat' dir='ltr'><strong>peccatum.</strong></span> <span class='ocrx_word' id='word_1_87' title='bbox 1786 1255 1891 1308; x_wconf 83' lang='lat' dir='ltr'><strong>Aut</strong></span> 
     </span>
    </p>
   </div>
   <div class='ocr_carea' id='block_1_12' title="bbox 295 1343 1882 1414">
    <p class='ocr_par' dir='ltr' id='par_1_12' title="bbox 295 1343 1882 1414">
     <span class='ocr_line' id='line_1_12' title="bbox 295 1343 1882 1414; baseline 0.003 -19"><span class='ocrx_word' id='word_1_88' title='bbox 295 1345 440 1396; x_wconf 87' lang='lat' dir='ltr'><strong>enim</strong></span> <span class='ocrx_word' id='word_1_89' title='bbox 469 1345 584 1397; x_wconf 89' lang='lat' dir='ltr'><strong>sine</strong></span> <span class='ocrx_word' id='word_1_90' title='bbox 621 1343 704 1398; x_wconf 83' lang='lat' dir='ltr'><strong>illa</strong></span> <span class='ocrx_word' id='word_1_91' title='bbox 735 1351 980 1413; x_wconf 77' lang='lat' dir='ltr'><strong>poterant</strong></span> <span class='ocrx_word' id='word_1_92' title='bbox 1016 1352 1069 1398; x_wconf 91' lang='lat' dir='ltr'><strong>et</strong></span> <span class='ocrx_word' id='word_1_93' title='bbox 1094 1343 1342 1413; x_wconf 76' lang='lat' dir='ltr'><strong>genitalia</strong></span> <span class='ocrx_word' id='word_1_94' title='bbox 1378 1353 1736 1414; x_wconf 78' lang='lat' dir='ltr'><strong>congruenter</strong></span> <span class='ocrx_word' id='word_1_95' title='bbox 1765 1360 1882 1399; x_wconf 88' lang='lat' dir='ltr'><strong>mo-</strong></span> 
     </span>
    </p>
   </div>
   <div class='ocr_carea' id='block_1_13' title="bbox 297 1432 1885 1504">
    <p class='ocr_par' dir='ltr' id='par_1_13' title="bbox 297 1432 1885 1504">
     <span class='ocr_line' id='line_1_13' title="bbox 297 1432 1885 1504; baseline 0.004 -19"><span class='ocrx_word' id='word_1_96' title='bbox 297 1433 432 1496; x_wconf 87' lang='lat' dir='ltr'><strong>veri,</strong></span> <span class='ocrx_word' id='word_1_97' title='bbox 457 1443 510 1486; x_wconf 91' lang='lat' dir='ltr'><strong>et</strong></span> <span class='ocrx_word' id='word_1_98' title='bbox 535 1433 776 1502; x_wconf 89' lang='lat' dir='ltr'><strong>conjugis</strong></span> <span class='ocrx_word' id='word_1_99' title='bbox 804 1435 1008 1504; x_wconf 89' lang='lat' dir='ltr'><strong>gremio</strong></span> <span class='ocrx_word' id='word_1_100' title='bbox 1038 1449 1220 1488; x_wconf 84' lang='lat' dir='ltr'><strong>semen</strong></span> <span class='ocrx_word' id='word_1_101' title='bbox 1254 1432 1480 1498; x_wconf 79' lang='lat' dir='ltr'><strong>infundi,</strong></span> <span class='ocrx_word' id='word_1_102' title='bbox 1508 1435 1553 1488; x_wconf 86' lang='lat' dir='ltr'><strong>si</strong></span> <span class='ocrx_word' id='word_1_103' title='bbox 1583 1435 1724 1488; x_wconf 89' lang='lat' dir='ltr'><strong>ttulla</strong></span> <span class='ocrx_word' id='word_1_104' title='bbox 1758 1444 1885 1493; x_wconf 86' lang='lat' dir='ltr'><strong>tunc</strong></span> 
     </span>
    </p>
   </div>
   <div class='ocr_carea' id='block_1_14' title="bbox 292 1525 1884 1594">
    <p class='ocr_par' dir='ltr' id='par_1_14' title="bbox 292 1525 1884 1594">
     <span class='ocr_line' id='line_1_14' title="bbox 292 1525 1884 1594; baseline 0.003 -18"><span class='ocrx_word' id='word_1_105' title='bbox 292 1525 415 1590; x_wconf 74' lang='lat' dir='ltr'><strong>fuit,</strong></span> <span class='ocrx_word' id='word_1_106' title='bbox 461 1535 553 1578; x_wconf 91' lang='lat' dir='ltr'><strong>aut</strong></span> <span class='ocrx_word' id='word_1_107' title='bbox 588 1525 654 1578; x_wconf 85' lang='lat' dir='ltr'><strong>ad</strong></span> <span class='ocrx_word' id='word_1_108' title='bbox 700 1534 884 1578; x_wconf 91' lang='lat' dir='ltr'><strong>nutum</strong></span> <span class='ocrx_word' id='word_1_109' title='bbox 928 1525 1213 1580; x_wconf 76' lang='lat' dir='ltr'><strong>voluntatis</strong></span> <span class='ocrx_word' id='word_1_110' title='bbox 1256 1526 1414 1579; x_wconf 90' lang='lat' dir='ltr'><strong>etiam</strong></span> <span class='ocrx_word' id='word_1_111' title='bbox 1447 1525 1558 1594; x_wconf 89' lang='lat' dir='ltr'><strong>ipsa</strong></span> <span class='ocrx_word' id='word_1_112' title='bbox 1587 1526 1807 1591; x_wconf 76' lang='lat' dir='ltr'><strong>servire,</strong></span> <span class='ocrx_word' id='word_1_113' title='bbox 1839 1527 1884 1581; x_wconf 89' lang='lat' dir='ltr'><strong>si</strong></span> 
     </span>
    </p>
   </div>
   <div class='ocr_carea' id='block_1_15' title="bbox 293 1617 1882 1688">
    <p class='ocr_par' dir='ltr' id='par_1_15' title="bbox 293 1617 1882 1688">
     <span class='ocr_line' id='line_1_15' title="bbox 293 1617 1882 1688; baseline 0.001 -20"><span class='ocrx_word' id='word_1_114' title='bbox 293 1619 412 1669; x_wconf 83' lang='lat' dir='ltr'><strong>t‘uit.</strong></span> <span class='ocrx_word' id='word_1_115' title='bbox 445 1617 594 1671; x_wconf 87' lang='lat' dir='ltr'><strong>Nunc</strong></span> <span class='ocrx_word' id='word_1_116' title='bbox 621 1629 799 1672; x_wconf 89' lang='lat' dir='ltr'><strong>autem</strong></span> <span class='ocrx_word' id='word_1_117' title='bbox 828 1617 872 1672; x_wconf 91' lang='lat' dir='ltr'><strong>si</strong></span> <span class='ocrx_word' id='word_1_118' title='bbox 906 1618 1026 1672; x_wconf 82' lang='lat' dir='ltr'><strong>talis</strong></span> <span class='ocrx_word' id='word_1_119' title='bbox 1054 1626 1222 1684; x_wconf 81' lang='lat' dir='ltr'><strong>esset,</strong></span> <span class='ocrx_word' id='word_1_120' title='bbox 1249 1632 1519 1686; x_wconf 87' lang='lat' dir='ltr'><strong>nunquam</strong></span> <span class='ocrx_word' id='word_1_121' title='bbox 1545 1632 1670 1688; x_wconf 86' lang='lat' dir='ltr'><strong>caro</strong></span> <span class='ocrx_word' id='word_1_122' title='bbox 1699 1628 1882 1672; x_wconf 84' lang='lat' dir='ltr'><strong>contra</strong></span> 
     </span>
    </p>
   </div>
   <div class='ocr_carea' id='block_1_16' title="bbox 289 1709 1881 1778">
    <p class='ocr_par' dir='ltr' id='par_1_16' title="bbox 289 1709 1881 1778">
     <span class='ocr_line' id='line_1_16' title="bbox 289 1709 1881 1778; baseline 0.003 -19"><span class='ocrx_word' id='word_1_123' title='bbox 289 1709 538 1777; x_wconf 82' lang='lat' dir='ltr'><strong>spiritum</strong></span> <span class='ocrx_word' id='word_1_124' title='bbox 568 1709 992 1778; x_wconf 85' lang='lat' dir='ltr'><strong>concupisceret.</strong></span> <span class='ocrx_word' id='word_1_125' title='bbox 1040 1710 1146 1762; x_wconf 81' lang='lat' dir='ltr'><strong>Aut</strong></span> <span class='ocrx_word' id='word_1_126' title='bbox 1166 1723 1296 1777; x_wconf 88' lang='lat' dir='ltr'><strong>ergo</strong></span> <span class='ocrx_word' id='word_1_127' title='bbox 1326 1709 1442 1778; x_wconf 89' lang='lat' dir='ltr'><strong>ipsa</strong></span> <span class='ocrx_word' id='word_1_128' title='bbox 1467 1709 1648 1762; x_wconf 82' lang='lat' dir='ltr'><strong>vitium</strong></span> <span class='ocrx_word' id='word_1_129' title='bbox 1680 1717 1782 1774; x_wconf 87' lang='lat' dir='ltr'><strong>cst,</strong></span> <span class='ocrx_word' id='word_1_130' title='bbox 1837 1709 1881 1763; x_wconf 91' lang='lat' dir='ltr'><strong>si</strong></span> 
     </span>
    </p>
   </div>
   <div class='ocr_carea' id='block_1_17' title="bbox 289 1799 1882 1870">
    <p class='ocr_par' dir='ltr' id='par_1_17' title="bbox 289 1799 1882 1870">
     <span class='ocr_line' id='line_1_17' title="bbox 289 1799 1882 1870; baseline 0.001 -18"><span class='ocrx_word' id='word_1_131' title='bbox 289 1801 436 1853; x_wconf 85' lang='lat' dir='ltr'><strong>nulla</strong></span> <span class='ocrx_word' id='word_1_132' title='bbox 467 1801 563 1854; x_wconf 80' lang='lat' dir='ltr'><strong>fuit</strong></span> <span class='ocrx_word' id='word_1_133' title='bbox 591 1811 714 1854; x_wconf 90' lang='lat' dir='ltr'><strong>ante</strong></span> <span class='ocrx_word' id='word_1_134' title='bbox 745 1809 1019 1870; x_wconf 82' lang='lat' dir='ltr'><strong>peccatum</strong></span> <span class='ocrx_word' id='word_1_135' title='bbox 1044 1817 1058 1864; x_wconf 89' lang='lat'><strong>;</strong></span> <span class='ocrx_word' id='word_1_136' title='bbox 1091 1807 1184 1854; x_wconf 91' lang='lat' dir='ltr'><strong>aut</strong></span> <span class='ocrx_word' id='word_1_137' title='bbox 1225 1800 1336 1868; x_wconf 90' lang='lat' dir='ltr'><strong>ipsa</strong></span> <span class='ocrx_word' id='word_1_138' title='bbox 1361 1799 1479 1855; x_wconf 89' lang='lat' dir='ltr'><strong>sine</strong></span> <span class='ocrx_word' id='word_1_139' title='bbox 1505 1799 1669 1854; x_wconf 91' lang='lat' dir='ltr'><strong>dubio</strong></span> <span class='ocrx_word' id='word_1_140' title='bbox 1692 1808 1774 1854; x_wconf 88' lang='lat' dir='ltr'><strong>est</strong></span> <span class='ocrx_word' id='word_1_141' title='bbox 1798 1800 1882 1854; x_wconf 83' lang='lat' dir='ltr'><strong>vi-</strong></span> 
     </span>
    </p>
   </div>
   <div class='ocr_carea' id='block_1_18' title="bbox 285 1888 1882 1958">
    <p class='ocr_par' dir='ltr' id='par_1_18' title="bbox 285 1888 1882 1958">
     <span class='ocr_line' id='line_1_18' title="bbox 285 1888 1882 1958; baseline 0.001 -16"><span class='ocrx_word' id='word_1_142' title='bbox 285 1892 420 1942; x_wconf 82' lang='lat' dir='ltr'><strong>tiata</strong></span> <span class='ocrx_word' id='word_1_143' title='bbox 453 1898 700 1958; x_wconf 90' lang='lat' dir='ltr'><strong>peccato;</strong></span> <span class='ocrx_word' id='word_1_144' title='bbox 732 1898 785 1943; x_wconf 91' lang='lat' dir='ltr'><strong>et</strong></span> <span class='ocrx_word' id='word_1_145' title='bbox 815 1889 933 1944; x_wconf 88' lang='lat' dir='ltr'><strong>ideo</strong></span> <span class='ocrx_word' id='word_1_146' title='bbox 955 1905 1021 1944; x_wconf 84' lang='lat' dir='ltr'><strong>ex</strong></span> <span class='ocrx_word' id='word_1_147' title='bbox 1049 1889 1140 1944; x_wconf 89' lang='lat' dir='ltr'><strong>illa</strong></span> <span class='ocrx_word' id='word_1_148' title='bbox 1164 1888 1396 1943; x_wconf 82' lang='lat' dir='ltr'><strong>trahitur</strong></span> <span class='ocrx_word' id='word_1_149' title='bbox 1421 1889 1678 1958; x_wconf 82' lang='lat' dir='ltr'><strong>originale</strong></span> <span class='ocrx_word' id='word_1_150' title='bbox 1701 1903 1882 1958; x_wconf 63' lang='lat' dir='ltr'><strong>peccao</strong></span> 
     </span>
    </p>
   </div>
   <div class='ocr_carea' id='block_1_19' title="bbox 285 1979 1881 2050">
    <p class='ocr_par' dir='ltr' id='par_1_19' title="bbox 285 1979 1881 2050">
     <span class='ocr_line' id='line_1_19' title="bbox 285 1979 1881 2050; baseline 0.003 -18"><span class='ocrx_word' id='word_1_151' title='bbox 285 1991 427 2034; x_wconf 89' lang='lat' dir='ltr'><strong>tum.</strong></span> <span class='ocrx_word' id='word_1_152' title='bbox 445 1981 561 2034; x_wconf 84' lang='lat' dir='ltr'><strong>Fuit</strong></span> <span class='ocrx_word' id='word_1_153' title='bbox 576 1995 703 2050; x_wconf 89' lang='lat' dir='ltr'><strong>ergo</strong></span> <span class='ocrx_word' id='word_1_154' title='bbox 721 1980 771 2034; x_wconf 89' lang='lat' dir='ltr'><strong>itt</strong></span> <span class='ocrx_word' id='word_1_155' title='bbox 791 1980 965 2034; x_wconf 74' lang='lat' dir='ltr'><strong>Maria:</strong></span> <span class='ocrx_word' id='word_1_156' title='bbox 983 1995 1208 2050; x_wconf 88' lang='lat' dir='ltr'><strong>corpore</strong></span> <span class='ocrx_word' id='word_1_157' title='bbox 1233 1979 1463 2034; x_wconf 85' lang='lat' dir='ltr'><strong>carnalis</strong></span> <span class='ocrx_word' id='word_1_158' title='bbox 1479 1982 1721 2045; x_wconf 86' lang='lat' dir='ltr'><strong>materia,</strong></span> <span class='ocrx_word' id='word_1_159' title='bbox 1741 1979 1881 2036; x_wconf 87' lang='lat' dir='ltr'><strong>unde</strong></span> 
     </span>
    </p>
   </div>
   <div class='ocr_carea' id='block_1_20' title="bbox 279 2070 1877 2141">
    <p class='ocr_par' dir='ltr' id='par_1_20' title="bbox 279 2070 1877 2141">
     <span class='ocr_line' id='line_1_20' title="bbox 279 2070 1877 2141; baseline -0.001 -16"><span class='ocrx_word' id='word_1_160' title='bbox 279 2087 505 2126; x_wconf 77' lang='lat' dir='ltr'><strong>Carnem</strong></span> <span class='ocrx_word' id='word_1_161' title='bbox 561 2072 788 2141; x_wconf 84' lang='lat' dir='ltr'><strong>sumpsit</strong></span> <span class='ocrx_word' id='word_1_162' title='bbox 829 2070 1073 2127; x_wconf 74' lang='lat' dir='ltr'><strong>Christus</strong></span> <span class='ocrx_word' id='word_1_163' title='bbox 1097 2088 1111 2125; x_wconf 90' lang='lat'><strong>:</strong></span> <span class='ocrx_word' id='word_1_164' title='bbox 1135 2070 1228 2124; x_wconf 90' lang='lat' dir='ltr'><strong>sed</strong></span> <span class='ocrx_word' id='word_1_165' title='bbox 1268 2085 1373 2124; x_wconf 88' lang='lat' dir='ltr'><strong>non</strong></span> <span class='ocrx_word' id='word_1_166' title='bbox 1419 2070 1470 2124; x_wconf 90' lang='lat' dir='ltr'><strong>in</strong></span> <span class='ocrx_word' id='word_1_167' title='bbox 1511 2085 1574 2123; x_wconf 89' lang='lat' dir='ltr'><strong>ea</strong></span> <span class='ocrx_word' id='word_1_168' title='bbox 1607 2070 1877 2124; x_wconf 87' lang='lat' dir='ltr'><strong>Christum</strong></span> 
     </span>
    </p>
   </div>
   <div class='ocr_carea' id='block_1_21' title="bbox 244 2159 1879 2231">
    <p class='ocr_par' dir='ltr' id='par_1_21' title="bbox 244 2159 1879 2231">
     <span class='ocr_line' id='line_1_21' title="bbox 244 2159 1879 2231; baseline -0.001 -15"><span class='ocrx_word' id='word_1_169' title='bbox 244 2177 246 2180; x_wconf 74' lang='lat'><strong><em>&#39;</em></strong></span> <span class='ocrx_word' id='word_1_170' title='bbox 276 2164 517 2217; x_wconf 86' lang='lat' dir='ltr'><strong>carnalis</strong></span> <span class='ocrx_word' id='word_1_171' title='bbox 536 2163 959 2231; x_wconf 77' lang='lat' dir='ltr'><strong>concupiscentia</strong></span> <span class='ocrx_word' id='word_1_172' title='bbox 986 2161 1285 2216; x_wconf 90' lang='lat' dir='ltr'><strong>seminavit.</strong></span> <span class='ocrx_word' id='word_1_173' title='bbox 1315 2159 1466 2215; x_wconf 87' lang='lat' dir='ltr'><strong>Unde</strong></span> <span class='ocrx_word' id='word_1_174' title='bbox 1503 2159 1590 2213; x_wconf 90' lang='lat' dir='ltr'><strong>ille</strong></span> <span class='ocrx_word' id='word_1_175' title='bbox 1621 2168 1774 2214; x_wconf 88' lang='lat' dir='ltr'><strong>natus</strong></span> <span class='ocrx_word' id='word_1_176' title='bbox 1798 2168 1879 2214; x_wconf 89' lang='lat' dir='ltr'><strong>est</strong></span> 
     </span>
    </p>
   </div>
   <div class='ocr_carea' id='block_1_22' title="bbox 276 2252 1878 2320">
    <p class='ocr_par' dir='ltr' id='par_1_22' title="bbox 276 2252 1878 2320">
     <span class='ocr_line' id='line_1_22' title="bbox 276 2252 1878 2320; baseline -0.002 -11"><span class='ocrx_word' id='word_1_177' title='bbox 276 2272 348 2309; x_wconf 74' lang='lat' dir='ltr'><strong>ex</strong></span> <span class='ocrx_word' id='word_1_178' title='bbox 409 2271 570 2310; x_wconf 88' lang='lat' dir='ltr'><strong>carne</strong></span> <span class='ocrx_word' id='word_1_179' title='bbox 605 2270 726 2308; x_wconf 91' lang='lat' dir='ltr'><strong>cum</strong></span> <span class='ocrx_word' id='word_1_180' title='bbox 774 2269 955 2320; x_wconf 88' lang='lat' dir='ltr'><strong>carne,</strong></span> <span class='ocrx_word' id='word_1_181' title='bbox 1009 2253 1060 2306; x_wconf 92' lang='lat' dir='ltr'><strong>in</strong></span> <span class='ocrx_word' id='word_1_182' title='bbox 1108 2252 1451 2307; x_wconf 89' lang='lat' dir='ltr'><strong>similitudine</strong></span> <span class='ocrx_word' id='word_1_183' title='bbox 1476 2261 1650 2306; x_wconf 89' lang='lat' dir='ltr'><strong>tamen</strong></span> <span class='ocrx_word' id='word_1_184' title='bbox 1703 2252 1878 2307; x_wconf 90' lang='lat' dir='ltr'><strong>carnis</strong></span> 
     </span>
    </p>
   </div>
   <div class='ocr_carea' id='block_1_23' title="bbox 276 2343 1872 2417">
    <p class='ocr_par' dir='ltr' id='par_1_23' title="bbox 276 2343 1872 2417">
     <span class='ocr_line' id='line_1_23' title="bbox 276 2343 1872 2417; baseline -0.003 -17"><span class='ocrx_word' id='word_1_185' title='bbox 276 2348 529 2417; x_wconf 79' lang='lat' dir='ltr'><strong>peccati,</strong></span> <span class='ocrx_word' id='word_1_186' title='bbox 579 2363 684 2400; x_wconf 89' lang='lat' dir='ltr'><strong>non</strong></span> <span class='ocrx_word' id='word_1_187' title='bbox 742 2346 879 2400; x_wconf 86' lang='lat' dir='ltr'><strong>sicut</strong></span> <span class='ocrx_word' id='word_1_188' title='bbox 925 2346 1012 2400; x_wconf 89' lang='lat' dir='ltr'><strong>alii</strong></span> <span class='ocrx_word' id='word_1_189' title='bbox 1055 2345 1297 2398; x_wconf 81' lang='lat' dir='ltr'><strong>homines</strong></span> <span class='ocrx_word' id='word_1_190' title='bbox 1342 2345 1393 2398; x_wconf 92' lang='lat' dir='ltr'><strong>in</strong></span> <span class='ocrx_word' id='word_1_191' title='bbox 1442 2358 1602 2399; x_wconf 84' lang='lat' dir='ltr'><strong>carne</strong></span> <span class='ocrx_word' id='word_1_192' title='bbox 1630 2343 1872 2414; x_wconf 88' lang='lat' dir='ltr'><strong>peccati:</strong></span> 
     </span>
    </p>
   </div>
   <div class='ocr_carea' id='block_1_24' title="bbox 276 2436 1873 2507">
    <p class='ocr_par' dir='ltr' id='par_1_24' title="bbox 276 2436 1873 2507">
     <span class='ocr_line' id='line_1_24' title="bbox 276 2436 1873 2507; baseline -0.003 -15"><span class='ocrx_word' id='word_1_193' title='bbox 276 2448 568 2506; x_wconf 83' lang='lat' dir='ltr'><strong>propterea</strong></span> <span class='ocrx_word' id='word_1_194' title='bbox 638 2437 896 2507; x_wconf 74' lang='lat' dir='ltr'><strong>originale</strong></span> <span class='ocrx_word' id='word_1_195' title='bbox 961 2446 1236 2506; x_wconf 79' lang='lat' dir='ltr'><strong>peccaturo</strong></span> <span class='ocrx_word' id='word_1_196' title='bbox 1297 2436 1352 2490; x_wconf 89' lang='lat' dir='ltr'><strong>in</strong></span> <span class='ocrx_word' id='word_1_197' title='bbox 1413 2436 1532 2488; x_wconf 90' lang='lat' dir='ltr'><strong>aliis</strong></span> <span class='ocrx_word' id='word_1_198' title='bbox 1590 2449 1873 2504; x_wconf 58' lang='lat' dir='ltr'><strong>regenera-</strong></span> 
     </span>
    </p>
   </div>
   <div class='ocr_carea' id='block_1_25' title="bbox 277 2523 1875 2597">
    <p class='ocr_par' dir='ltr' id='par_1_25' title="bbox 277 2523 1875 2597">
     <span class='ocr_line' id='line_1_25' title="bbox 277 2523 1875 2597; baseline -0.003 -14"><span class='ocrx_word' id='word_1_199' title='bbox 277 2530 431 2583; x_wconf 88' lang='lat' dir='ltr'><strong>tione</strong></span> <span class='ocrx_word' id='word_1_200' title='bbox 455 2528 714 2594; x_wconf 78' lang='lat' dir='ltr'><strong>dissolvit,</strong></span> <span class='ocrx_word' id='word_1_201' title='bbox 761 2543 866 2582; x_wconf 92' lang='lat' dir='ltr'><strong>nou</strong></span> <span class='ocrx_word' id='word_1_202' title='bbox 911 2528 1024 2596; x_wconf 88' lang='lat' dir='ltr'><strong>ipse</strong></span> <span class='ocrx_word' id='word_1_203' title='bbox 1051 2527 1393 2597; x_wconf 83' lang='lat' dir='ltr'><strong>generatione</strong></span> <span class='ocrx_word' id='word_1_204' title='bbox 1437 2527 1719 2580; x_wconf 79' lang='lat' dir='ltr'><strong>contraxit.</strong></span> <span class='ocrx_word' id='word_1_205' title='bbox 1752 2523 1875 2579; x_wconf 88' lang='lat' dir='ltr'><strong>Ideo</strong></span> 
     </span>
    </p>
   </div>
   <div class='ocr_carea' id='block_1_26' title="bbox 278 2617 1873 2687">
    <p class='ocr_par' dir='ltr' id='par_1_26' title="bbox 278 2617 1873 2687">
     <span class='ocr_line' id='line_1_26' title="bbox 278 2617 1873 2687; baseline 0.001 -16"><span class='ocrx_word' id='word_1_206' title='bbox 278 2619 455 2672; x_wconf 83' lang='lat' dir='ltr'><strong>Adam</strong></span> <span class='ocrx_word' id='word_1_207' title='bbox 485 2619 687 2687; x_wconf 86' lang='lat' dir='ltr'><strong>primus</strong></span> <span class='ocrx_word' id='word_1_208' title='bbox 735 2618 845 2682; x_wconf 90' lang='lat' dir='ltr'><strong>ille,</strong></span> <span class='ocrx_word' id='word_1_209' title='bbox 890 2617 1156 2672; x_wconf 87' lang='lat' dir='ltr'><strong>secundus</strong></span> <span class='ocrx_word' id='word_1_210' title='bbox 1185 2617 1321 2679; x_wconf 88' lang='lat' dir='ltr'><strong>iste;</strong></span> <span class='ocrx_word' id='word_1_211' title='bbox 1374 2617 1497 2686; x_wconf 86' lang='lat' dir='ltr'><strong>quia</strong></span> <span class='ocrx_word' id='word_1_212' title='bbox 1542 2617 1658 2671; x_wconf 90' lang='lat' dir='ltr'><strong>sine</strong></span> <span class='ocrx_word' id='word_1_213' title='bbox 1696 2617 1873 2672; x_wconf 80' lang='lat' dir='ltr'><strong>carnis</strong></span> 
     </span>
    </p>
   </div>
   <div class='ocr_carea' id='block_1_27' title="bbox 273 2695 1868 2778">
    <p class='ocr_par' dir='ltr' id='par_1_27' title="bbox 273 2695 1868 2778">
     <span class='ocr_line' id='line_1_27' title="bbox 273 2695 1868 2778; baseline -0.001 -15"><span class='ocrx_word' id='word_1_214' title='bbox 273 2695 712 2778; x_wconf 78' lang='lat' dir='ltr'><strong>concupiscentia</strong></span> <span class='ocrx_word' id='word_1_215' title='bbox 740 2707 907 2763; x_wconf 82' lang='lat' dir='ltr'><strong>factus</strong></span> <span class='ocrx_word' id='word_1_216' title='bbox 927 2708 1034 2773; x_wconf 89' lang='lat' dir='ltr'><strong>ille,</strong></span> <span class='ocrx_word' id='word_1_217' title='bbox 1061 2717 1217 2762; x_wconf 87' lang='lat' dir='ltr'><strong>natus</strong></span> <span class='ocrx_word' id='word_1_218' title='bbox 1240 2715 1324 2762; x_wconf 89' lang='lat' dir='ltr'><strong>est</strong></span> <span class='ocrx_word' id='word_1_219' title='bbox 1343 2708 1444 2762; x_wconf 90' lang='lat' dir='ltr'><strong>iste</strong></span> <span class='ocrx_word' id='word_1_220' title='bbox 1469 2725 1481 2761; x_wconf 91' lang='lat'><strong>:</strong></span> <span class='ocrx_word' id='word_1_221' title='bbox 1511 2707 1604 2762; x_wconf 87' lang='lat' dir='ltr'><strong>sed</strong></span> <span class='ocrx_word' id='word_1_222' title='bbox 1628 2707 1717 2761; x_wconf 90' lang='lat' dir='ltr'><strong>ille</strong></span> <span class='ocrx_word' id='word_1_223' title='bbox 1750 2717 1868 2762; x_wconf 85' lang='lat' dir='ltr'><strong>tan-</strong></span> 
     </span>
    </p>
   </div>
   <div class='ocr_carea' id='block_1_28' title="bbox 277 2797 1871 2865">
    <p class='ocr_par' dir='ltr' id='par_1_28' title="bbox 277 2797 1871 2865">
     <span class='ocr_line' id='line_1_28' title="bbox 277 2797 1871 2865; baseline 0 -11"><span class='ocrx_word' id='word_1_224' title='bbox 277 2813 396 2854; x_wconf 90' lang='lat' dir='ltr'><strong>tum</strong></span> <span class='ocrx_word' id='word_1_225' title='bbox 419 2800 599 2865; x_wconf 89' lang='lat' dir='ltr'><strong>homo,</strong></span> <span class='ocrx_word' id='word_1_226' title='bbox 633 2801 733 2856; x_wconf 87' lang='lat' dir='ltr'><strong>iste</strong></span> <span class='ocrx_word' id='word_1_227' title='bbox 762 2816 888 2855; x_wconf 89' lang='lat' dir='ltr'><strong>vero</strong></span> <span class='ocrx_word' id='word_1_228' title='bbox 916 2808 971 2853; x_wconf 92' lang='lat' dir='ltr'><strong>et</strong></span> <span class='ocrx_word' id='word_1_229' title='bbox 1014 2800 1156 2854; x_wconf 80' lang='lat' dir='ltr'><strong>Deus</strong></span> <span class='ocrx_word' id='word_1_230' title='bbox 1193 2809 1247 2854; x_wconf 89' lang='lat' dir='ltr'><strong>et</strong></span> <span class='ocrx_word' id='word_1_231' title='bbox 1274 2798 1434 2852; x_wconf 88' lang='lat' dir='ltr'><strong>homo</strong></span> <span class='ocrx_word' id='word_1_232' title='bbox 1471 2816 1486 2853; x_wconf 90' lang='lat'><strong>:</strong></span> <span class='ocrx_word' id='word_1_233' title='bbox 1529 2807 1583 2854; x_wconf 89' lang='lat' dir='ltr'><strong>et</strong></span> <span class='ocrx_word' id='word_1_234' title='bbox 1633 2797 1754 2854; x_wconf 89' lang='lat' dir='ltr'><strong>idco</strong></span> <span class='ocrx_word' id='word_1_235' title='bbox 1781 2799 1871 2854; x_wconf 86' lang='lat' dir='ltr'><strong>ille</strong></span> 
     </span>
    </p>
   </div>
   <div class='ocr_carea' id='block_1_29' title="bbox 277 2889 1871 2962">
    <p class='ocr_par' dir='ltr' id='par_1_29' title="bbox 277 2889 1871 2962">
     <span class='ocr_line' id='line_1_29' title="bbox 277 2889 1871 2962; baseline 0.001 -20"><span class='ocrx_word' id='word_1_236' title='bbox 277 2893 457 2962; x_wconf 87' lang='lat' dir='ltr'><strong>potuit</strong></span> <span class='ocrx_word' id='word_1_237' title='bbox 480 2906 583 2945; x_wconf 92' lang='lat' dir='ltr'><strong>non</strong></span> <span class='ocrx_word' id='word_1_238' title='bbox 613 2906 852 2960; x_wconf 88' lang='lat' dir='ltr'><strong>peccare,</strong></span> <span class='ocrx_word' id='word_1_239' title='bbox 881 2906 986 2945; x_wconf 91' lang='lat' dir='ltr'><strong>non</strong></span> <span class='ocrx_word' id='word_1_240' title='bbox 1014 2891 1150 2945; x_wconf 90' lang='lat' dir='ltr'><strong>sicut</strong></span> <span class='ocrx_word' id='word_1_241' title='bbox 1172 2889 1272 2943; x_wconf 86' lang='lat' dir='ltr'><strong>iste</strong></span> <span class='ocrx_word' id='word_1_242' title='bbox 1297 2904 1518 2959; x_wconf 77' lang='lat' dir='ltr'><strong>peccare</strong></span> <span class='ocrx_word' id='word_1_243' title='bbox 1549 2905 1651 2942; x_wconf 90' lang='lat' dir='ltr'><strong>non</strong></span> <span class='ocrx_word' id='word_1_244' title='bbox 1675 2891 1871 2959; x_wconf 80' lang='lat' dir='ltr'><strong>potuit.</strong></span> 
     </span>
    </p>
   </div>
   <div class='ocr_carea' id='block_1_30' title="bbox 279 2979 1874 3052">
    <p class='ocr_par' dir='ltr' id='par_1_30' title="bbox 279 2979 1874 3052">
     <span class='ocr_line' id='line_1_30' title="bbox 279 2979 1874 3052; baseline 0.001 -18"><span class='ocrx_word' id='word_1_245' title='bbox 279 2982 501 3036; x_wconf 71' lang='lat' dir='ltr'><strong>Frustra</strong></span> <span class='ocrx_word' id='word_1_246' title='bbox 540 2996 692 3050; x_wconf 85' lang='lat' dir='ltr'><strong>ergo</strong></span> <span class='ocrx_word' id='word_1_247' title='bbox 744 2991 964 3052; x_wconf 88' lang='lat' dir='ltr'><strong>peccato</strong></span> <span class='ocrx_word' id='word_1_248' title='bbox 1013 2981 1155 3035; x_wconf 90' lang='lat' dir='ltr'><strong>illius</strong></span> <span class='ocrx_word' id='word_1_249' title='bbox 1203 2989 1418 3049; x_wconf 86' lang='lat' dir='ltr'><strong>peccata</strong></span> <span class='ocrx_word' id='word_1_250' title='bbox 1476 2979 1701 3033; x_wconf 89' lang='lat' dir='ltr'><strong>tiliorum</strong></span> <span class='ocrx_word' id='word_1_251' title='bbox 1750 2979 1874 3050; x_wconf 83' lang='lat' dir='ltr'><strong>ejus</strong></span> 
     </span>
    </p>
   </div>
   <div class='ocr_carea' id='block_1_31' title="bbox 273 3070 1870 3144">
    <p class='ocr_par' dir='ltr' id='par_1_31' title="bbox 273 3070 1870 3144">
     <span class='ocr_line' id='line_1_31' title="bbox 273 3070 1870 3144; baseline 0 -18"><span class='ocrx_word' id='word_1_252' title='bbox 273 3073 575 3142; x_wconf 85' lang='lat' dir='ltr'><strong>quamlibet</strong></span> <span class='ocrx_word' id='word_1_253' title='bbox 603 3088 792 3144; x_wconf 89' lang='lat' dir='ltr'><strong>magna</strong></span> <span class='ocrx_word' id='word_1_254' title='bbox 818 3083 872 3126; x_wconf 88' lang='lat' dir='ltr'><strong>et</strong></span> <span class='ocrx_word' id='word_1_255' title='bbox 903 3070 1188 3135; x_wconf 85' lang='lat' dir='ltr'><strong>horrenda,</strong></span> <span class='ocrx_word' id='word_1_256' title='bbox 1222 3071 1303 3124; x_wconf 88' lang='lat' dir='ltr'><strong>vel</strong></span> <span class='ocrx_word' id='word_1_257' title='bbox 1331 3085 1563 3141; x_wconf 56' lang='lat' dir='ltr'><strong>aequare,</strong></span> <span class='ocrx_word' id='word_1_258' title='bbox 1595 3070 1680 3124; x_wconf 90' lang='lat' dir='ltr'><strong>vel</strong></span> <span class='ocrx_word' id='word_1_259' title='bbox 1705 3073 1870 3126; x_wconf 83' lang='lat' dir='ltr'><strong>etiam</strong></span> 
     </span>
    </p>
   </div>
   <div class='ocr_carea' id='block_1_32' title="bbox 275 3162 1866 3234">
    <p class='ocr_par' dir='ltr' id='par_1_32' title="bbox 275 3162 1866 3234">
     <span class='ocr_line' id='line_1_32' title="bbox 275 3162 1866 3234; baseline 0.001 -20"><span class='ocrx_word' id='word_1_260' title='bbox 275 3163 538 3234; x_wconf 68' lang='lat' dir='ltr'><strong>praeferre</strong></span> <span class='ocrx_word' id='word_1_261' title='bbox 559 3165 789 3219; x_wconf 90' lang='lat' dir='ltr'><strong>conaris.</strong></span> <span class='ocrx_word' id='word_1_262' title='bbox 818 3163 964 3218; x_wconf 89' lang='lat' dir='ltr'><strong>Illius</strong></span> <span class='ocrx_word' id='word_1_263' title='bbox 986 3171 1172 3217; x_wconf 90' lang='lat' dir='ltr'><strong>natura</strong></span> <span class='ocrx_word' id='word_1_264' title='bbox 1200 3171 1400 3233; x_wconf 87' lang='lat' dir='ltr'><strong>quanto</strong></span> <span class='ocrx_word' id='word_1_265' title='bbox 1429 3162 1598 3231; x_wconf 87' lang='lat' dir='ltr'><strong>magis</strong></span> <span class='ocrx_word' id='word_1_266' title='bbox 1623 3162 1866 3217; x_wconf 82' lang='lat' dir='ltr'><strong>sublimi-</strong></span> 
     </span>
    </p>
   </div>
   <div class='ocr_carea' id='block_1_33' title="bbox 275 3251 1864 3325">
    <p class='ocr_par' dir='ltr' id='par_1_33' title="bbox 275 3251 1864 3325">
     <span class='ocr_line' id='line_1_33' title="bbox 275 3251 1864 3325; baseline -0.002 -16"><span class='ocrx_word' id='word_1_267' title='bbox 275 3264 364 3309; x_wconf 86' lang='lat' dir='ltr'><strong>ter</strong></span> <span class='ocrx_word' id='word_1_268' title='bbox 391 3254 586 3320; x_wconf 85' lang='lat' dir='ltr'><strong>stabat,</strong></span> <span class='ocrx_word' id='word_1_269' title='bbox 615 3263 762 3309; x_wconf 87' lang='lat' dir='ltr'><strong>tauto</strong></span> <span class='ocrx_word' id='word_1_270' title='bbox 788 3254 954 3325; x_wconf 86' lang='lat' dir='ltr'><strong>magis</strong></span> <span class='ocrx_word' id='word_1_271' title='bbox 989 3253 1224 3324; x_wconf 88' lang='lat' dir='ltr'><strong>graviter</strong></span> <span class='ocrx_word' id='word_1_272' title='bbox 1249 3252 1501 3307; x_wconf 88' lang='lat' dir='ltr'><strong>concidit.</strong></span> <span class='ocrx_word' id='word_1_273' title='bbox 1537 3251 1735 3307; x_wconf 84' lang='lat' dir='ltr'><strong>Natura</strong></span> <span class='ocrx_word' id='word_1_274' title='bbox 1779 3253 1864 3307; x_wconf 89' lang='lat' dir='ltr'><strong>illa</strong></span> 
     </span>
    </p>
   </div>
   <div class='ocr_carea' id='block_1_34' title="bbox 273 3341 1860 3413">
    <p class='ocr_par' dir='ltr' id='par_1_34' title="bbox 273 3341 1860 3413">
     <span class='ocr_line' id='line_1_34' title="bbox 273 3341 1860 3413; baseline -0.001 -15"><span class='ocrx_word' id='word_1_275' title='bbox 273 3344 536 3410; x_wconf 74' lang='lat' dir='ltr'><strong>uilisiuit,</strong></span> <span class='ocrx_word' id='word_1_276' title='bbox 573 3352 632 3398; x_wconf 91' lang='lat' dir='ltr'><strong>ut</strong></span> <span class='ocrx_word' id='word_1_277' title='bbox 655 3359 755 3400; x_wconf 89' lang='lat' dir='ltr'><strong>nec</strong></span> <span class='ocrx_word' id='word_1_278' title='bbox 796 3343 928 3397; x_wconf 91' lang='lat' dir='ltr'><strong>mori</strong></span> <span class='ocrx_word' id='word_1_279' title='bbox 969 3351 1174 3413; x_wconf 86' lang='lat' dir='ltr'><strong>posset,</strong></span> <span class='ocrx_word' id='word_1_280' title='bbox 1215 3342 1260 3396; x_wconf 90' lang='lat' dir='ltr'><strong>si</strong></span> <span class='ocrx_word' id='word_1_281' title='bbox 1291 3355 1513 3411; x_wconf 88' lang='lat' dir='ltr'><strong>peccare</strong></span> <span class='ocrx_word' id='word_1_282' title='bbox 1557 3341 1860 3398; x_wconf 86' lang='lat' dir='ltr'><strong>noluisset:</strong></span> 
     </span>
    </p>
   </div>
   <div class='ocr_carea' id='block_1_35' title="bbox 272 3432 1866 3501">
    <p class='ocr_par' dir='ltr' id='par_1_35' title="bbox 272 3432 1866 3501">
     <span class='ocr_line' id='line_1_35' title="bbox 272 3432 1866 3501; baseline 0.001 -13"><span class='ocrx_word' id='word_1_283' title='bbox 272 3443 465 3488; x_wconf 85' lang='lat' dir='ltr'><strong>natura</strong></span> <span class='ocrx_word' id='word_1_284' title='bbox 510 3433 598 3488; x_wconf 88' lang='lat' dir='ltr'><strong>illa</strong></span> <span class='ocrx_word' id='word_1_285' title='bbox 639 3434 758 3489; x_wconf 90' lang='lat' dir='ltr'><strong>talis</strong></span> <span class='ocrx_word' id='word_1_286' title='bbox 787 3433 903 3497; x_wconf 78' lang='lat' dir='ltr'><strong>fuit,</strong></span> <span class='ocrx_word' id='word_1_287' title='bbox 943 3442 1001 3488; x_wconf 94' lang='lat' dir='ltr'><strong>ut</strong></span> <span class='ocrx_word' id='word_1_288' title='bbox 1036 3435 1087 3488; x_wconf 92' lang='lat' dir='ltr'><strong>in</strong></span> <span class='ocrx_word' id='word_1_289' title='bbox 1117 3447 1176 3488; x_wconf 89' lang='lat' dir='ltr'><strong>se</strong></span> <span class='ocrx_word' id='word_1_290' title='bbox 1215 3432 1546 3488; x_wconf 78' lang='lat' dir='ltr'><strong>discordiam</strong></span> <span class='ocrx_word' id='word_1_291' title='bbox 1583 3434 1780 3501; x_wconf 87' lang='lat' dir='ltr'><strong>carnis,</strong></span> <span class='ocrx_word' id='word_1_292' title='bbox 1809 3443 1866 3490; x_wconf 87' lang='lat' dir='ltr'><strong>et.</strong></span> 
     </span>
    </p>
   </div>
   <div class='ocr_carea' id='block_1_36' title="bbox 267 3524 1872 3597">
    <p class='ocr_par' dir='ltr' id='par_1_36' title="bbox 267 3524 1872 3597">
     <span class='ocr_line' id='line_1_36' title="bbox 267 3524 1872 3597; baseline 0 -15"><span class='ocrx_word' id='word_1_293' title='bbox 267 3527 492 3597; x_wconf 78' lang='lat' dir='ltr'><strong>spiritus</strong></span> <span class='ocrx_word' id='word_1_294' title='bbox 520 3541 627 3581; x_wconf 89' lang='lat' dir='ltr'><strong>non</strong></span> <span class='ocrx_word' id='word_1_295' title='bbox 653 3525 874 3581; x_wconf 86' lang='lat' dir='ltr'><strong>haberet</strong></span> <span class='ocrx_word' id='word_1_296' title='bbox 906 3543 921 3580; x_wconf 88' lang='lat'><strong>:</strong></span> <span class='ocrx_word' id='word_1_297' title='bbox 952 3536 1139 3580; x_wconf 89' lang='lat' dir='ltr'><strong>natura</strong></span> <span class='ocrx_word' id='word_1_298' title='bbox 1173 3525 1262 3580; x_wconf 88' lang='lat' dir='ltr'><strong>illa</strong></span> <span class='ocrx_word' id='word_1_299' title='bbox 1299 3525 1418 3580; x_wconf 86' lang='lat' dir='ltr'><strong>talis</strong></span> <span class='ocrx_word' id='word_1_300' title='bbox 1445 3524 1564 3592; x_wconf 74' lang='lat' dir='ltr'><strong>fuit,</strong></span> <span class='ocrx_word' id='word_1_301' title='bbox 1594 3534 1651 3580; x_wconf 83' lang='lat' dir='ltr'><strong>ut</strong></span> <span class='ocrx_word' id='word_1_302' title='bbox 1673 3535 1872 3584; x_wconf 66' lang='lat' dir='ltr'><strong>contra</strong></span> 
     </span>
    </p>
   </div>
   <div class='ocr_carea' id='block_1_37' title="bbox 272 3614 1871 3686">
    <p class='ocr_par' dir='ltr' id='par_1_37' title="bbox 272 3614 1871 3686">
     <span class='ocr_line' id='line_1_37' title="bbox 272 3614 1871 3686; baseline 0.001 -16"><span class='ocrx_word' id='word_1_303' title='bbox 272 3617 406 3672; x_wconf 86' lang='lat' dir='ltr'><strong>vitia</strong></span> <span class='ocrx_word' id='word_1_304' title='bbox 460 3631 554 3672; x_wconf 83' lang='lat' dir='ltr'><strong>sua</strong></span> <span class='ocrx_word' id='word_1_305' title='bbox 598 3616 740 3671; x_wconf 89' lang='lat' dir='ltr'><strong>nulla</strong></span> <span class='ocrx_word' id='word_1_306' title='bbox 778 3625 1043 3683; x_wconf 86' lang='lat' dir='ltr'><strong>certaret;</strong></span> <span class='ocrx_word' id='word_1_307' title='bbox 1089 3631 1194 3686; x_wconf 82' lang='lat' dir='ltr'><strong>non</strong></span> <span class='ocrx_word' id='word_1_308' title='bbox 1221 3614 1364 3686; x_wconf 75' lang='lat' dir='ltr'><strong>quod</strong></span> <span class='ocrx_word' id='word_1_309' title='bbox 1403 3616 1454 3671; x_wconf 91' lang='lat' dir='ltr'><strong>ei</strong></span> <span class='ocrx_word' id='word_1_310' title='bbox 1487 3615 1730 3682; x_wconf 80' lang='lat' dir='ltr'><strong>cedebat,</strong></span> <span class='ocrx_word' id='word_1_311' title='bbox 1763 3616 1871 3672; x_wconf 12' lang='lat' dir='ltr'><strong>sed,</strong></span> 
     </span>
    </p>
   </div>
   <div class='ocr_carea' id='block_1_38' title="bbox 267 3704 1863 3778">
    <p class='ocr_par' dir='ltr' id='par_1_38' title="bbox 267 3704 1863 3778">
     <span class='ocr_line' id='line_1_38' title="bbox 267 3704 1863 3778; baseline 0.001 -18"><span class='ocrx_word' id='word_1_312' title='bbox 267 3707 416 3778; x_wconf 88' lang='lat' dir='ltr'><strong>quod</strong></span> <span class='ocrx_word' id='word_1_313' title='bbox 460 3708 512 3762; x_wconf 91' lang='lat' dir='ltr'><strong>in</strong></span> <span class='ocrx_word' id='word_1_314' title='bbox 559 3722 625 3763; x_wconf 90' lang='lat' dir='ltr'><strong>eo</strong></span> <span class='ocrx_word' id='word_1_315' title='bbox 667 3707 811 3762; x_wconf 86' lang='lat' dir='ltr'><strong>nulla</strong></span> <span class='ocrx_word' id='word_1_316' title='bbox 851 3717 1023 3762; x_wconf 90' lang='lat' dir='ltr'><strong>erant.</strong></span> <span class='ocrx_word' id='word_1_317' title='bbox 1074 3705 1223 3760; x_wconf 85' lang='lat' dir='ltr'><strong>Tune</strong></span> <span class='ocrx_word' id='word_1_318' title='bbox 1263 3720 1390 3774; x_wconf 84' lang='lat' dir='ltr'><strong>ergo</strong></span> <span class='ocrx_word' id='word_1_319' title='bbox 1431 3704 1597 3760; x_wconf 83' lang='lat' dir='ltr'><strong>debes</strong></span> <span class='ocrx_word' id='word_1_320' title='bbox 1645 3717 1863 3774; x_wconf 78' lang='lat' dir='ltr'><strong>peccata</strong></span> 
     </span>
    </p>
   </div>
   <div class='ocr_carea' id='block_1_39' title="bbox 278 3797 1870 3869">
    <p class='ocr_par' dir='ltr' id='par_1_39' title="bbox 278 3797 1870 3869">
     <span class='ocr_line' id='line_1_39' title="bbox 278 3797 1870 3869; baseline 0.001 -15"><span class='ocrx_word' id='word_1_321' title='bbox 278 3809 618 3869; x_wconf 84' lang='lat' dir='ltr'><strong>posterorum</strong></span> <span class='ocrx_word' id='word_1_322' title='bbox 653 3799 768 3868; x_wconf 90' lang='lat' dir='ltr'><strong>ejus</strong></span> <span class='ocrx_word' id='word_1_323' title='bbox 797 3808 1016 3869; x_wconf 80' lang='lat' dir='ltr'><strong>peccato</strong></span> <span class='ocrx_word' id='word_1_324' title='bbox 1037 3797 1158 3868; x_wconf 85' lang='lat' dir='ltr'><strong>ejus</strong></span> <span class='ocrx_word' id='word_1_325' title='bbox 1173 3813 1407 3867; x_wconf 65' lang='lat' dir='ltr'><strong>aequate,</strong></span> <span class='ocrx_word' id='word_1_326' title='bbox 1439 3798 1482 3852; x_wconf 88' lang='lat' dir='ltr'><strong>si</strong></span> <span class='ocrx_word' id='word_1_327' title='bbox 1508 3799 1702 3864; x_wconf 71' lang='lat' dir='ltr'><strong>uilem;</strong></span> <span class='ocrx_word' id='word_1_328' title='bbox 1735 3808 1870 3856; x_wconf 72' lang='lat' dir='ltr'><strong>tunc</strong></span> 
     </span>
    </p>
   </div>
   <div class='ocr_carea' id='block_1_40' title="bbox 273 3887 1860 3958">
    <p class='ocr_par' dir='ltr' id='par_1_40' title="bbox 273 3887 1860 3958">
     <span class='ocr_line' id='line_1_40' title="bbox 273 3887 1860 3958; baseline -0.001 -14"><span class='ocrx_word' id='word_1_329' title='bbox 273 3905 405 3944; x_wconf 85' lang='lat' dir='ltr'><strong>vero</strong></span> <span class='ocrx_word' id='word_1_330' title='bbox 434 3899 490 3943; x_wconf 88' lang='lat' dir='ltr'><strong>et</strong></span> <span class='ocrx_word' id='word_1_331' title='bbox 516 3889 717 3958; x_wconf 85' lang='lat' dir='ltr'><strong>majora</strong></span> <span class='ocrx_word' id='word_1_332' title='bbox 759 3903 822 3944; x_wconf 90' lang='lat' dir='ltr'><strong>ea</strong></span> <span class='ocrx_word' id='word_1_333' title='bbox 848 3889 1048 3954; x_wconf 91' lang='lat' dir='ltr'><strong>dicere,</strong></span> <span class='ocrx_word' id='word_1_334' title='bbox 1088 3889 1134 3944; x_wconf 86' lang='lat' dir='ltr'><strong>si</strong></span> <span class='ocrx_word' id='word_1_335' title='bbox 1165 3887 1444 3944; x_wconf 79' lang='lat' dir='ltr'><strong>meliorem</strong></span> <span class='ocrx_word' id='word_1_336' title='bbox 1492 3896 1735 3943; x_wconf 85' lang='lat' dir='ltr'><strong>naturam</strong></span> <span class='ocrx_word' id='word_1_337' title='bbox 1764 3902 1860 3958; x_wconf 54' lang='lat' dir='ltr'><strong>po.</strong></span> 
     </span>
    </p>
   </div>
   <div class='ocr_carea' id='block_1_41' title="bbox 269 3981 1867 4051">
    <p class='ocr_par' dir='ltr' id='par_1_41' title="bbox 269 3981 1867 4051">
     <span class='ocr_line' id='line_1_41' title="bbox 269 3981 1867 4051; baseline -0.001 -14"><span class='ocrx_word' id='word_1_338' title='bbox 269 3983 440 4038; x_wconf 84' lang='lat' dir='ltr'><strong>tueris</strong></span> <span class='ocrx_word' id='word_1_339' title='bbox 465 3983 721 4037; x_wconf 86' lang='lat' dir='ltr'><strong>invenire.</strong></span> <span class='ocrx_word' id='word_1_340' title='bbox 749 3981 947 4036; x_wconf 81' lang='lat' dir='ltr'><strong>Natura</strong></span> <span class='ocrx_word' id='word_1_341' title='bbox 989 3981 1187 4051; x_wconf 87' lang='lat' dir='ltr'><strong>quippe</strong></span> <span class='ocrx_word' id='word_1_342' title='bbox 1231 3981 1511 4035; x_wconf 83' lang='lat' dir='ltr'><strong>rationalis</strong></span> <span class='ocrx_word' id='word_1_343' title='bbox 1548 3990 1749 4050; x_wconf 74' lang='lat' dir='ltr'><strong>quanto</strong></span> <span class='ocrx_word' id='word_1_344' title='bbox 1775 3990 1867 4036; x_wconf 59' lang='lat' dir='ltr'><strong>est:</strong></span> 
     </span>
    </p>
   </div>
   <div class='ocr_carea' id='block_1_42' title="bbox 275 4071 1856 4153">
    <p class='ocr_par' dir='ltr' id='par_1_42' title="bbox 275 4071 1856 4153">
     <span class='ocr_line' id='line_1_42' title="bbox 275 4071 1856 4153; baseline 0.001 -27"><span class='ocrx_word' id='word_1_345' title='bbox 275 4074 390 4142; x_wconf 88' lang='lat' dir='ltr'><strong>ipsa</strong></span> <span class='ocrx_word' id='word_1_346' title='bbox 435 4073 695 4142; x_wconf 82' lang='lat' dir='ltr'><strong>superior,</strong></span> <span class='ocrx_word' id='word_1_347' title='bbox 742 4081 892 4128; x_wconf 89' lang='lat' dir='ltr'><strong>tanto</strong></span> <span class='ocrx_word' id='word_1_348' title='bbox 937 4073 1089 4153; x_wconf 56' lang='lat' dir='ltr'><strong>ruina</strong></span> <span class='ocrx_word' id='word_1_349' title='bbox 1145 4071 1260 4141; x_wconf 89' lang='lat' dir='ltr'><strong>ejus</strong></span> <span class='ocrx_word' id='word_1_350' title='bbox 1287 4071 1468 4142; x_wconf 65' lang='lat' dir='ltr'><strong>pejor,</strong></span> <span class='ocrx_word' id='word_1_351' title='bbox 1486 4081 1540 4126; x_wconf 89' lang='lat' dir='ltr'><strong>et</strong></span> <span class='ocrx_word' id='word_1_352' title='bbox 1581 4081 1856 4142; x_wconf 87' lang='lat' dir='ltr'><strong>peccatum</strong></span> 
     </span>
    </p>
   </div>
   <div class='ocr_carea' id='block_1_43' title="bbox 268 4162 1857 4234">
    <p class='ocr_par' dir='ltr' id='par_1_43' title="bbox 268 4162 1857 4234">
     <span class='ocr_line' id='line_1_43' title="bbox 268 4162 1857 4234; baseline 0.003 -18"><span class='ocrx_word' id='word_1_353' title='bbox 268 4164 387 4234; x_wconf 80' lang='lat' dir='ltr'><strong>ejus</strong></span> <span class='ocrx_word' id='word_1_354' title='bbox 411 4172 608 4232; x_wconf 87' lang='lat' dir='ltr'><strong>quanto</strong></span> <span class='ocrx_word' id='word_1_355' title='bbox 632 4163 1014 4231; x_wconf 83' lang='lat' dir='ltr'><strong>incredibilius,</strong></span> <span class='ocrx_word' id='word_1_356' title='bbox 1047 4171 1193 4218; x_wconf 86' lang='lat' dir='ltr'><strong>tanto</strong></span> <span class='ocrx_word' id='word_1_357' title='bbox 1220 4171 1311 4218; x_wconf 85' lang='lat' dir='ltr'><strong>est</strong></span> <span class='ocrx_word' id='word_1_358' title='bbox 1326 4162 1698 4218; x_wconf 85' lang='lat' dir='ltr'><strong>damnabilius.</strong></span> <span class='ocrx_word' id='word_1_359' title='bbox 1729 4163 1857 4220; x_wconf 89' lang='lat' dir='ltr'><strong>Ideo</strong></span> 
     </span>
    </p>
   </div>
   <div class='ocr_carea' id='block_1_44' title="bbox 269 4253 1856 4324">
    <p class='ocr_par' dir='ltr' id='par_1_44' title="bbox 269 4253 1856 4324">
     <span class='ocr_line' id='line_1_44' title="bbox 269 4253 1856 4324; baseline 0.001 -17"><span class='ocrx_word' id='word_1_360' title='bbox 269 4254 494 4324; x_wconf 88' lang='lat' dir='ltr'><strong>angelus</strong></span> <span class='ocrx_word' id='word_1_361' title='bbox 535 4253 955 4324; x_wconf 85' lang='lat' dir='ltr'><strong>irreparabiliter</strong></span> <span class='ocrx_word' id='word_1_362' title='bbox 986 4253 1196 4318; x_wconf 87' lang='lat' dir='ltr'><strong>cecidit,</strong></span> <span class='ocrx_word' id='word_1_363' title='bbox 1224 4253 1476 4324; x_wconf 83' lang='lat' dir='ltr'><strong>quoniam</strong></span> <span class='ocrx_word' id='word_1_364' title='bbox 1502 4253 1586 4308; x_wconf 90' lang='lat' dir='ltr'><strong>cui</strong></span> <span class='ocrx_word' id='word_1_365' title='bbox 1615 4253 1736 4324; x_wconf 84' lang='lat' dir='ltr'><strong>plus</strong></span> <span class='ocrx_word' id='word_1_366' title='bbox 1756 4253 1856 4308; x_wconf 87' lang='lat' dir='ltr'><strong>da-</strong></span> 
     </span>
    </p>
   </div>
   <div class='ocr_carea' id='block_1_45' title="bbox 273 4342 1856 4418">
    <p class='ocr_par' dir='ltr' id='par_1_45' title="bbox 273 4342 1856 4418">
     <span class='ocr_line' id='line_1_45' title="bbox 273 4342 1856 4418; baseline 0.001 -17"><span class='ocrx_word' id='word_1_367' title='bbox 273 4356 378 4412; x_wconf 78' lang='lat' dir='ltr'><strong>tur,</strong></span> <span class='ocrx_word' id='word_1_368' title='bbox 429 4346 547 4416; x_wconf 86' lang='lat' dir='ltr'><strong>plus</strong></span> <span class='ocrx_word' id='word_1_369' title='bbox 587 4347 819 4417; x_wconf 77' lang='lat' dir='ltr'><strong>exigitur</strong></span> <span class='ocrx_word' id='word_1_370' title='bbox 844 4345 912 4401; x_wconf 89' lang='lat' dir='ltr'><strong>ab</strong></span> <span class='ocrx_word' id='word_1_371' title='bbox 931 4343 1181 4416; x_wconf 62' lang='grc' dir='ltr'>θυμω.</span> <span class='ocrx_word' id='word_1_372' title='bbox 1207 4361 1302 4413; x_wconf 79' lang='lat' dir='ltr'><strong>xn,</strong></span> <span class='ocrx_word' id='word_1_373' title='bbox 1333 4342 1432 4418; x_wconf 69' lang='grc'><strong>48)-</strong></span> <span class='ocrx_word' id='word_1_374' title='bbox 1459 4362 1474 4401; x_wconf 87' lang='lat'><strong>:</strong></span> <span class='ocrx_word' id='word_1_375' title='bbox 1501 4353 1648 4400; x_wconf 89' lang='lat' dir='ltr'><strong>tanto</strong></span> <span class='ocrx_word' id='word_1_376' title='bbox 1677 4345 1856 4417; x_wconf 87' lang='lat' dir='ltr'><strong>itaque</strong></span> 
     </span>
    </p>
   </div>
   <div class='ocr_carea' id='block_1_46' title="bbox 268 4437 1856 4509">
    <p class='ocr_par' dir='ltr' id='par_1_46' title="bbox 268 4437 1856 4509">
     <span class='ocr_line' id='line_1_46' title="bbox 268 4437 1856 4509; baseline 0.002 -19"><span class='ocrx_word' id='word_1_377' title='bbox 268 4440 385 4509; x_wconf 89' lang='lat' dir='ltr'><strong>plus</strong></span> <span class='ocrx_word' id='word_1_378' title='bbox 405 4438 635 4495; x_wconf 87' lang='lat' dir='ltr'><strong>debebat</strong></span> <span class='ocrx_word' id='word_1_379' title='bbox 662 4437 978 4493; x_wconf 84' lang='lat' dir='ltr'><strong>obedientiae</strong></span> <span class='ocrx_word' id='word_1_380' title='bbox 1004 4437 1336 4504; x_wconf 83' lang='lat' dir='ltr'><strong>voluntariae,</strong></span> <span class='ocrx_word' id='word_1_381' title='bbox 1364 4445 1563 4508; x_wconf 87' lang='lat' dir='ltr'><strong>quanto</strong></span> <span class='ocrx_word' id='word_1_382' title='bbox 1596 4437 1714 4508; x_wconf 83' lang='lat' dir='ltr'><strong>plus</strong></span> <span class='ocrx_word' id='word_1_383' title='bbox 1756 4437 1856 4493; x_wconf 81' lang='lat' dir='ltr'><strong>ba-</strong></span> 
     </span>
    </p>
   </div>
   <div class='ocr_carea' id='block_1_47' title="bbox 269 4527 1855 4597">
    <p class='ocr_par' dir='ltr' id='par_1_47' title="bbox 269 4527 1855 4597">
     <span class='ocr_line' id='line_1_47' title="bbox 269 4527 1855 4597; baseline -0.001 -11"><span class='ocrx_word' id='word_1_384' title='bbox 269 4529 432 4586; x_wconf 88' lang='lat' dir='ltr'><strong>bebat</strong></span> <span class='ocrx_word' id='word_1_385' title='bbox 471 4529 524 4584; x_wconf 91' lang='lat' dir='ltr'><strong>in</strong></span> <span class='ocrx_word' id='word_1_386' title='bbox 554 4529 794 4585; x_wconf 83' lang='lat' dir='ltr'><strong>bonitate</strong></span> <span class='ocrx_word' id='word_1_387' title='bbox 825 4537 1030 4584; x_wconf 61' lang='lat' dir='ltr'><strong>natura</strong></span> <span class='ocrx_word' id='word_1_388' title='bbox 1062 4545 1076 4582; x_wconf 91' lang='lat'><strong>:</strong></span> <span class='ocrx_word' id='word_1_389' title='bbox 1123 4527 1262 4582; x_wconf 89' lang='lat' dir='ltr'><strong>unde</strong></span> <span class='ocrx_word' id='word_1_390' title='bbox 1289 4527 1367 4583; x_wconf 87' lang='lat' dir='ltr'><strong>sic</strong></span> <span class='ocrx_word' id='word_1_391' title='bbox 1395 4527 1611 4597; x_wconf 86' lang='lat' dir='ltr'><strong>punitus</strong></span> <span class='ocrx_word' id='word_1_392' title='bbox 1637 4537 1720 4584; x_wconf 87' lang='lat' dir='ltr'><strong>est</strong></span> <span class='ocrx_word' id='word_1_393' title='bbox 1748 4545 1855 4584; x_wconf 90' lang='lat' dir='ltr'><strong>non</strong></span> 
     </span>
    </p>
   </div>
   <div class='ocr_carea' id='block_1_48' title="bbox 265 4617 1856 4691">
    <p class='ocr_par' dir='ltr' id='par_1_48' title="bbox 265 4617 1856 4691">
     <span class='ocr_line' id='line_1_48' title="bbox 265 4617 1856 4691; baseline 0.001 -19"><span class='ocrx_word' id='word_1_394' title='bbox 265 4617 511 4674; x_wconf 73' lang='lat' dir='ltr'><strong>faciendo</strong></span> <span class='ocrx_word' id='word_1_395' title='bbox 537 4619 678 4691; x_wconf 86' lang='lat' dir='ltr'><strong>quod</strong></span> <span class='ocrx_word' id='word_1_396' title='bbox 708 4619 912 4687; x_wconf 88' lang='lat' dir='ltr'><strong>debuit,</strong></span> <span class='ocrx_word' id='word_1_397' title='bbox 943 4627 1000 4674; x_wconf 90' lang='lat' dir='ltr'><strong>ut</strong></span> <span class='ocrx_word' id='word_1_398' title='bbox 1036 4633 1138 4674; x_wconf 92' lang='lat' dir='ltr'><strong>nec</strong></span> <span class='ocrx_word' id='word_1_399' title='bbox 1166 4618 1303 4674; x_wconf 88' lang='lat' dir='ltr'><strong>velle</strong></span> <span class='ocrx_word' id='word_1_400' title='bbox 1327 4617 1437 4688; x_wconf 88' lang='lat' dir='ltr'><strong>jam</strong></span> <span class='ocrx_word' id='word_1_401' title='bbox 1478 4618 1668 4688; x_wconf 89' lang='lat' dir='ltr'><strong>possit,</strong></span> <span class='ocrx_word' id='word_1_402' title='bbox 1699 4627 1856 4674; x_wconf 64' lang='lat' dir='ltr'><strong>aeter-</strong></span> 
     </span>
    </p>
   </div>
   <div class='ocr_carea' id='block_1_49' title="bbox 267 4709 1852 4766">
    <p class='ocr_par' dir='ltr' id='par_1_49' title="bbox 267 4709 1852 4766">
     <span class='ocr_line' id='line_1_49' title="bbox 267 4709 1852 4766; baseline 0.001 -3"><span class='ocrx_word' id='word_1_403' title='bbox 267 4710 350 4763; x_wconf 90' lang='lat' dir='ltr'><strong>nis</strong></span> <span class='ocrx_word' id='word_1_404' title='bbox 392 4710 554 4764; x_wconf 86' lang='lat' dir='ltr'><strong>etiam</strong></span> <span class='ocrx_word' id='word_1_405' title='bbox 582 4710 906 4766; x_wconf 77' lang='lat' dir='ltr'><strong>cruciatibus</strong></span> <span class='ocrx_word' id='word_1_406' title='bbox 953 4709 1266 4764; x_wconf 86' lang='lat' dir='ltr'><strong>destinatus.</strong></span> <span class='ocrx_word' id='word_1_407' title='bbox 1298 4709 1468 4763; x_wconf 79' lang='lat' dir='ltr'><strong>Adam</strong></span> <span class='ocrx_word' id='word_1_408' title='bbox 1503 4723 1634 4764; x_wconf 88' lang='lat' dir='ltr'><strong>vero</strong></span> <span class='ocrx_word' id='word_1_409' title='bbox 1658 4709 1712 4764; x_wconf 90' lang='lat' dir='ltr'><strong>in</strong></span> <span class='ocrx_word' id='word_1_410' title='bbox 1745 4719 1852 4765; x_wconf 90' lang='lat' dir='ltr'><strong>tam</strong></span> 
     </span>
    </p>
   </div>
   <div class='ocr_carea' id='block_1_50' title="bbox 267 4801 1852 4872">
    <p class='ocr_par' dir='ltr' id='par_1_50' title="bbox 267 4801 1852 4872">
     <span class='ocr_line' id='line_1_50' title="bbox 267 4801 1852 4872; baseline 0.002 -19"><span class='ocrx_word' id='word_1_411' title='bbox 267 4801 457 4855; x_wconf 86' lang='lat' dir='ltr'><strong>multis</strong></span> <span class='ocrx_word' id='word_1_412' title='bbox 476 4802 704 4870; x_wconf 86' lang='lat' dir='ltr'><strong>posteris</strong></span> <span class='ocrx_word' id='word_1_413' title='bbox 727 4801 842 4858; x_wconf 88' lang='lat' dir='ltr'><strong>suis</strong></span> <span class='ocrx_word' id='word_1_414' title='bbox 861 4843 877 4867; x_wconf 91' lang='lat'><strong>,</strong></span> <span class='ocrx_word' id='word_1_415' title='bbox 907 4810 965 4855; x_wconf 90' lang='lat' dir='ltr'><strong>ut</strong></span> <span class='ocrx_word' id='word_1_416' title='bbox 991 4816 1087 4856; x_wconf 89' lang='lat' dir='ltr'><strong>eos</strong></span> <span class='ocrx_word' id='word_1_417' title='bbox 1116 4801 1256 4856; x_wconf 91' lang='lat' dir='ltr'><strong>ullus</strong></span> <span class='ocrx_word' id='word_1_418' title='bbox 1281 4816 1570 4857; x_wconf 78' lang='lat' dir='ltr'><strong>numerare</strong></span> <span class='ocrx_word' id='word_1_419' title='bbox 1593 4817 1697 4856; x_wconf 91' lang='lat' dir='ltr'><strong>non</strong></span> <span class='ocrx_word' id='word_1_420' title='bbox 1725 4817 1852 4872; x_wconf 86' lang='lat' dir='ltr'><strong>pos-</strong></span> 
     </span>
    </p>
   </div>
   <div class='ocr_carea' id='block_1_51' title="bbox 267 4892 1850 4965">
    <p class='ocr_par' dir='ltr' id='par_1_51' title="bbox 267 4892 1850 4965">
     <span class='ocr_line' id='line_1_51' title="bbox 267 4892 1850 4965; baseline 0.003 -20"><span class='ocrx_word' id='word_1_421' title='bbox 267 4892 354 4957; x_wconf 81' lang='lat' dir='ltr'><strong>sit,</strong></span> <span class='ocrx_word' id='word_1_422' title='bbox 377 4894 546 4962; x_wconf 81' lang='lat' dir='ltr'><strong>gratia</strong></span> <span class='ocrx_word' id='word_1_423' title='bbox 575 4893 666 4948; x_wconf 91' lang='lat' dir='ltr'><strong>Dei</strong></span> <span class='ocrx_word' id='word_1_424' title='bbox 693 4909 788 4965; x_wconf 88' lang='lat' dir='ltr'><strong>per</strong></span> <span class='ocrx_word' id='word_1_425' title='bbox 807 4893 988 4949; x_wconf 81' lang='lat' dir='ltr'><strong>Jesum</strong></span> <span class='ocrx_word' id='word_1_426' title='bbox 1009 4892 1281 4948; x_wconf 90' lang='lat' dir='ltr'><strong>Christum</strong></span> <span class='ocrx_word' id='word_1_427' title='bbox 1308 4892 1588 4948; x_wconf 90' lang='lat' dir='ltr'><strong>Dominum</strong></span> <span class='ocrx_word' id='word_1_428' title='bbox 1613 4902 1850 4950; x_wconf 90' lang='lat' dir='ltr'><strong>nostrum</strong></span> 
     </span>
    </p>
   </div>
   <div class='ocr_carea' id='block_1_52' title="bbox 267 4984 1854 5056">
    <p class='ocr_par' dir='ltr' id='par_1_52' title="bbox 267 4984 1854 5056">
     <span class='ocr_line' id='line_1_52' title="bbox 267 4984 1854 5056; baseline 0.001 -18"><span class='ocrx_word' id='word_1_429' title='bbox 267 4999 295 5038; x_wconf 90' lang='lat' dir='ltr'><strong>a</strong></span> <span class='ocrx_word' id='word_1_430' title='bbox 320 4985 651 5056; x_wconf 89' lang='lat' dir='ltr'><strong>sempiterno</strong></span> <span class='ocrx_word' id='word_1_431' title='bbox 676 4985 937 5055; x_wconf 88' lang='lat' dir='ltr'><strong>supplicio</strong></span> <span class='ocrx_word' id='word_1_432' title='bbox 965 4985 1242 5048; x_wconf 88' lang='lat' dir='ltr'><strong>liberatur,</strong></span> <span class='ocrx_word' id='word_1_433' title='bbox 1276 4994 1330 5040; x_wconf 92' lang='lat' dir='ltr'><strong>et</strong></span> <span class='ocrx_word' id='word_1_434' title='bbox 1356 4984 1408 5039; x_wconf 92' lang='lat' dir='ltr'><strong>in</strong></span> <span class='ocrx_word' id='word_1_435' title='bbox 1437 5000 1497 5040; x_wconf 87' lang='lat' dir='ltr'><strong>se</strong></span> <span class='ocrx_word' id='word_1_436' title='bbox 1527 4985 1642 5055; x_wconf 92' lang='lat' dir='ltr'><strong>ipso</strong></span> <span class='ocrx_word' id='word_1_437' title='bbox 1666 5000 1854 5056; x_wconf 83' lang='lat' dir='ltr'><strong>quam-</strong></span> 
     </span>
    </p>
   </div>
   <div class='ocr_carea' id='block_1_53' title="bbox 266 5075 1850 5146">
    <p class='ocr_par' dir='ltr' id='par_1_53' title="bbox 266 5075 1850 5146">
     <span class='ocr_line' id='line_1_53' title="bbox 266 5075 1850 5146; baseline 0.003 -19"><span class='ocrx_word' id='word_1_438' title='bbox 266 5077 348 5130; x_wconf 88' lang='lat' dir='ltr'><strong>vis</strong></span> <span class='ocrx_word' id='word_1_439' title='bbox 370 5092 398 5128; x_wconf 87' lang='lat' dir='ltr'><strong>a</strong></span> <span class='ocrx_word' id='word_1_440' title='bbox 429 5091 524 5131; x_wconf 84' lang='lat' dir='ltr'><strong>sua</strong></span> <span class='ocrx_word' id='word_1_441' title='bbox 553 5085 724 5131; x_wconf 88' lang='lat' dir='ltr'><strong>morte</strong></span> <span class='ocrx_word' id='word_1_442' title='bbox 761 5085 883 5146; x_wconf 90' lang='lat' dir='ltr'><strong>post</strong></span> <span class='ocrx_word' id='word_1_443' title='bbox 905 5091 1168 5131; x_wconf 82' lang='lat' dir='ltr'><strong>annorum</strong></span> <span class='ocrx_word' id='word_1_444' title='bbox 1194 5075 1397 5146; x_wconf 86' lang='lat' dir='ltr'><strong>aliquot</strong></span> <span class='ocrx_word' id='word_1_445' title='bbox 1421 5075 1604 5142; x_wconf 87' lang='lat' dir='ltr'><strong>millia,</strong></span> <span class='ocrx_word' id='word_1_446' title='bbox 1637 5075 1850 5145; x_wconf 88' lang='lat' dir='ltr'><strong>quando</strong></span> 
     </span>
    </p>
   </div>
   <div class='ocr_carea' id='block_1_54' title="bbox 267 5165 1849 5236">
    <p class='ocr_par' dir='ltr' id='par_1_54' title="bbox 267 5165 1849 5236">
     <span class='ocr_line' id='line_1_54' title="bbox 267 5165 1849 5236; baseline 0.001 -17"><span class='ocrx_word' id='word_1_447' title='bbox 267 5166 513 5220; x_wconf 87' lang='lat' dir='ltr'><strong>Christus</strong></span> <span class='ocrx_word' id='word_1_448' title='bbox 540 5181 638 5236; x_wconf 90' lang='lat' dir='ltr'><strong>pro</strong></span> <span class='ocrx_word' id='word_1_449' title='bbox 680 5167 831 5222; x_wconf 90' lang='lat' dir='ltr'><strong>nobis</strong></span> <span class='ocrx_word' id='word_1_450' title='bbox 856 5175 1098 5221; x_wconf 88' lang='lat' dir='ltr'><strong>mortuus</strong></span> <span class='ocrx_word' id='word_1_451' title='bbox 1125 5165 1190 5220; x_wconf 90' lang='lat' dir='ltr'><strong>ad</strong></span> <span class='ocrx_word' id='word_1_452' title='bbox 1221 5165 1337 5221; x_wconf 88' lang='lat' dir='ltr'><strong>loca</strong></span> <span class='ocrx_word' id='word_1_453' title='bbox 1367 5177 1720 5231; x_wconf 90' lang='lat' dir='ltr'><strong>mortuorum,</strong></span> <span class='ocrx_word' id='word_1_454' title='bbox 1744 5183 1849 5222; x_wconf 90' lang='lat' dir='ltr'><strong>non</strong></span> 
     </span>
    </p>
   </div>
   <div class='ocr_carea' id='block_1_55' title="bbox 271 5256 1852 5328">
    <p class='ocr_par' dir='ltr' id='par_1_55' title="bbox 271 5256 1852 5328">
     <span class='ocr_line' id='line_1_55' title="bbox 271 5256 1852 5328; baseline 0.002 -17"><span class='ocrx_word' id='word_1_455' title='bbox 271 5257 614 5324; x_wconf 83' lang='lat' dir='ltr'><strong>necessitate,</strong></span> <span class='ocrx_word' id='word_1_456' title='bbox 644 5257 741 5314; x_wconf 89' lang='lat' dir='ltr'><strong>sed</strong></span> <span class='ocrx_word' id='word_1_457' title='bbox 768 5264 1031 5328; x_wconf 86' lang='lat' dir='ltr'><strong>potestate</strong></span> <span class='ocrx_word' id='word_1_458' title='bbox 1049 5256 1345 5322; x_wconf 88' lang='lat' dir='ltr'><strong>descendit,</strong></span> <span class='ocrx_word' id='word_1_459' title='bbox 1373 5267 1428 5312; x_wconf 89' lang='lat' dir='ltr'><strong>et</strong></span> <span class='ocrx_word' id='word_1_460' title='bbox 1455 5257 1666 5313; x_wconf 79' lang='lat' dir='ltr'><strong>dolores</strong></span> <span class='ocrx_word' id='word_1_461' title='bbox 1693 5259 1852 5314; x_wconf 86' lang='lat' dir='ltr'><strong>solvit</strong></span> 
     </span>
    </p>
   </div>
   <div class='ocr_carea' id='block_1_56' title="bbox 269 5345 1861 5420">
    <p class='ocr_par' dir='ltr' id='par_1_56' title="bbox 269 5345 1861 5420">
     <span class='ocr_line' id='line_1_56' title="bbox 269 5345 1861 5420; baseline 0.001 -21"><span class='ocrx_word' id='word_1_462' title='bbox 269 5345 460 5401; x_wconf 83' lang='lat' dir='ltr'><strong>inferni</strong></span> <span class='ocrx_word' id='word_1_463' title='bbox 486 5346 622 5420; x_wconf 79' lang='lat' dir='ltr'><strong>(Act.</strong></span> <span class='ocrx_word' id='word_1_464' title='bbox 651 5363 709 5412; x_wconf 82' lang='grc' dir='ltr'><strong>ιι,</strong></span> <span class='ocrx_word' id='word_1_465' title='bbox 737 5346 852 5418; x_wconf 70' lang='grc'><strong>24).</strong></span> <span class='ocrx_word' id='word_1_466' title='bbox 881 5347 969 5404; x_wconf 89' lang='lat' dir='ltr'><strong>Sic</strong></span> <span class='ocrx_word' id='word_1_467' title='bbox 1000 5347 1140 5403; x_wconf 90' lang='lat' dir='ltr'><strong>enim</strong></span> <span class='ocrx_word' id='word_1_468' title='bbox 1161 5363 1282 5403; x_wconf 92' lang='lat' dir='ltr'><strong>eum</strong></span> <span class='ocrx_word' id='word_1_469' title='bbox 1314 5347 1649 5417; x_wconf 82' lang='lat' dir='ltr'><strong>intelligenda</strong></span> <span class='ocrx_word' id='word_1_470' title='bbox 1695 5359 1776 5404; x_wconf 90' lang='lat' dir='ltr'><strong>est</strong></span> <span class='ocrx_word' id='word_1_471' title='bbox 1819 5365 1861 5406; x_wconf 80' lang='lat' dir='ltr'><strong>a.</strong></span> 
     </span>
    </p>
   </div>
   <div class='ocr_carea' id='block_1_57' title="bbox 268 5433 1851 5512">
    <p class='ocr_par' dir='ltr' id='par_1_57' title="bbox 268 5433 1851 5512">
     <span class='ocr_line' id='line_1_57' title="bbox 268 5433 1851 5512; baseline 0.004 -24"><span class='ocrx_word' id='word_1_472' title='bbox 268 5433 460 5492; x_wconf 89' lang='lat' dir='ltr'><strong>delicto</strong></span> <span class='ocrx_word' id='word_1_473' title='bbox 505 5451 604 5492; x_wconf 85' lang='lat' dir='ltr'><strong>suo</strong></span> <span class='ocrx_word' id='word_1_474' title='bbox 632 5437 882 5493; x_wconf 77' lang='lat' dir='ltr'><strong>eduxisse</strong></span> <span class='ocrx_word' id='word_1_475' title='bbox 909 5436 1176 5507; x_wconf 88' lang='lat' dir='ltr'><strong>Sapientia</strong></span> <span class='ocrx_word' id='word_1_476' title='bbox 1219 5437 1376 5512; x_wconf 85' lang='lat' dir='ltr'><strong>(Sap.</strong></span> <span class='ocrx_word' id='word_1_477' title='bbox 1406 5454 1462 5502; x_wconf 67' lang='grc' dir='ltr'><strong>χ.</strong></span> <span class='ocrx_word' id='word_1_478' title='bbox 1492 5438 1577 5510; x_wconf 72' lang='lat'><strong>2),</strong></span> <span class='ocrx_word' id='word_1_479' title='bbox 1601 5439 1724 5509; x_wconf 86' lang='lat' dir='ltr'><strong>quia</strong></span> <span class='ocrx_word' id='word_1_480' title='bbox 1757 5455 1851 5510; x_wconf 89' lang='lat' dir='ltr'><strong>per</strong></span> 
     </span>
    </p>
   </div>
   <div class='ocr_carea' id='block_1_58' title="bbox 271 5530 1846 5602">
    <p class='ocr_par' dir='ltr' id='par_1_58' title="bbox 271 5530 1846 5602">
     <span class='ocr_line' id='line_1_58' title="bbox 271 5530 1846 5602; baseline 0.001 -17"><span class='ocrx_word' id='word_1_481' title='bbox 271 5545 486 5586; x_wconf 64' lang='lat' dir='ltr'><strong>(struem</strong></span> <span class='ocrx_word' id='word_1_482' title='bbox 510 5541 748 5587; x_wconf 83' lang='lat' dir='ltr'><strong>sanctam</strong></span> <span class='ocrx_word' id='word_1_483' title='bbox 779 5531 918 5586; x_wconf 91' lang='lat' dir='ltr'><strong>unici</strong></span> <span class='ocrx_word' id='word_1_484' title='bbox 949 5530 1040 5585; x_wconf 88' lang='lat' dir='ltr'><strong>lilii</strong></span> <span class='ocrx_word' id='word_1_485' title='bbox 1085 5531 1176 5586; x_wconf 92' lang='lat' dir='ltr'><strong>Dei</strong></span> <span class='ocrx_word' id='word_1_486' title='bbox 1205 5533 1226 5564; x_wconf 78' lang='grc'>⁸</span> <span class='ocrx_word' id='word_1_487' title='bbox 1270 5547 1428 5602; x_wconf 88' lang='lat' dir='ltr'><strong>quam</strong></span> <span class='ocrx_word' id='word_1_488' title='bbox 1458 5532 1846 5602; x_wconf 82' lang='lat' dir='ltr'><strong>progeneravit,</strong></span> 
     </span>
    </p>
   </div>
   <div class='ocr_carea' id='block_1_59' title="bbox 329 5622 1848 5689">
    <p class='ocr_par' dir='ltr' id='par_1_59' title="bbox 329 5622 1848 5689">
     <span class='ocr_line' id='line_1_59' title="bbox 329 5622 1848 5689; baseline 0.004 -18"><span class='ocrx_word' id='word_1_489' title='bbox 329 5623 345 5654; x_wconf 73' lang='grc' dir='ltr'>ί</span> <span class='ocrx_word' id='word_1_490' title='bbox 380 5629 477 5672; x_wconf 78' lang='lat' dir='ltr'><strong>nec</strong></span> <span class='ocrx_word' id='word_1_491' title='bbox 499 5623 644 5689; x_wconf 76' lang='lat' dir='ltr'><strong>etiam</strong></span> <span class='ocrx_word' id='word_1_492' title='bbox 667 5623 775 5674; x_wconf 82' lang='lat' dir='ltr'><strong>loco</strong></span> <span class='ocrx_word' id='word_1_493' title='bbox 811 5637 873 5674; x_wconf 82' lang='lat' dir='ltr'><strong>ex</strong></span> <span class='ocrx_word' id='word_1_494' title='bbox 899 5622 993 5673; x_wconf 76' lang='lat' dir='ltr'><strong>ﬁde</strong></span> <span class='ocrx_word' id='word_1_495' title='bbox 1019 5629 1126 5674; x_wconf 71' lang='lat' dir='ltr'><strong>Mss.</strong></span> <span class='ocrx_word' id='word_1_496' title='bbox 1156 5624 1346 5676; x_wconf 81' lang='lat' dir='ltr'><strong>additur</strong></span> <span class='ocrx_word' id='word_1_497' title='bbox 1366 5663 1381 5688; x_wconf 93' lang='lat'><strong>,</strong></span> <span class='ocrx_word' id='word_1_498' title='bbox 1423 5623 1548 5688; x_wconf 81' lang='lat' dir='ltr'><strong>nisi;</strong></span> <span class='ocrx_word' id='word_1_499' title='bbox 1584 5636 1640 5676; x_wconf 85' lang='lat' dir='ltr'><strong>ac</strong></span> <span class='ocrx_word' id='word_1_500' title='bbox 1663 5626 1710 5675; x_wconf 91' lang='lat' dir='ltr'><strong>in</strong></span> <span class='ocrx_word' id='word_1_501' title='bbox 1735 5638 1848 5689; x_wconf 81' lang='lat' dir='ltr'><strong>pro-</strong></span> 
     </span>
    </p>
   </div>
   <div class='ocr_carea' id='block_1_60' title="bbox 267 5686 1116 5749">
    <p class='ocr_par' dir='ltr' id='par_1_60' title="bbox 267 5686 1116 5749">
     <span class='ocr_line' id='line_1_60' title="bbox 267 5686 1116 5749; baseline 0.002 -17"><span class='ocrx_word' id='word_1_502' title='bbox 267 5686 392 5749; x_wconf 77' lang='lat' dir='ltr'><strong>xtme</strong></span> <span class='ocrx_word' id='word_1_503' title='bbox 415 5686 642 5749; x_wconf 86' lang='lat' dir='ltr'><strong>sequenti</strong></span> <span class='ocrx_word' id='word_1_504' title='bbox 666 5699 828 5744; x_wconf 83' lang='lat' dir='ltr'><strong>versu,</strong></span> <span class='ocrx_word' id='word_1_505' title='bbox 853 5693 1116 5749; x_wconf 64' lang='lat' dir='ltr'><strong>ptirenth.</strong></span> 
     </span>
    </p>
   </div>
   <div class='ocr_carea' id='block_1_61' title="bbox 327 5746 1200 5812">
    <p class='ocr_par' dir='ltr' id='par_1_61' title="bbox 327 5746 1200 5812">
     <span class='ocr_line' id='line_1_61' title="bbox 327 5746 1200 5812; baseline 0.01 -17"><span class='ocrx_word' id='word_1_506' title='bbox 327 5746 346 5777; x_wconf 78' lang='lat'>&#39;</span> <span class='ocrx_word' id='word_1_507' title='bbox 381 5754 530 5797; x_wconf 79' lang='lat' dir='ltr'><strong>vetus</strong></span> <span class='ocrx_word' id='word_1_508' title='bbox 552 5747 705 5799; x_wconf 73' lang='grc' dir='ltr'><strong>ωαυι</strong></span> <span class='ocrx_word' id='word_1_509' title='bbox 733 5746 862 5802; x_wconf 66' lang='lat' dir='ltr'><strong>Man;</strong></span> <span class='ocrx_word' id='word_1_510' title='bbox 882 5747 974 5812; x_wconf 75' lang='lat' dir='ltr'><strong>ﬁlii</strong></span> <span class='ocrx_word' id='word_1_511' title='bbox 993 5748 1069 5802; x_wconf 81' lang='lat' dir='ltr'><strong>sui</strong></span> <span class='ocrx_word' id='word_1_512' title='bbox 1095 5748 1200 5805; x_wconf 78' lang='lat' dir='ltr'><strong>Dei.</strong></span> 
     </span>
    </p>
   </div>
   <div class='ocr_carea' id='block_1_62' title="bbox 1666 308 2191 380">
    <p class='ocr_par' dir='ltr' id='par_1_62' title="bbox 1666 308 2191 380">
     <span class='ocr_line' id='line_1_62' title="bbox 1666 308 2191 380; baseline 0.006 -5"><span class='ocrx_word' id='word_1_513' title='bbox 1666 308 1866 377; x_wconf 72' lang='lat' dir='ltr'><strong>LIBER</strong></span> <span class='ocrx_word' id='word_1_514' title='bbox 1906 322 2191 380; x_wconf 72' lang='lat' dir='ltr'><strong>sest.</strong></span> 
     </span>
    </p>
   </div>
   <div class='ocr_carea' id='block_1_63' title="bbox 3448 341 3588 401">
    <p class='ocr_par' dir='ltr' id='par_1_63' title="bbox 3448 341 3588 401">
     <span class='ocr_line' id='line_1_63' title="bbox 3448 341 3588 401; baseline -0.007 -7"><span class='ocrx_word' id='word_1_515' title='bbox 3448 341 3588 401; x_wconf 62' lang='grc' dir='ltr'><strong><em>τος-ς</em></strong></span> 
     </span>
    </p>
   </div>
   <div class='ocr_carea' id='block_1_64' title="bbox 2012 444 3587 526">
    <p class='ocr_par' dir='ltr' id='par_1_64' title="bbox 2012 444 3587 526">
     <span class='ocr_line' id='line_1_64' title="bbox 2012 444 3587 526; baseline 0.012 -37"><span class='ocrx_word' id='word_1_516' title='bbox 2012 451 2213 508; x_wconf 76' lang='lat' dir='ltr'><strong>patrem</strong></span> <span class='ocrx_word' id='word_1_517' title='bbox 2245 444 2458 512; x_wconf 79' lang='lat' dir='ltr'><strong>generis</strong></span> <span class='ocrx_word' id='word_1_518' title='bbox 2480 445 2715 514; x_wconf 83' lang='lat' dir='ltr'><strong>humani,</strong></span> <span class='ocrx_word' id='word_1_519' title='bbox 2761 467 2822 506; x_wconf 91' lang='lat' dir='ltr'><strong>ac</strong></span> <span class='ocrx_word' id='word_1_520' title='bbox 2847 452 2921 506; x_wconf 77' lang='lat' dir='ltr'><strong>sic.</strong></span> <span class='ocrx_word' id='word_1_521' title='bbox 2954 454 3111 507; x_wconf 88' lang='lat' dir='ltr'><strong>etiam</strong></span> <span class='ocrx_word' id='word_1_522' title='bbox 3143 465 3343 524; x_wconf 68' lang='lat' dir='ltr'><strong>[mtrem</strong></span> <span class='ocrx_word' id='word_1_523' title='bbox 3372 458 3587 526; x_wconf 70' lang='lat' dir='ltr'><strong>Christi,</strong></span> 
     </span>
    </p>
   </div>
   <div class='ocr_carea' id='block_1_65' title="bbox 2007 532 3590 615">
    <p class='ocr_par' dir='ltr' id='par_1_65' title="bbox 2007 532 3590 615">
     <span class='ocr_line' id='line_1_65' title="bbox 2007 532 3590 615; baseline 0.015 -33"><span class='ocrx_word' id='word_1_524' title='bbox 2007 532 2094 601; x_wconf 88' lang='lat' dir='ltr'><strong>qui</strong></span> <span class='ocrx_word' id='word_1_525' title='bbox 2125 549 2219 602; x_wconf 89' lang='lat' dir='ltr'><strong>pro</strong></span> <span class='ocrx_word' id='word_1_526' title='bbox 2242 535 2411 592; x_wconf 90' lang='lat' dir='ltr'><strong>salute</strong></span> <span class='ocrx_word' id='word_1_527' title='bbox 2432 536 2705 596; x_wconf 87' lang='lat' dir='ltr'><strong>hominum</strong></span> <span class='ocrx_word' id='word_1_528' title='bbox 2735 541 2904 598; x_wconf 81' lang='lat' dir='ltr'><strong>factus</strong></span> <span class='ocrx_word' id='word_1_529' title='bbox 2925 555 3007 600; x_wconf 91' lang='lat' dir='ltr'><strong>est</strong></span> <span class='ocrx_word' id='word_1_530' title='bbox 3039 545 3221 615; x_wconf 91' lang='lat' dir='ltr'><strong>homo,</strong></span> <span class='ocrx_word' id='word_1_531' title='bbox 3250 549 3317 602; x_wconf 90' lang='lat' dir='ltr'><strong>ab</strong></span> <span class='ocrx_word' id='word_1_532' title='bbox 3344 549 3446 604; x_wconf 91' lang='lat' dir='ltr'><strong>illis</strong></span> <span class='ocrx_word' id='word_1_533' title='bbox 3472 551 3590 604; x_wconf 84' lang='lat' dir='ltr'><strong>vin-</strong></span> 
     </span>
    </p>
   </div>
   <div class='ocr_carea' id='block_1_66' title="bbox 2007 621 3591 709">
    <p class='ocr_par' dir='ltr' id='par_1_66' title="bbox 2007 621 3591 709">
     <span class='ocr_line' id='line_1_66' title="bbox 2007 621 3591 709; baseline 0.015 -34"><span class='ocrx_word' id='word_1_534' title='bbox 2007 621 2140 678; x_wconf 83' lang='lat' dir='ltr'><strong>culis</strong></span> <span class='ocrx_word' id='word_1_535' title='bbox 2182 635 2308 682; x_wconf 88' lang='lat' dir='ltr'><strong>tunc</strong></span> <span class='ocrx_word' id='word_1_536' title='bbox 2354 630 2603 695; x_wconf 88' lang='lat' dir='ltr'><strong>solutum,</strong></span> <span class='ocrx_word' id='word_1_537' title='bbox 2639 649 2744 687; x_wconf 87' lang='lat' dir='ltr'><strong>non</strong></span> <span class='ocrx_word' id='word_1_538' title='bbox 2789 637 2980 689; x_wconf 83' lang='lat' dir='ltr'><strong>merito</strong></span> <span class='ocrx_word' id='word_1_539' title='bbox 3018 651 3136 700; x_wconf 92' lang='lat' dir='ltr'><strong>suo,</strong></span> <span class='ocrx_word' id='word_1_540' title='bbox 3178 638 3271 693; x_wconf 87' lang='lat' dir='ltr'><strong>sed</strong></span> <span class='ocrx_word' id='word_1_541' title='bbox 3303 643 3467 709; x_wconf 86' lang='lat' dir='ltr'><strong>gratia</strong></span> <span class='ocrx_word' id='word_1_542' title='bbox 3500 643 3591 698; x_wconf 88' lang='lat' dir='ltr'><strong>Dei</strong></span> 
     </span>
    </p>
   </div>
   <div class='ocr_carea' id='block_1_67' title="bbox 2007 714 3593 793">
    <p class='ocr_par' dir='ltr' id='par_1_67' title="bbox 2007 714 3593 793">
     <span class='ocr_line' id='line_1_67' title="bbox 2007 714 3593 793; baseline 0.013 -26"><span class='ocrx_word' id='word_1_543' title='bbox 2007 730 2100 784; x_wconf 90' lang='lat' dir='ltr'><strong>per</strong></span> <span class='ocrx_word' id='word_1_544' title='bbox 2122 714 2303 772; x_wconf 85' lang='lat' dir='ltr'><strong>Jesum</strong></span> <span class='ocrx_word' id='word_1_545' title='bbox 2327 717 2594 775; x_wconf 86' lang='lat' dir='ltr'><strong>Christum</strong></span> <span class='ocrx_word' id='word_1_546' title='bbox 2629 724 2907 780; x_wconf 87' lang='lat' dir='ltr'><strong>Dominum</strong></span> <span class='ocrx_word' id='word_1_547' title='bbox 2937 737 3196 793; x_wconf 90' lang='lat' dir='ltr'><strong>nostrum,</strong></span> <span class='ocrx_word' id='word_1_548' title='bbox 3231 745 3336 783; x_wconf 93' lang='lat' dir='ltr'><strong>nou</strong></span> <span class='ocrx_word' id='word_1_549' title='bbox 3367 732 3593 787; x_wconf 68' lang='lat' dir='ltr'><strong>inaniter</strong></span> 
     </span>
    </p>
   </div>
   <div class='ocr_carea' id='block_1_68' title="bbox 2003 804 3590 888">
    <p class='ocr_par' dir='ltr' id='par_1_68' title="bbox 2003 804 3590 888">
     <span class='ocr_line' id='line_1_68' title="bbox 2003 804 3590 888; baseline 0.013 -31"><span class='ocrx_word' id='word_1_550' title='bbox 2003 804 2173 859; x_wconf 89' lang='lat' dir='ltr'><strong>credit</strong></span> <span class='ocrx_word' id='word_1_551' title='bbox 2193 807 2450 867; x_wconf 80' lang='lat' dir='ltr'><strong>Ecclesia.</strong></span> <span class='ocrx_word' id='word_1_552' title='bbox 2487 811 2597 867; x_wconf 93' lang='lat' dir='ltr'><strong>lloc</strong></span> <span class='ocrx_word' id='word_1_553' title='bbox 2625 829 2752 883; x_wconf 86' lang='lat' dir='ltr'><strong>ergo</strong></span> <span class='ocrx_word' id='word_1_554' title='bbox 2771 815 3049 886; x_wconf 86' lang='lat' dir='ltr'><strong>imputavit</strong></span> <span class='ocrx_word' id='word_1_555' title='bbox 3071 819 3120 871; x_wconf 91' lang='lat' dir='ltr'><strong>in</strong></span> <span class='ocrx_word' id='word_1_556' title='bbox 3149 829 3424 888; x_wconf 85' lang='lat' dir='ltr'><strong>peccatum</strong></span> <span class='ocrx_word' id='word_1_557' title='bbox 3451 823 3590 878; x_wconf 71' lang='lat' dir='ltr'><strong>Deus</strong></span> 
     </span>
    </p>
   </div>
   <div class='ocr_carea' id='block_1_69' title="bbox 2004 895 3586 969">
    <p class='ocr_par' dir='ltr' id='par_1_69' title="bbox 2004 895 3586 969">
     <span class='ocr_line' id='line_1_69' title="bbox 2004 895 3586 969; baseline 0.014 -22"><span class='ocrx_word' id='word_1_558' title='bbox 2004 895 2182 964; x_wconf 90' lang='lat' dir='ltr'><strong>primo</strong></span> <span class='ocrx_word' id='word_1_559' title='bbox 2210 898 2372 959; x_wconf 73' lang='lat' dir='ltr'><strong>Adm,</strong></span> <span class='ocrx_word' id='word_1_560' title='bbox 2423 901 2563 956; x_wconf 81' lang='lat' dir='ltr'><strong>unde</strong></span> <span class='ocrx_word' id='word_1_561' title='bbox 2612 903 2880 961; x_wconf 88' lang='lat' dir='ltr'><strong>abstinere</strong></span> <span class='ocrx_word' id='word_1_562' title='bbox 2927 907 3008 962; x_wconf 78' lang='lat' dir='ltr'><strong>illi</strong></span> <span class='ocrx_word' id='word_1_563' title='bbox 3054 909 3275 964; x_wconf 91' lang='lat' dir='ltr'><strong>liberum</strong></span> <span class='ocrx_word' id='word_1_564' title='bbox 3323 913 3418 967; x_wconf 82' lang='lat' dir='ltr'><strong>fuit</strong></span> <span class='ocrx_word' id='word_1_565' title='bbox 3450 931 3464 965; x_wconf 88' lang='lat'><strong>:</strong></span> <span class='ocrx_word' id='word_1_566' title='bbox 3495 917 3586 969; x_wconf 73' lang='lat' dir='ltr'><strong>scd</strong></span> 
     </span>
    </p>
   </div>
   <div class='ocr_carea' id='block_1_70' title="bbox 2002 983 3580 1074">
    <p class='ocr_par' dir='ltr' id='par_1_70' title="bbox 2002 983 3580 1074">
     <span class='ocr_line' id='line_1_70' title="bbox 2002 983 3580 1074; baseline 0.013 -37"><span class='ocrx_word' id='word_1_567' title='bbox 2002 983 2116 1054; x_wconf 88' lang='lat' dir='ltr'><strong>ipse</strong></span> <span class='ocrx_word' id='word_1_568' title='bbox 2143 986 2349 1055; x_wconf 89' lang='lat' dir='ltr'><strong>primus</strong></span> <span class='ocrx_word' id='word_1_569' title='bbox 2372 990 2539 1045; x_wconf 85' lang='lat' dir='ltr'><strong>Adam</strong></span> <span class='ocrx_word' id='word_1_570' title='bbox 2571 1005 2774 1049; x_wconf 72' lang='lat' dir='ltr'><strong>natura:</strong></span> <span class='ocrx_word' id='word_1_571' title='bbox 2807 1006 2910 1050; x_wconf 90' lang='lat' dir='ltr'><strong>tam</strong></span> <span class='ocrx_word' id='word_1_572' title='bbox 2943 999 3254 1056; x_wconf 82' lang='lat' dir='ltr'><strong>excellentis</strong></span> <span class='ocrx_word' id='word_1_573' title='bbox 3285 1001 3401 1068; x_wconf 75' lang='lat' dir='ltr'><strong>fuit,</strong></span> <span class='ocrx_word' id='word_1_574' title='bbox 3457 1021 3580 1074; x_wconf 88' lang='lat' dir='ltr'><strong>quo-</strong></span> 
     </span>
    </p>
   </div>
   <div class='ocr_carea' id='block_1_71' title="bbox 2003 1077 3585 1162">
    <p class='ocr_par' dir='ltr' id='par_1_71' title="bbox 2003 1077 3585 1162">
     <span class='ocr_line' id='line_1_71' title="bbox 2003 1077 3585 1162; baseline 0.013 -32"><span class='ocrx_word' id='word_1_575' title='bbox 2003 1077 2144 1131; x_wconf 88' lang='lat' dir='ltr'><strong>niam</strong></span> <span class='ocrx_word' id='word_1_576' title='bbox 2191 1079 2373 1134; x_wconf 86' lang='lat' dir='ltr'><strong>vitiata</strong></span> <span class='ocrx_word' id='word_1_577' title='bbox 2407 1099 2511 1137; x_wconf 88' lang='lat' dir='ltr'><strong>non</strong></span> <span class='ocrx_word' id='word_1_578' title='bbox 2559 1084 2674 1147; x_wconf 83' lang='lat' dir='ltr'><strong>fuit,</strong></span> <span class='ocrx_word' id='word_1_579' title='bbox 2716 1095 3074 1155; x_wconf 55' lang='lat' dir='ltr'><strong>ut‘pcccatnm</strong></span> <span class='ocrx_word' id='word_1_580' title='bbox 3122 1092 3236 1159; x_wconf 87' lang='lat' dir='ltr'><strong>ejus</strong></span> <span class='ocrx_word' id='word_1_581' title='bbox 3280 1103 3384 1147; x_wconf 90' lang='lat' dir='ltr'><strong>tam</strong></span> <span class='ocrx_word' id='word_1_582' title='bbox 3434 1097 3585 1162; x_wconf 69' lang='lat' dir='ltr'><strong>longe</strong></span> 
     </span>
    </p>
   </div>
   <div class='ocr_carea' id='block_1_72' title="bbox 1999 1169 3584 1254">
    <p class='ocr_par' dir='ltr' id='par_1_72' title="bbox 1999 1169 3584 1254">
     <span class='ocr_line' id='line_1_72' title="bbox 1999 1169 3584 1254; baseline 0.013 -34"><span class='ocrx_word' id='word_1_583' title='bbox 1999 1169 2168 1238; x_wconf 88' lang='lat' dir='ltr'><strong>majus</strong></span> <span class='ocrx_word' id='word_1_584' title='bbox 2219 1181 2532 1228; x_wconf 77' lang='lat' dir='ltr'><strong>cmtcrorum</strong></span> <span class='ocrx_word' id='word_1_585' title='bbox 2567 1179 2798 1244; x_wconf 87' lang='lat' dir='ltr'><strong>peccatis</strong></span> <span class='ocrx_word' id='word_1_586' title='bbox 2825 1190 2991 1246; x_wconf 88' lang='lat' dir='ltr'><strong>esset,</strong></span> <span class='ocrx_word' id='word_1_587' title='bbox 3018 1196 3174 1250; x_wconf 88' lang='lat' dir='ltr'><strong>quam</strong></span> <span class='ocrx_word' id='word_1_588' title='bbox 3215 1183 3367 1254; x_wconf 81' lang='lat' dir='ltr'><strong>longe</strong></span> <span class='ocrx_word' id='word_1_589' title='bbox 3399 1187 3584 1241; x_wconf 86' lang='lat' dir='ltr'><strong>melior</strong></span> 
     </span>
    </p>
   </div>
   <div class='ocr_carea' id='block_1_73' title="bbox 1999 1258 3581 1344">
    <p class='ocr_par' dir='ltr' id='par_1_73' title="bbox 1999 1258 3581 1344">
     <span class='ocr_line' id='line_1_73' title="bbox 1999 1258 3581 1344; baseline 0.011 -34"><span class='ocrx_word' id='word_1_590' title='bbox 1999 1258 2114 1327; x_wconf 88' lang='lat' dir='ltr'><strong>ipse</strong></span> <span class='ocrx_word' id='word_1_591' title='bbox 2137 1261 2348 1316; x_wconf 64' lang='lat' dir='ltr'><strong>catteris</strong></span> <span class='ocrx_word' id='word_1_592' title='bbox 2376 1263 2472 1317; x_wconf 82' lang='lat' dir='ltr'><strong>fuit</strong></span> <span class='ocrx_word' id='word_1_593' title='bbox 2500 1281 2513 1318; x_wconf 91' lang='lat'><strong><em>:</em></strong></span> <span class='ocrx_word' id='word_1_594' title='bbox 2549 1267 2689 1321; x_wconf 89' lang='lat' dir='ltr'><strong>unde</strong></span> <span class='ocrx_word' id='word_1_595' title='bbox 2718 1277 2771 1322; x_wconf 91' lang='lat' dir='ltr'><strong>et</strong></span> <span class='ocrx_word' id='word_1_596' title='bbox 2813 1283 2966 1338; x_wconf 64' lang='lat' dir='ltr'><strong>parua</strong></span> <span class='ocrx_word' id='word_1_597' title='bbox 2996 1272 3130 1340; x_wconf 85' lang='lat' dir='ltr'><strong>ejus,</strong></span> <span class='ocrx_word' id='word_1_598' title='bbox 3160 1289 3278 1343; x_wconf 67' lang='lat' dir='ltr'><strong>qua:</strong></span> <span class='ocrx_word' id='word_1_599' title='bbox 3311 1284 3581 1344; x_wconf 86' lang='lat' dir='ltr'><strong>peccatum</strong></span> 
     </span>
    </p>
   </div>
   <div class='ocr_carea' id='block_1_74' title="bbox 1994 1347 3582 1435">
    <p class='ocr_par' dir='ltr' id='par_1_74' title="bbox 1994 1347 3582 1435">
     <span class='ocr_line' id='line_1_74' title="bbox 1994 1347 3582 1435; baseline 0.013 -35"><span class='ocrx_word' id='word_1_600' title='bbox 1994 1347 2110 1417; x_wconf 82' lang='lat' dir='ltr'><strong>ejus</strong></span> <span class='ocrx_word' id='word_1_601' title='bbox 2139 1351 2389 1404; x_wconf 90' lang='lat' dir='ltr'><strong>continuo</strong></span> <span class='ocrx_word' id='word_1_602' title='bbox 2432 1354 2712 1410; x_wconf 89' lang='lat' dir='ltr'><strong>subsecuta</strong></span> <span class='ocrx_word' id='word_1_603' title='bbox 2734 1367 2837 1424; x_wconf 89' lang='lat' dir='ltr'><strong>est,</strong></span> <span class='ocrx_word' id='word_1_604' title='bbox 2863 1369 2970 1414; x_wconf 92' lang='lat' dir='ltr'><strong>tam</strong></span> <span class='ocrx_word' id='word_1_605' title='bbox 2994 1361 3210 1431; x_wconf 83' lang='lat' dir='ltr'><strong>grandis</strong></span> <span class='ocrx_word' id='word_1_606' title='bbox 3230 1368 3494 1435; x_wconf 86' lang='lat' dir='ltr'><strong>apparuit,</strong></span> <span class='ocrx_word' id='word_1_607' title='bbox 3526 1378 3582 1420; x_wconf 90' lang='lat' dir='ltr'><strong>ut</strong></span> 
     </span>
    </p>
   </div>
   <div class='ocr_carea' id='block_1_75' title="bbox 1993 1439 3581 1528">
    <p class='ocr_par' dir='ltr' id='par_1_75' title="bbox 1993 1439 3581 1528">
     <span class='ocr_line' id='line_1_75' title="bbox 1993 1439 3581 1528; baseline 0.015 -38"><span class='ocrx_word' id='word_1_608' title='bbox 1993 1439 2250 1494; x_wconf 91' lang='lat' dir='ltr'><strong>continuo</strong></span> <span class='ocrx_word' id='word_1_609' title='bbox 2274 1443 2436 1497; x_wconf 92' lang='lat' dir='ltr'><strong>etiam</strong></span> <span class='ocrx_word' id='word_1_610' title='bbox 2477 1453 2748 1503; x_wconf 89' lang='lat' dir='ltr'><strong>teneretur</strong></span> <span class='ocrx_word' id='word_1_611' title='bbox 2777 1454 3096 1509; x_wconf 85' lang='lat' dir='ltr'><strong>necessitate</strong></span> <span class='ocrx_word' id='word_1_612' title='bbox 3122 1457 3404 1522; x_wconf 91' lang='lat' dir='ltr'><strong>moriendi,</strong></span> <span class='ocrx_word' id='word_1_613' title='bbox 3430 1459 3581 1528; x_wconf 88' lang='lat' dir='ltr'><strong>cujus</strong></span> 
     </span>
    </p>
   </div>
   <div class='ocr_carea' id='block_1_76' title="bbox 1992 1533 3579 1610">
    <p class='ocr_par' dir='ltr' id='par_1_76' title="bbox 1992 1533 3579 1610">
     <span class='ocr_line' id='line_1_76' title="bbox 1992 1533 3579 1610; baseline 0.014 -26"><span class='ocrx_word' id='word_1_614' title='bbox 1992 1542 2108 1585; x_wconf 83' lang='lat' dir='ltr'><strong>erat</strong></span> <span class='ocrx_word' id='word_1_615' title='bbox 2129 1533 2181 1586; x_wconf 92' lang='lat' dir='ltr'><strong>in</strong></span> <span class='ocrx_word' id='word_1_616' title='bbox 2213 1544 2479 1604; x_wconf 85' lang='lat' dir='ltr'><strong>potestate</strong></span> <span class='ocrx_word' id='word_1_617' title='bbox 2514 1555 2618 1594; x_wconf 91' lang='lat' dir='ltr'><strong>non</strong></span> <span class='ocrx_word' id='word_1_618' title='bbox 2647 1544 2818 1610; x_wconf 89' lang='lat' dir='ltr'><strong>mori;</strong></span> <span class='ocrx_word' id='word_1_619' title='bbox 2848 1547 2992 1602; x_wconf 87' lang='lat' dir='ltr'><strong>etde</strong></span> <span class='ocrx_word' id='word_1_620' title='bbox 3019 1548 3134 1605; x_wconf 87' lang='lat' dir='ltr'><strong>loco</strong></span> <span class='ocrx_word' id='word_1_621' title='bbox 3161 1560 3322 1607; x_wconf 74' lang='lat' dir='ltr'><strong>tantze</strong></span> <span class='ocrx_word' id='word_1_622' title='bbox 3354 1553 3579 1609; x_wconf 80' lang='lat' dir='ltr'><strong>fclicita-</strong></span> 
     </span>
    </p>
   </div>
   <div class='ocr_carea' id='block_1_77' title="bbox 1992 1626 3577 1713">
    <p class='ocr_par' dir='ltr' id='par_1_77' title="bbox 1992 1626 3577 1713">
     <span class='ocr_line' id='line_1_77' title="bbox 1992 1626 3577 1713; baseline 0.015 -35"><span class='ocrx_word' id='word_1_623' title='bbox 1992 1629 2061 1680; x_wconf 76' lang='lat' dir='ltr'><strong>tis</strong></span> <span class='ocrx_word' id='word_1_624' title='bbox 2085 1626 2227 1682; x_wconf 85' lang='lat' dir='ltr'><strong>foras</strong></span> <span class='ocrx_word' id='word_1_625' title='bbox 2256 1631 2510 1687; x_wconf 90' lang='lat' dir='ltr'><strong>continuo</strong></span> <span class='ocrx_word' id='word_1_626' title='bbox 2555 1636 2875 1703; x_wconf 89' lang='lat' dir='ltr'><strong>mitteretur,</strong></span> <span class='ocrx_word' id='word_1_627' title='bbox 2909 1650 2963 1695; x_wconf 91' lang='lat' dir='ltr'><strong>et</strong></span> <span class='ocrx_word' id='word_1_628' title='bbox 2990 1657 3022 1696; x_wconf 91' lang='lat' dir='ltr'><strong>a</strong></span> <span class='ocrx_word' id='word_1_629' title='bbox 3064 1643 3207 1713; x_wconf 87' lang='lat' dir='ltr'><strong>ligno</strong></span> <span class='ocrx_word' id='word_1_630' title='bbox 3233 1647 3355 1700; x_wconf 56' lang='lat' dir='ltr'><strong>vitae</strong></span> <span class='ocrx_word' id='word_1_631' title='bbox 3403 1649 3577 1702; x_wconf 85' lang='lat' dir='ltr'><strong>conti-</strong></span> 
     </span>
    </p>
   </div>
   <div class='ocr_carea' id='block_1_78' title="bbox 1990 1723 3573 1801">
    <p class='ocr_par' dir='ltr' id='par_1_78' title="bbox 1990 1723 3573 1801">
     <span class='ocr_line' id='line_1_78' title="bbox 1990 1723 3573 1801; baseline 0.015 -32"><span class='ocrx_word' id='word_1_632' title='bbox 1990 1729 2096 1771; x_wconf 89' lang='lat' dir='ltr'><strong>nuo</strong></span> <span class='ocrx_word' id='word_1_633' title='bbox 2141 1728 2428 1777; x_wconf 84' lang='lat' dir='ltr'><strong>vetaretur.</strong></span> <span class='ocrx_word' id='word_1_634' title='bbox 2475 1723 2587 1779; x_wconf 87' lang='lat' dir='ltr'><strong>lIoc</strong></span> <span class='ocrx_word' id='word_1_635' title='bbox 2624 1735 2802 1782; x_wconf 91' lang='lat' dir='ltr'><strong>autem</strong></span> <span class='ocrx_word' id='word_1_636' title='bbox 2846 1731 3058 1800; x_wconf 88' lang='lat' dir='ltr'><strong>quando</strong></span> <span class='ocrx_word' id='word_1_637' title='bbox 3107 1734 3302 1790; x_wconf 82' lang='lat' dir='ltr'><strong>factum</strong></span> <span class='ocrx_word' id='word_1_638' title='bbox 3354 1747 3464 1801; x_wconf 85' lang='lat' dir='ltr'><strong>est,</strong></span> <span class='ocrx_word' id='word_1_639' title='bbox 3523 1739 3573 1793; x_wconf 80' lang='lat' dir='ltr'><strong>in</strong></span> 
     </span>
    </p>
   </div>
   <div class='ocr_carea' id='block_1_79' title="bbox 1988 1808 3574 1886">
    <p class='ocr_par' dir='ltr' id='par_1_79' title="bbox 1988 1808 3574 1886">
     <span class='ocr_line' id='line_1_79' title="bbox 1988 1808 3574 1886; baseline 0.014 -25"><span class='ocrx_word' id='word_1_640' title='bbox 1988 1808 2182 1864; x_wconf 82' lang='lat' dir='ltr'><strong>lumbis</strong></span> <span class='ocrx_word' id='word_1_641' title='bbox 2212 1812 2331 1882; x_wconf 90' lang='lat' dir='ltr'><strong>ejus</strong></span> <span class='ocrx_word' id='word_1_642' title='bbox 2375 1824 2490 1869; x_wconf 91' lang='lat' dir='ltr'><strong>crat</strong></span> <span class='ocrx_word' id='word_1_643' title='bbox 2530 1833 2700 1886; x_wconf 83' lang='lat' dir='ltr'><strong>genus</strong></span> <span class='ocrx_word' id='word_1_644' title='bbox 2751 1819 3060 1878; x_wconf 84' lang='lat' dir='ltr'><strong>humanum.</strong></span> <span class='ocrx_word' id='word_1_645' title='bbox 3106 1825 3257 1881; x_wconf 85' lang='lat' dir='ltr'><strong>Unde</strong></span> <span class='ocrx_word' id='word_1_646' title='bbox 3286 1828 3574 1883; x_wconf 78' lang='lat' dir='ltr'><strong>secundum</strong></span> 
     </span>
    </p>
   </div>
   <div class='ocr_carea' id='block_1_80' title="bbox 1986 1900 3567 1979">
    <p class='ocr_par' dir='ltr' id='par_1_80' title="bbox 1986 1900 3567 1979">
     <span class='ocr_line' id='line_1_80' title="bbox 1986 1900 3567 1979; baseline 0.013 -26"><span class='ocrx_word' id='word_1_647' title='bbox 1986 1900 2096 1965; x_wconf 87' lang='lat' dir='ltr'><strong>illa,</strong></span> <span class='ocrx_word' id='word_1_648' title='bbox 2148 1917 2269 1972; x_wconf 63' lang='lat' dir='ltr'><strong>quae</strong></span> <span class='ocrx_word' id='word_1_649' title='bbox 2297 1907 2568 1973; x_wconf 78' lang='lat' dir='ltr'><strong>przelocuti</strong></span> <span class='ocrx_word' id='word_1_650' title='bbox 2613 1925 2830 1979; x_wconf 89' lang='lat' dir='ltr'><strong>sumus,</strong></span> <span class='ocrx_word' id='word_1_651' title='bbox 2857 1913 3014 1970; x_wconf 91' lang='lat' dir='ltr'><strong>nimis</strong></span> <span class='ocrx_word' id='word_1_652' title='bbox 3035 1917 3240 1971; x_wconf 89' lang='lat' dir='ltr'><strong>occulta</strong></span> <span class='ocrx_word' id='word_1_653' title='bbox 3272 1927 3325 1973; x_wconf 91' lang='lat' dir='ltr'><strong>ct</strong></span> <span class='ocrx_word' id='word_1_654' title='bbox 3351 1920 3567 1974; x_wconf 88' lang='lat' dir='ltr'><strong>multum</strong></span> 
     </span>
    </p>
   </div>
   <div class='ocr_carea' id='block_1_81' title="bbox 1985 1993 3567 2078">
    <p class='ocr_par' dir='ltr' id='par_1_81' title="bbox 1985 1993 3567 2078">
     <span class='ocr_line' id='line_1_81' title="bbox 1985 1993 3567 2078; baseline 0.013 -34"><span class='ocrx_word' id='word_1_655' title='bbox 1985 1993 2214 2047; x_wconf 87' lang='lat' dir='ltr'><strong>valentia</strong></span> <span class='ocrx_word' id='word_1_656' title='bbox 2241 1998 2500 2053; x_wconf 87' lang='lat' dir='ltr'><strong>naturalia</strong></span> <span class='ocrx_word' id='word_1_657' title='bbox 2525 1999 2644 2068; x_wconf 92' lang='lat' dir='ltr'><strong>jura</strong></span> <span class='ocrx_word' id='word_1_658' title='bbox 2679 2004 2999 2074; x_wconf 84' lang='lat' dir='ltr'><strong>propaginis,</strong></span> <span class='ocrx_word' id='word_1_659' title='bbox 3029 2020 3364 2078; x_wconf 81' lang='lat' dir='ltr'><strong>consequens</strong></span> <span class='ocrx_word' id='word_1_660' title='bbox 3385 2021 3567 2065; x_wconf 89' lang='lat' dir='ltr'><strong>eratut</strong></span> 
     </span>
    </p>
   </div>
   <div class='ocr_carea' id='block_1_82' title="bbox 1984 2082 3570 2166">
    <p class='ocr_par' dir='ltr' id='par_1_82' title="bbox 1984 2082 3570 2166">
     <span class='ocr_line' id='line_1_82' title="bbox 1984 2082 3570 2166; baseline 0.015 -34"><span class='ocrx_word' id='word_1_661' title='bbox 1984 2082 2074 2149; x_wconf 87' lang='lat' dir='ltr'><strong>qui</strong></span> <span class='ocrx_word' id='word_1_662' title='bbox 2102 2093 2254 2138; x_wconf 89' lang='lat' dir='ltr'><strong>erant</strong></span> <span class='ocrx_word' id='word_1_663' title='bbox 2279 2085 2330 2139; x_wconf 93' lang='lat' dir='ltr'><strong>in</strong></span> <span class='ocrx_word' id='word_1_664' title='bbox 2365 2087 2559 2143; x_wconf 86' lang='lat' dir='ltr'><strong>lumbis</strong></span> <span class='ocrx_word' id='word_1_665' title='bbox 2587 2091 2701 2158; x_wconf 88' lang='lat' dir='ltr'><strong>ejus</strong></span> <span class='ocrx_word' id='word_1_666' title='bbox 2744 2108 2839 2162; x_wconf 91' lang='lat' dir='ltr'><strong>per</strong></span> <span class='ocrx_word' id='word_1_667' title='bbox 2879 2098 3363 2166; x_wconf 86' lang='lat' dir='ltr'><strong>concupiscentiam</strong></span> <span class='ocrx_word' id='word_1_668' title='bbox 3395 2103 3570 2156; x_wconf 88' lang='lat' dir='ltr'><strong>carnis</strong></span> 
     </span>
    </p>
   </div>
   <div class='ocr_carea' id='block_1_83' title="bbox 1989 2174 3577 2256">
    <p class='ocr_par' dir='ltr' id='par_1_83' title="bbox 1989 2174 3577 2256">
     <span class='ocr_line' id='line_1_83' title="bbox 1989 2174 3577 2256; baseline 0.015 -32"><span class='ocrx_word' id='word_1_669' title='bbox 1989 2174 2198 2229; x_wconf 86' lang='lat' dir='ltr'><strong>venturi</strong></span> <span class='ocrx_word' id='word_1_670' title='bbox 2222 2175 2273 2230; x_wconf 89' lang='lat' dir='ltr'><strong>itt</strong></span> <span class='ocrx_word' id='word_1_671' title='bbox 2322 2177 2421 2233; x_wconf 92' lang='lat' dir='ltr'><strong>hoc</strong></span> <span class='ocrx_word' id='word_1_672' title='bbox 2459 2183 2736 2250; x_wconf 73' lang='lat' dir='ltr'><strong>sacculum,</strong></span> <span class='ocrx_word' id='word_1_673' title='bbox 2764 2184 2920 2238; x_wconf 91' lang='lat' dir='ltr'><strong>simul</strong></span> <span class='ocrx_word' id='word_1_674' title='bbox 2963 2186 3375 2256; x_wconf 86' lang='lat' dir='ltr'><strong>damnarentur;</strong></span> <span class='ocrx_word' id='word_1_675' title='bbox 3433 2193 3577 2248; x_wconf 72' lang='lat' dir='ltr'><strong>sicut</strong></span> 
     </span>
    </p>
   </div>
   <div class='ocr_carea' id='block_1_84' title="bbox 1983 2274 3569 2351">
    <p class='ocr_par' dir='ltr' id='par_1_84' title="bbox 1983 2274 3569 2351">
     <span class='ocr_line' id='line_1_84' title="bbox 1983 2274 3569 2351; baseline 0.013 -33"><span class='ocrx_word' id='word_1_676' title='bbox 1983 2279 2316 2337; x_wconf 87' lang='lat' dir='ltr'><strong>consequens</strong></span> <span class='ocrx_word' id='word_1_677' title='bbox 2342 2279 2458 2326; x_wconf 87' lang='lat' dir='ltr'><strong>erat</strong></span> <span class='ocrx_word' id='word_1_678' title='bbox 2497 2281 2552 2326; x_wconf 92' lang='lat' dir='ltr'><strong>ut</strong></span> <span class='ocrx_word' id='word_1_679' title='bbox 2583 2274 2670 2343; x_wconf 87' lang='lat' dir='ltr'><strong>qui</strong></span> <span class='ocrx_word' id='word_1_680' title='bbox 2702 2289 2767 2329; x_wconf 91' lang='lat' dir='ltr'><strong>eo</strong></span> <span class='ocrx_word' id='word_1_681' title='bbox 2791 2275 2910 2346; x_wconf 88' lang='lat' dir='ltr'><strong>jure</strong></span> <span class='ocrx_word' id='word_1_682' title='bbox 2951 2281 3253 2351; x_wconf 85' lang='lat' dir='ltr'><strong>propaginis</strong></span> <span class='ocrx_word' id='word_1_683' title='bbox 3278 2290 3332 2336; x_wconf 88' lang='lat' dir='ltr'><strong>et</strong></span> <span class='ocrx_word' id='word_1_684' title='bbox 3360 2284 3569 2339; x_wconf 89' lang='lat' dir='ltr'><strong>ratione</strong></span> 
     </span>
    </p>
   </div>
   <div class='ocr_carea' id='block_1_85' title="bbox 1983 2355 3568 2435">
    <p class='ocr_par' dir='ltr' id='par_1_85' title="bbox 1983 2355 3568 2435">
     <span class='ocr_line' id='line_1_85' title="bbox 1983 2355 3568 2435; baseline 0.013 -28"><span class='ocrx_word' id='word_1_685' title='bbox 1983 2355 2204 2411; x_wconf 92' lang='lat' dir='ltr'><strong>seminis</strong></span> <span class='ocrx_word' id='word_1_686' title='bbox 2219 2369 2370 2414; x_wconf 88' lang='lat' dir='ltr'><strong>erant</strong></span> <span class='ocrx_word' id='word_1_687' title='bbox 2397 2361 2447 2415; x_wconf 89' lang='lat' dir='ltr'><strong>itt</strong></span> <span class='ocrx_word' id='word_1_688' title='bbox 2472 2362 2668 2418; x_wconf 90' lang='lat' dir='ltr'><strong>lumbis</strong></span> <span class='ocrx_word' id='word_1_689' title='bbox 2696 2365 2947 2435; x_wconf 70' lang='lat' dir='ltr'><strong>Abraha&#39;,</strong></span> <span class='ocrx_word' id='word_1_690' title='bbox 2973 2369 3126 2424; x_wconf 88' lang='lat' dir='ltr'><strong>simul</strong></span> <span class='ocrx_word' id='word_1_691' title='bbox 3148 2371 3568 2431; x_wconf 81' lang='lat' dir='ltr'><strong>decimarentur;</strong></span> 
     </span>
    </p>
   </div>
   <div class='ocr_carea' id='block_1_86' title="bbox 1981 2445 3567 2535">
    <p class='ocr_par' dir='ltr' id='par_1_86' title="bbox 1981 2445 3567 2535">
     <span class='ocr_line' id='line_1_86' title="bbox 1981 2445 3567 2535; baseline 0.014 -35"><span class='ocrx_word' id='word_1_692' title='bbox 1981 2445 2179 2504; x_wconf 88' lang='lat' dir='ltr'><strong>Omnes</strong></span> <span class='ocrx_word' id='word_1_693' title='bbox 2205 2449 2382 2522; x_wconf 88' lang='lat' dir='ltr'><strong>itaque</strong></span> <span class='ocrx_word' id='word_1_694' title='bbox 2413 2452 2503 2507; x_wconf 72' lang='lat' dir='ltr'><strong>filii</strong></span> <span class='ocrx_word' id='word_1_695' title='bbox 2533 2455 2662 2509; x_wconf 72' lang='lat' dir='ltr'><strong>Atia:</strong></span> <span class='ocrx_word' id='word_1_696' title='bbox 2683 2456 2736 2510; x_wconf 93' lang='lat' dir='ltr'><strong>in</strong></span> <span class='ocrx_word' id='word_1_697' title='bbox 2757 2457 2847 2511; x_wconf 90' lang='lat' dir='ltr'><strong>illo</strong></span> <span class='ocrx_word' id='word_1_698' title='bbox 2873 2461 3072 2528; x_wconf 88' lang='lat' dir='ltr'><strong>aspersi</strong></span> <span class='ocrx_word' id='word_1_699' title='bbox 3101 2471 3223 2516; x_wconf 90' lang='lat' dir='ltr'><strong>sunt</strong></span> <span class='ocrx_word' id='word_1_700' title='bbox 3248 2465 3567 2535; x_wconf 85' lang='lat' dir='ltr'><strong>contagione</strong></span> 
     </span>
    </p>
   </div>
   <div class='ocr_carea' id='block_1_87' title="bbox 1980 2539 3565 2623">
    <p class='ocr_par' dir='ltr' id='par_1_87' title="bbox 1980 2539 3565 2623">
     <span class='ocr_line' id='line_1_87' title="bbox 1980 2539 3565 2623; baseline 0.013 -33"><span class='ocrx_word' id='word_1_701' title='bbox 1980 2539 2180 2606; x_wconf 90' lang='lat' dir='ltr'><strong>peccati</strong></span> <span class='ocrx_word' id='word_1_702' title='bbox 2227 2549 2282 2596; x_wconf 91' lang='lat' dir='ltr'><strong>et</strong></span> <span class='ocrx_word' id='word_1_703' title='bbox 2327 2544 2514 2598; x_wconf 88' lang='lat' dir='ltr'><strong>mortis</strong></span> <span class='ocrx_word' id='word_1_704' title='bbox 2553 2545 2861 2603; x_wconf 89' lang='lat' dir='ltr'><strong>conditione</strong></span> <span class='ocrx_word' id='word_1_705' title='bbox 2913 2549 3162 2605; x_wconf 88' lang='lat' dir='ltr'><strong>devincti.</strong></span> <span class='ocrx_word' id='word_1_706' title='bbox 3216 2556 3295 2608; x_wconf 84' lang='lat' dir='ltr'><strong>Ae</strong></span> <span class='ocrx_word' id='word_1_707' title='bbox 3342 2570 3436 2623; x_wconf 89' lang='lat' dir='ltr'><strong>per</strong></span> <span class='ocrx_word' id='word_1_708' title='bbox 3464 2555 3565 2611; x_wconf 85' lang='lat' dir='ltr'><strong>hoc</strong></span> 
     </span>
    </p>
   </div>
   <div class='ocr_carea' id='block_1_88' title="bbox 1978 2630 3560 2712">
    <p class='ocr_par' dir='ltr' id='par_1_88' title="bbox 1978 2630 3560 2712">
     <span class='ocr_line' id='line_1_88' title="bbox 1978 2630 3560 2712; baseline 0.015 -34"><span class='ocrx_word' id='word_1_709' title='bbox 1978 2630 2221 2696; x_wconf 87' lang='lat' dir='ltr'><strong>quamvis</strong></span> <span class='ocrx_word' id='word_1_710' title='bbox 2249 2631 2357 2686; x_wconf 84' lang='lat' dir='ltr'><strong>sint</strong></span> <span class='ocrx_word' id='word_1_711' title='bbox 2383 2635 2604 2705; x_wconf 59' lang='lat' dir='ltr'><strong>parvuli,</strong></span> <span class='ocrx_word' id='word_1_712' title='bbox 2637 2644 2692 2691; x_wconf 90' lang='lat' dir='ltr'><strong>et</strong></span> <span class='ocrx_word' id='word_1_713' title='bbox 2716 2636 2910 2693; x_wconf 90' lang='lat' dir='ltr'><strong>bonum</strong></span> <span class='ocrx_word' id='word_1_714' title='bbox 2937 2640 3223 2712; x_wconf 83' lang='lat' dir='ltr'><strong>quidquam</strong></span> <span class='ocrx_word' id='word_1_715' title='bbox 3252 2644 3332 2698; x_wconf 87' lang='lat' dir='ltr'><strong>vel</strong></span> <span class='ocrx_word' id='word_1_716' title='bbox 3365 2646 3560 2701; x_wconf 89' lang='lat' dir='ltr'><strong>malum</strong></span> 
     </span>
    </p>
   </div>
   <div class='ocr_carea' id='block_1_89' title="bbox 1980 2723 3566 2808">
    <p class='ocr_par' dir='ltr' id='par_1_89' title="bbox 1980 2723 3566 2808">
     <span class='ocr_line' id='line_1_89' title="bbox 1980 2723 3566 2808; baseline 0.013 -37"><span class='ocrx_word' id='word_1_717' title='bbox 1980 2733 2085 2772; x_wconf 89' lang='lat' dir='ltr'><strong>non</strong></span> <span class='ocrx_word' id='word_1_718' title='bbox 2115 2731 2273 2790; x_wconf 82' lang='lat' dir='ltr'><strong>agant</strong></span> <span class='ocrx_word' id='word_1_719' title='bbox 2297 2723 2604 2791; x_wconf 85' lang='lat' dir='ltr'><strong>voluntate;</strong></span> <span class='ocrx_word' id='word_1_720' title='bbox 2637 2731 2964 2801; x_wconf 89' lang='lat' dir='ltr'><strong>tamen—quia</strong></span> <span class='ocrx_word' id='word_1_721' title='bbox 2995 2731 3162 2788; x_wconf 88' lang='lat' dir='ltr'><strong>induti</strong></span> <span class='ocrx_word' id='word_1_722' title='bbox 3192 2744 3315 2790; x_wconf 85' lang='lat' dir='ltr'><strong>sunt</strong></span> <span class='ocrx_word' id='word_1_723' title='bbox 3341 2737 3452 2803; x_wconf 93' lang='lat' dir='ltr'><strong>illo,</strong></span> <span class='ocrx_word' id='word_1_724' title='bbox 3473 2739 3566 2808; x_wconf 86' lang='lat' dir='ltr'><strong>qui</strong></span> 
     </span>
    </p>
   </div>
   <div class='ocr_carea' id='block_1_90' title="bbox 1977 2813 3559 2897">
    <p class='ocr_par' dir='ltr' id='par_1_90' title="bbox 1977 2813 3559 2897">
     <span class='ocr_line' id='line_1_90' title="bbox 1977 2813 3559 2897; baseline 0.012 -33"><span class='ocrx_word' id='word_1_725' title='bbox 1977 2813 2254 2870; x_wconf 90' lang='lat' dir='ltr'><strong>voluntate</strong></span> <span class='ocrx_word' id='word_1_726' title='bbox 2296 2819 2556 2886; x_wconf 88' lang='lat' dir='ltr'><strong>peccavit,</strong></span> <span class='ocrx_word' id='word_1_727' title='bbox 2598 2821 2815 2876; x_wconf 87' lang='lat' dir='ltr'><strong>trahunt</strong></span> <span class='ocrx_word' id='word_1_728' title='bbox 2857 2822 2924 2878; x_wconf 91' lang='lat' dir='ltr'><strong>ab</strong></span> <span class='ocrx_word' id='word_1_729' title='bbox 2969 2823 3061 2879; x_wconf 89' lang='lat' dir='ltr'><strong>illo</strong></span> <span class='ocrx_word' id='word_1_730' title='bbox 3101 2827 3300 2895; x_wconf 88' lang='lat' dir='ltr'><strong>peccati</strong></span> <span class='ocrx_word' id='word_1_731' title='bbox 3331 2838 3559 2897; x_wconf 89' lang='lat' dir='ltr'><strong>reatum,</strong></span> 
     </span>
    </p>
   </div>
   <div class='ocr_carea' id='block_1_91' title="bbox 1975 2905 3562 2986">
    <p class='ocr_par' dir='ltr' id='par_1_91' title="bbox 1975 2905 3562 2986">
     <span class='ocr_line' id='line_1_91' title="bbox 1975 2905 3562 2986; baseline 0.013 -32"><span class='ocrx_word' id='word_1_732' title='bbox 1975 2905 2272 2976; x_wconf 81' lang='lat' dir='ltr'><strong>mortisque</strong></span> <span class='ocrx_word' id='word_1_733' title='bbox 2297 2909 2615 2978; x_wconf 86' lang='lat' dir='ltr'><strong>supplicium</strong></span> <span class='ocrx_word' id='word_1_734' title='bbox 2650 2927 2663 2963; x_wconf 92' lang='lat'>:</span> <span class='ocrx_word' id='word_1_735' title='bbox 2697 2911 2834 2966; x_wconf 89' lang='lat' dir='ltr'><strong>sicut</strong></span> <span class='ocrx_word' id='word_1_736' title='bbox 2863 2915 3068 2982; x_wconf 86' lang='lat' dir='ltr'><strong>parvuli</strong></span> <span class='ocrx_word' id='word_1_737' title='bbox 3111 2916 3198 2986; x_wconf 93' lang='lat' dir='ltr'><strong>qui</strong></span> <span class='ocrx_word' id='word_1_738' title='bbox 3239 2916 3450 2972; x_wconf 87' lang='lat' dir='ltr'><strong>Christo</strong></span> <span class='ocrx_word' id='word_1_739' title='bbox 3478 2919 3562 2973; x_wconf 86' lang='lat' dir='ltr'><strong>itt-</strong></span> 
     </span>
    </p>
   </div>
   <div class='ocr_carea' id='block_1_92' title="bbox 1973 2993 3560 3074">
    <p class='ocr_par' dir='ltr' id='par_1_92' title="bbox 1973 2993 3560 3074">
     <span class='ocr_line' id='line_1_92' title="bbox 1973 2993 3560 3074; baseline 0.009 -25"><span class='ocrx_word' id='word_1_740' title='bbox 1973 2993 2225 3062; x_wconf 88' lang='lat' dir='ltr'><strong>duuutur,</strong></span> <span class='ocrx_word' id='word_1_741' title='bbox 2257 3001 2499 3068; x_wconf 86' lang='lat' dir='ltr'><strong>quamvis</strong></span> <span class='ocrx_word' id='word_1_742' title='bbox 2546 3001 2677 3056; x_wconf 87' lang='lat' dir='ltr'><strong>nihil</strong></span> <span class='ocrx_word' id='word_1_743' title='bbox 2705 3003 2828 3057; x_wconf 90' lang='lat' dir='ltr'><strong>boni</strong></span> <span class='ocrx_word' id='word_1_744' title='bbox 2868 3005 3104 3060; x_wconf 80' lang='lat' dir='ltr'><strong>fecerint</strong></span> <span class='ocrx_word' id='word_1_745' title='bbox 3125 3022 3220 3062; x_wconf 89' lang='lat' dir='ltr'><strong>sua</strong></span> <span class='ocrx_word' id='word_1_746' title='bbox 3265 3008 3560 3074; x_wconf 87' lang='lat' dir='ltr'><strong>voluntate,</strong></span> 
     </span>
    </p>
   </div>
   <div class='ocr_carea' id='block_1_93' title="bbox 1972 3087 3563 3168">
    <p class='ocr_par' dir='ltr' id='par_1_93' title="bbox 1972 3087 3563 3168">
     <span class='ocr_line' id='line_1_93' title="bbox 1972 3087 3563 3168; baseline 0.01 -30"><span class='ocrx_word' id='word_1_747' title='bbox 1972 3096 2188 3140; x_wconf 88' lang='lat' dir='ltr'><strong>sttmunt</strong></span> <span class='ocrx_word' id='word_1_748' title='bbox 2211 3087 2280 3142; x_wconf 90' lang='lat' dir='ltr'><strong>ab</strong></span> <span class='ocrx_word' id='word_1_749' title='bbox 2309 3088 2402 3142; x_wconf 89' lang='lat' dir='ltr'><strong>illo</strong></span> <span class='ocrx_word' id='word_1_750' title='bbox 2432 3091 2891 3161; x_wconf 85' lang='lat' dir='ltr'><strong>participationem</strong></span> <span class='ocrx_word' id='word_1_751' title='bbox 2915 3095 3156 3163; x_wconf 77' lang='lat' dir='ltr'><strong>justitize,</strong></span> <span class='ocrx_word' id='word_1_752' title='bbox 3187 3106 3241 3151; x_wconf 88' lang='lat' dir='ltr'><strong>et</strong></span> <span class='ocrx_word' id='word_1_753' title='bbox 3271 3099 3395 3153; x_wconf 69' lang='lat' dir='ltr'><strong>vita:</strong></span> <span class='ocrx_word' id='word_1_754' title='bbox 3426 3115 3563 3168; x_wconf 77' lang='lat' dir='ltr'><strong>pra:-</strong></span> 
     </span>
    </p>
   </div>
   <div class='ocr_carea' id='block_1_94' title="bbox 1974 3174 3561 3246">
    <p class='ocr_par' dir='ltr' id='par_1_94' title="bbox 1974 3174 3561 3246">
     <span class='ocr_line' id='line_1_94' title="bbox 1974 3174 3561 3246; baseline 0.011 -20"><span class='ocrx_word' id='word_1_755' title='bbox 1974 3174 2136 3228; x_wconf 89' lang='lat' dir='ltr'><strong>mium</strong></span> <span class='ocrx_word' id='word_1_756' title='bbox 2169 3177 2528 3246; x_wconf 68' lang='lat' dir='ltr'><strong>sempiternae.</strong></span> <span class='ocrx_word' id='word_1_757' title='bbox 2553 3178 2624 3232; x_wconf 87' lang='lat' dir='ltr'><strong>Ita</strong></span> <span class='ocrx_word' id='word_1_758' title='bbox 2654 3182 2817 3234; x_wconf 83' lang='lat' dir='ltr'><strong>forma</strong></span> <span class='ocrx_word' id='word_1_759' title='bbox 2853 3182 3012 3237; x_wconf 82' lang='lat' dir='ltr'><strong>futuri</strong></span> <span class='ocrx_word' id='word_1_760' title='bbox 3034 3187 3359 3241; x_wconf 48' lang='lat' dir='ltr'><strong>a&#39;contrario</strong></span> <span class='ocrx_word' id='word_1_761' title='bbox 3399 3188 3561 3242; x_wconf 85' lang='lat' dir='ltr'><strong>Chri-</strong></span> 
     </span>
    </p>
   </div>
   <div class='ocr_carea' id='block_1_95' title="bbox 1971 3267 3560 3346">
    <p class='ocr_par' dir='ltr' id='par_1_95' title="bbox 1971 3267 3560 3346">
     <span class='ocr_line' id='line_1_95' title="bbox 1971 3267 3560 3346; baseline 0.009 -28"><span class='ocrx_word' id='word_1_762' title='bbox 1971 3274 2086 3319; x_wconf 84' lang='lat' dir='ltr'><strong>stus</strong></span> <span class='ocrx_word' id='word_1_763' title='bbox 2103 3267 2422 3334; x_wconf 85' lang='lat' dir='ltr'><strong>ostenditur,</strong></span> <span class='ocrx_word' id='word_1_764' title='bbox 2443 3281 2661 3340; x_wconf 88' lang='lat' dir='ltr'><strong>propter</strong></span> <span class='ocrx_word' id='word_1_765' title='bbox 2679 3271 2820 3340; x_wconf 87' lang='lat' dir='ltr'><strong>quod</strong></span> <span class='ocrx_word' id='word_1_766' title='bbox 2847 3273 2921 3328; x_wconf 88' lang='lat' dir='ltr'><strong>ait</strong></span> <span class='ocrx_word' id='word_1_767' title='bbox 2941 3273 3088 3329; x_wconf 87' lang='lat' dir='ltr'><strong>idem</strong></span> <span class='ocrx_word' id='word_1_768' title='bbox 3103 3277 3375 3346; x_wconf 68' lang='lat' dir='ltr'><strong>apostolus</strong></span> <span class='ocrx_word' id='word_1_769' title='bbox 3399 3296 3414 3330; x_wconf 90' lang='lat'><strong>:</strong></span> <span class='ocrx_word' id='word_1_770' title='bbox 3443 3279 3560 3334; x_wconf 87' lang='lat' dir='ltr'><strong>Sic-</strong></span> 
     </span>
    </p>
   </div>
   <div class='ocr_carea' id='block_1_96' title="bbox 1971 3356 3560 3440">
    <p class='ocr_par' dir='ltr' id='par_1_96' title="bbox 1971 3356 3560 3440">
     <span class='ocr_line' id='line_1_96' title="bbox 1971 3356 3560 3440; baseline 0.009 -32"><span class='ocrx_word' id='word_1_771' title='bbox 1971 3365 2027 3408; x_wconf 83' lang='lat' dir='ltr'><strong>ut</strong></span> <span class='ocrx_word' id='word_1_772' title='bbox 2060 3356 2314 3412; x_wconf 73' lang='lat' dir='ltr'><strong>induimus</strong></span> <span class='ocrx_word' id='word_1_773' title='bbox 2364 3359 2635 3431; x_wconf 73' lang='lat' dir='ltr'><strong>imaginem</strong></span> <span class='ocrx_word' id='word_1_774' title='bbox 2665 3366 2866 3429; x_wconf 82' lang='lat' dir='ltr'><strong>terreni,</strong></span> <span class='ocrx_word' id='word_1_775' title='bbox 2899 3364 3170 3421; x_wconf 72' lang='lat' dir='ltr'><strong>indicamus</strong></span> <span class='ocrx_word' id='word_1_776' title='bbox 3198 3379 3245 3422; x_wconf 80' lang='lat' dir='ltr'><strong>et</strong></span> <span class='ocrx_word' id='word_1_777' title='bbox 3286 3369 3560 3440; x_wconf 80' lang='lat' dir='ltr'><strong>imaginem</strong></span> 
     </span>
    </p>
   </div>
   <div class='ocr_carea' id='block_1_97' title="bbox 1969 3447 3557 3527">
    <p class='ocr_par' dir='ltr' id='par_1_97' title="bbox 1969 3447 3557 3527">
     <span class='ocr_line' id='line_1_97' title="bbox 1969 3447 3557 3527; baseline 0.011 -29"><span class='ocrx_word' id='word_1_778' title='bbox 1969 3447 2078 3516; x_wconf 76' lang='lat' dir='ltr'><strong>ejus</strong></span> <span class='ocrx_word' id='word_1_779' title='bbox 2099 3448 2186 3516; x_wconf 83' lang='lat' dir='ltr'><strong>qui</strong></span> <span class='ocrx_word' id='word_1_780' title='bbox 2205 3450 2266 3501; x_wconf 77' lang='lat' dir='ltr'><strong>de</strong></span> <span class='ocrx_word' id='word_1_781' title='bbox 2287 3448 2414 3504; x_wconf 71' lang='lat' dir='ltr'><strong>calo</strong></span> <span class='ocrx_word' id='word_1_782' title='bbox 2451 3461 2525 3504; x_wconf 74' lang='lat' dir='ltr'><strong>est</strong></span> <span class='ocrx_word' id='word_1_783' title='bbox 2554 3450 2595 3524; x_wconf 90' lang='grc' dir='ltr'><strong>(Ι</strong></span> <span class='ocrx_word' id='word_1_784' title='bbox 2622 3449 2742 3508; x_wconf 74' lang='lat' dir='ltr'><strong>Cor.</strong></span> <span class='ocrx_word' id='word_1_785' title='bbox 2766 3470 2856 3521; x_wconf 70' lang='lat' dir='ltr'><strong>xv,</strong></span> <span class='ocrx_word' id='word_1_786' title='bbox 2883 3455 2997 3526; x_wconf 71' lang='grc'><strong>49).</strong></span> <span class='ocrx_word' id='word_1_787' title='bbox 3028 3457 3158 3527; x_wconf 64' lang='lat' dir='ltr'><strong>Qum</strong></span> <span class='ocrx_word' id='word_1_788' title='bbox 3176 3473 3298 3514; x_wconf 90' lang='lat' dir='ltr'><strong>cum</strong></span> <span class='ocrx_word' id='word_1_789' title='bbox 3328 3460 3398 3515; x_wconf 87' lang='lat' dir='ltr'><strong>ita</strong></span> <span class='ocrx_word' id='word_1_790' title='bbox 3428 3461 3557 3521; x_wconf 82' lang='lat' dir='ltr'><strong>sint.</strong></span> 
     </span>
    </p>
   </div>
   <div class='ocr_carea' id='block_1_98' title="bbox 1969 3540 3559 3618">
    <p class='ocr_par' dir='ltr' id='par_1_98' title="bbox 1969 3540 3559 3618">
     <span class='ocr_line' id='line_1_98' title="bbox 1969 3540 3559 3618; baseline 0.009 -24"><span class='ocrx_word' id='word_1_791' title='bbox 1969 3540 2060 3595; x_wconf 89' lang='lat' dir='ltr'><strong>ille</strong></span> <span class='ocrx_word' id='word_1_792' title='bbox 2087 3540 2248 3608; x_wconf 89' lang='lat' dir='ltr'><strong>dicat,</strong></span> <span class='ocrx_word' id='word_1_793' title='bbox 2280 3552 2502 3613; x_wconf 83' lang='lat' dir='ltr'><strong>peccato</strong></span> <span class='ocrx_word' id='word_1_794' title='bbox 2541 3554 2597 3601; x_wconf 91' lang='lat' dir='ltr'><strong>et</strong></span> <span class='ocrx_word' id='word_1_795' title='bbox 2643 3557 2816 3604; x_wconf 91' lang='lat' dir='ltr'><strong>morte</strong></span> <span class='ocrx_word' id='word_1_796' title='bbox 2845 3549 3002 3618; x_wconf 89' lang='lat' dir='ltr'><strong>primi</strong></span> <span class='ocrx_word' id='word_1_797' title='bbox 3051 3550 3219 3606; x_wconf 82' lang='lat' dir='ltr'><strong>Adam</strong></span> <span class='ocrx_word' id='word_1_798' title='bbox 3263 3567 3370 3608; x_wconf 84' lang='lat' dir='ltr'><strong>non</strong></span> <span class='ocrx_word' id='word_1_799' title='bbox 3411 3553 3559 3609; x_wconf 88' lang='lat' dir='ltr'><strong>indui</strong></span> 
     </span>
    </p>
   </div>
   <div class='ocr_carea' id='block_1_99' title="bbox 1968 3633 3561 3714">
    <p class='ocr_par' dir='ltr' id='par_1_99' title="bbox 1968 3633 3561 3714">
     <span class='ocr_line' id='line_1_99' title="bbox 1968 3633 3561 3714; baseline 0.009 -29"><span class='ocrx_word' id='word_1_800' title='bbox 1968 3633 2057 3702; x_wconf 87' lang='lat' dir='ltr'><strong>qui</strong></span> <span class='ocrx_word' id='word_1_801' title='bbox 2087 3643 2399 3702; x_wconf 86' lang='lat' dir='ltr'><strong>nascuntur,</strong></span> <span class='ocrx_word' id='word_1_802' title='bbox 2435 3637 2682 3709; x_wconf 82' lang='lat' dir='ltr'><strong>quisquis</strong></span> <span class='ocrx_word' id='word_1_803' title='bbox 2703 3638 2884 3696; x_wconf 88' lang='lat' dir='ltr'><strong>dicere</strong></span> <span class='ocrx_word' id='word_1_804' title='bbox 2912 3640 3106 3709; x_wconf 87' lang='lat' dir='ltr'><strong>audet,</strong></span> <span class='ocrx_word' id='word_1_805' title='bbox 3136 3643 3340 3714; x_wconf 87' lang='lat' dir='ltr'><strong>justitia</strong></span> <span class='ocrx_word' id='word_1_806' title='bbox 3369 3654 3425 3700; x_wconf 91' lang='lat' dir='ltr'><strong>et</strong></span> <span class='ocrx_word' id='word_1_807' title='bbox 3452 3645 3561 3700; x_wconf 81' lang='lat' dir='ltr'><strong>vita</strong></span> 
     </span>
    </p>
   </div>
   <div class='ocr_carea' id='block_1_100' title="bbox 1967 3726 3562 3807">
    <p class='ocr_par' dir='ltr' id='par_1_100' title="bbox 1967 3726 3562 3807">
     <span class='ocr_line' id='line_1_100' title="bbox 1967 3726 3562 3807; baseline 0.006 -27"><span class='ocrx_word' id='word_1_808' title='bbox 1967 3726 2139 3781; x_wconf 78' lang='lat' dir='ltr'><strong>Adam</strong></span> <span class='ocrx_word' id='word_1_809' title='bbox 2175 3727 2397 3784; x_wconf 85' lang='lat' dir='ltr'><strong>secundi</strong></span> <span class='ocrx_word' id='word_1_810' title='bbox 2428 3744 2534 3784; x_wconf 87' lang='lat' dir='ltr'><strong>non</strong></span> <span class='ocrx_word' id='word_1_811' title='bbox 2580 3731 2722 3786; x_wconf 91' lang='lat' dir='ltr'><strong>indui</strong></span> <span class='ocrx_word' id='word_1_812' title='bbox 2747 3733 2836 3803; x_wconf 91' lang='lat' dir='ltr'><strong>qui</strong></span> <span class='ocrx_word' id='word_1_813' title='bbox 2886 3745 3240 3790; x_wconf 85' lang='lat' dir='ltr'><strong>renascuntur</strong></span> <span class='ocrx_word' id='word_1_814' title='bbox 3269 3755 3282 3790; x_wconf 90' lang='lat'><strong>:</strong></span> <span class='ocrx_word' id='word_1_815' title='bbox 3314 3738 3562 3807; x_wconf 86' lang='lat' dir='ltr'><strong>quamvis</strong></span> 
     </span>
    </p>
   </div>
   <div class='ocr_carea' id='block_1_101' title="bbox 1967 3818 3556 3891">
    <p class='ocr_par' dir='ltr' id='par_1_101' title="bbox 1967 3818 3556 3891">
     <span class='ocr_line' id='line_1_101' title="bbox 1967 3818 3556 3891; baseline 0.006 -20"><span class='ocrx_word' id='word_1_816' title='bbox 1967 3832 2066 3872; x_wconf 88' lang='lat' dir='ltr'><strong>nec</strong></span> <span class='ocrx_word' id='word_1_817' title='bbox 2096 3818 2170 3872; x_wconf 77' lang='lat' dir='ltr'><strong>ilti</strong></span> <span class='ocrx_word' id='word_1_818' title='bbox 2193 3828 2470 3888; x_wconf 87' lang='lat' dir='ltr'><strong>peccatum</strong></span> <span class='ocrx_word' id='word_1_819' title='bbox 2496 3820 2717 3877; x_wconf 80' lang='lat' dir='ltr'><strong>fecerint</strong></span> <span class='ocrx_word' id='word_1_820' title='bbox 2748 3823 2888 3878; x_wconf 91' lang='lat' dir='ltr'><strong>unde</strong></span> <span class='ocrx_word' id='word_1_821' title='bbox 2908 3824 3133 3880; x_wconf 86' lang='lat' dir='ltr'><strong>liberum</strong></span> <span class='ocrx_word' id='word_1_822' title='bbox 3154 3835 3236 3882; x_wconf 88' lang='lat' dir='ltr'><strong>est</strong></span> <span class='ocrx_word' id='word_1_823' title='bbox 3261 3826 3556 3891; x_wconf 83' lang='lat' dir='ltr'><strong>abstinere,</strong></span> 
     </span>
    </p>
   </div>
   <div class='ocr_carea' id='block_1_102' title="bbox 1967 3909 3234 3982">
    <p class='ocr_par' dir='ltr' id='par_1_102' title="bbox 1967 3909 3234 3982">
     <span class='ocr_line' id='line_1_102' title="bbox 1967 3909 3234 3982; baseline 0.004 -18"><span class='ocrx_word' id='word_1_824' title='bbox 1967 3922 2066 3964; x_wconf 88' lang='lat' dir='ltr'><strong>nec</strong></span> <span class='ocrx_word' id='word_1_825' title='bbox 2091 3909 2177 3964; x_wconf 90' lang='lat' dir='ltr'><strong>isti</strong></span> <span class='ocrx_word' id='word_1_826' title='bbox 2201 3911 2466 3974; x_wconf 88' lang='lat' dir='ltr'><strong>justitiam</strong></span> <span class='ocrx_word' id='word_1_827' title='bbox 2495 3927 2653 3982; x_wconf 90' lang='lat' dir='ltr'><strong>quam</strong></span> <span class='ocrx_word' id='word_1_828' title='bbox 2680 3912 2903 3967; x_wconf 89' lang='lat' dir='ltr'><strong>liberum</strong></span> <span class='ocrx_word' id='word_1_829' title='bbox 2929 3922 3012 3968; x_wconf 91' lang='lat' dir='ltr'><strong>est</strong></span> <span class='ocrx_word' id='word_1_830' title='bbox 3035 3913 3234 3969; x_wconf 76' lang='lat' dir='ltr'><strong>facere.</strong></span> 
     </span>
    </p>
   </div>
   <div class='ocr_carea' id='block_1_103' title="bbox 2037 3999 3560 4077">
    <p class='ocr_par' dir='ltr' id='par_1_103' title="bbox 2037 3999 3560 4077">
     <span class='ocr_line' id='line_1_103' title="bbox 2037 3999 3560 4077; baseline 0.005 -23"><span class='ocrx_word' id='word_1_831' title='bbox 2037 3999 2227 4056; x_wconf 80' lang='lat' dir='ltr'><strong>XXIII.</strong></span> <span class='ocrx_word' id='word_1_832' title='bbox 2257 4001 2380 4058; x_wconf 68' lang='lat' dir='ltr'><strong>Jun.</strong></span> <span class='ocrx_word' id='word_1_833' title='bbox 2436 4018 2456 4053; x_wconf 71' lang='lat' dir='ltr'><strong>c</strong></span> <span class='ocrx_word' id='word_1_834' title='bbox 2497 4001 2627 4056; x_wconf 92' lang='lat' dir='ltr'><strong>Illud</strong></span> <span class='ocrx_word' id='word_1_835' title='bbox 2668 4017 2796 4073; x_wconf 87' lang='lat' dir='ltr'><strong>ergo</strong></span> <span class='ocrx_word' id='word_1_836' title='bbox 2837 4012 3146 4076; x_wconf 83' lang='lat' dir='ltr'><strong>peccatum,</strong></span> <span class='ocrx_word' id='word_1_837' title='bbox 3194 4005 3347 4076; x_wconf 83' lang='lat' dir='ltr'><strong>quod</strong></span> <span class='ocrx_word' id='word_1_838' title='bbox 3383 4008 3560 4077; x_wconf 82' lang='lat' dir='ltr'><strong>ipsum</strong></span> 
     </span>
    </p>
   </div>
   <div class='ocr_carea' id='block_1_104' title="bbox 1965 4092 3561 4168">
    <p class='ocr_par' dir='ltr' id='par_1_104' title="bbox 1965 4092 3561 4168">
     <span class='ocr_line' id='line_1_104' title="bbox 1965 4092 3561 4168; baseline 0.003 -22"><span class='ocrx_word' id='word_1_839' title='bbox 1965 4092 2236 4148; x_wconf 87' lang='lat' dir='ltr'><strong>hominem</strong></span> <span class='ocrx_word' id='word_1_840' title='bbox 2283 4095 2338 4148; x_wconf 91' lang='lat' dir='ltr'><strong>in</strong></span> <span class='ocrx_word' id='word_1_841' title='bbox 2380 4093 2628 4164; x_wconf 85' lang='lat' dir='ltr'><strong>paradiso</strong></span> <span class='ocrx_word' id='word_1_842' title='bbox 2654 4095 2708 4150; x_wconf 91' lang='lat' dir='ltr'><strong>in</strong></span> <span class='ocrx_word' id='word_1_843' title='bbox 2751 4094 2901 4166; x_wconf 90' lang='lat' dir='ltr'><strong>pejus</strong></span> <span class='ocrx_word' id='word_1_844' title='bbox 2928 4097 3181 4163; x_wconf 84' lang='lat' dir='ltr'><strong>mutavit,</strong></span> <span class='ocrx_word' id='word_1_845' title='bbox 3219 4097 3351 4168; x_wconf 73' lang='lat' dir='ltr'><strong>quia</strong></span> <span class='ocrx_word' id='word_1_846' title='bbox 3389 4099 3561 4152; x_wconf 89' lang='lat' dir='ltr'><strong>multo</strong></span> 
     </span>
    </p>
   </div>
   <div class='ocr_carea' id='block_1_105' title="bbox 1965 4184 3572 4257">
    <p class='ocr_par' dir='ltr' id='par_1_105' title="bbox 1965 4184 3572 4257">
     <span class='ocr_line' id='line_1_105' title="bbox 1965 4184 3572 4257; baseline 0.002 -17"><span class='ocrx_word' id='word_1_847' title='bbox 1965 4192 2047 4240; x_wconf 84' lang='lat' dir='ltr'><strong>est</strong></span> <span class='ocrx_word' id='word_1_848' title='bbox 2074 4185 2332 4254; x_wconf 84' lang='lat' dir='ltr'><strong>grandius</strong></span> <span class='ocrx_word' id='word_1_849' title='bbox 2372 4201 2530 4255; x_wconf 87' lang='lat' dir='ltr'><strong>quam</strong></span> <span class='ocrx_word' id='word_1_850' title='bbox 2560 4184 2802 4256; x_wconf 84' lang='lat' dir='ltr'><strong>judicare</strong></span> <span class='ocrx_word' id='word_1_851' title='bbox 2843 4200 2944 4241; x_wconf 83' lang='lat' dir='ltr'><strong>nos</strong></span> <span class='ocrx_word' id='word_1_852' title='bbox 2967 4200 3279 4257; x_wconf 84' lang='lat' dir='ltr'><strong>possumus,</strong></span> <span class='ocrx_word' id='word_1_853' title='bbox 3306 4186 3380 4242; x_wconf 89' lang='lat' dir='ltr'><strong>ab</strong></span> <span class='ocrx_word' id='word_1_854' title='bbox 3410 4189 3572 4243; x_wconf 77' lang='lat' dir='ltr'><strong>omni</strong></span> 
     </span>
    </p>
   </div>
   <div class='ocr_carea' id='block_1_106' title="bbox 1964 4276 3556 4350">
    <p class='ocr_par' dir='ltr' id='par_1_106' title="bbox 1964 4276 3556 4350">
     <span class='ocr_line' id='line_1_106' title="bbox 1964 4276 3556 4350; baseline 0.002 -21"><span class='ocrx_word' id='word_1_855' title='bbox 1964 4284 2217 4330; x_wconf 86' lang='lat' dir='ltr'><strong>nascente</strong></span> <span class='ocrx_word' id='word_1_856' title='bbox 2263 4276 2490 4331; x_wconf 89' lang='lat' dir='ltr'><strong>trahitur</strong></span> <span class='ocrx_word' id='word_1_857' title='bbox 2530 4295 2548 4329; x_wconf 72' lang='grc' dir='ltr'><strong><em>ι</em></strong></span> <span class='ocrx_word' id='word_1_858' title='bbox 2598 4276 2702 4347; x_wconf 78' lang='lat' dir='ltr'><strong>(De</strong></span> <span class='ocrx_word' id='word_1_859' title='bbox 2752 4276 2968 4348; x_wconf 73' lang='lat' dir='ltr'><strong>Nuptiis</strong></span> <span class='ocrx_word' id='word_1_860' title='bbox 3004 4287 3052 4332; x_wconf 77' lang='lat' dir='ltr'><strong>et</strong></span> <span class='ocrx_word' id='word_1_861' title='bbox 3096 4277 3510 4350; x_wconf 75' lang='lat' dir='ltr'><strong>Concupiscentia</strong></span> <span class='ocrx_word' id='word_1_862' title='bbox 3535 4310 3556 4346; x_wconf 90' lang='lat'><strong>-,</strong></span> 
     </span>
    </p>
   </div>
   <div class='ocr_carea' id='block_1_107' title="bbox 1963 4363 3553 4438">
    <p class='ocr_par' dir='ltr' id='par_1_107' title="bbox 1963 4363 3553 4438">
     <span class='ocr_line' id='line_1_107' title="bbox 1963 4363 3553 4438; baseline 0.003 -20"><span class='ocrx_word' id='word_1_863' title='bbox 1963 4363 2051 4418; x_wconf 84' lang='lat' dir='ltr'><strong>lib.</strong></span> <span class='ocrx_word' id='word_1_864' title='bbox 2079 4363 2154 4431; x_wconf 78' lang='lat'><strong>2,</strong></span> <span class='ocrx_word' id='word_1_865' title='bbox 2225 4381 2278 4418; x_wconf 82' lang='grc' dir='ltr'><strong>η.</strong></span> <span class='ocrx_word' id='word_1_866' title='bbox 2319 4365 2430 4436; x_wconf 82' lang='grc'><strong>58).</strong></span> <span class='ocrx_word' id='word_1_867' title='bbox 2479 4366 2610 4435; x_wconf 84' lang='lat' dir='ltr'><strong>Quis</strong></span> <span class='ocrx_word' id='word_1_868' title='bbox 2664 4367 2766 4422; x_wconf 73' lang='lat' dir='ltr'><strong>tibi</strong></span> <span class='ocrx_word' id='word_1_869' title='bbox 2805 4367 2942 4422; x_wconf 64' lang='lat' dir='ltr'><strong>dixit</strong></span> <span class='ocrx_word' id='word_1_870' title='bbox 2980 4368 3243 4438; x_wconf 83' lang='lat' dir='ltr'><strong>quoniam</strong></span> <span class='ocrx_word' id='word_1_871' title='bbox 3276 4379 3553 4438; x_wconf 83' lang='lat' dir='ltr'><strong>peceatum</strong></span> 
     </span>
    </p>
   </div>
   <div class='ocr_carea' id='block_1_108' title="bbox 1963 4453 3560 4528">
    <p class='ocr_par' dir='ltr' id='par_1_108' title="bbox 1963 4453 3560 4528">
     <span class='ocr_line' id='line_1_108' title="bbox 1963 4453 3560 4528; baseline 0.004 -19"><span class='ocrx_word' id='word_1_872' title='bbox 1963 4453 2096 4510; x_wconf 69' lang='lat' dir='ltr'><strong>Adin</strong></span> <span class='ocrx_word' id='word_1_873' title='bbox 2120 4455 2288 4511; x_wconf 91' lang='lat' dir='ltr'><strong>multo</strong></span> <span class='ocrx_word' id='word_1_874' title='bbox 2317 4456 2476 4512; x_wconf 76' lang='lat' dir='ltr'><strong>fuerit</strong></span> <span class='ocrx_word' id='word_1_875' title='bbox 2515 4457 2767 4527; x_wconf 86' lang='lat' dir='ltr'><strong>grandius</strong></span> <span class='ocrx_word' id='word_1_876' title='bbox 2795 4472 2952 4528; x_wconf 87' lang='lat' dir='ltr'><strong>quam</strong></span> <span class='ocrx_word' id='word_1_877' title='bbox 2978 4458 3107 4512; x_wconf 83' lang='lat' dir='ltr'><strong>Cain</strong></span> <span class='ocrx_word' id='word_1_878' title='bbox 3128 4457 3171 4512; x_wconf 82' lang='lat'><strong>?-</strong></span> <span class='ocrx_word' id='word_1_879' title='bbox 3194 4459 3363 4513; x_wconf 84' lang='lat' dir='ltr'><strong>multo</strong></span> <span class='ocrx_word' id='word_1_880' title='bbox 3387 4460 3560 4516; x_wconf 84' lang='lat' dir='ltr'><strong>etiam</strong></span> 
     </span>
    </p>
   </div>
   <div class='ocr_carea' id='block_1_109' title="bbox 1963 4545 3562 4622">
    <p class='ocr_par' dir='ltr' id='par_1_109' title="bbox 1963 4545 3562 4622">
     <span class='ocr_line' id='line_1_109' title="bbox 1963 4545 3562 4622; baseline 0.009 -27"><span class='ocrx_word' id='word_1_881' title='bbox 1963 4561 2123 4615; x_wconf 88' lang='lat' dir='ltr'><strong>quam</strong></span> <span class='ocrx_word' id='word_1_882' title='bbox 2141 4545 2536 4603; x_wconf 90' lang='lat' dir='ltr'><strong>Sodomitarum</strong></span> <span class='ocrx_word' id='word_1_883' title='bbox 2557 4549 2583 4601; x_wconf 82' lang='lat'><strong>?</strong></span> <span class='ocrx_word' id='word_1_884' title='bbox 2600 4548 2768 4603; x_wconf 82' lang='lat' dir='ltr'><strong>multo</strong></span> <span class='ocrx_word' id='word_1_885' title='bbox 2791 4557 3062 4618; x_wconf 85' lang='lat' dir='ltr'><strong>postremo</strong></span> <span class='ocrx_word' id='word_1_886' title='bbox 3083 4551 3368 4607; x_wconf 78' lang='lat' dir='ltr'><strong>immanius</strong></span> <span class='ocrx_word' id='word_1_887' title='bbox 3394 4569 3562 4622; x_wconf 85' lang='lat' dir='ltr'><strong>quam</strong></span> 
     </span>
    </p>
   </div>
   <div class='ocr_carea' id='block_1_110' title="bbox 1963 4638 3552 4709">
    <p class='ocr_par' dir='ltr' id='par_1_110' title="bbox 1963 4638 3552 4709">
     <span class='ocr_line' id='line_1_110' title="bbox 1963 4638 3552 4709; baseline 0.006 -18"><span class='ocrx_word' id='word_1_888' title='bbox 1963 4643 2114 4691; x_wconf 90' lang='lat' dir='ltr'><strong>tuum</strong></span> <span class='ocrx_word' id='word_1_889' title='bbox 2137 4647 2298 4709; x_wconf 88' lang='lat' dir='ltr'><strong>atque</strong></span> <span class='ocrx_word' id='word_1_890' title='bbox 2341 4638 2661 4694; x_wconf 79' lang='lat' dir='ltr'><strong>Manichtei?</strong></span> <span class='ocrx_word' id='word_1_891' title='bbox 2701 4639 2860 4696; x_wconf 87' lang='lat' dir='ltr'><strong>Certe</strong></span> <span class='ocrx_word' id='word_1_892' title='bbox 2904 4641 2954 4696; x_wconf 89' lang='lat' dir='ltr'><strong>itt</strong></span> <span class='ocrx_word' id='word_1_893' title='bbox 2984 4640 3202 4698; x_wconf 89' lang='lat' dir='ltr'><strong>historia</strong></span> <span class='ocrx_word' id='word_1_894' title='bbox 3228 4641 3371 4699; x_wconf 72' lang='lat' dir='ltr'><strong>nulla</strong></span> <span class='ocrx_word' id='word_1_895' title='bbox 3402 4645 3552 4701; x_wconf 84' lang='lat' dir='ltr'><strong>istius</strong></span> 
     </span>
    </p>
   </div>
   <div class='ocr_carea' id='block_1_111' title="bbox 1961 4728 3563 4792">
    <p class='ocr_par' dir='ltr' id='par_1_111' title="bbox 1961 4728 3563 4792">
     <span class='ocr_line' id='line_1_111' title="bbox 1961 4728 3563 4792; baseline 0.007 -11"><span class='ocrx_word' id='word_1_896' title='bbox 1961 4728 2209 4784; x_wconf 80' lang='lat' dir='ltr'><strong>vanitatis</strong></span> <span class='ocrx_word' id='word_1_897' title='bbox 2255 4731 2523 4785; x_wconf 83' lang='lat' dir='ltr'><strong>invenitur</strong></span> <span class='ocrx_word' id='word_1_898' title='bbox 2547 4732 2776 4789; x_wconf 84' lang='lat' dir='ltr'><strong>occasio.</strong></span> <span class='ocrx_word' id='word_1_899' title='bbox 2809 4732 3024 4788; x_wconf 75' lang='lat' dir='ltr'><strong>JuSSutn</strong></span> <span class='ocrx_word' id='word_1_900' title='bbox 3067 4733 3237 4790; x_wconf 76' lang='lat' dir='ltr'><strong>fuerat</strong></span> <span class='ocrx_word' id='word_1_901' title='bbox 3275 4747 3333 4791; x_wconf 85' lang='lat' dir='ltr'><strong>ut</strong></span> <span class='ocrx_word' id='word_1_902' title='bbox 3376 4737 3563 4792; x_wconf 78' lang='lat' dir='ltr'><strong>edulio</strong></span> 
     </span>
    </p>
   </div>
   <div class='ocr_carea' id='block_1_112' title="bbox 1963 4819 3548 4896">
    <p class='ocr_par' dir='ltr' id='par_1_112' title="bbox 1963 4819 3548 4896">
     <span class='ocr_line' id='line_1_112' title="bbox 1963 4819 3548 4896; baseline 0.007 -23"><span class='ocrx_word' id='word_1_903' title='bbox 1963 4821 2120 4875; x_wconf 91' lang='lat' dir='ltr'><strong>unius</strong></span> <span class='ocrx_word' id='word_1_904' title='bbox 2147 4819 2358 4876; x_wconf 89' lang='lat' dir='ltr'><strong>arboris</strong></span> <span class='ocrx_word' id='word_1_905' title='bbox 2379 4823 2673 4880; x_wconf 85' lang='lat' dir='ltr'><strong>abstineret</strong></span> <span class='ocrx_word' id='word_1_906' title='bbox 2701 4826 2922 4891; x_wconf 91' lang='lat' dir='ltr'><strong>:-rudis,</strong></span> <span class='ocrx_word' id='word_1_907' title='bbox 2951 4826 3254 4896; x_wconf 88' lang='lat' dir='ltr'><strong>imperitus,</strong></span> <span class='ocrx_word' id='word_1_908' title='bbox 3284 4829 3548 4895; x_wconf 81' lang='lat' dir='ltr'><strong>incautus,</strong></span> 
     </span>
    </p>
   </div>
   <div class='ocr_carea' id='block_1_113' title="bbox 1961 4912 3563 4990">
    <p class='ocr_par' dir='ltr' id='par_1_113' title="bbox 1961 4912 3563 4990">
     <span class='ocr_line' id='line_1_113' title="bbox 1961 4912 3563 4990; baseline 0.009 -25"><span class='ocrx_word' id='word_1_909' title='bbox 1961 4912 2080 4967; x_wconf 89' lang='lat' dir='ltr'><strong>sine</strong></span> <span class='ocrx_word' id='word_1_910' title='bbox 2125 4913 2494 4982; x_wconf 83' lang='lat' dir='ltr'><strong>experimento</strong></span> <span class='ocrx_word' id='word_1_911' title='bbox 2547 4916 2788 4981; x_wconf 89' lang='lat' dir='ltr'><strong>timoris,</strong></span> <span class='ocrx_word' id='word_1_912' title='bbox 2839 4917 2956 4970; x_wconf 90' lang='lat' dir='ltr'><strong>sine</strong></span> <span class='ocrx_word' id='word_1_913' title='bbox 3003 4918 3251 4988; x_wconf 71' lang='lat' dir='ltr'><strong>exeruplo</strong></span> <span class='ocrx_word' id='word_1_914' title='bbox 3296 4918 3563 4990; x_wconf 64' lang='lat' dir='ltr'><strong>justitia,</strong></span> 
     </span>
    </p>
   </div>
   <div class='ocr_carea' id='block_1_114' title="bbox 1961 5003 3553 5076">
    <p class='ocr_par' dir='ltr' id='par_1_114' title="bbox 1961 5003 3553 5076">
     <span class='ocr_line' id='line_1_114' title="bbox 1961 5003 3553 5076; baseline 0.006 -20"><span class='ocrx_word' id='word_1_915' title='bbox 1961 5011 2212 5072; x_wconf 88' lang='lat' dir='ltr'><strong>suggestu</strong></span> <span class='ocrx_word' id='word_1_916' title='bbox 2241 5003 2482 5059; x_wconf 89' lang='lat' dir='ltr'><strong>mulieris</strong></span> <span class='ocrx_word' id='word_1_917' title='bbox 2505 5007 2778 5075; x_wconf 76' lang='lat' dir='ltr'><strong>usurpavit</strong></span> <span class='ocrx_word' id='word_1_918' title='bbox 2805 5020 2983 5060; x_wconf 88' lang='lat' dir='ltr'><strong>escam</strong></span> <span class='ocrx_word' id='word_1_919' title='bbox 3005 5046 3020 5070; x_wconf 96' lang='lat'><strong>,</strong></span> <span class='ocrx_word' id='word_1_920' title='bbox 3051 5007 3203 5076; x_wconf 87' lang='lat' dir='ltr'><strong>cujus</strong></span> <span class='ocrx_word' id='word_1_921' title='bbox 3230 5008 3475 5065; x_wconf 81' lang='lat' dir='ltr'><strong>illexerat</strong></span> <span class='ocrx_word' id='word_1_922' title='bbox 3497 5025 3553 5067; x_wconf 77' lang='lat' dir='ltr'><strong>et</strong></span> 
     </span>
    </p>
   </div>
   <div class='ocr_carea' id='block_1_115' title="bbox 1959 5093 3553 5169">
    <p class='ocr_par' dir='ltr' id='par_1_115' title="bbox 1959 5093 3553 5169">
     <span class='ocr_line' id='line_1_115' title="bbox 1959 5093 3553 5169; baseline 0.006 -24"><span class='ocrx_word' id='word_1_923' title='bbox 1959 5093 2236 5160; x_wconf 84' lang='lat' dir='ltr'><strong>suavitas,</strong></span> <span class='ocrx_word' id='word_1_924' title='bbox 2276 5103 2330 5149; x_wconf 93' lang='lat' dir='ltr'><strong>et</strong></span> <span class='ocrx_word' id='word_1_925' title='bbox 2371 5103 2642 5149; x_wconf 79' lang='lat' dir='ltr'><strong>venustas.</strong></span> <span class='ocrx_word' id='word_1_926' title='bbox 2690 5095 2822 5150; x_wconf 82' lang='lat' dir='ltr'><strong>Vide</strong></span> <span class='ocrx_word' id='word_1_927' title='bbox 2873 5095 2891 5126; x_wconf 80' lang='grc'>¹</span> <span class='ocrx_word' id='word_1_928' title='bbox 2939 5095 3031 5152; x_wconf 80' lang='lat' dir='ltr'><strong>hic</strong></span> <span class='ocrx_word' id='word_1_929' title='bbox 3078 5100 3553 5169; x_wconf 73' lang='lat' dir='ltr'><strong>tmtsgresslouetn</strong></span> 
     </span>
    </p>
   </div>
   <div class='ocr_carea' id='block_1_116' title="bbox 1960 5184 3552 5256">
    <p class='ocr_par' dir='ltr' id='par_1_116' title="bbox 1960 5184 3552 5256">
     <span class='ocr_line' id='line_1_116' title="bbox 1960 5184 3552 5256; baseline 0.005 -18"><span class='ocrx_word' id='word_1_930' title='bbox 1960 5185 2123 5240; x_wconf 82' lang='lat' dir='ltr'><strong>fuisse</strong></span> <span class='ocrx_word' id='word_1_931' title='bbox 2152 5184 2407 5241; x_wconf 87' lang='lat' dir='ltr'><strong>mandati.</strong></span> <span class='ocrx_word' id='word_1_932' title='bbox 2441 5185 2686 5240; x_wconf 80' lang='lat' dir='ltr'><strong>Admissa</strong></span> <span class='ocrx_word' id='word_1_933' title='bbox 2714 5196 2798 5242; x_wconf 88' lang='lat' dir='ltr'><strong>est</strong></span> <span class='ocrx_word' id='word_1_934' title='bbox 2827 5188 3193 5256; x_wconf 61' lang='lat' dir='ltr'><strong>praevaricatio</strong></span> <span class='ocrx_word' id='word_1_935' title='bbox 3221 5206 3326 5246; x_wconf 83' lang='lat' dir='ltr'><strong>una</strong></span> <span class='ocrx_word' id='word_1_936' title='bbox 3350 5192 3418 5248; x_wconf 86' lang='lat' dir='ltr'><strong>de</strong></span> <span class='ocrx_word' id='word_1_937' title='bbox 3445 5208 3552 5247; x_wconf 68' lang='lat' dir='ltr'><strong>ea:-</strong></span> 
     </span>
    </p>
   </div>
   <div class='ocr_carea' id='block_1_117' title="bbox 1960 5274 3558 5354">
    <p class='ocr_par' dir='ltr' id='par_1_117' title="bbox 1960 5274 3558 5354">
     <span class='ocr_line' id='line_1_117' title="bbox 1960 5274 3558 5354; baseline 0.005 -26"><span class='ocrx_word' id='word_1_938' title='bbox 1960 5274 2112 5354; x_wconf 74' lang='lat' dir='ltr'><strong>teris,</strong></span> <span class='ocrx_word' id='word_1_939' title='bbox 2159 5289 2291 5345; x_wconf 82' lang='lat' dir='ltr'><strong>quas</strong></span> <span class='ocrx_word' id='word_1_940' title='bbox 2344 5275 2567 5330; x_wconf 83' lang='lat' dir='ltr'><strong>diversis</strong></span> <span class='ocrx_word' id='word_1_941' title='bbox 2613 5277 2940 5346; x_wconf 82' lang='lat' dir='ltr'><strong>temporibus</strong></span> <span class='ocrx_word' id='word_1_942' title='bbox 2992 5281 3322 5349; x_wconf 80' lang='lat' dir='ltr'><strong>peccantium</strong></span> <span class='ocrx_word' id='word_1_943' title='bbox 3372 5286 3558 5350; x_wconf 70' lang='lat' dir='ltr'><strong>studia-</strong></span> 
     </span>
    </p>
   </div>
   <div class='ocr_carea' id='block_1_118' title="bbox 1961 5367 3555 5440">
    <p class='ocr_par' dir='ltr' id='par_1_118' title="bbox 1961 5367 3555 5440">
     <span class='ocr_line' id='line_1_118' title="bbox 1961 5367 3555 5440; baseline 0.004 -22"><span class='ocrx_word' id='word_1_944' title='bbox 1961 5372 2372 5435; x_wconf 77' lang='lat' dir='ltr'><strong>perpetrarent:</strong></span> <span class='ocrx_word' id='word_1_945' title='bbox 2402 5383 2509 5420; x_wconf 90' lang='lat' dir='ltr'><strong>non</strong></span> <span class='ocrx_word' id='word_1_946' title='bbox 2551 5367 2925 5438; x_wconf 80' lang='lat' dir='ltr'><strong>fuit-amplius,</strong></span> <span class='ocrx_word' id='word_1_947' title='bbox 2953 5385 3112 5440; x_wconf 85' lang='lat' dir='ltr'><strong>quam</strong></span> <span class='ocrx_word' id='word_1_948' title='bbox 3157 5385 3283 5425; x_wconf 88' lang='lat' dir='ltr'><strong>cum</strong></span> <span class='ocrx_word' id='word_1_949' title='bbox 3321 5371 3555 5439; x_wconf 86' lang='lat' dir='ltr'><strong>populus</strong></span> 
     </span>
    </p>
   </div>
   <div class='ocr_carea' id='block_1_119' title="bbox 1963 5455 3556 5521">
    <p class='ocr_par' dir='ltr' id='par_1_119' title="bbox 1963 5455 3556 5521">
     <span class='ocr_line' id='line_1_119' title="bbox 1963 5455 3556 5521; baseline 0.006 -10"><span class='ocrx_word' id='word_1_950' title='bbox 1963 5455 2177 5513; x_wconf 81' lang='lat' dir='ltr'><strong>Israelis</strong></span> <span class='ocrx_word' id='word_1_951' title='bbox 2225 5458 2522 5514; x_wconf 80' lang='lat' dir='ltr'><strong>interdictis</strong></span> <span class='ocrx_word' id='word_1_952' title='bbox 2567 5459 2814 5516; x_wconf 87' lang='lat' dir='ltr'><strong>utebatur</strong></span> <span class='ocrx_word' id='word_1_953' title='bbox 2837 5462 3174 5518; x_wconf 84' lang='lat' dir='ltr'><strong>animalibus.</strong></span> <span class='ocrx_word' id='word_1_954' title='bbox 3203 5462 3373 5518; x_wconf 84' lang='lat' dir='ltr'><strong>Causa</strong></span> <span class='ocrx_word' id='word_1_955' title='bbox 3400 5465 3556 5521; x_wconf 46' lang='lat' dir='ltr'><strong>enim.</strong></span> 
     </span>
    </p>
   </div>
   <div class='ocr_carea' id='block_1_120' title="bbox 1960 5545 3542 5624">
    <p class='ocr_par' dir='ltr' id='par_1_120' title="bbox 1960 5545 3542 5624">
     <span class='ocr_line' id='line_1_120' title="bbox 1960 5545 3542 5624; baseline 0.004 -22"><span class='ocrx_word' id='word_1_956' title='bbox 1960 5547 2159 5620; x_wconf 85' lang='lat' dir='ltr'><strong>peccati</strong></span> <span class='ocrx_word' id='word_1_957' title='bbox 2188 5545 2325 5601; x_wconf 88' lang='lat' dir='ltr'><strong>haud</strong></span> <span class='ocrx_word' id='word_1_958' title='bbox 2351 5550 2401 5601; x_wconf 90' lang='lat' dir='ltr'><strong>in</strong></span> <span class='ocrx_word' id='word_1_959' title='bbox 2433 5549 2687 5616; x_wconf 87' lang='lat' dir='ltr'><strong>qualitate</strong></span> <span class='ocrx_word' id='word_1_960' title='bbox 2711 5553 2852 5621; x_wconf 87' lang='lat' dir='ltr'><strong>pomi</strong></span> <span class='ocrx_word' id='word_1_961' title='bbox 2881 5561 3019 5615; x_wconf 90' lang='lat' dir='ltr'><strong>erat,</strong></span> <span class='ocrx_word' id='word_1_962' title='bbox 3045 5549 3138 5605; x_wconf 87' lang='lat' dir='ltr'><strong>sed</strong></span> <span class='ocrx_word' id='word_1_963' title='bbox 3170 5550 3221 5604; x_wconf 90' lang='lat' dir='ltr'><strong>itt</strong></span> <span class='ocrx_word' id='word_1_964' title='bbox 3253 5559 3542 5624; x_wconf 55' lang='lat' dir='ltr'><strong>transgres.</strong></span> 
     </span>
    </p>
   </div>
   <div class='ocr_carea' id='block_1_121' title="bbox 1959 5637 3536 5716">
    <p class='ocr_par' dir='ltr' id='par_1_121' title="bbox 1959 5637 3536 5716">
     <span class='ocr_line' id='line_1_121' title="bbox 1959 5637 3536 5716; baseline 0.005 -23"><span class='ocrx_word' id='word_1_965' title='bbox 1959 5638 2110 5693; x_wconf 87' lang='lat' dir='ltr'><strong>sione</strong></span> <span class='ocrx_word' id='word_1_966' title='bbox 2138 5637 2392 5692; x_wconf 89' lang='lat' dir='ltr'><strong>mandati.</strong></span> <span class='ocrx_word' id='word_1_967' title='bbox 2418 5639 2554 5707; x_wconf 84' lang='lat' dir='ltr'><strong>Quid</strong></span> <span class='ocrx_word' id='word_1_968' title='bbox 2582 5657 2711 5714; x_wconf 89' lang='lat' dir='ltr'><strong>ergo</strong></span> <span class='ocrx_word' id='word_1_969' title='bbox 2751 5643 2853 5699; x_wconf 86' lang='lat' dir='ltr'><strong>tale</strong></span> <span class='ocrx_word' id='word_1_970' title='bbox 2881 5641 3004 5698; x_wconf 81' lang='lat' dir='ltr'><strong>fecit</strong></span> <span class='ocrx_word' id='word_1_971' title='bbox 3031 5642 3218 5711; x_wconf 83' lang='lat' dir='ltr'><strong>Adam,</strong></span> <span class='ocrx_word' id='word_1_972' title='bbox 3256 5653 3321 5700; x_wconf 88' lang='lat' dir='ltr'><strong>ut</strong></span> <span class='ocrx_word' id='word_1_973' title='bbox 3351 5663 3536 5716; x_wconf 74' lang='lat' dir='ltr'><strong>pecea-</strong></span> 
     </span>
    </p>
   </div>
   <div class='ocr_carea' id='block_1_122' title="bbox 2021 5747 2575 5808">
    <p class='ocr_par' dir='ltr' id='par_1_122' title="bbox 2021 5747 2575 5808">
     <span class='ocr_line' id='line_1_122' title="bbox 2021 5747 2575 5808; baseline 0.011 -10"><span class='ocrx_word' id='word_1_974' title='bbox 2021 5747 2042 5783; x_wconf 80' lang='grc'><strong>⁸</strong></span> <span class='ocrx_word' id='word_1_975' title='bbox 2072 5748 2239 5800; x_wconf 71' lang='lat' dir='ltr'><strong>codex</strong></span> <span class='ocrx_word' id='word_1_976' title='bbox 2254 5750 2575 5808; x_wconf 73' lang='lat' dir='ltr'><strong>Port.,.videa.</strong></span> 
     </span>
    </p>
   </div>
  </div>
