3970 6184
367 298 506 354 1555

361 421 474 464 tum
498 411 614 480 ejus
633 405 899 463 exstitisse
926 420 1082 474 supra
1108 402 1509 457 :estimationetn
1538 398 1812 452 hominum
1841 393 1945 452 cri-

370 487 634 554 mineris?
674 497 783 552 Nisi
813 495 946 550 forte
973 505 1024 548 ct
1047 494 1148 548 hoc
1174 491 1467 546 secundum
1494 486 1748 561 mysteria
1778 485 1948 540 Mani-

369 593 504 648 chmi
527 634 541 654 ,
560 590 699 662 quia
721 587 1062 656 decerptione
1086 600 1361 655 pomorum
1390 593 1444 637 et
1466 582 1704 637 omnium
1731 593 1953 634 nasccn-

313 732 318 736 .
371 685 500 737 tium
528 693 716 735 manus
741 677 973 742 cohibet,
1002 693 1069 732 ne
1093 684 1293 747 partem
1325 675 1415 729 Dei
1445 674 1526 730 sui
1556 673 1770 736 laceret,
1795 684 1951 742 quam

369 774 658 830 corticibus
678 781 728 826 et
752 769 1080 842 graminibus
1098 767 1345 839 opinatur
1369 767 1645 830 inclusam,
1672 773 1726 818 tu
1745 777 1955 832 quoque

374 864 540 919 Adam
566 861 800 933 graviter
825 861 1129 930 deliquisse,
1154 859 1276 930 quia
1298 873 1419 911 cum
1441 873 1534 911 esu
1563 856 1726 926 pomi,
1756 855 1850 910 Dei
1882 853 1954 906 tui

376 954 722 1011 substantiam
747 953 1078 1013 laceraverit,
1097 950 1392 1004 arbitraris.
1416 949 1460 1003 υ
1479 947 1740 1002 furorem!
1775 964 1793 996 ι
1824 945 1958 1013 Quia

375 1044 542 1099 multo
567 1055 645 1099 est
667 1043 921 1114 grandius
949 1041 1074 1097 illud
1099 1049 1394 1112 peccatum,
1417 1053 1574 1108 quam
1595 1035 1834 1106 judicare
1861 1049 1960 1089 nos

275 1157 282 1164 -
377 1148 691 1202 possumus,
715 1133 783 1187 ab
813 1132 979 1197 omni,
1015 1150 1035 1183 ι
1064 1131 1262 1200 inquit,
1300 1149 1318 1181 ι
1350 1136 1601 1183 nascente
1651 1127 1896 1181 trahitur.
1935 1144 1954 1178 ι

376 1224 544 1295 Majns
575 1239 707 1294 ergo
737 1225 833 1278 fuit
860 1224 1061 1279 crimen
1093 1237 1308 1293 pomum
1333 1221 1522 1285 edere,
1549 1235 1670 1274 cum
1701 1235 1804 1272 non
1835 1219 1960 1272 lice-

375 1328 484 1383 ret,
515 1333 674 1388 quam
696 1326 938 1371 Sanctum
966 1314 1098 1369 Abel
1125 1312 1422 1384 parricidali
1463 1311 1632 1367 livore
1653 1308 1961 1374 confodere,

373 1426 532 1480 quam
563 1409 828 1479 boSpitum
873 1409 925 1462 in
952 1405 1202 1463 Sodomis
1231 1414 1284 1460 et
1327 1418 1548 1458 sexuum
1587 1401 1706 1470 jura
1734 1399 1961 1464 violare,

374 1517 535 1572 quam
566 1501 701 1557 filios
741 1514 869 1555 suos
905 1499 1014 1570 jam
1045 1498 1143 1552 sub
1171 1497 1286 1566 lege
1333 1493 1610 1548 daemoniis
1654 1492 1962 1557 immolare,

376 1609 535 1662 quam
568 1593 882 1647 innocentes
908 1601 1179 1661 postremo
1205 1588 1400 1643 nullius
1438 1586 1683 1642 conscios
1713 1585 1965 1640 volunta-

380 1689 447 1742 tis
466 1729 481 1753 ,
507 1702 693 1742 recens
718 1701 853 1756 Opus
876 1684 1004 1750 Dei,
1032 1682 1228 1738 diaboli
1252 1696 1415 1752 regno
1435 1679 1667 1735 subdere
1687 1718 1703 1746 ,
1735 1677 1969 1733 meritis»

380 1791 483 1848 que
528 1779 882 1847 conjungere,
932 1790 1092 1846 quam
1155 1773 1320 1827 Deum
1370 1769 1662 1840 iniquitatis
1707 1781 1950 1838 arguere,

378 1885 536 1940 quam
568 1868 906 1923 honorabiles
937 1867 1148 1937 nuptias
1178 1864 1515 1920 tenebrarum
1547 1861 1770 1933 principi
1800 1860 1970 1931 depu-

381 1975 528 2026 tare,
560 1971 830 2033 postremo
875 1961 1125 2032 parvulos
1145 2003 1159 2028 ,
1206 1959 1327 2030 quia
1371 1965 1659 2012 nascantur
1684 1971 1778 2026 per
1801 1969 1968 2025 gene-

381 2055 613 2108 rantium
643 2053 972 2122 voluptatem
995 2094 1010 2119 ,
1044 2052 1291 2108 omnibus
1314 2050 1579 2121 profanis,
1609 2046 1858 2104 omnibus
1885 2047 1967 2121 pi-

382 2145 509 2200 ratis
538 2145 748 2215 pejores
780 2143 1007 2214 putare?
1043 2141 1196 2212 Quod
1227 2156 1330 2196 non
1376 2141 1550 2211 ﬁngo,
1594 2138 1690 2194 sed
1729 2138 1965 2208 colligo:

381 2243 437 2290 tu
459 2237 655 2306 quippe
681 2235 808 2290 illud
839 2245 1113 2306 peceatum
1136 2235 1205 2288 ita
1234 2233 1494 2288 universis
1519 2231 1831 2287 criminibus
1852 2246 1968 2286 ma-

376 2328 463 2396 jus
509 2326 870 2397 grandiusque
896 2325 1105 2393 dixisti,
1147 2333 1204 2379 ut
1251 2325 1397 2378 nullo
1445 2323 1612 2394 possit
1650 2320 1967 2392 mquiparar‘i

381 2430 550 2472 reatu.
583 2417 751 2487 llujus
776 2428 951 2472 autem
999 2426 1104 2470 tam
1142 2415 1266 2469 mali
1314 2415 1512 2484 magni,
1535 2412 1676 2484 quod
1720 2402 1971 2469 omnibus

380 2508 522 2561 vitiis
551 2508 918 2576 praeponderat
941 2548 954 2571 ,
987 2508 1172 2577 plenos
1196 2505 1448 2562 advenire
1479 2505 1726 2576 parvulos
1751 2519 1969 2559 asseve-

381 2614 488 2657 ras.
522 2598 668 2654 Bene
694 2600 872 2669 itaque
900 2599 1288 2667 intelleximus,
1335 2598 1476 2670 quod
1521 2605 1721 2667 quanto
1751 2596 1970 2667 majoris

383 2692 586 2758 peccati
617 2691 900 2762 participes
929 2701 1079 2757 sunt,
1114 2699 1259 2746 tanto
1294 2691 1345 2746 in
1372 2689 1819 2746 condetnnatione
1848 2704 1968 2746 sce-

379 2782 528 2838 lestis
555 2783 806 2838 omnibus
836 2782 1206 2853 praeferantur.

454 2875 589 2930 Acs.
613 2874 836 2942 Propter
856 2873 1013 2928 verba
1037 2889 1175 2941 mea,
1198 2888 1318 2943 quae
1342 2871 1564 2942 posuisti
1582 2871 1651 2928 de
1672 2871 1807 2927 libro
1825 2886 1968 2939 meo,

380 2965 526 3020 velut
550 2964 861 3029 refellenda,
907 2964 952 3018 si
985 2979 1203 3033 posses,
1234 2963 1324 3019 ttbi
1349 2963 1457 3018 dixi
1484 3005 1500 3031 ,
1534 2961 1676 3017 Illud
1704 2980 1822 3035 ergo
1849 2979 1971 3034 pec-

382 3069 549 3112 catum
570 3057 707 3129 quod
736 3057 788 3111 in
827 3058 1065 3129 paradiso
1089 3059 1256 3127 ipsum
1280 3058 1532 3112 hominem
1557 3056 1766 3111 mutavit
1795 3057 1848 3111 in
1879 3073 1971 3122 pe-

373 3152 460 3223 jus
479 3191 493 3216 ,
538 3150 657 3218 quia
681 3150 840 3203 multo
865 3159 936 3202 est
961 3149 1205 3220 grandius
1232 3164 1385 3219 quam
1408 3148 1646 3220 judicare
1667 3164 1759 3202 nos
1789 3163 1973 3216 possu~

380 3258 512 3305 mus,
543 3240 606 3296 ab
630 3241 766 3294 omni
791 3249 1026 3295 nascente
1053 3239 1273 3295 trahitur
1291 3240 1516 3310 :quwris
1536 3255 1566 3292 a
1589 3253 1678 3294 me
1697 3239 1816 3310 quis
1840 3237 1970 3292 mihi

347 3334 613 3398 'dixcrit,
645 3333 787 3402 quod
828 3343 1100 3403 peccatum
1133 3331 1266 3388 Adae
1310 3332 1476 3386 multo
1511 3329 1674 3386 fuerit
1720 3330 1973 3401 grandius

381 3441 539 3495 quam
579 3423 743 3492 Cain,
773 3425 944 3480 multo
975 3425 1134 3480 etiam
1175 3439 1335 3493 quam
1363 3423 1779 3479 Sodomitarum.
1818 3421 1971 3489 Quod

379 3533 478 3585 ego
499 3516 712 3586 quidem
732 3531 836 3570 non
853 3531 916 3570 ex
927 3515 1090 3583 pressi
1113 3514 1290 3569 verbis
1320 3515 1472 3579 meis,
1495 3512 1590 3569 sed
1615 3527 1678 3568 ea
1707 3521 1761 3566 ιιι
1783 3513 1864 3568 sic
1893 3515 1974 3567 in-

383 3609 630 3664 tellexisti
655 3623 788 3676 :ego
816 3608 958 3662 enim
979 3606 1089 3661 dixi
1122 3605 1376 3676 grandius
1400 3621 1559 3676 quam
1591 3604 1835 3674 judicare
1874 3619 1976 3660 nos

385 3713 669 3768 possumus
688 3681 817 3752 illud
832 3712 952 3752 esse
974 3705 1246 3766 peccatum
1267 3712 1281 3761 ;
1302 3710 1405 3750 non
1423 3695 1530 3750 dixi
1547 3693 1799 3765 grandius
1814 3709 1973 3764 quam

382 3792 516 3847 Cain
546 3790 628 3845 vel
657 3789 1076 3846 Sodoiuitarum.
1115 3787 1376 3847 Prohibiti
1405 3788 1548 3843 enim
1579 3787 1720 3856 pomi
1749 3801 1974 3855 usurpa-

385 3887 478 3950 tio,
509 3886 761 3956 quoniant
791 3885 872 3942 sic
898 3883 1161 3939 vindicata
1183 3893 1287 3949 est,
1312 3892 1370 3937 ut
1393 3891 1582 3938 natura
1601 3897 1720 3953 quae
1741 3889 1977 3952 potesta-

389 3987 496 4032 tein
524 3992 630 4032 non
657 3975 921 4031 moriendi
951 3975 1212 4041 habebat,
1243 3973 1462 4030 haberet
1492 3972 1755 4028 moriendi
1783 3986 1974 4030 neces-

383 4070 619 4134 sitatem,
647 4068 831 4139 procul
854 4066 1018 4123 dubio
1041 4046 1238 4136 judicia
1264 4073 1452 4122 cintcta
1477 4065 1690 4120 excedit
1719 4064 1970 4120 humana.

363 4143 608 4218 ‘l’omum
634 4163 832 4233 quippe
851 4161 968 4232 lege
991 4160 1084 4217 Dei
1105 4161 1322 4216 vetitum
1347 4159 1698 4227 manducare,
1739 4159 1857 4216 leve
1893 4161 1974 4216 vi-

385 4253 602 4308 deretur
626 4267 748 4310 esse
765 4261 1039 4320 peccatum
1060 4267 1074 4304 :
1093 4249 1188 4306 sed
1205 4250 1384 4320 quanti
1405 4250 1502 4304 hoc
1523 4251 1866 4306 aestimaverit
1882 4251 1974 4320 qui

387 4361 488 4401 non
509 4357 684 4416 potest
705 4344 838 4410 falli,
853 4345 985 4400 satis
1000 4352 1219 4414 apparet
1237 4343 1534 4412 granditate
1553 4343 1819 4413 supplicii.
1841 4342 1974 4398 Cain

385 4452 513 4494 vero
553 4437 840 4492 fratricidze
865 4445 1086 4506 apparet
1111 4434 1358 4490 erunibus
1391 4434 1624 4489 immane
1651 4442 1924 4503 peccatum
1952 4473 1972 4499 ,

385 4539 441 4585 et
464 4529 640 4584 scelus
665 4543 788 4586 esse
815 4535 1025 4583 constat
1052 4526 1379 4582 horrendum
1428 4542 1442 4578 :
1493 4524 1639 4596 quod
1686 4525 1767 4590 si,
1813 4533 1874 4578 ut
1917 4534 1976 4580 tu

321 4616 324 4618 ⁷
386 4620 519 4676 facis
539 4661 554 4684 ,
600 4635 759 4690 pomo
788 4620 971 4676 illicite
996 4619 1248 4687 decerpta
1268 4659 1282 4683 ,
1317 4633 1412 4687 per
1440 4616 1726 4671 humanum
1758 4631 1978 4686 compa-

387 4722 538 4767 retur
562 4725 821 4775 exameu,
870 4710 1090 4767 ridicula
1135 4710 1462 4779 comparatio
1487 4708 1840 4778 judicabitur;
1881 4709 1976 4779 qui

390 4816 566 4860 tamen
636 4801 940 4866 fratricida,
991 4802 1232 4871 quamvis
1289 4801 1608 4873 quandoque
1653 4803 1974 4867 moriturus,

391 4911 489 4950 nec
518 4905 690 4951 morte
733 4894 946 4965 punitus
989 4901 1070 4948 est
1089 4932 1104 4955 ,
1149 4908 1250 4963 qua
1279 4893 1453 4948 solent
1483 4893 1728 4947 humanis
1759 4893 1976 4964 judieiis

390 4986 514 5039 talia
545 4986 772 5041 crimina
801 4984 1082 5040 vindicari.
1115 4984 1199 5038 Ait
1227 4984 1424 5053 quippe
1454 4984 1528 5039 illi
1557 4984 1698 5039 Dens
1730 5002 1744 5039 :
1779 4984 1976 5055 Opera-

386 5075 518 5131 beris
554 5086 760 5142 tenam,
787 5086 959 5130 etnon
985 5075 1190 5144 adjiciat
1231 5075 1458 5128 virtutem
1497 5091 1644 5129 surint
1691 5075 1816 5130 dare
1850 5077 1977 5141 tibi;

389 5184 589 5236 gemens
618 5176 663 5222 at
691 5177 906 5222 tremens
929 5167 1028 5222 eris
1047 5183 1200 5238 super
1225 5177 1429 5222 terram.
1477 5167 1543 5222 Et
1569 5183 1691 5223 cum
1741 5169 1830 5223 ille
1877 5184 1976 5223 au-

391 5261 544 5316 diens
573 5269 769 5314 terram
808 5275 914 5312 non
963 5258 1062 5312 sibi
1112 5258 1355 5312 daturam
1405 5257 1632 5313 fructum
1680 5259 1974 5315 secundum

394 5352 627 5406 laborem
655 5365 810 5405 suum
830 5391 845 5413 ,
875 5359 930 5404 et
955 5364 1118 5418 super
1145 5364 1264 5403 eam
1286 5364 1406 5404 cum
1434 5350 1633 5418 gemitu
1662 5359 1718 5406 et
1745 5360 1976 5406 tremore

392 5443 644 5497 miserunt
671 5455 731 5498 se
763 5440 995 5496 futurum
1015 5483 1034 5504 ,
1063 5439 1230 5510 magis
1259 5440 1446 5494 mortis
1475 5440 1758 5497 formidine
1781 5451 1978 5512 quate-

387 5545 556 5602 retur,
587 5551 656 5591 ne
699 5533 820 5606 quis
865 5533 914 5588 ei
947 5531 1177 5596 faceret,
1226 5531 1368 5601 quod
1418 5532 1532 5602 ipse
1562 5532 1760 5588 fecerat
1789 5532 1972 5598 fratri;

391 5627 563 5696 posuit
589 5626 644 5685 ei.
687 5627 826 5682 Deus
851 5625 1060 5696 signum
1079 5667 1092 5688 ,
1127 5639 1195 5679 ne
1224 5624 1504 5694 quisquam
1529 5641 1652 5681 eum
1673 5668 1687 5690 ,
1735 5641 1855 5681 cum
1887 5626 1972 5681 in-

391 5719 649 5785 venisset,
683 5718 950 5774 occideret
995 5716 1145 5788 (Gen.
1177 5733 1248 5786 iv,
1299 5716 1364 5770 l9.
1400 5748 1420 5758 -
1455 5719 1574 5790 l5).
1635 5717 1730 5792 Hic
1785 5733 1970 5775 rursus

1043 291 1284 349 OPElilS
1327 242 1732 344 llll’EllFEC’ll
1773 281 2042 340 CONTRA
2083 279 2446 344 JUl.l.\NUM,
2489 237 2546 336 Si
2588 277 2956 338 AUGUSTlNl

3497 279 3638 338 1556

2065 391 2252 464 ingens
2297 393 2450 464 culpa
2476 435 2491 459 ,
2524 403 2575 448 et
2630 393 2764 448 levis
2811 409 2967 463 pmna
3002 410 3014 447 :
3047 392 3138 447 sed
3188 391 3464 448 hominum
3507 393 3651 462 judi-

2061 486 2158 539 ciis
2201 484 2300 540 hoc
2339 485 2565 552 videtur,
2586 486 2674 556 qui
2717 502 2816 541 nec
2857 485 3107 556 mysteria
3147 486 3244 538 ista
3285 496 3653 554 cognoscunt,

2061 587 2116 632 et
2143 577 2416 631 hominum
2447 577 2631 647 culpas
2662 588 2766 632 tam
2815 578 3013 647 liquido
3058 586 3218 647 atque
3269 576 3478 645 integro
3520 591 3652 630 (xa-

2064 670 2238 732 mine.
2267 685 2424 739 quam
2477 669 2617 725 Deus
2667 685 2889 738 pensare
2931 685 3038 723 non
3089 677 3328 739 possunt.
3362 668 3659 725 Sodomita

2063 778 2192 818 sane
2217 764 2338 834 igne
2388 777 2552 832 super
2603 763 2745 818 illam
2797 773 2994 817 terram
3045 763 3291 818 veniente
3364 761 3434 817 de
3479 763 3662 830 casio,

2065 869 2222 924 pinna
2279 856 2393 910 suis
2442 855 2594 908 factis
2623 864 2946 924 congruente
2968 895 2982 920 ,
3017 863 3140 907 sunt
3165 854 3465 923 consumpti
3499 853 3654 924 (Gen.

2068 962 2183 1011 XIX,
2240 945 2566 1016 1-25):sed
2614 945 2684 1000 ibi
2729 952 2881 999 erant
2924 954 2979 999 et
3033 943 3258 1013 parvuli,
3301 953 3351 998 te
3405 955 3657 1013 patrono,

2069 1038 2186 1109 puri
2249 1048 2305 1094 et
2350 1038 2504 1094 liberi
2557 1038 2626 1093 ab
2676 1037 2822 1093 omni
2873 1037 3190 1106 contagione
3249 1037 3451 1106 peccati
3482 1079 3508 1130 ι
3563 1053 3666 1092 nec

2069 1138 2244 1184 tamen
2268 1129 2446 1200 justus
2477 1139 2532 1185 et
2559 1128 2864 1184 misericors
2891 1127 3033 1184 Deus
3062 1137 3139 1182 tot
3163 1127 3664 1184 innocentes'ima-

2067 1226 2220 1296 gines
2245 1240 2369 1281 suas
2398 1241 2494 1295 per
2520 1223 2849 1294 Angelorum
2899 1223 3275 1289 ministerium,
3303 1223 3445 1292 quod
3492 1223 3543 1277 ei
3576 1221 3665 1275 fa-~

2068 1317 2324 1373 cillimum
2353 1317 2471 1384 fuit,
2499 1327 2627 1372 ante
2671 1317 2848 1387 rapuit
2873 1315 2940 1371 de
2985 1315 3233 1371 incendio
3278 1315 3661 1382 Sodomorum,

2069 1416 2160 1462 aut
2185 1409 2322 1464 sicut
2345 1408 2514 1462 tribus
2533 1407 2641 1461 illis
2666 1407 2718 1462 in
2745 1406 2956 1462 camino
2975 1406 3104 1460 viris
3128 1405 3291 1477 (Dan.
3319 1420 3394 1470 ιιι,
3423 1405 3512 1468 49,
3544 1406 3662 1475 50),

2071 1499 2314 1554 innoxias
2341 1499 2420 1555 eis
2446 1498 2688 1554 flammas
2709 1540 2724 1564 ,
2749 1499 2944 1570 quibus
2967 1511 3214 1568 parentes
3239 1514 3422 1552 eorum
3449 1513 3663 1552 crema-

2074 1595 2286 1662 bantur,
2311 1593 2654 1664 omnipotens
2681 1594 2930 1665 przebuit.
2961 1593 3065 1648 Ista
3095 1592 3372 1648 considera
3399 1634 3416 1656 ,
3442 1592 3544 1647 ista
3575 1593 3662 1646 di-

2073 1687 2298 1757 ligenter
2325 1696 2380 1742 et
2406 1689 2493 1757 pie
2517 1687 2726 1758 cogita;
2757 1697 2812 1744 et
2839 1687 3025 1741 videns
3049 1687 3101 1741 in
3133 1686 3235 1741 hoc
3264 1687 3463 1741 smculo
3491 1686 3662 1756 pusil-

2072 1778 2153 1833 los
2175 1793 2295 1833 cum
2324 1779 2562 1849 magnis,
2612 1778 2808 1848 pariter
2832 1779 3025 1833 talibus
3067 1778 3297 1833 miseriis
3345 1777 3661 1846 suhjacere,

2071 1871 2254 1940 quales
2276 1871 2421 1925 nullo
2448 1871 2606 1925 modo
2631 1879 2852 1942 possent
2880 1870 2932 1924 in
2965 1869 3055 1924 Dei
3087 1869 3334 1940 paradiso
3355 1911 3368 1933 ,
3411 1869 3458 1924 si
3503 1885 3665 1924 nemo

2072 1969 2380 2030 peccasset,
2412 1962 2676 2025 existere;
2706 1975 2937 2030 agnosce
2962 1959 3222 2028 originale
3262 1969 3539 2029 peccatum
3562 2001 3577 2022 ,
3612 1969 3665 2014 et

2067 2049 2270 2120 justum
2309 2065 2469 2121 grave
2506 2051 2689 2122 jugum
2736 2066 2897 2120 super
2926 2051 3062 2105 filios
3089 2050 3259 2106 Adam
3289 2066 3321 2105 a
3359 2049 3450 2106 die
3489 2049 3666 2104 exitus

2073 2141 2140 2197 de
2168 2151 2351 2197 ventre
2381 2143 2564 2196 matris
2608 2155 2794 2196 eorum
2827 2141 3009 2212 (Eccli.
3057 2151 3144 2209 ιιι,
3193 2140 3246 2212 l)
3277 2159 3291 2195 :
3323 2150 3377 2195 et
3423 2141 3532 2194 noli
3573 2155 3667 2195 eos

2076 2243 2163 2290 tua
2188 2235 2498 2290 defensione
2539 2235 2767 2304 amplius
2796 2248 3116 2304 aggravare,
3161 2233 3376 2302 aegrotis
3403 2232 3487 2286 vel
3517 2247 3664 2287 mor-

2076 2327 2178 2381 tuis
2222 2328 2541 2382 salvatorem
2568 2338 2623 2382 et
2651 2327 3031 2381 vivificatorem
3072 2325 3342 2396 denegans
3366 2325 3662 2381 Christum.

2072 2417 2205 2472 Nam
2232 2417 2276 2472 si
2303 2417 2499 2488 quaeris
2521 2459 2535 2483 ,
2564 2418 2683 2488 quis
2709 2417 2838 2472 mihi
2868 2416 3063 2473 dixerit
3083 2432 3239 2487 quam
3268 2431 3518 2486 magnum
3544 2431 3662 2485 pec-

2073 2520 2248 2564 catum
2279 2509 2444 2564 Adam
2476 2511 2829 2581 perpetrarit,
2863 2511 2976 2580 ipse
2999 2518 3086 2564 est
3107 2510 3195 2579 qui
3240 2510 3372 2564 dixit
3414 2519 3470 2564 et
3524 2510 3616 2564 tibi
3646 2527 3661 2563 :

2073 2599 2166 2654 sed
2205 2599 2251 2654 si
2283 2599 2448 2654 habes
2495 2615 2652 2655 aures
2691 2601 2972 2664 audiendi,
3018 2601 3202 2655 audies
3246 2617 3397 2665 eum;
3444 2601 3664 2656 habebis

2073 2701 2250 2745 autem
2273 2706 2396 2757 eas,
2426 2693 2469 2745 si
2503 2707 2606 2746 non
2638 2692 2758 2748 illas
2801 2701 2918 2747 tuas
2956 2693 3177 2748 arbitrio
3207 2694 3440 2759 tribuas,
3473 2695 3569 2748 sed
3599 2695 3666 2748 ab

2074 2782 2168 2837 illo
2194 2783 2423 2852 accipias
2452 2784 2539 2853 qui
2565 2783 2727 2852 dixit,
2759 2783 2904 2840 Dabo
2940 2786 3013 2838 eis
3050 2801 3138 2838 cor
3163 2787 3498 2855 cognoscendi
3546 2803 3625 2838 me
3643 2827 3660 2852 ,

2072 2879 2120 2926 et
2143 2888 2291 2926 aures
2331 2873 2592 2928 audientes
2619 2873 2870 2946 (Baraclt.
2912 2891 2981 2942 ιι,
3033 2874 3144 2946 51).
3188 2875 3320 2943 Quis
3355 2876 3498 2929 enim
3521 2919 3535 2938 ,
3563 2877 3663 2931 nisi

2074 2965 2164 3034 qui
2188 2964 2380 3019 talibus
2407 2966 2623 3021 auribus
2645 2977 2822 3031 caret,
2870 2981 2974 3020 non
3019 2966 3166 3020 audit
3191 2967 3523 3035 Scripturam
3551 2967 3666 3022 siue

2076 3056 2184 3111 ulla
2207 3056 2533 3133 obscuritate
2559 3059 2644 3114 vel
2661 3059 3004 3129 ambiguitate
3023 3057 3288 3112 dicentem
3318 3057 3522 3112 homini
3557 3059 3667 3126 pri-

2075 3161 2164 3201 mo
2190 3149 2454 3217 peccaturi
2474 3189 2489 3214 ,
2514 3147 2670 3202 Terra
2689 3164 2770 3216 es,
2797 3157 2844 3202 et
2863 3149 2916 3201 in
2937 3157 3126 3201 terram
3145 3147 3238 3201 ibis
3263 3146 3414 3219 (Gen.
3442 3164 3527 3213 ιιι,
3553 3147 3668 3217 l9)!

2075 3237 2177 3294 Ubi
2202 3238 2476 3294 evidenter
2504 3239 2824 3304 ostenditur,
2854 3242 2960 3294 non
3007 3254 3132 3294 eum
3177 3238 3341 3293 fuisse
3371 3240 3454 3293 vel
3501 3254 3668 3294 carne

2076 3329 2414 3395 moriturum,
2444 3330 2496 3384 id
2515 3338 2619 3395 est,
2651 3331 2702 3385 in
2731 3338 2960 3393 terram,
2991 3330 3132 3384 unde
3155 3345 3281 3385 caro
3308 3329 3427 3399 ejus
3451 3339 3670 3399 sumpta

2076 3418 2276 3487 fuerat,
2309 3430 2484 3476 morte
2509 3421 2674 3491 ipsius
2698 3422 2877 3476 carnis
2903 3423 3098 3477 iturum
3117 3463 3131 3487 ,
3158 3422 3262 3476 nisi
3295 3432 3516 3492 propter
3542 3439 3669 3493 pec-

2077 3519 2252 3566 catum
2279 3509 2381 3566 hoc
2401 3511 2588 3568 audire
2615 3513 2926 3583 perpetique
2949 3513 3242 3568 meruisset
3260 3555 3273 3576 ,
3301 3514 3443 3568 unde
3486 3523 3667 3583 postea

2077 3602 2209 3658 dixit
2237 3605 2554 3674 Apostolus,
2582 3603 2777 3676 Corpus
2803 3606 3004 3676 quidem
3048 3616 3301 3660 mortuum
3345 3617 3422 3660 est
3465 3617 3673 3676 propter

2078 3703 2338 3762 peccatum
2386 3693 2558 3766 (Rom.
2597 3710 2704 3762 vn,
2738 3696 2862 3766 10);
2881 3697 3012 3763 Quis
3061 3711 3167 3751 non
3194 3697 3405 3761 andiat,
3441 3698 3544 3750 nisi
3582 3697 3672 3766 qui

2080 3786 2213 3840 tales
2233 3801 2390 3842 aures
2415 3803 2522 3842 non
2550 3788 2730 3854 habet,
2752 3788 3017 3844 dicentem
3048 3791 3213 3844 Deum
3235 3787 3304 3845 de
3333 3791 3451 3859 ipso
3477 3792 3670 3856 Adam,

2081 3875 2166 3931 Ne
2189 3876 2466 3950 (aliquando
2492 3879 2727 3933 extendat
2753 3896 2960 3933 manum
2983 3897 3147 3941 suam,
3177 3892 3220 3934 et
3253 3893 3422 3934 suniat
3443 3883 3510 3935 de
3537 3884 3673 3952 ligno

2079 3970 2210 4033 vitm,
2241 3979 2288 4022 et
2311 3971 2446 4036 edat,
2473 3979 2520 4024 et
2537 3969 2670 4023 vivat
2699 3971 2750 4023 in
2775 3980 3056 4036 ater-num;
3085 3982 3132 4025 et
3158 3971 3347 4024 dimisit
3389 3973 3542 4026 illum
3571 3973 3673 4026 Do-

2079 4063 2245 4116 minus
2273 4063 2337 4117 de
2370 4064 2609 4134 paradiso
2635 4065 2910 4134 voluptatis
2941 4065 3092 4136 (Gen.
3139 4081 3215 4132 tu,
3261 4065 3353 4130 22,
3383 4065 3480 4136 23)
3501 4067 3526 4118 2
3575 4065 3672 4122 Ubi
3707 4059 3719 4068 ’

2082 4155 2261 4222 utique
2289 4155 2405 4209 sine
2431 4155 2614 4211 labore
2640 4165 2694 4210 et
2720 4156 2906 4211 dolore
2933 4157 3041 4211 ullo
3071 4157 3270 4212 viveret
3303 4159 3354 4211 in
3381 4167 3665 4213 nitentum.

2086 4249 2336 4316 Voluptas
2361 4249 2558 4319 quippe
2605 4249 2693 4303 illa
2719 4250 2949 4318 paradisi
2979 4290 2993 4313 ,
3039 4247 3181 4320 quod
3227 4263 3450 4305 necesse
3481 4261 3567 4305 est
3599 4250 3673 4305 fa-

2083 4340 2319 4402 teamini,
2347 4341 2390 4394 si
2419 4341 2438 4372 ι
2465 4339 2814 4394 christianum
2847 4355 3041 4396 nomen
3075 4340 3308 4394 nondum
3331 4342 3464 4394 estis
3493 4341 3669 4404 obliti,

2082 4447 2186 4488 non
2216 4432 2589 4503 turpitudinis,
2620 4433 2714 4489 sed
2743 4433 3084 4488 beatitudinis
3108 4433 3387 4504 cogitanda
3417 4444 3521 4488 est.
3550 4435 3676 4490 “me

2081 4541 2208 4596 ergo
2243 4540 2397 4595 pinna
2423 4567 2439 4593 ,
2470 4541 2627 4596 quam
2673 4528 2866 4581 meruit
2894 4527 3084 4594 Adam,
3117 4544 3184 4582 ne
3207 4528 3410 4583 vireret
3434 4529 3489 4582 in
3518 4539 3674 4582 :eter-

2083 4633 2229 4680 num,
2261 4627 2316 4673 et
2344 4617 2464 4672 ideo
2491 4617 2739 4672 dimissus
2766 4625 2848 4672 est
2871 4617 2938 4672 de
2963 4617 3080 4672 loco
3106 4625 3264 4671 tanta:
3307 4619 3671 4680 beatitudinis.

2085 4710 2170 4764 ubi
2197 4711 2240 4764 si
2267 4717 2444 4776 esset,
2479 4723 2652 4779 neque
2693 4717 3003 4779 peccasset,
3035 4709 3216 4778 procul
3262 4708 3427 4763 dubio
3469 4711 3674 4763 vireret

2084 4807 2135 4861 iu
2172 4816 2431 4860 :eternum
2455 4845 2468 4866 ,
2501 4819 2658 4869 quam
2703 4817 2892 4872 magna
2922 4817 3079 4871 pinna
3109 4813 3188 4856 est
3209 4843 3223 4867 ,
3268 4811 3375 4855 tam
3423 4817 3672 4872 magnum

2082 4897 2340 4952 debemus
2369 4896 2662 4965 intelligere
2693 4904 2970 4964 peceatum
2989 4936 3004 4961 ,
3027 4893 3167 4964 quod
3181 4909 3252 4948 ea
3279 4908 3434 4964 pinna
3458 4894 3672 4965 dignum

2084 4990 2253 5043 fuerat
2281 4986 2557 5042 vindicari.
2609 4987 2745 5056 Quid
2791 4987 2947 5056 igitur
2973 4987 3087 5058 agis
3109 5030 3124 5053 ,
3169 4987 3397 5040 obsecro
3423 4995 3478 5042 te
3499 5031 3514 5052 ,
3555 5003 3672 5042 cum

2085 5088 2357 5149 peccatum
2401 5077 2530 5133 Adae
2578 5086 2720 5132 tanta
2767 5087 3055 5135 extenuate
3113 5079 3327 5134 eonaris
3383 5080 3666 5144 instantia,

2085 5173 2185 5228 nisi
2220 5174 2381 5226 Deum
2410 5172 2589 5243 arguis
2612 5173 2857 5227 immanis
2889 5169 3274 5241 horrendzeque
3300 5171 3526 5226 smvitia:
3546 5215 3562 5236 ,
3588 5170 3672 5242 qui

2085 5267 2187 5322 hoc
2217 5275 2357 5320 tanta
2385 5309 2398 5332 ,
2440 5281 2545 5320 non
2577 5266 2697 5321 dico
2726 5265 3039 5332 severitate,
3083 5264 3178 5319 sed
3223 5264 3548 5319 crudelitate
3577 5279 3674 5334 pu-

2084 5357 2258 5413 nivit?
2284 5357 2433 5423 Quod
2462 5357 2529 5411 de
2555 5356 2697 5423 Deo,
2730 5357 2774 5411 si
2823 5355 2973 5411 nefas
3000 5366 3083 5410 eSt
3129 5356 3336 5410 sentire
3363 5397 3376 5416 .
3427 5371 3528 5410 cur
3571 5369 3670 5408 non

2081 5451 2427 5522 quantitatem
2469 5451 2657 5519 culpae,
2705 5448 2772 5504 de
2819 5463 2923 5521 qua
2982 5448 3228 5502 homines
3265 5446 3513 5517 judicare
3572 5462 3672 5502 non

2085 5552 2326 5615 possunt,
2361 5540 2634 5613 judicante
2673 5542 2855 5612 judice
2885 5541 3373 5610 incomparabiliter
3397 5540 3573 5610 justo,
3605 5539 3672 5594 de

2085 5653 2256 5710 ρωιιίιε
2283 5636 2580 5708 granditate
2605 5636 2830 5701 metiris,
2856 5643 2911 5692 et
2938 5643 3080 5690 tuam
3106 5635 3336 5706 linguam
3359 5649 3390 5690 a
3414 5632 3670 5705 sacrilega

2151 5755 2164 5783 ι
2206 5752 2353 5812 vign.,
2386 5749 2493 5802 nisi.
2519 5748 2685 5800 uelitis
2708 5748 2862 5802 codex
2884 5755 3030 5806 Part,
3063 5747 3120 5799 si.
