3958 6188
229 347 381 408 1557

231 461 563 531 loquacitate
618 458 962 530 compesci“
1008 457 1118 528 Ego
1159 465 1338 512 autem
1384 455 1676 528 iniquitatis
1722 473 1828 514 non

229 568 409 624 arguo
441 552 646 618 Deum,
673 550 826 620 cujus
865 549 986 606 dico
1010 549 1212 619 justum
1252 548 1438 618 jugum
1487 563 1648 617 snper
1695 550 1832 605 filios

231 645 413 698 Adam
451 658 482 702 a
509 643 598 700 die
625 642 800 704 exitus
827 641 898 695 de
945 648 1132 696 ventre
1171 640 1355 700 matris
1382 653 1570 694 eorum
1605 655 1617 692 :
1652 639 1744 694 sed
1777 650 1835 693 tu

233 736 420 805 potius
443 735 684 805 iniquum
705 732 838 788 iacis
866 732 1031 788 Deum
1058 772 1072 795 ,
1095 731 1183 801 qui
1211 741 1364 800 putas
1383 746 1476 786 eos
1503 730 1602 794 hoc
1629 730 1832 800 perpeti

231 830 352 892 sine
388 828 496 882 ullo
541 826 730 880 merito
776 824 1182 894 qualiscumque
1212 822 1432 892 peccati.
1477 821 1587 876 Nec
1615 830 1834 893 propter

229 935 378 988 opus
410 917 549 988 quod
575 917 697 971 fecit
723 916 897 982 Deus,
925 914 1022 970 sed
1055 925 1272 984 propter
1301 913 1487 968 vitium
1517 911 1658 984 quod
1691 911 1834 966 inse—

232 1015 307 1066 vit
360 1009 632 1075 inimicus,
679 1024 772 1068 eos
817 1009 916 1066 sub
960 1008 1148 1063 eodem
1182 1007 1396 1064 inimico
1425 1022 1545 1062 esse
1571 1007 1712 1072 dico,
1745 1007 1836 1075 qui

230 1119 300 1158 ex
335 1103 513 1172 primo
538 1101 754 1154 homine
781 1109 1093 1166 nascuntur,
1121 1099 1165 1153 si
1205 1099 1257 1154 in
1279 1097 1514 1154 secundo
1541 1114 1646 1152 non
1675 1113 1834 1154 rena-

227 1188 464 1250 scuntur
492 1192 532 1243 ⁸.
569 1191 622 1245 In
657 1190 848 1260 quibus
875 1200 928 1244 tu
961 1189 1255 1244 Ecclesium
1275 1188 1590 1246 catholicam
1613 1188 1836 1242 crimine

228 1284 540 1354 majestatis
567 1297 822 1346 accusas,
852 1282 934 1346 si,
965 1290 1021 1336 ut
1047 1281 1210 1345 dicis,
1237 1295 1340 1334 non
1363 1286 1620 1333 eruuntur
1643 1279 1710 1332 de
1737 1293 1836 1346 poo-

236 1385 441 1436 testate
471 1375 809 1434 tenebrarum
829 1415 844 1440 ,
869 1390 992 1430 eum
1020 1373 1355 1443 baptizantur
1384 1370 1618 1440 parvuli,
1645 1378 1700 1424 et
1724 1369 1833 1436 illa,

231 1467 550 1538 priusquam
579 1465 931 1536 baptizentnr,
957 1465 1226 1519 cxorcizat
1253 1474 1306 1518 et
1331 1461 1580 1516 exsufﬂat
1602 1469 1678 1516 tot
1700 1461 1835 1516 ima-

229 1560 389 1630 gines
439 1559 552 1612 Dei.
582 1557 692 1611 Nec
731 1556 1070 1610 honorabiles
1114 1554 1324 1623 nuptias
1365 1553 1564 1624 deputo
1610 1550 1838 1621 principi

235 1651 623 1715 tenebrarum,
654 1664 787 1719 quas
813 1663 978 1719 purgo
1009 1649 1076 1704 ab
1116 1647 1264 1701 omni
1311 1662 1450 1702 noxa
1494 1645 1759 1711 libidinis,
1791 1645 1837 1698 si

229 1760 292 1800 ea
312 1746 458 1802 bene
481 1753 698 1800 utuntur
719 1744 1012 1803 intentione
1035 1741 1359 1812 propaginis.
1383 1739 1462 1795 Tu
1489 1755 1618 1796 vero
1639 1739 1835 1794 malum

228 1853 342 1907 quo
371 1853 505 1892 caro
529 1837 861 1907 concupiscit
901 1835 1160 1897 adversus
1189 1835 1465 1904 spiritum,
1510 1833 1837 1887 constituere

231 1929 284 1983 in
316 1929 572 1999 paradiso
601 1944 708 1984 non
737 1927 1129 1997 perhorrescis,
1158 1926 1260 1980 hoc
1283 1935 1394 1990 est,
1425 1925 1477 1980 iu
1508 1924 1629 1978 loco
1677 1931 1837 1980 tanta:

227 2024 388 2092 pacis
409 2045 431 2089 ;
457 2031 616 2077 tantm
645 2020 838 2090 quietis
861 2062 878 2087 ,
912 2028 1070 2075 tantae
1103 2019 1433 2083 honestatis,
1465 2027 1626 2071 mnta:
1662 2015 1833 2070 felici-

229 2116 381 2172 tatis.
417 2113 528 2169 Nec
559 2113 806 2183 parvulos
838 2127 945 2166 nou
995 2111 1254 2168 habentes
1282 2109 1382 2166 nisi
1423 2107 1680 2178 originale
1705 2121 1836 2176 pec-

223 2215 418 2260 catum
441 2245 457 2269 ,
485 2204 737 2260 euntibus
769 2202 1042 2272 ﬂagitiosis
1073 2211 1128 2258 et
1153 2200 1456 2266 sceleratis,
1481 2209 1537 2254 ut
1556 2197 1839 2254 calumnia-

225 2297 340 2364 ris,
373 2297 561 2366 judico
585 2311 711 2351 esse
745 2296 974 2365 iniustis.
1005 2292 1162 2350 Aliud
1189 2303 1272 2352 est
1295 2291 1439 2349 enim
1469 2299 1688 2359 peccato
1715 2304 1745 2342 a
1775 2300 1836 2344 se

232 2390 540 2444 commisso
567 2389 808 2458 gravari,
833 2386 974 2443 aliud
1001 2386 1163 2445 alieni
1189 2383 1480 2455 quamlibet
1507 2382 1680 2454 magni
1709 2397 1839 2438 con-

231 2481 456 2549 tagione
507 2480 762 2549 respergi.
794 2479 1022 2548 Propter
1047 2476 1188 2548 quod
1217 2475 1424 2547 parvuli
1465 2474 1530 2528 ad
1562 2475 1836 2532 remissio-

233 2586 361 2625 nem
411 2579 792 2639 peccatorum.
845 2569 982 2624 sicut
1027 2568 1104 2622 ait
1148 2568 1374 2630 Plenus,
1423 2581 1580 2635 pmna
1627 2574 1832 2628 vestra,

231 2661 537 2731 Gym-ianus
559 2701 574 2727 ,
602 2659 704 2716 hoc
735 2660 852 2728 ipso
892 2659 1098 2717 facilius
1123 2657 1418 2722 accedunt,
1453 2656 1596 2726 quod
1624 2657 1702 2712 eis
1745 2672 1834 2710 re-

235 2755 527 2808 mittuntur
553 2769 654 2805 non
680 2751 894 2820 propria
916 2792 930 2815 ,
952 2751 1049 2810 sed
1070 2751 1242 2805 aliena
1272 2758 1489 2818 peccata
1516 2747 1711 2819 (Epist.
1739 2747 1831 2812 ﬁt,

233 2845 302 2896 ad
334 2841 572 2916 Fidum).
605 2843 683 2898 'l'u
736 2853 946 2908 autem,
990 2857 1110 2898 cum
1150 2843 1437 2913 parvulos,
1480 2859 1585 2896 non
1627 2841 1831 2907 solum,

237 2936 379 3004 quod
410 2945 469 2992 et
499 2951 595 2992 nos
637 2935 894 3002 dicimus,
942 2936 1144 2992 nullum
1195 2950 1262 2989 ex
1311 2935 1519 3004 propria
1565 2935 1835 2996 voluntate

233 3026 466 3092 iecisse,
497 3043 680 3082 verum
708 3027 866 3080 etiam
897 3026 1100 3080 nullout
1130 3025 1266 3085 dicis
1285 3041 1348 3082 ex
1381 3026 1585 3094 origine
1607 3027 1833 3082 traxisse

239 3127 538 3185 peccaturo,
567 3118 820 3187 injustnm
853 3117 1035 3187 procul
1077 3117 1240 3174 dubio
1279 3116 1409 3176 facis
1450 3117 1651 3183 Deum,
1693 3117 1832 3186 quod

243 3209 332 3261 lilii
377 3209 493 3276 jam
542 3225 687 3280 saepe
740 3209 982 3273 dictum,
1033 3207 1333 3278 stcpinsqne
1383 3206 1666 3262 dicendum
1716 3217 1831 3271 est,

238 3301 326 3370 qui
353 3302 439 3356 eis
480 3302 734 3370 imposuit
759 3317 919 3372 grave
956 3300 1142 3370 jugnm
1170 3315 1199 3354 a
1227 3299 1314 3356 die
1340 3299 1516 3354 exitus
1553 3299 1622 3354 de
1649 3308 1834 3358 ventre

235 3395 424 3450 matris
455 3395 688 3450 illorum.
734 3396 875 3450 Sane
905 3403 960 3448 ut
1013 3393 1280 3462 intelligas
1312 3391 1584 3470 quomodo
1626 3391 1831 3462 parvuli

241 3499 302 3540 ex
334 3484 509 3542 Adam
533 3486 638 3542 nati
661 3525 674 3547 ,
705 3493 761 3538 et
787 3484 1193 3552 participatione
1217 3481 1417 3552 peccati
1441 3482 1581 3536 illius
1600 3481 1833 3536 hominis

243 3574 572 3646 obligentur.
605 3584 659 3630 et
693 3583 866 3630 tamen
897 3575 1062 3644 ipsius
1088 3574 1256 3629 reatui
1286 3589 1389 3628 non
1418 3582 1718 3643 uouentur,
1749 3580 1832 3630 at-

243 3666 396 3724 tende
445 3666 751 3732 Christum,
799 3681 954 3734 quem
1003 3664 1173 3734 legisti
1220 3679 1345 3724 esse
1395 3662 1622 3718 furuum
1671 3661 1831 3717 futuri

245 3756 421 3827 (Boni.
456 3775 506 3823 ν,
536 3759 664 3828 li);
691 3768 747 3814 et
771 3758 892 3814 vide
919 3755 1366 3828 quemadmodum
1397 3756 1599 3826 parvuli
1643 3756 1695 3810 in
1745 3756 1833 3810 illo

235 3849 436 3917 renati,
464 3859 520 3904 et
547 3850 662 3919 ejus
686 3849 976 3921 participes
997 3848 1218 3917 justitize
1245 3847 1372 3901 fiant
1391 3889 1404 3911 ,
1431 3856 1488 3900 et
1514 3849 1634 3916 ejus
1665 3847 1831 3900 meri‘

248 3940 310 3996 tis
326 3959 430 4002 non
451 3941 651 3998 audeas
671 3957 764 3998 eos
778 3956 1110 4009 comparare.
1131 3940 1211 3995 Tu
1232 3955 1444 4010 quoque
1468 3940 1519 3993 in
1544 3939 1700 4008 hujus
1713 3955 1834 4009 ope-

227 4031 314 4102 .ris
340 4034 417 4089 tui
476 4033 610 4094 libro
655 4033 890 4089 secundo
931 4031 1157 4102 (Supra,
1205 4047 1356 4101 capp.
1416 4029 1538 4100 189,
1589 4028 1751 4102 190),
1780 4030 1832 4085 in

251 4123 407 4184 Adam
439 4125 644 4196 peccati
675 4124 900 4178 formam
919 4165 936 4190 ,
969 4123 1090 4193 quia
1116 4123 1259 4192 prior
1279 4123 1524 4192 peccavit
1542 4121 1653 4177 Eva
1673 4163 1690 4186 ,
1727 4137 1832 4182 non

251 4217 468 4283 primam
493 4218 679 4273 dzxisti
705 4233 826 4274 esse
845 4259 859 4281 ,
892 4216 988 4272 sed
1019 4214 1337 4280 maximam;
1379 4215 1517 4274 sicut
1544 4215 1594 4268 in
1621 4213 1833 4272 Christo

247 4306 459 4376 iustitia:
493 4308 724 4365 formam
754 4325 858 4364 non
912 4308 1139 4379 primaut
1168 4323 1316 4372 esse,
1369 4306 1465 4364 sed
1515 4306 1831 4371 maximam,

251 4401 363 4467 quia
394 4401 610 4458 fuerunt
633 4401 761 4472 justi
789 4409 845 4456 et
885 4410 1009 4456 ante
1048 4400 1219 4470 ipsum
1250 4417 1266 4454 :
1297 4399 1438 4469 quod
1461 4415 1493 4458 .a
1541 4408 1593 4460 te
1633 4399 1833 4454 dictum

252 4489 290 4543 si
317 4493 512 4548 oblitus
557 4511 662 4554 non
696 4492 926 4559 fuisses,
957 4507 1060 4546 non
1091 4492 1176 4547 hic
1213 4491 1345 4546 Adie
1373 4500 1650 4560 peceatum
1679 4501 1832 4546 exte-

255 4593 474 4650 nuares,
500 4583 554 4638 in
597 4595 702 4654 quo
727 4583 1018 4644 maximam
1061 4581 1285 4638 formam
1325 4581 1534 4652 peccati
1563 4580 1834 4636 exstitisse

253 4672 521 4734 confessus
547 4689 608 4734 es
633 4678 669 4736 ’.

318 4765 507 4824 XXIV.
535 4768 654 4828 Jun.
686 4767 792 4823 Sed
821 4783 916 4824 cur
943 4768 1035 4823 tibi
1064 4767 1132 4824 de
1171 4766 1461 4824 inimicitiis
1511 4767 1832 4825 innocentia:

255 4870 643 4918 commoveatur
681 4860 902 4928 invidia,
937 4875 1066 4915 cum
1098 4860 1392 4930 petulantia
1428 4868 1483 4916 et
1507 4861 1688 4917 rabies
1720 4863 1833 4918 oris

256 4951 462 5010 obsceni
515 4969 616 5013 nec
665 4953 961 5014 divinitatis
1016 4953 1220 5010 honore
1284 4952 1833 5010 irenctur?Accusas

255 5042 386 5097 enim
414 5045 682 5114 parvulos,
712 5044 806 5100 sed
835 5059 954 5100 cum
1007 5044 1154 5110 Deo;
1189 5045 1411 5106 incessis
1449 5044 1830 5112 innocentiam,

257 5133 341 5188 sed
364 5151 481 5195 eruo
501 5137 767 5207 atquitatis
788 5136 977 5206 injuria
1003 5153 1018 5202 ;
1057 5135 1310 5196 inliciaris
1330 5136 1561 5206 veritati,
1593 5137 1688 5194 sed
1713 5153 1834 5194 cum

258 5224 364 5290 ejus
389 5227 761 5291 criminatione
803 5243 959 5299 quem
1011 5228 1179 5284 Deum
1211 5235 1360 5284 tuum
1407 5228 1608 5288 fateris.
1640 5230 1718 5284 Ac
1739 5245 1835 5300 per

260 5311 374 5382 hoc,
397 5319 496 5373 etsi
523 5333 622 5374 nos
637 5318 988 5377 deficeremus
1019 5319 1240 5374 rationis
1256 5317 1475 5383 auxilio,
1507 5318 1717 5375 abunde
1749 5328 1831 5374 ta-

261 5423 372 5463 men
414 5411 600 5466 tradux
643 5411 844 5482 peccati
872 5421 1199 5466 assertorum
1248 5426 1464 5466 suorum
1497 5408 1834 5468 deformitate

261 5511 540 5559 cﬂl’mcm.

260 5595 334 5700 Mf
367 5600 427 5644 Ex
451 5603 558 5646 uss.
593 5595 690 5646 title
722 5595 1012 5660 adjecimus,
1044 5595 1091 5649 si
1111 5596 1161 5648 in
1189 5597 1399 5650 secundo
1433 5610 1528 5648 non
1572 5611 1836 5650 renascun-

259 5717 519 5832 sm‘igdex
547 5727 694 5782 μοι-ιη
713 5720 919 5786 [orntum
940 5720 1125 5787 peccati
1144 5721 1386 5786 confessas
1408 5735 1495 5784 es;
1519 5722 1713 5784 omisso,
1750 5737 1835 5776 ea:-

1631 344 1835 402 LIBER
1871 327 2163 404 sums.

3381 360 3524 419 4558

2012 463 2144 517 Ave.
2175 459 2284 514 Tua
2301 460 2602 518 conviciosa
2629 459 2922 534 loquacitas
2945 465 3146 524 rabiem
3169 465 3302 524 mihi
3329 468 3531 538 objccit

1938 553 2048 606 oris
2068 553 2308 609 obsceni.
2336 553 2602 626 Numquid
2627 571 2730 627 ego
2759 574 2875 613 sum
2895 558 3148 616 defensor
3176 560 3530 633 laudatorque

1940 642 2498 714 libidinisiNumquid
2539 661 2639 716 ego
2681 663 2842 704 ausus
2877 666 2995 704 sum
3046 651 3530 720 concupiscentiam

1938 736 2136 801 carnis,
2165 750 2267 805 qua
2296 751 2422 790 caro
2449 739 2777 808 concupiscit
2798 740 3055 796 adversus
3070 741 3337 812 spiritum,
3371 759 3531 812 para-

1939 826 2040 881 disi
2069 828 2228 884 etiam
2272 831 2614 900 possessione
2651 832 2866 887 ditare?
2891 831 2950 888 In
2989 849 3150 906 quem
3191 835 3368 892 locum
3400 837 3530 890 tanti

1935 917 2150 973 decoris
2187 918 2431 988 et-paeis,
2459 921 2616 976 sinml
2664 922 3000 980 introduxisti
3043 934 3137 982 aut
3161 924 3386 992 bellum,
3429 940 3536 996 quo

1938 1009 2008 1066 ad
2051 1009 2377 1079 peccandum
2431 1012 2727 1081 impellenti
2791 1014 3127 1071 laudabiliter
3165 1025 3493 1086 repugnat-nr
3522 1057 3538 1081 ,

1941 1110 2034 1156 aut
2055 1101 2306 1168 dedecus,
2336 1118 2445 1173 quo
2488 1103 2715 1174 turpiter
2762 1105 2812 1160 ei
2843 1105 3074 1162 ceditur.
3105 1106 3216 1163 Cur
3241 1122 3372 1178 ergo
3418 1119 3526 1162 tam

1937 1193 2328 1248 contumeliose
2364 1196 2594 1266 insurgis
2639 1197 2690 1252 in
2719 1213 2836 1262 me,
2868 1213 2966 1254 nec
2998 1199 3219 1269 respicis
3263 1199 3359 1258 te?
3400 1199 3532 1255 Nam

1938 1297 2041 1353 ego
2065 1299 2170 1338 non
2193 1299 2391 1339 accuso
2419 1285 2581 1340 Deum
2612 1302 2627 1351 ;
2651 1287 2744 1342 sed
2773 1296 2850 1352 tu,
2876 1287 3112 1358 quidicis
3134 1290 3380 1358 parvulos
3410 1291 3532 1346 nul-

1940 1373 2049 1428 lum
2079 1388 2146 1430 ex
2187 1375 2393 1446 origine
2431 1376 2641 1432 trahere
2671 1387 2967 1448 peccatum,
3013 1381 3208 1450 quibus
3237 1381 3327 1435 ille
3355 1381 3534 1452 impo-

1939 1469 2046 1523 suit
2095 1484 2259 1539 grave
2305 1469 2512 1540 jugum.
2546 1470 2654 1526 Nec
2707 1471 2918 1528 incesse
2983 1473 3344 1530 innocentiam
3411 1490 3532 1528 cum

1936 1561 2206 1631 aequitatis
2236 1561 2427 1632 injuria
2452 1580 2464 1616 :
2495 1563 2589 1617 sed
2621 1572 2674 1616 tu
2709 1563 2948 1634 a-quitati
2974 1562 3108 1620 facis
3143 1565 3413 1634 iniuriam,
3441 1565 3533 1635 qui

1943 1661 2142 1709 tantam
2171 1653 2305 1710 dicis
2357 1654 2559 1711 habere
2605 1658 2854 1725 parvulos
2901 1657 3300 1723 innocentiam;
3339 1673 3475 1730 quos
3507 1660 3524 1690 ¹

1943 1752 2142 1806 tamen,
2165 1745 2212 1799 si
2247 1745 2392 1815 quod
2433 1746 2548 1816 ipse
2574 1748 2737 1816 sapis,
2769 1763 2952 1803 verum
3001 1763 3122 1804 esse
3163 1747 3345 1814 sciret,
3387 1751 3534 1819 gravi

1937 1835 2066 1906 jugo
2097 1837 2319 1908 a'quilas
2373 1853 2478 1893 non
2535 1839 2764 1908 puniret.
2791 1839 2901 1895 Nec
2929 1839 3135 1896 inticior
3187 1840 3537 1901 veritati.nee

1942 1927 2106 1982 Deum
2135 1928 2557 1994 criminor;sed
2613 1938 2670 1984 tu
2724 1931 2922 1999 potius.
2956 1931 3154 1988 Verum
3201 1932 3344 1988 enim
3397 1931 3536 1988 dixit

1939 2019 2228 2087 Apostolus
2256 2061 2270 2083 ,
2315 2018 2511 2090 Corpus
2572 2029 2827 2076 mortuum
2875 2030 2948 2076 est
3021 2032 3228 2092 propter
3277 2033 3540 2092 peccatum

1941 2107 2117 2178 (Rom.
2149 2124 2264 2174 vni,
2294 2109 2398 2178 10)
2423 2110 2600 2179 :quotl
2630 2121 2681 2166 tu
2707 2127 2887 2182 negas.
2910 2113 3076 2168 Deum
3106 2129 3232 2168 vero
3261 2113 3532 2183 quomodo

1943 2200 2504 2267 min-criminaris,.eui
2537 2202 2798 2270 Μίδαι-ἱείς,
2825 2202 2957 2274 quas
2987 2220 3184 2276 negare
3213 2223 3317 2262 non
3351 2215 3533 2277 potes,

1939 2291 2172 2356 imputas
2214 2293 2582 2361 parvulorum,
2611 2295 2815 2352 nullum
2845 2297 3151 2357 habentium
3179 2299 3393 2356 miseria
3441 2300 3532 2356 di-

1935 2399 2101 2452 gnum
2120 2385 2381 2454 originale
2403 2396 2676 2455 peceatum
2699 2389 2720 2420 '
2746 2389 2866 2448 ‘tAc
2893 2388 3110 2459 perime
3131 2392 3527 2458 conclusiotua,

1939 2490 2058 2544 qua:
2087 2474 2480 2535 deformitatem
2521 2477 2676 2535 nobis
2705 2480 2924 2551 ingerit,”
2947 2481 3144 2542 nullius
3174 2483 3403 2540 rationis
3426 2501 3516 2541 se-

1933 2567 2120 2635 quitur
2139 2567 2442 2628 veritatem.

2012 2656 2177 2714 XXV.
2201 2657 2322 2722 Jun,
2354 2659 2546 2714 Verum
2595 2659 2722 2731 quid
2780 2678 2882 2720 nos
2907 2673 3012 2722 tam
3040 2666 3250 2737 obstipo
3294 2668 3544 2724 veritatis.

1939 2747 2104 2804 solius
2132 2749 2390 2804 rationem
2439 2751 2766 2820 sequendam
2817 2763 3062 2823 putamus
3093 2772 3109 2822 ;
3137 2772 3258 2812 cum
3291 2758 3536 2814 initniCo-

1938 2851 2054 2890 rum
2087 2847 2394 2902 nostrorum
2427 2837 2656 2910 phalanx
2689 2843 2818 2913 ipsis
2846 2845 3104 2914 innitatur
3159 2863 3337 2906 rerum
3392 2850 3532 2920 peric

1937 2928 2092 2994 culis,
2121 2937 2176 2983 et
2205 2931 2441 3000 insurgat
2467 2930 2522 2986 in
2551 2949 2647 2986 nos
2673 2949 3029 2994 mrumnarum
3053 2938 3254 2998 munita
3290 2939 3310 2971 ³
3337 2941 3535 2994 snfl‘ra-

1935 3018 2071 3089 giis?
2101 3018 2220 3082 Vult
2248 3021 2443 3091 quippe
2466 3022 2672 3092 pudore
2710 3027 2975 3093 cecuntis,
3018 3028 3202 3084 dolore
3239 3031 3524 3100 parientis,

1935 3108 2133 3163 sudore
2167 3109 2480 3181 laborantis,
2535 3115 2990 3170 trausmissionem
3020 3118 3296 3188 culparum
3328 3131 3382 3176 et
3407 3138 3526 3192 pm-

1937 3213 2126 3254 narnm
2155 3200 2205 3253 in
2231 3202 2435 3258 semina
2458 3205 2848 3274 comprobare;
2873 3217 2927 3260 ut
2957 3208 3039 3263 his
3057 3209 3304 3265 videlicet
3331 3213 3522 3283 signis,

1937 3290 2230 3345 diiﬁcilium
2264 3304 2508 3363 partuum
2531 3337 2547 3362 ,
2575 3297 2926 3366 agricolarum
2979 3301 3304 3365 saltantium.
3350 3314 3406 3360 et
3434 3306 3532 3360 du-

1935 3397 2208 3439 mosnrum
2232 3385 2520 3450 novalium,
2550 3389 2752 3442 crimen
2796 3391 3040 3446 naturale
3071 3392 3341 3460 credatur,
3371 3396 3526 3466 cujus

1937 3474 2131 3528 merito
2159 3488 2254 3544 per
2303 3484 2379 3535 tot
2410 3476 2744 3534 incommoda
2771 3495 2940 3551 genus
2974 3494 3288 3540 exerceatur
3331 3486 3526 3544 huma-

1937 3580 2063 3620 num
2089 3566 2267 3637 :quod
2291 3567 2509 3638 quidam
2529 3585 2620 3640 per
2655 3571 2782 3626 Atla.-
2824 3584 3124 3646 peccatum,
3157 3578 3386 3636 mortale
3406 3581 3526 3649 epi-

1938 3667 2132 3714 nantur
2154 3660 2424 3716 .ctl'ectum.
2445 3660 2569 3720 ideo
2593 3673 2769 3720 autem
2791 3665 2924 3733 disi,
2956 3668 3347 3742 Quidam,quia
3378 3673 3528 3742 prin-

1937 3764 2066 3818 ceps
2101 3765 2293 3806 eorum
2332 3753 2662 3824 Augustinus
2692 3755 2791 3812 hoc
2836 3759 3051 3828 quidem
3079 3763 3293 3816 erubuit
3320 3763 3524 3820 dicere.

1940 3840 2178 3910 Denique
2193 3841 2382 3898 scribit
2419 3844 2487 3898 ad
2515 3842 2904 3914 Marcellinum,
2935 3852 3217 3908 mortalem
3243 3853 3415 3912 Adam
3443 3854 3523 3910 fa-

1937 3943 2080 3990 ctum
2111 3933 2277 3990 videri
2306 3953 2320 3990 :
2349 3936 2446 3991 sed
2469 3937 2730 4008 elegantia
2769 3939 2926 3998 solita
2955 3941 3153 4009 subdit,
3185 3954 3412 4002 mortem
3429 3949 3528 4004 sti-

1939 4024 2189 4094 pendium
2215 4025 2508 4096 iniquitatis
2529 4026 2694 4086 fuisse
2723 4047 2738 4084 :
2766 4039 2822 4084 et
2872 4046 3034 4100 quem
3076 4031 3272 4096 fatetur
3317 4047 3521 4094 morta-

1935 4114 2061 4170 liter
2079 4115 2383 4174 institutum
2407 4118 2704 4174 secundum
2732 4128 2997 4188 naturam,
3019 4124 3156 4180 mori
3181 4139 3289 4183 non
3315 4129 3518 4196 potuis-

1935 4223 1996 4266 se
2021 4210 2352 4279 pronuntiat.
2388 4210 2497 4266 Illa:
2531 4228 2666 4284 ergo
2687 4214 2945 4274 adversus
2969 4233 3089 4286 nos,
3122 4236 3242 4290 qua:
3273 4221 3524 4293 leguntur

1936 4301 1992 4356 in
2041 4300 2260 4368 Genesi,
2301 4305 2582 4360 sententiae
2613 4305 2839 4376 proferri
2878 4310 3072 4379 solent,
3119 4313 3314 4383 quibus
3354 4316 3524 4372 Adam

1936 4401 2098 4465 atque
2136 4394 2246 4452 Eva
2287 4405 2563 4463 vexantur,
2593 4397 2662 4452 de
2701 4399 2896 4468 quibus
2941 4401 3240 4458 disserendi
3286 4404 3398 4475 jam
3447 4420 3531 4462 est

1937 4493 2170 4559 tempus.
2199 4486 2364 4554 Diait,
2396 4489 2586 4558 inquit,
2617 4489 2867 4547 Dominus
2915 4491 3054 4548 Deus
3103 4498 3324 4568 serpenti
3349 4513 3368 4552 :
3397 4498 3529 4563 Quia

1937 4577 2100 4648 fecisti
2127 4574 2243 4646 hoc,
2300 4580 2597 4636 maledictus
2625 4591 2680 4636 tu
2728 4584 2792 4638 ab
2818 4585 3050 4640 onmibus
3078 4589 3363 4658 pecoribus,
3391 4601 3439 4646 et
3465 4594 3530 4646 ab

1938 4670 2167 4730 omnibus
2209 4671 2376 4727 bestiis
2403 4687 2518 4743 giae
2542 4682 2661 4727 sunt
2713 4690 2869 4752 super
2918 4685 3105 4731 terram
3130 4695 3150 4734 :
3175 4695 3330 4750 super
3359 4693 3530 4752 pectus

1937 4770 1985 4816 et
2009 4771 2226 4817 ventrem
2270 4762 2572 4830 ambulabis,
2598 4774 2644 4819 et
2688 4750 2874 4820 terram
2922 4770 3251 4828 manducabis
3300 4750 3530 4830 erunibus

1935 4851 2114 4908 diebus
2157 4853 2272 4908 vita:
2314 4863 2454 4920 tute;
2480 4865 2526 4910 et
2571 4856 2859 4914 inimicitias
2908 4876 3100 4929 ponam
3126 4864 3256 4919 inter
3279 4875 3326 4921 te
3348 4879 3392 4921 et
3418 4885 3531 4924 mu-

1939 4943 2129 5009 lierem,
2159 4952 2205 4998 et
2229 4945 2360 5000 inter
2385 4961 2553 5001 εεηιεη
2583 4957 2725 5001 tuum
2768 4959 2815 5003 et
2862 4966 3031 5006 semen
3058 4955 3187 5024 ejus.
3234 4955 3360 5026 Ipsa
3387 4969 3531 5014 tuum

1938 5034 2158 5104 captabit
2179 5033 2392 5106 ‘oaput,
2445 5047 2490 5092 et
2515 5048 2571 5092 tu
2600 5038 2738 5094 illius
2787 5041 3024 5112 captabis
3062 5045 3374 5103 calsaneum.
3405 5050 3529 5105 Hu-

1939 5125 2052 5184 lieri
2092 5144 2208 5184 vero
2259 5129 2389 5184 dixit
2419 5145 2439 5185 :
2480 5127 2832 5202 Multiplicans
2890 5135 3238 5207 multiplicabo
3295 5143 3529 5197 tristitias

1938 5227 2051 5274 tuas
2074 5229 2120 5275 et
2156 5221 2396 5292 pertritum
2422 5231 2564 5276 tuum
2587 5238 2609 5288 ;
2637 5224 2690 5278 in
2740 5225 2946 5284 tristitia
2997 5231 3166 5297 paries
3190 5233 3346 5301 filios,
3375 5245 3426 5288 et
3450 5237 3519 5288 (ut

1939 5311 2102 5370 uirum
2119 5322 2259 5366 tuum
2283 5314 2540 5370 conversio
2567 5323 2676 5383 tua,
2710 5325 2757 5372 et
2785 5318 2895 5388 ipso
2916 5321 2990 5374 uti
3015 5320 3373 5378 dominabitur.
3401 5326 3530 5380 Atta:

1940 5411 2108 5457 autem
2173 5403 2302 5458 dixit
2330 5419 2350 5459 :
2380 5405 2637 5471 Quoniam
2683 5409 2872 5464 audisti
2920 5428 3085 5467 vocem
3138 5415 3362 5470 ntulieris
3405 5425 3521 5481 tua,

2005 5537 2022 5604 ξ
2058 5538 2348 5604 vignierius,
2363 5544 2514 5604 et.__At
2530 5548 2657 5604 λίβη,
2680 5554 2812 5604 quos.

2005 5602 2026 5677 ἡ
2179 5600 2287 5677 loco
2307 5636 2332 5677 ,_
2343 5600 2533 5677 nullum
2560 5600 2834 5677 hebetatam
2864 5603 3060 5656 miseria
3078 5603 3277 5670 dignam
3297 5610 3529 5677 original;

1945 5669 2210 5724 peccatum,
2236 5669 2537 5713 restituimus
2560 5679 2621 5715 ex
2649 5673 2755 5717 MSS.

2009 5726 2029 5756 ³
2061 5726 2132 5775 sic
2153 5731 2260 5775 Mss.
2287 5732 2342 5774 Αι
2371 5725 2506 5786 editi,
2526 5725 2738 5778 inimica.

2018 5789 2036 5818 ⁸
2053 5788 2189 5849 tlditi,
2215 5785 2414 5838 calcabit
2429 5801 2447 5850 ,'
2479 5785 2864 5854 repugnantibus
2885 5795 2991 5841 ιιςς.
