3958 6188
444 327 578 384 1359

428 457 473 498 et
501 443 816 498 manducaui
860 443 922 496 de
948 442 1102 512 ligna.
1131 440 1194 493 de
1234 455 1331 508 quo
1377 453 1708 506 pl‘tet'cperttm
1741 435 1826 488 tibi
1869 435 1932 487 de
1955 449 2012 487 eo

429 537 536 589 solo
567 551 630 588 ue
658 534 987 586 "tanducares
1011 548 1074 584 ex
1097 547 1175 593 eo,
1228 529 1497 583 maledicta
1529 537 1660 580 terra
1708 527 1758 579 in
1781 525 2014 595 operibus

431 626 648 688 tuis;iu
671 623 875 677 tristitia
920 619 1248 675 mauducabis
1296 637 1405 673 eam
1455 619 1688 672 omnibus
1734 618 1908 670 diebus
1936 616 2011 668 vi-

429 728 492 768 ta:
520 726 620 769 tute
640 729 659 778 ,'
682 715 857 782 spinas
885 723 930 766 et
953 713 1163 766 tribulos
1191 710 1303 766 edet
1343 710 1451 775 tibi,
1477 720 1523 763 et
1561 709 1676 764 edes
1708 709 1878 778 fenum
1904 707 2015 775 agri

428 802 501 854 tui
524 818 542 854 :
570 802 624 853 in
668 799 852 853 sudore
894 799 1044 870 {aciei
1106 808 1208 852 tua
1251 797 1365 850 edes
1417 812 1597 864 panem
1644 805 1822 860 tuum,
1855 793 2014 845 donec

426 890 731 946 converteris
775 891 830 943 in
879 899 1065 943 terram
1113 888 1176 941 de
1221 904 1320 958 qua
1366 899 1599 956 sumptus
1647 901 1698 939 es
1730 901 1747 947 ;
1777 884 2015 954 quoniam

427 995 560 1038 terra
589 999 661 1050 es,
707 991 754 1037 et
781 983 833 1036 iu
859 991 1042 1035 terram
1070 979 1165 1033 ibis
1195 977 1346 1050 (Gen.
1382 994 1460 1043 ιιι,
1490 976 1712 1043 ιιι-ιθ).
1756 975 1865 1028 llas
1885 989 2014 1044 ergo

429 1075 720 1131 sententias
747 1074 813 1128 ad
841 1072 1205 1128 testimonium
1248 1070 1497 1140 ingenitze
1524 1067 1819 1138 iniquitatis
1851 1082 2010 1120 assu-

431 1167 593 1234 mitis,
637 1165 1137 1234 concionamiuique
1182 1178 1287 1217 non
1319 1161 1481 1215 fuisse
1514 1160 1566 1212 in
1599 1158 1853 1227 pariendo
1887 1159 1900 1189 ¹
1935 1156 2020 1212 fe-

432 1262 602 1313 minas
632 1259 907 1324 dolituras,
929 1257 1028 1312 nisi
1056 1255 1122 1310 ad
1139 1270 1232 1310 eas
1245 1269 1364 1308 cum
1389 1261 1606 1322 peccato
1636 1251 1758 1304 Eva:
1780 1249 2016 1304 fecundi-

433 1356 556 1407 tatis
583 1352 723 1407 illius
753 1365 989 1405 :crumna
1010 1344 1518 1414 transisset.-lpsum
1544 1357 1671 1412 ergo
1699 1340 2014 1410 supplicium

434 1447 590 1500 vultis
633 1460 757 1500 esse
785 1442 990 1514 peccati
1034 1440 1309 1504 indicium,
1343 1435 1554 1507 utquod
1586 1435 1753 1506 prima
1786 1432 2015 1488 femina-

433 1554 550 1592 rum
596 1537 790 1591 meruit
843 1549 938 1604 per
965 1533 1240 1597 delictum,
1283 1530 1424 1584 nulla
1445 1542 1657 1597 quoque
1684 1526 1802 1581 sine
1829 1524 2017 1580 eadem

435 1629 682 1682 credatur
713 1626 990 1696 iniquitate
1011 1623 1234 1679 sentire.
1256 1619 1372 1676 Non
1415 1620 1555 1673 enim
1577 1628 1740 1680 esset,
1772 1616 2013 1686 inquitis,

433 1719 588 1772 dolor
633 1718 685 1771 iu
723 1717 981 1786 pariente,
1015 1715 1116 1768 nisi
1155 1714 1207 1767 in
1248 1721 1496 1765 nascente
1526 1717 1670 1764 esset
1719 1718 2015 1778 peccatum.

435 1811 527 1864 llis
551 1825 678 1880 ergo
698 1824 852 1880 quam
869 1806 1121 1861 attonitus
1134 1818 1427 1868 occurram,
1450 1801 1590 1855 haud
1614 1800 1766 1855 facile
1783 1800 1973 1854 metior
1994 1799 2019 1851 ’ἒ

435 1908 635 1954 tantum
655 1900 794 1956 enim
835 1899 1171 1953 stimulorum
1200 1887 1439 1951 admovit
1470 1895 1520 1948 in
1549 1895 1650 1948 hoc
1693 1893 1813 1947 loco
1841 1900 2019 1946 vestra

434 1992 633 2060 opinio,
662 1999 720 2044 ut
761 1991 843 2045 vix
872 1990 1058 2059 digner
1101 1989 1166 2042 ad
1203 1987 1549 2043 certationem
1593 1985 1834 2050 moveri;
1867 1985 2020 2054 plura

431 2082 626 2150 quippe
657 2081 710 2136 in
753 2081 834 2134 his
877 2080 1266 2150 objectionibus
1299 2077 1658 2149 intelligentia:
1683 2084 1807 2130 sunt
1834 2090 2021 2145 pecca-

440 2185 488 2227 ta
518 2189 676 2244 quam
707 2173 947 2244 syllabae.

507 2269 640 2322 Ave.
694 2265 981 2322 [Erumnas
1023 2265 1234 2334 generis
1289 2262 1506 2318 humani
1536 2261 1830 2333 quamlibet
1857 2260 2017 2316 dicax

431 2373 484 2417 rt
515 2362 718 2417 facetus
756 2362 998 2425 irridens.
1028 2361 1108 2417 vel
1155 2360 1380 2415 irridere
1411 2369 1462 2413 te
1490 2360 1680 2428 ﬁngas,
1720 2358 1849 2428 ipsa:
1881 2365 1931 2411 te
1957 2357 2010 2410 in

432 2454 705 2523 angustias
731 2453 825 2508 has
869 2452 1212 2522 impulerunt,
1251 2460 1306 2504 ut
1331 2450 1632 2520 paradisum
1671 2447 1787 2515 Dei,
1811 2446 2021 2503 etiamsi

436 2562 592 2601 nemo
622 2555 912 2615 peccasset,
941 2558 1298 2599 aerumnosum
1327 2542 1559 2597 futurum
1591 2543 1754 2596 fuisse
1781 2539 2021 2594 afllrma-

434 2655 495 2693 re
548 2635 963 2708 cogariszquod
1015 2636 1066 2690 si
1116 2634 1504 2690 verecundatus
1551 2634 1786 2689 nolueris
1825 2632 2018 2694 facere,

436 2740 491 2784 ut
545 2729 708 2784 fat-ias
747 2738 838 2783 tuo
891 2729 1140 2798 dogmate
1185 2726 1497 2796 urgeberis;
1525 2725 1667 2796 quod
1697 2725 1887 2795 dogma
1921 2725 2022 2779 nisi

433 2829 707 2874 correctus
733 2817 992 2889 abieceris
1008 2859 1023 2884 ,
1053 2817 1182 2871 istas
1208 2826 1510 2886 prementes
1534 2823 1589 2870 et
1614 2815 1667 2869 in
1698 2814 2022 2870 horrendum

438 2911 784 2980 pra-cipititnn
863 2909 1244 2964 coutrudentcs
1295 2908 1567 2980 angustias
1618 2923 1724 2962 non
1779 2908 2018 2978 ell‘ugies.

434 3003 701 3071 Quzeritur
725 3003 867 3058 enim
894 3019 921 3055 a
947 3010 1018 3066 te,
1040 3000 1134 3056 has
1158 3016 1446 3067 aerumnas,
1483 3015 1616 3070 quas
1643 3008 1698 3055 et
1728 3015 1776 3054 tn
1804 3001 2023 3071 majori—

439 3098 536 3150 bus
563 3104 617 3151 et
653 3097 703 3149 in
729 3095 958 3165 parvulis
986 3110 1106 3150 esse
1143 3094 1536 3164 conspicimus;
1567 3094 1711 3150 unde
1742 3081 2020 3151 existimes

434 3203 702 3243 emanare.
733 3186 1047 3256 Respondes
1063 3203 1128 3242 ex
1162 3194 1252 3242 tuo
1291 3186 1560 3257 dogmate,
1603 3184 1896 3240 humanum
1924 3201 2020 3257 ge-

436 3293 534 3332 uus
552 3278 630 3332 sic
657 3292 776 3332 esse
795 3276 862 3332 ab
889 3276 1110 3332 exordio
1139 3276 1220 3332 sui
1251 3275 1506 3331 divinitus
1568 3276 1890 3330 institutum.
1913 3276 2021 3331 Re-

436 3368 703 3436 ferturque
753 3366 1087 3436 responsioni
1131 3375 1253 3420 tute.
1288 3365 1426 3435 Ergo
1461 3374 1515 3420 et
1559 3365 1615 3420 in
1644 3365 1896 3435 paradiso
1937 3365 2022 3420 fu-

439 3472 571 3515 tura:
601 3459 830 3526 fuerant,
857 3459 904 3514 si
943 3459 1147 3515 nullum
1176 3458 1245 3514 ibi
1272 3467 1547 3529 peccatum
1575 3466 1719 3513 esset
1753 3467 2020 3513 exortum.

441 3552 536 3608 llic
565 3560 622 3606 tu
672 3558 766 3605 aut
815 3565 1056 3623 praeceps
1101 3549 1222 3614 ibis,
1268 3558 1360 3603 aut
1395 3549 1585 3620 dogma
1634 3548 1882 3616 mutabis,
1931 3558 2025 3605 aut

437 3644 610 3700 fronte
636 3643 892 3714 perditus,
919 3653 1012 3697 aut
1037 3649 1215 3696 mente
1235 3648 1532 3717 correctus.
1573 3640 1678 3696 Aut
1703 3640 1845 3695 enim
1882 3656 2024 3695 mru-

439 3750 623 3790 mnosa
649 3735 754 3789 vita
796 3735 969 3790 locum
1000 3733 1368 3790 famosissima:
1399 3737 1419 3766 ²
1450 3733 1715 3789 felicitatis
1749 3733 2016 3804 implebis,

434 3835 491 3882 et
512 3841 618 3881 non
637 3825 885 3888 invenies
915 3825 1098 3882 oculos
1127 3824 1318 3895 quibus
1342 3823 1756 3896 qualescumque
1782 3824 2023 3895 aspicere

433 3919 631 3973 audeas
671 3917 1043 3983 Christianos;
1072 3925 1164 3972 aut
1193 3919 1244 3973 in
1273 3917 1494 3987 abrupta
1538 3916 1875 3972 borribiliora
1919 3916 2018 3972 de-

431 4011 628 4080 iectus,
659 4010 848 4066 alienae
893 4011 1048 4066 malm
1072 4019 1273 4064 natur-:e
1299 4008 1595 4081 nobisque'
1622 4009 1896 4080 permixta:
1924 4007 2020 4063 has

436 4117 702 4158 aarttmnas
752 4101 983 4158 hominis
1019 4101 1340 4170 imputabis,
1377 4108 1432 4157 et
1459 4101 1736 4156 Manichari
1790 4109 2019 4156 tartarea

435 4194 789 4264 profunditate
834 4194 1140 4250 sorbeberis
1169 4211 1184 4247 :
1213 4201 1304 4246 aut
1339 4193 1408 4248 de
1454 4202 1642 4247 natura
1671 4193 1848 4247 vitiata
1882 4191 2021 4248 hanc

431 4302 791 4343 mrumuarum
829 4299 1041 4356 ρωιιτιιη
1093 4283 1297 4354 judicio
1347 4283 1440 4338 Dei
1491 4285 1756 4352 punientis
1782 4284 2018 4340 existere

337 4381 340 4383 Α
431 4379 816 4446 conﬁteberis,
871 4385 926 4433 et
981 4377 1036 4432 in
1088 4391 1272 4431 auram
1323 4373 1645 4430 catholicam
1701 4375 2013 4444 rcspirabis.

431 4471 569 4537 Quin
611 4473 771 4526 etiam
817 4469 972 4534 dicis,
1004 4467 1146 4538 quod
1195 4465 1403 4537 quidam
1431 4480 1589 4537 genus
1618 4464 1898 4518 humanum
1927 4481 2017 4533 per

441 4563 558 4615 etde:
576 4560 1067 4630 peccatummortaic
1113 4559 1391 4631 apinautur
1439 4554 1672 4624 eﬂ'ectum
1700 4572 1720 4609 :
1759 4564 1811 4610 et
1837 4555 2014 4623 addis,

429 4647 552 4705 ideo
583 4658 632 4704 te
661 4649 878 4716 dixisse,
914 4650 1155 4716 Quidam,
1185 4651 1304 4719 quia
1329 4666 1420 4720 ego
1450 4647 1685 4718 princeps
1700 4663 1876 4701 eorum
1923 4647 2019 4701 hoc

423 4739 716 4793 erubuerint
740 4738 908 4792 dicere
929 4753 949 4803 ,'
973 4739 1061 4792 sed
1096 4739 1162 4792 ad
1191 4738 1546 4793 Marcellinum
1574 4738 1862 4809 scripserim
1889 4755 2021 4792 mor-

429 4830 580 4885 talem
611 4830 775 4884 Adam
822 4829 1012 4898 factum
1040 4829 1214 4882 videri.
1263 4829 1363 4897 Qui
1405 4829 1518 4883 lucc
1545 4839 1630 4883 tua
1661 4840 1716 4885 et
1763 4830 1848 4884 illa
1899 4846 2016 4884 mea

432 4921 676 4990 legerunt
704 4921 784 4977 vel
807 4919 830 4953 δ
855 4920 1056 4991 legunt,
1082 4919 1125 4975 si
1165 4919 1430 4990 Pelagiani
1457 4935 1560 4975 non
1595 4931 1742 4988 sunt,
1776 4921 2015 4992 profecto

429 5009 610 5064 vident
635 5011 1084 5078 quemadmodum
1134 5009 1308 5082 lingua
1337 5019 1422 5066 tua
1451 5011 1695 5082 amplexa
1727 5013 1796 5067 sit
1823 5013 2018 5068 dolosi-

429 5109 611 5154 tatem.
656 5101 931 5172 Nunquam
974 5104 1116 5160 enim
1146 5117 1247 5175 ego
1272 5102 1435 5165 sensi,
1482 5118 1750 5172 nunquam
1781 5103 2002 5160 oumiuo

425 5193 559 5260 dixi,
584 5193 720 5247 sicut
748 5209 842 5247 vos
888 5194 1084 5261 dicitis,
1134 5195 1411 5250 mortalem
1449 5194 1617 5249 Adam
1667 5195 1886 5259 factum,
1921 5195 2012 5266 qui

424 5290 539 5348 sive
555 5295 819 5360 peccaret,
833 5285 945 5340 sive
966 5303 1070 5341 non
1099 5299 1360 5358 peccaret,
1394 5289 1682 5343 moriturus
1701 5298 1864 5344 esset.
1891 5288 2015 5345 lltec

489 5473 505 5508 ⁸
537 5472 610 5520 sic
632 5477 737 5521 Mss.
760 5467 881 5530 aliti
901 5473 1084 5530 autem,
1108 5464 1157 5516 in
1181 5466 1424 5530 paradiso.

486 5535 509 5567 ³
541 5532 675 5588 ΡΑΙίιί,
706 5528 1058 5595 ᾐιῃιοεὶδεὶηιφ.
1088 5528 1384 5591 castigantur
1421 5544 1484 5595 ex
1518 5535 1624 5578 Mss.

484 5595 506 5626 ³
539 5589 1063 5664 ι’ίςιινὴιὶεηωῃιᾳζω
1083 5589 1270 5641 natufw
1291 5591 1578 5653 pet-utimur;
1615 5591 1791 5641 omisso
1813 5628 1825 5649 ,
1851 5589 2007 5643 nobis-

421 5667 530 5725 que,
554 5655 681 5726 quod
714 5663 876 5726 exstat
905 5655 952 5704 in
977 5661 1079 5703 Mss.
1565 5717 1573 5726 ι
1615 5717 1624 5725 _

419 5715 508 5826 of“.
541 5723 692 5779 \‘lgn.,
723 5724 766 5766 et
788 5715 875 5767 illa
897 5730 1001 5767 mea
1025 5715 1203 5780 tegunt.
1249 5719 1314 5764 Ex
1338 5719 1442 5762 Mss.
1473 5714 1766 5778 addidimus,
1793 5713 2008 5780 legerunt

1098 327 1341 384 Ol’ERlS
1381 323 1791 382 llll‘lillli'ECTl
1833 321 2105 378 CONTRA
2148 321 2508 392 JUlJANUM,
2549 324 2604 381 S.
2651 323 3015 382 AUGUSTINI

2128 449 2344 504 prorsus
2365 437 2522 491 verba
2537 436 2745 507 objecta
2775 447 2900 493 sunt
2925 435 3176 516 leestio
3196 437 3247 493 in
3261 439 3705 512 episcopalijudi-

2123 525 2209 580 cio
2261 526 2686 596 Carthaginensi.
2738 529 2862 583 llmc
2912 529 3119 599 objecta
3186 538 3312 584 sunt
3369 540 3424 585 et
3498 531 3707 604 Pelagio

2125 618 2175 671 in
2228 619 2512 688 episc0pali
2551 619 2752 690 judicio
2809 621 3090 676 Palaestino
3115 621 3135 694 (
3163 620 3240 676 De
3269 621 3435 678 Gestis
3483 623 3700 696 Pelagii,

2123 727 2212 763 un.
2234 710 2323 775 25,
2359 711 2448 777 60,
2477 720 2522 764 et
2568 713 2631 765 de
2675 712 2890 766 Peccato
2939 713 3213 784 Origiuali,
3238 733 3327 769 rm.
3357 717 3410 780 5,
3442 717 3476 771 4
3505 715 3544 787 ).
3577 717 3700 774 lla-c

2123 803 2318 872 quippe
2354 804 2421 858 de
2463 804 2562 860 hac
2613 821 2671 860 re
2701 807 2838 860 inter
2882 821 2979 861 nos
3004 817 3059 861 et
3081 823 3176 862 vos
3205 809 3433 864 vertitur
3457 814 3699 879 qumstio,

2122 904 2298 948 utrum
2319 895 2506 960 Adam,
2535 895 2652 950 sive
2685 906 2945 966 peccaret,
2963 898 3076 952 sive
3105 915 3207 953 non
3251 911 3519 970 peccaret,
3551 905 3701 956 mori-

2122 993 2272 1040 turus
2301 997 2461 1041 esset.
2495 987 2626 1041 Nam
2673 988 2793 1058 quis
2843 989 3068 1058 ignorat,
3113 991 3232 1060 quia
3287 993 3581 1046 secundant
3613 993 3706 1048 de-

2125 1077 2442 1144 ﬁnitionem,
2479 1095 2582 1149 qua
2617 1079 2931 1135 immortalis
2954 1082 3148 1136 dicitur
3176 1083 3265 1139 ille
3288 1085 3380 1154 qui
3403 1101 3508 1140 nou
3532 1096 3707 1156 potest

2123 1169 2279 1235 mori,
2327 1170 2566 1224 mortalis
2591 1180 2768 1225 autem
2816 1171 2903 1242 qui
2937 1183 3109 1242 potest
3154 1174 3311 1239 mori,
3343 1174 3512 1229 Adam
3542 1177 3710 1245 potuit

2123 1261 2279 1323 mori,
2310 1261 2432 1330 quia
2459 1261 2626 1330 potuit
2673 1277 2895 1331 peccare
2923 1278 2937 1328 ;
2967 1273 3022 1318 et
3049 1264 3168 1320 ideo
3195 1266 3331 1320 mori
3359 1269 3553 1322 merito
3597 1270 3709 1322 culo

2124 1365 2226 1419 pm,
2274 1366 2380 1405 non
2426 1352 2745 1408 necessitate
2774 1355 3024 1408 naturae?
3054 1355 3360 1410 Secundum
3409 1358 3556 1412 illam
3588 1375 3710 1413 vero

2122 1443 2505 1512 definitionem,
2529 1463 2630 1517 qua
2660 1457 2714 1502 et
2757 1447 2849 1503 ille
2882 1449 3197 1504 immortalis
3223 1450 3418 1506 dicitur
3445 1453 3604 1522 cujus
3632 1464 3712 1508 est

2124 1535 2176 1589 iu
2209 1545 2468 1606 potestate
2489 1552 2592 1591 non
2624 1539 2782 1603 mori,
2829 1539 2948 1608 quis
2976 1549 3133 1610 neget
3177 1541 3350 1595 Adam
3378 1557 3500 1597 esse
3526 1544 3711 1596 condi-

2125 1635 2235 1681 tum
2260 1627 2417 1698 hujus
2441 1629 2714 1698 potestatis
2735 1629 2759 1682 ?
2789 1629 3053 1698 Quoniam
3077 1631 3165 1702 qui
3210 1631 3438 1686 habebat
3476 1643 3710 1703 potesta-

2125 1727 2232 1772 tem
2260 1734 2526 1788 nunquam
2556 1720 2832 1788 peccandi,
2867 1720 3108 1790 profecto
3137 1720 3368 1776 habebat
3393 1732 3710 1791 potestatem

2124 1826 2394 1882 nunquam
2437 1812 2719 1866 moriendi.
2776 1811 2908 1868 Illud
2939 1829 3066 1884 ergo
3113 1824 3196 1868 est
3224 1814 3366 1882 quod
3392 1825 3582 1869 contra
3608 1831 3700 1872 vos

2123 1901 2335 1967 dicitur,
2363 1903 2464 1957 hoc
2501 1903 2692 1974 dogma
2722 1914 2982 1969 vestrum,
3009 1921 3113 1975 quo
3137 1907 3334 1976 putatis
3376 1907 3567 1972 Adam,
3604 1911 3714 1963 sive

2125 2002 2390 2062 peccaret,
2414 1994 2526 2050 sive
2549 2011 2656 2048 non
2682 2006 2946 2065 peccaret.
2977 1996 3140 2052 fuisse
3163 1999 3502 2063 moriturum,
3534 2000 3713 2053 omni-

2125 2099 2197 2137 no
2219 2098 2338 2140 esse
2364 2084 2727 2141 falsissimum.
2777 2087 2910 2154 Quae
2955 2103 3076 2143 cum
3135 2089 3206 2144 ita
3237 2090 3369 2156 sint,
3425 2106 3532 2160 quo
3560 2101 3714 2160 pacto

2125 2190 2225 2245 ego
2253 2176 2508 2242 dicerem,
2531 2177 2672 2248 quod
2703 2194 2790 2234 me
2811 2179 3011 2236 dixisse
3028 2181 3291 2245 mentiris,
3325 2181 3497 2236 Adam
3525 2196 3716 2237 secun-

2125 2265 2251 2321 dum
2274 2277 2512 2321 naturam
2541 2269 2837 2325 mortaliter
2880 2270 3199 2335 institutum,
3229 2273 3382 2342 quasi
3433 2284 3717 2342 urgeretur

2127 2359 2448 2413 necessitate
2491 2359 2784 2425 moriendi;
2824 2375 2945 2416 cum
2995 2362 3047 2415 in
3079 2371 3305 2418 mortem
3357 2363 3458 2418 uisi
3502 2375 3717 2434 propter

2126 2458 2399 2519 peccatum
2443 2467 2548 2506 non
2580 2452 2597 2484 ¹
2642 2461 2824 2522 posset
2873 2455 3093 2524 urgeri?
3119 2453 3228 2510 Aut
3273 2456 3546 2526 quomodo
3597 2473 3717 2514 eum

2125 2544 2260 2598 mori
2288 2558 2392 2598 non
2422 2546 2659 2614 potuisse
2709 2548 3013 2616 pronuntio,
3063 2563 3185 2604 cum
3235 2564 3356 2606 esse
3403 2555 3715 2606 mortuum'

2127 2635 2291 2689 sciam
2318 2651 2332 2696 ;
2355 2644 2410 2690 et
2433 2636 2614 2705 utique
2643 2636 2687 2690 si
2715 2639 2849 2692 mori
2877 2652 2982 2692 non
3031 2640 3311 2708 potuisset,
3344 2650 3592 2696 mortttus
3613 2659 3714 2696 non

2126 2727 2310 2782 esset?
2332 2728 2436 2783 Sed
2455 2729 2610 2799 plane
2637 2729 2784 2784 illum
2813 2747 2918 2785 non
2944 2733 3078 2787 mori
3128 2733 3364 2803 potuisse
3403 2734 3713 2804 pronuntio.

2124 2817 2285 2873 Aliud
2325 2827 2408 2874 est
2435 2829 2613 2874 autem
2662 2835 2771 2875 non
2833 2837 2990 2891 posse
3039 2823 3196 2889 mori,
3235 2823 3382 2878 aliud
3414 2840 3578 2894 posse
3609 2841 3712 2880 non

2125 2911 2264 2966 mori
2293 2927 2313 2967 :
2342 2911 2469 2966 illud
2508 2913 2725 2983 majoris
2744 2910 2824 2969 est
2852 2915 3285 2980 immortalitatis,
3317 2917 3421 2973 hoc
3471 2919 3713 2974 minoris.

2124 3002 2305 3059 Siduo
2325 3003 2426 3059 ista
2445 3003 2727 3070 discernis,
2778 3007 2985 3076 etquod
3017 3021 3112 3062 vos
3143 3007 3211 3061 de
3236 3007 3404 3062 Adam
3426 3007 3628 3071 dicitis,
3661 3020 3713 3064 et

2125 3097 2266 3166 quod
2299 3113 2397 3153 nos
2425 3107 2611 3153 contra
2642 3113 2735 3153 vos
2761 3098 3005 3164 dicimus,
3037 3099 3233 3154 cernis.
3264 3099 3373 3155 Vos
3409 3101 3554 3156 enim
3581 3103 3715 3157 dici-

2131 3191 2222 3258 tis,
2246 3192 2370 3247 Sive
2391 3200 2655 3263 peccaret,
2683 3191 2796 3247 sive
2815 3207 2918 3246 uon
2942 3202 3206 3262 peccaret,
3221 3194 3510 3254 moriturus
3527 3203 3712 3250 esset:

2126 3299 2224 3338 nos
2250 3293 2426 3339 autem
2452 3283 2701 3348 dicimus,
2745 3283 3007 3351 Quamdiu
3049 3299 3156 3338 non
3199 3294 3458 3354 peccaret,
3486 3287 3713 3340 moritu-

2127 3389 2219 3429 rus
2247 3389 2351 3428 non
2374 3384 2571 3440 ,esset;
2611 3383 2667 3429 et
2699 3375 2744 3428 si
2797 3389 3067 3444 nunquam
3120 3384 3414 3444 peccasset,
3470 3386 3711 3433 mortuus

2129 3480 2233 3520 non
2253 3473 2416 3520 esset.
2451 3464 2651 3520 Deinde
2701 3479 3096 3520 commemoras
3135 3481 3255 3536 quae
3297 3475 3485 3520 contra
3523 3482 3620 3521 vos
3645 3467 3713 3522 de

2126 3553 2318 3610 Genesi
2345 3553 2450 3609 diei
2466 3554 2710 3620 soleant;
2742 3565 2796 3610 et
2823 3555 2891 3611 de
2925 3554 3110 3610 dolore
3127 3555 3402 3626 parientis,
3425 3572 3532 3626 qua
3559 3573 3711 3626 pinna

2127 3648 2274 3717 prior
2297 3647 2401 3701 Eva
2429 3647 2611 3718 punita
2639 3655 2740 3712 est,
2789 3647 2925 3702 dicis
2951 3648 3165 3719 aliquid,
3206 3647 3347 3719 quod
3391 3664 3490 3703 nos
3538 3649 3716 3706 dicere

2127 3741 2206 3794 vis
2233 3741 2426 3811 putari,
2457 3741 2538 3796 vel
2584 3749 2757 3813 putas.
2789 3740 2907 3796 Non
2947 3742 3089 3796 enim
3127 3740 3374 3806 dicimus,
3415 3757 3520 3796 non
3551 3742 3716 3798 fuisse

2128 3834 2180 3889 in
2209 3835 2465 3904 pariendo
2496 3834 2717 3890 feminas
2739 3834 3018 3902 dolituras,
3065 3835 3166 3889 nisi
3207 3833 3273 3888 ad
3320 3849 3414 3889 eas
3442 3850 3566 3889 eum
3599 3850 3717 3905 pec.

2126 3934 2246 3981 cato
2265 3925 2391 3980 Eva:
2418 3925 2753 3981 fecunditatis
2775 3927 2915 3982 illius
2957 3942 3194 3982 wrumua
3242 3928 3564 3982 transisset:
3595 3943 3716 3982 eum

2125 4017 2192 4072 ad
2257 4033 2350 4074 eas
2401 4033 2504 4073 non
2546 4017 2884 4074 fecunditatis
2915 4059 2932 4084 ,
2977 4019 3072 4074 sed
3126 4019 3421 4090 iniquitatis
3465 4035 3713 4075 aerumna

2126 4109 2399 4164 transierit
2422 4109 2465 4163 ³.
2489 4109 2602 4165 Etsi
2642 4111 2787 4166 enim
2819 4110 2952 4166 facta
3000 4119 3087 4166 est
3142 4127 3442 4166 wrmunosa
3479 4110 3719 4166 fecundi-

2125 4201 2527 4272 tas;iuiquitas
2559 4243 2574 4268 ,
2629 4219 2735 4257 non
2781 4203 3077 4259 fecunditas
3125 4204 3228 4258 hoc
3276 4205 3398 4259 fecit
3429 4222 3443 4257 :
3477 4219 3716 4260 terumna

2125 4295 2321 4365 quippe
2381 4294 2636 4364 parientis
2669 4310 2733 4349 ex
2781 4295 3057 4366 iniquitate
3109 4295 3363 4362 hominis,
3416 4296 3717 4352 fecunditas

2124 4394 2301 4440 autem
2349 4400 2417 4441 ex
2459 4385 2551 4440 Dei
2583 4385 2953 4441 benedictione
2989 4387 3290 4443 descendit.
3346 4388 3452 4441 Aut
3489 4388 3534 4442 si
3575 4405 3714 4442 acru-

2125 4491 2302 4529 mnam
2333 4474 2671 4531 fecunditatis
2697 4492 2802 4531 non
2831 4477 2908 4532 sic
2956 4477 3178 4547 intelligi
3205 4478 3439 4539 voluisti,
3465 4487 3713 4548 tanquam

2123 4582 2240 4621 eam
2272 4567 2570 4623 fecunditas
2600 4568 2802 4634 fecerit,
2830 4568 2925 4623 sed
2943 4570 3246 4638 acceperit:
3279 4569 3398 4623 lucc
3423 4578 3506 4622 est
3534 4579 3706 4622 nostra

2123 4661 2406 4716 sententia.
2435 4659 2631 4715 Verum
2663 4676 2760 4714 nos
2793 4677 2898 4716 non
2921 4661 3149 4717 dicimus
3179 4663 3341 4717 etiam
3379 4661 3432 4714 in
3463 4661 3708 4730 paradiso

2125 4753 2396 4822 parientes
2422 4753 2645 4809 feminas
2681 4753 2842 4810 fuisse
2872 4753 3132 4808 dolituras
3160 4769 3175 4805 :
3208 4749 3318 4808 imo
3360 4752 3484 4806 inde
3511 4753 3712 4823 colligi-

2126 4860 2246 4898 mus
2285 4844 2427 4900 hunc
2463 4846 2706 4902 dolorem
2743 4862 2951 4917 poenam
2983 4862 3106 4902 esse
3153 4847 3380 4916 peccati,
3409 4847 3534 4916 quia
3563 4849 3615 4902 in
3651 4861 3714 4902 eo

2125 4937 2244 4991 loco
2270 4953 2374 4991 non
2398 4937 2606 5006 fuisset,
2626 4939 2715 4994 ubi
2738 4956 2841 4993 non
2889 4940 3198 4996 sinerentur
3226 4954 3445 4995 manere
3472 4943 3716 5011 quicum-

2122 5045 2225 5100 que
2251 5041 2594 5100 peccassent:
2614 5031 2756 5102 quod
2779 5039 2832 5085 tu
2858 5032 3093 5087 refutare
3130 5045 3236 5086 non
3260 5031 3471 5096 niteris,
3497 5032 3601 5086 nisi
3625 5033 3710 5086 Dei

2123 5122 2447 5188 paradisum,
2476 5138 2632 5177 manu
2680 5122 2840 5178 fronti
2889 5127 3136 5193 Opposita
3163 5130 3218 5177 et
3264 5121 3436 5179 oculis
3491 5122 3710 5185 clausis,

2123 5229 2226 5268 non
2265 5217 2437 5271 solum
2481 5215 2787 5271 libidinibus
2824 5215 3125 5282 hominum,
3159 5229 3343 5269 verum
3390 5215 3554 5268 etiam
3593 5229 3709 5268 cru-

2120 5305 2347 5360 ciatibus
2388 5305 2611 5376 implere
2657 5305 2886 5377 cogaris.
2915 5304 3022 5362 Sed
3061 5303 3187 5375 quid
3236 5304 3468 5359 mirum?
3498 5303 3708 5375 quando

2185 5465 2201 5497 ί
2239 5465 2321 5514 ttie
2359 5471 2620 5529 negantem
2665 5464 2945 5528 particulam
3007 5463 3296 5514 auctet-hate
3355 5471 3460 5514 Mss.
3508 5461 3711 5527 supple-

2119 5538 2310 5637 mlPsic
2332 5596 2433 5637 uss.
2455 5593 2504 5636 tn
2529 5587 2685 5651 \‘ign,
2708 5587 3012 5638 moriturum.

2188 5650 2208 5679 ³
2241 5652 2521 5716 exciderant.
2540 5647 2754 5716 in_'ed_itis
2776 5650 2880 5698 haec
2909 5651 3058 5698 verba
3077 5685 3090 5709 ,
3111 5662 3222 5716 cum
3241 5647 3306 5698 ad
3325 5661 3407 5697 eas
3427 5659 3520 5716 non
3543 5647 3705 5716 festat-

2120 5708 2312 5819 rimt‘is,
2343 5713 2425 5763 sed
2449 5710 2708 5775 iniquitatis
2733 5723 2951 5764 (erumna
2983 5708 3224 5763 trmtsierit
3267 5715 3465 5760 Exstant
3484 5710 3533 5757 in
3557 5708 3707 5757 metti-

2141 5786 2212 5822 .us
2262 5783 2338 5822 :ss.
