3970 6184
287 337 408 396 1561

286 453 502 524 implere
547 449 627 505 vis
685 448 832 504 illum
863 447 878 478 '
937 445 1297 502 memorabilis
1346 439 1616 501 felicitatis
1685 441 1859 495 locum

283 547 437 600 etiam
454 541 712 597 mortibus
729 540 1022 604 homintun,
1044 553 1266 609 quarmn
1297 537 1414 592 sine
1450 535 1630 603 aliquo
1657 546 1853 601 corpo-

286 636 354 689 ris
398 633 653 700 cruciatu,
677 634 758 688 vel
805 633 968 692 nulla,
991 632 1072 686 vel
1131 644 1264 700 pene
1308 629 1448 682 nulla
1476 626 1758 696 contingit.
1791 623 1857 677 Et

283 741 396 779 runt
427 725 538 778 hmc
565 734 808 794 portenta
837 734 888 778 te
917 723 1094 777 dicere
1127 733 1272 776 tuum
1313 719 1504 788 dogma
1535 716 1858 787 con'tpellat;

283 818 500 885 eos,qui
527 817 642 870 lucc
685 815 823 872 absit
853 826 906 869 ut
933 815 1134 878 tlicattl,
1178 813 1299 883 quia
1351 811 1477 865 ilhul
1520 809 1694 880 potius
1723 807 1858 860 anti-

281 911 484 980 quitus'
518 909 772 964 Ecclesia:
823 908 914 962 Dei
955 907 1204 960 traditum
1248 913 1448 966 tenent,
1481 901 1620 955 unde
1663 900 1864 954 dictum

281 1012 376 1066 est,
402 1004 441 1055 Α
498 1003 708 1055 muliere
744 1001 941 1054 initium
991 1003 1180 1068 factum
1208 1006 1278 1050 est
1327 994 1534 1064 peccati,
1567 1003 1614 1046 ct
1661 999 1863 1062 propter

282 1094 418 1147 illum
445 1093 689 1148 morimur
732 1096 942 1154 omnesl
977 1089 1136 1143 Ercli.
1167 1102 1301 1152 .vsv,
1353 1086 1425 1140 35
1450 1087 1500 1155 );
1529 1082 1694 1137 audes
1714 1083 1863 1136 insu-

283 1201 371 1255 per
417 1186 668 1250 irridcre,—
715 1199 1006 1253 eorumque
1070 1197 1155 1237 me
1208 1179 1498 1251 principem
1551 1177 1860 1231 insultanter

280 1279 508 1348 appellas
546 1286 734 1333 contra
784 1277 1060 1331 scientiam
1117 1283 1172 1329 et
1235 1271 1616 1328 conscientiam
1688 1279 1854 1323 tuam.

280 1369 426 1425 Nullo
455 1369 619 1423 modo
647 1384 874 1438 namque
892 1368 1124 1437 ignoras,
1157 1374 1284 1434 qttot
1308 1373 1360 1418 et
1388 1362 1568 1432 (ptanti
1604 1359 1864 1414 iul-Icelo-

280 1465 352 1519 sia
396 1464 541 1519 docti
599 1463 958 1532 Ecclesiaulue
996 1460 1244 1514 doctores
1283 1467 1410 1512 ante
1464 1469 1561 1509 nos
1605 1453 1860 1518 dixerint,

279 1557 351 1611 sic
368 1565 614 1610 naturam
661 1553 891 1608 hominis
925 1553 1178 1607 divinitus
1226 1550 1546 1611 institutam,
1578 1557 1635 1600 ut
1675 1546 1718 1599 si
1753 1560 1858 1598 non

279 1655 568 1716 peccasset,
598 1645 892 1698 moriturus
923 1658 1024 1697 non
1054 1649 1215 1696 esset.
1251 1639 1448 1694 llortlm
1478 1652 1605 1708 ergo
1630 1649 1861 1707 (ιιιοιιιο-

276 1737 341 1792 do
368 1738 617 1808 princeps
639 1751 822 1799 vocor,
860 1748 994 1804 quos
1035 1749 1138 1787 non
1169 1732 1326 1796 duco,
1368 1729 1462 1785 sed
1506 1744 1704 1799 sequor
1732 1728 1756 1779 ‘l
1782 1727 1861 1782 Te

275 1837 447 1880 autem
473 1843 579 1880 non
612 1827 732 1881 dico
771 1840 890 1880 esse
927 1823 1220 1894 principem
1262 1836 1447 1876 eorum
1490 1819 1578 1890 qui
1613 1825 1861 1873 asserunt

275 1917 352 1972 sic
378 1917 550 1972 Adam
583 1917 860 1971 mortalem
909 1915 1125 1980 factum,
1162 1923 1217 1966 ut
1256 1911 1369 1967 sive
1424 1919 1689 1981 peccaret,
1741 1910 1857 1963 sive

274 2024 373 2064 non
406 2018 672 2080 peccaret.
703 2009 990 2064 moriturus
1021 2016 1184 2072 esset,
1215 2014 1374 2075 atque
1399 2005 1469 2058 ita
1501 2003 1522 2034 ³
1551 2001 1858 2072 paradisum

270 2112 474 2158 sanet-.e
517 2101 826 2170 voluptatis,
864 2099 951 2154 ubi
1001 2107 1143 2152 tanta
1189 2096 1400 2165 requies
1426 2093 1618 2147 anima:
1649 2102 1701 2147 et
1735 2105 1859 2145 cor-

270 2193 414 2262 poris
429 2203 567 2256 erat,
602 2187 1300 2249 morientiumcruciatibus,
1353 2191 1684 2238 mortuorum
1709 2181 1862 2234 fune-

268 2284 417 2335 ribus
441 2323 456 2346 ,
494 2280 784 2351 lugentium
814 2278 1129 2334 maeroribus
1173 2276 1394 2344 implere
1437 2282 1717 2328 conantur.
1747 2272 1861 2326 Non

267 2389 324 2429 es
364 2382 419 2426 ιιι
469 2386 655 2426 eormn
708 2371 954 2440 princeps
991 2385 1004 2421 :
1037 2367 1280 2436 Pelagius
1316 2374 1371 2420 et
1415 2363 1696 2420 (Stelestius
1723 2403 1738 2426 ,
1771 2363 1860 2431 qui

272 2465 478 2536 priores
505 2464 604 2518 ista
630 2462 900 2529 dixerunt,
931 2469 1113 2516 tenent
1157 2459 1316 2528 hujus
1355 2456 1567 2512 nefandi
1597 2455 1862 2526 dogmatis

275 2556 808 2628 principatum;quos
848 2553 1069 2617 utinam,
1100 2553 1238 2607 sicut
1296 2565 1402 2604 non
1457 2548 1630 2612 ducis,
1671 2547 1741 2600 ita
1761 2559 1861 2599 nec

274 2645 575 2716 sequereris
597 2646 612 2698 !

339 2735 531 2794 XXVI.
562 2735 680 2791 JuL.
722 2733 832 2790 lloc
859 2733 1000 2789 enim
1031 2733 1202 2803 ipsum
1245 2745 1404 2800 quam
1448 2729 1691 2784 insanum
1733 2733 1855 2792 est,

275 2829 409 2900 quod
442 2827 640 2892 dicitis,
672 2827 845 2896 primo
885 2824 1124 2880 dolorem
1167 2821 1402 2892 pariendi
1445 2821 1694 2875 comitem
1737 2831 1858 2872 esse

279 2923 503 2992 peccati,
532 2936 654 2976 cum
700 2920 770 2975 ita
817 2917 1091 2989 perspicue
1119 2915 1186 2970 ad
1231 2929 1453 2969 sexuum
1495 2911 1856 2967 conditionem

278 3013 471 3084 magis,
521 3027 680 3082 quam
722 3009 788 3064 ad
843 3007 1126 3064 criminum
1171 3003 1418 3073 respiciat
1461 3003 1714 3056 ultionem
1743 3039 1758 3066 ,
1800 3007 1860 3053 ut

276 3108 444 3161 omnia
469 3104 718 3159 animalia
748 3103 894 3157 nullo
923 3099 1181 3154 maculata
1211 3104 1447 3167 peccato,
1481 3093 1578 3148 hos
1605 3105 1855 3162 angores,

279 3199 369 3254 hos
405 3197 640 3270 gemitus
666 3197 718 3250 in
750 3193 1099 3266 parturitione
1129 3187 1427 3261 patiantur?
1453 3187 1556 3242 Per
1582 3185 1724 3256 quod
1761 3200 1858 3254 ap-

281 3302 440 3363 paret,
484 3299 860 3363 argumentum
894 3303 998 3342 non
1029 3300 1150 3340 esse
1177 3282 1418 3354 peccati,
1450 3279 1592 3351 quod
1632 3277 1858 3334 inveniri

278 3387 428 3440 etiam
458 3386 580 3441 sine
612 3391 829 3454 peccato
856 3387 1048 3451 potest.
1079 3375 1277 3432 Deinde
1305 3379 1678 3445 promoventes
1701 3369 1860 3424 affer-

281 3479 341 3534 tis
378 3477 537 3544 aliud,
568 3477 737 3531 multo
781 3473 1190 3544 ineptissimum.
1216 3469 1331 3525 Non
1375 3467 1603 3532 doleret,
1645 3466 1854 3536 inquis,

281 3571 484 3637 femina,
523 3569 634 3625 nisi
679 3577 820 3623 esset
863 3565 1145 3622 criminum
1177 3563 1459 3634 particeps.
1489 3560 1684 3615 Verum
1716 3559 1858 3613 illico

279 3664 494 3718 subditis
511 3705 526 3730 ,
555 3661 666 3718 Sed
699 3661 798 3716 hoc
826 3668 1099 3729 peccaturo
1121 3699 1137 3724 ,
1169 3665 1386 3726 propter
1409 3653 1550 3724 quod
1576 3653 1720 3708 dolet
1741 3669 1859 3707 mu-

281 3753 387 3820 lier,
418 3770 520 3808 non
554 3754 608 3807 in
637 3752 896 3822 pariente,
928 3757 1176 3804 cancrum
1207 3748 1258 3801 in
1286 3754 1537 3800 nascente
1561 3744 1860 3815 deprehen-

280 3846 428 3900 ditur.
450 3845 586 3901 Naut
617 3845 737 3899 ideo
777 3851 831 3898 et
867 3842 1146 3912 baptizalte
1176 3838 1428 3892 mulieres
1456 3878 1470 3901 ,
1509 3836 1689 3890 libera:
1715 3877 1730 3902 ,
1756 3835 1858 3901 ais,

281 3939 468 4010 agitant
494 3954 524 3993 a
557 3945 780 4008 peccato
799 3933 855 3999 l’;
885 3932 981 3989 sed
1011 3947 1107 4003 pro
1133 3930 1360 3984 filiorum
1395 3927 1694 3997 iniquitate,
1723 3941 1859 3996 quos

283 4029 454 4097 edunt,
479 4026 816 4085 fecunditatis
839 4039 949 4079 sua:
975 4019 1371 4077 difﬁcultatibus
1392 4016 1715 4089 afﬂiguntur.
1744 4015 1859 4083 Qua

283 4120 517 4190 opinione
544 4117 736 4174 tradux
777 4113 981 4186 peccati
1011 4128 1116 4168 non
1156 4111 1267 4183 jam
1291 4126 1321 4165 a
1346 4119 1516 4164 matre
1541 4108 1776 4164 decurrit
1806 4108 1859 4162 in

283 4211 525 4276 sobolem,
560 4208 658 4265 sed
690 4210 740 4262 in
773 4215 1019 4277 parentes
1044 4219 1072 4258 a
1102 4209 1353 4258 nascente
1379 4201 1694 4257 refunditur.
1722 4199 1854 4255 Nam

284 4301 326 4355 si
347 4302 458 4355 ideo
483 4300 678 4355 mulier
701 4297 961 4369 baptizata
988 4294 1149 4349 sentit
1171 4293 1386 4348 dolores
1407 4333 1420 4356 ,
1455 4291 1578 4362 quia
1613 4291 1863 4362 iniquita-

289 4399 358 4445 tes
381 4392 720 4446 inveniuntur
740 4388 790 4442 in
817 4385 1072 4456 parvulo;
1099 4384 1286 4454 supina
1308 4383 1492 4450 incipit
1513 4381 1698 4436 tradux
1716 4395 1857 4449 esse,

288 4499 382 4536 non
410 4499 598 4553 prona.
629 4482 698 4537 At
721 4481 743 4513 '
777 4496 882 4535 non
915 4478 1036 4533 ideo
1057 4476 1345 4542 cruciatur,
1377 4475 1498 4546 quia
1528 4474 1857 4544 iniquitatem

288 4573 414 4629 ﬁlius
443 4575 637 4630 habet:
662 4572 755 4628 sed
783 4571 906 4626 ideo
934 4571 1054 4641 quia
1083 4584 1203 4623 eam
1231 4582 1414 4622 secum
1447 4566 1579 4635 ipsa,
1609 4580 1730 4619 cum
1761 4581 1857 4618 na-

287 4677 528 4732 sceretur,
561 4665 867 4722 advexerat.
901 4662 1099 4717 Verum
1130 4663 1231 4714 hoc
1261 4659 1456 4713 malum
1498 4657 1762 4712 sublatum
1789 4657 1858 4712 ab

286 4772 340 4808 ea
365 4773 452 4826 per
475 4759 698 4829 gratiam
729 4755 940 4809 dixeras
964 4770 976 4805 :
1000 4751 1046 4808 si
1076 4765 1202 4821 ergo
1235 4757 1454 4819 peccato
1480 4748 1639 4802 dolor
1681 4759 1858 4816 partu-

289 4851 461 4907 rientis
489 4851 794 4907 adhaerebat
817 4891 832 4913 ,
864 4848 1063 4903 amotio
1093 4845 1295 4916 peccati
1338 4843 1597 4899 cruciatui
1628 4842 1858 4913 parturi-

289 4941 478 4996 tionum
505 4943 690 4997 debuit
731 4939 954 4994 mederi.
984 4939 1089 4992 Ant
1115 4937 1158 4990 si
1190 4936 1454 4990 cruciatus
1483 4933 1570 4988 hic
1611 4935 1727 4988 sine
1757 4933 1856 4988 ini-

287 5038 472 5101 quitate
495 5053 614 5092 esse
640 5050 743 5090 non
769 5041 980 5106 potest,
1013 5031 1103 5104 qui
1131 5040 1308 5085 tamen
1337 5037 1455 5098 post
1496 5029 1768 5098 Baptisma
1798 5029 1853 5084 in

290 5123 484 5182 feminis
510 5128 807 5192 invenitur;
835 5125 1086 5195 iniquitas
1114 5137 1326 5194 quoque
1351 5121 1432 5177 eis
1457 5135 1562 5175 non
1587 5131 1670 5176 est
1693 5119 1820 5176 dem
1836 5150 1854 5160 -

295 5427 302 5436 _
348 5369 361 5399 ι
384 5369 678 5436 μείλια-ιφ,
717 5361 1107 5429 qumdoquidem
1128 5362 1197 5415 vis
1217 5361 1372 5414 illum.
1420 5367 1473 5411 At
1496 5369 1600 5411 ιιιεε.
1621 5399 1633 5423 ,
1660 5363 1856 5425 quando

287 5426 472 5520 implere
488 5427 554 5479 ria
572 5427 726 5501 illum.

393 5497 464 5520 ριν
483 5496 568 5520 \Iaa
611 5498 658 5520 In
683 5498 726 5520 ιη

393 5497 464 5538 Sic
483 5496 597 5558 uss.
611 5498 660 5540 tn
683 5493 841 5558 \jign.,
866 5485 1126 5558 quiquia“.

347 5550 366 5613 ἓ
399 5553 676 5613 vignierius,
701 5550 768 5602 in.
796 5558 850 5600 Αι
873 5550 1108 5613 διεεηῇὶια.

345 5611 363 5642 δ
392 5608 618 5664 siévetus
637 5608 792 5664 codex
819 5619 940 5662 Port.
968 5609 1051 5661 Alii
1077 5622 1195 5661 vero
1235 5615 1340 5660 Mss.
1378 5622 1487 5660 cum
1512 5609 1682 5672 editis,
1709 5608 1856 5661 libere

285 5673 379 5732 eis,
401 5673 603 5735 agitante
635 5681 841 5736 peccato.

346 5736 364 5767 ³
395 5737 582 5798 Supple,
605 5737 802 5798 inquies.

1651 321 1849 382 LIBER
1887 320 2172 381 SEXTUS.

3421 340 3557 396 1362

1978 450 2064 510 pta
2097 455 2190 510 per
2220 441 2481 512 gratiam,
2529 454 2582 499 et
2623 447 2808 502 evilnit
2854 463 3043 520 pompa
3090 452 3450 525 Baptismatis.
3496 459 3554 514 Si

1969 541 2148 586 autem
2177 533 2229 587 in
2275 533 2357 590 his
2400 537 2668 607 mysteriis
2693 553 2753 593 ea
2786 556 2945 609 quam
2984 557 3082 598 nos
3123 548 3411 614 credimus,
3443 564 3554 605 non

1969 638 2068 678 vos
2095 624 2291 695 ﬁngitis
2312 666 2326 689 ,
2375 626 2472 682 fuit
2505 629 2672 685 virtus
2709 639 2763 686 et
2809 632 3027 700 veritas,
3059 635 3431 708 sublatumque
3474 651 3557 695 est

1971 730 2131 771 omne
2164 727 2455 791 peccatum
2479 765 2494 785 ,
2526 733 2769 778 remanet
2798 723 2954 779 dolor
2998 736 3208 792 tamen,
3240 730 3329 799 qui
3375 741 3557 800 partus

1971 806 2284 863 difficultate
2306 822 2626 879 generatur;
2656 813 2994 869 manifestum
3021 825 3103 871 est
3129 818 3275 873 illum
3301 825 3554 888 gemitum

1969 908 2172 954 natura:
2217 900 2445 956 indicem
2490 918 2610 958 esse
2633 945 2648 969 ,
2680 919 2785 958 non
2827 907 3033 974 culpae;
3063 923 3219 977 quem
3267 918 3316 964 te
3346 927 3556 981 quoque

1968 999 2236 1046 annuente
2265 993 2555 1061 patiuntur,
2586 1009 2718 1064 quas
2744 1011 2772 1047 a
2802 995 3216 1052 Manichaeorum
3246 1011 3466 1070 peccato
3492 1000 3557 1056 li.

1970 1082 2180 1138 heratas
2211 1084 2409 1138 fateris.
2440 1085 2607 1140 Porro
2638 1087 2689 1140 id
2729 1090 2990 1158 exemplis
3019 1106 3200 1160 rerum~
3221 1092 3352 1147 solis
3391 1109 3556 1164 appa-

1969 1173 2112 1228 ruit:
2136 1175 2180 1228 si
2210 1191 2337 1229 vero
2369 1177 2712 1246 inspiciamus
2750 1187 2808 1233 et
2852 1180 3018 1249 ipsius
3047 1182 3207 1236 verba
3249 1187 3552 1250 senteiitiae,

1969 1281 2052 1320 me
2083 1267 2168 1319 illa
2197 1277 2405 1322 vestras
2429 1270 2650 1324 nebulas
2669 1271 3030 1340 splendidiore
3063 1272 3267 1344 fulgore
3306 1276 3436 1329 solis
3465 1292 3552 1330 ra-

1967 1359 2070 1414 diis
2096 1359 2369 1414 disSolvet.
2401 1360 2514 1414 Non
2556 1372 2640 1416 est
2678 1363 2874 1433 quippe
2901 1363 3101 1419 dictum
3139 1366 3206 1420 ad
3250 1367 3551 1431 mulierem,

1966 1449 2217 1504 Orientur
2242 1452 2293 1505 in
2340 1461 2391 1506 te
2429 1452 2663 1518 dolores,
2690 1464 2802 1520 aut,
2836 1455 3118 1510 Generabo
3166 1457 3256 1511 tibi
3285 1458 3551 1527 gemitus;

1968 1551 2023 1595 ut
2053 1551 2168 1610 post
2187 1545 2396 1612 culpam
2421 1559 2610 1598 sensus
2632 1559 2816 1598 eorum
2842 1547 3043 1601 institui
3071 1547 3376 1602 viderentur
3399 1567 3412 1603 :
3435 1549 3552 1616 sed,

1968 1633 2335 1704 Multiplicans,
2365 1636 2553 1705 inquit,
2578 1635 2924 1707 multiplicabo
2953 1639 3184 1694 tristitia:
3209 1650 3340 1694 tuas.
3371 1640 3555 1697 Osten-

1965 1725 2043 1780 dit
2067 1729 2177 1796 jam
2204 1742 2322 1782 esse
2365 1728 2416 1782 in
2459 1729 2686 1782 naturali
2718 1730 2924 1784 ratione
2944 1770 2959 1796 ,
2989 1731 3130 1800 quod
3176 1747 3234 1785 se
3265 1732 3317 1785 in
3367 1747 3557 1802 pecca-

1968 1821 2098 1875 trice
2127 1835 2351 1890 persona
2383 1837 2486 1875 non
2513 1821 2741 1876 condere
2761 1865 2776 1888 ,
2806 1822 2900 1877 sed
2944 1823 3300 1892 multiplicare
3327 1825 3552 1894 promit-

1968 1914 2048 1968 tit.
2081 1913 2362 1982 Nunquam
2407 1915 2603 1984 quippe
2645 1915 3058 1985 multiplicantur
3102 1916 3201 1970 nisi
3247 1917 3552 1972 exstantia:

1965 2014 2214 2058 ceterum
2244 2014 2527 2073 antequam
2559 2005 2683 2069 sint,
2712 2005 2824 2059 fieri
2855 2005 3070 2075 quidem
3097 2006 3310 2075 proprie
3330 2047 3344 2070 ,
3367 2007 3553 2076 augeri

1965 2105 2142 2150 autem
2165 2111 2503 2167 praepropere
2537 2105 2927 2165 nuncupantur.
2961 2097 3216 2166 Denique,
3244 2113 3310 2150 ne
3337 2097 3435 2150 hoc
3454 2113 3554 2150 no-

1967 2196 2138 2241 strum
2173 2188 2360 2256 magis,
2393 2202 2550 2257 quam
2583 2187 2749 2256 ipsius
2777 2187 3014 2241 veritatis
3040 2201 3159 2242 esse
3182 2188 3442 2253 videatur,
3469 2189 3554 2244 hic

1967 2278 2018 2332 in
2047 2280 2250 2333 cunctis
2293 2278 2650 2333 animantibus
2694 2279 2976 2335 verborum
3018 2279 3246 2333 refertur
3282 2277 3415 2333 ordo
3441 2294 3554 2333 ser-

1966 2378 2136 2424 vatus.
2170 2370 2242 2423 De
2283 2369 2498 2425 homine
2535 2385 2750 2440 quoque
2797 2370 3103 2439 priusquam
3148 2369 3338 2425 ﬁeret;
3368 2368 3554 2424 Facia-

1964 2479 2078 2517 mus
2097 2504 2110 2527 ,
2144 2463 2312 2532 inquit
2341 2462 2478 2518 Deus
2499 2504 2513 2528 ,
2546 2463 2797 2516 hominem
2828 2461 2897 2515 ad
2924 2463 3196 2534 imaginem
3237 2471 3282 2515 et
3312 2463 3554 2516 similitu-

1964 2553 2132 2606 dinem
2178 2563 2404 2606 nostram
2449 2552 2603 2623 (Gen.
2636 2569 2688 2619 ι,
2719 2553 2812 2622 26)
2839 2561 2930 2607 :et
2969 2552 3146 2606 denuo
3175 2553 3242 2608 de
3289 2553 3511 2608 muliere
3534 2594 3550 2620 ,

1965 2643 2128 2708 Dixit,
2161 2645 2350 2715 inquit,
2380 2643 2516 2698 Deus
2537 2686 2552 2709 ,
2582 2643 2704 2698 Non
2733 2655 2804 2698 est
2829 2645 3018 2698 bonum
3051 2660 3156 2698 esse
3198 2645 3362 2697 solum
3389 2645 3552 2698 homi-

1963 2755 2116 2804 nem;
2149 2740 2400 2810 faciamus
2441 2739 2488 2792 ci
2513 2738 2826 2810 adjutorium
2855 2737 3020 2792 simile
3058 2739 3140 2792 sui
3166 2738 3291 2808 (Id.
3321 2755 3390 2805 ιι,
3420 2737 3550 2809 18).

1963 2828 2153 2885 Postea
2184 2844 2312 2884 vero
2354 2844 2512 2900 quam
2544 2830 2664 2884 facti
2706 2839 2831 2884 sunt
2855 2870 2869 2893 ,
2897 2829 3160 2884 Benedixit
3189 2831 3263 2884 eis
3290 2872 3303 2896 ,
3337 2831 3506 2902 inquit
3533 2873 3549 2900 ,

1961 2919 2168 2984 dicens,
2195 2918 2416 2976 Crescite
2437 2962 2450 2984 .
2481 2930 2527 2976 et
2563 2921 3006 2992 multiplicamini,
3039 2931 3086 2975 et
3114 2921 3318 2992 implete
3359 2932 3547 2977 terram

1964 3012 2072 3083 (Id.
2105 3029 2142 3077 ι,
2169 3012 2282 3088 28).
2320 3014 2621 3084 Antequam
2663 3014 3002 3078 conderetur,
3035 3029 3138 3068 non
3183 3023 3267 3068 est
3307 3015 3506 3069 dictum
3530 3055 3548 3083 ,

1962 3101 2414 3172 Multiplicentur;
2457 3105 2573 3170 sed,
2605 3104 2721 3158 Fiat
2747 3103 2905 3158 homo
2930 3123 2943 3156 :
2968 3112 3309 3174 posteaquam
3349 3106 3551 3159 exstitit

1961 3194 2053 3264 qui
2095 3195 2361 3266 acciperet
2417 3197 2782 3261 incrementa,
2829 3205 3219 3265 consequenter
3271 3196 3547 3266 adjungit,

1964 3285 2215 3352 Crescite,
2261 3296 2308 3340 et
2354 3286 2799 3356 multiplicamini,
2848 3295 2894 3339 et
2935 3287 3138 3357 implete
3181 3295 3384 3340 terram.
3440 3287 3551 3342 Hoc

1963 3377 2142 3448 itaque
2166 3377 2352 3432 ordine
2391 3379 2618 3453 gemitus
2645 3380 3054 3448 parturitionum
3074 3421 3087 3442 ,
3117 3380 3205 3449 qui
3253 3379 3547 3434 secundum

1962 3479 2203 3524 naturam
2231 3468 2427 3537 fuerat,
2457 3469 2528 3524 ita
2559 3485 2611 3525 tu
2646 3471 2918 3524 hominum
2949 3471 3262 3541 corporibus
3284 3514 3299 3538 ,
3330 3472 3467 3526 sicut
3497 3472 3548 3528 in

1954 3561 2243 3639 pecoribus
2273 3561 2576 3627 institutus,
2611 3577 2715 3616 non
2746 3561 2996 3617 conditur
3039 3564 3090 3617 in
3121 3561 3232 3617 Eva
3256 3605 3269 3625 .
3302 3561 3396 3617 sed
3427 3578 3550 3618 crc-

1963 3653 2096 3719 scit,
2128 3662 2184 3707 ut
2212 3653 2466 3724 peculiari
2496 3652 2794 3724 granditate
2822 3654 3172 3708 excitaturum
3220 3653 3548 3724 afﬂigeretur

1963 3757 2242 3813 angorum.
2268 3743 2377 3798 Nec
2405 3753 2578 3799 tamen
2605 3744 2671 3798 ad
2716 3755 2941 3814 posterae
2970 3747 3141 3800 aetatis
3172 3745 3415 3811 feminas,
3449 3747 3549 3800 nisi

1965 3835 2190 3890 naturali
2219 3835 2587 3891 mediocritate
2612 3845 2662 3890 et
2690 3851 2972 3906 corporum
3001 3839 3258 3892 varietate
3286 3840 3549 3909 pertinge-

1965 3937 2104 3983 rcnt.
2135 3927 2209 3982 lbi
2239 3944 2388 3999 ergo,
2419 3944 2524 3984 non
2555 3937 2614 3983 ut
2651 3927 2857 3983 doleret
2886 3929 2937 3983 in
2963 3930 3218 3999 pariendo
3247 3930 3459 3993 mulier,
3479 3932 3550 3987 de

1965 4029 2184 4090 peccato
2214 4020 2341 4086 fuit;
2374 4019 2467 4075 sed
2508 4028 2563 4075 ut
2591 4018 2748 4073 nimis
2773 4019 2980 4074 doleret
3004 4038 3018 4073 :
3041 4019 3180 4075 sicut
3217 4021 3378 4076 etiam
3411 4029 3549 4075 tem-

1965 4111 2185 4181 poribus
2226 4111 2456 4166 diversis
2498 4110 2799 4166 debilitates
2827 4126 3108 4180 corporum
3153 4127 3252 4182 pro
3281 4113 3512 4182 peccatis
3534 4154 3549 4178 ,

1966 4201 2281 4273 quibusdam
2314 4203 2537 4272 legimus
2565 4202 2822 4258 accidisse
2848 4221 2860 4256 :
2885 4203 2978 4257 sed
3011 4219 3114 4256 non
3161 4203 3248 4257 illa
3279 4204 3551 4272 ampliatio

1971 4293 2308 4349 miseriarum
2342 4293 2721 4364 parcimoniam
2752 4293 2894 4347 modi
2922 4293 3178 4348 naturalis
3207 4294 3415 4348 evertit.
3444 4292 3552 4348 Nec

1968 4393 2144 4440 tamen
2190 4386 2366 4440 omnia
2414 4401 2532 4457 qua:
2578 4386 2629 4440 in
2660 4385 2847 4440 eadem
2881 4385 3144 4440 sententia
3189 4385 3549 4450 continentur,

1966 4477 2439 4532 animadvertentis
2460 4477 2640 4545 vigore
2659 4476 2992 4530 clauduntur.
3015 4473 3278 4530 Caeterum
3305 4474 3550 4544 quaedam

1967 4571 2036 4625 ibi
2072 4587 2192 4641 pars
2222 4571 2420 4625 indicat
2445 4569 2712 4634 meritum,
2739 4567 2982 4638 quaedam
3009 4567 3256 4638 designat
3292 4566 3550 4622 officium.

1968 4661 2339 4733 Multiplicans,
2370 4661 2573 4732 inquit,
2604 4661 2952 4732 multiplicabo
2977 4661 3205 4715 tristitia:
3234 4669 3349 4715 tuas
3374 4669 3419 4714 et
3465 4677 3552 4731 ge-

1967 4757 2140 4810 mitum
2171 4763 2351 4820 tuum;
2380 4757 2432 4809 in
2455 4755 2656 4810 tristitia
2685 4757 2852 4822 paries
2878 4755 3031 4824 ﬁlios.
3059 4754 3173 4810 Huc
3199 4770 3367 4825 usque
3398 4755 3550 4820 ultio,

1965 4863 2122 4918 quam
2155 4863 2259 4902 non
2303 4857 2510 4915 natura,
2555 4847 2648 4902 sed
2677 4861 2901 4917 persona
2937 4847 3248 4916 promeruit.
3280 4846 3396 4901 Jam
3431 4846 3554 4901 hinc

1965 4939 2629 5009 simpliciter'posterioris
2676 4954 2838 4994 sexus
2879 4953 3072 4992 munus
3110 4935 3446 4994 ostenditur:
3471 4937 3552 4989 Ad

1967 5034 2148 5101 viruit,
2179 5032 2369 5103 inquit,
2401 5043 2542 5087 tuum
2568 5032 2823 5086 conversio
2861 5041 2963 5096 tua,
2996 5039 3043 5084 et
3080 5031 3188 5100 ipse
3212 5030 3286 5084 tui
3311 5029 3548 5084 domina-

1966 5125 2115 5180 bitur.
2147 5124 2260 5180 Hoc
2290 5125 2535 5178 nimirum
2567 5139 2672 5177 non
2700 5131 2902 5192 spectat
2925 5122 2991 5176 ad
3024 5136 3256 5192 penam,
3279 5121 3420 5193 quod
3450 5120 3548 5174 nisi

1965 5227 2144 5284 esset,
2177 5225 2442 5286 spectaret
2487 5214 2552 5270 ad
2593 5215 2802 5284 culpam
2829 5232 2841 5266 ε
2866 5222 2924 5268 ιιι
2967 5217 3081 5268 viro
3123 5215 3318 5285 quippe
3357 5211 3550 5266 mulier

1965 5308 2206 5363 modesto
2233 5307 2487 5362 subdatur
2513 5306 2701 5361 aﬂ’ectu
2731 5349 2746 5374 ,
2775 5306 2906 5361 ordo
2935 5315 3018 5361 est
3043 5348 3059 5372 ,
3089 5305 3403 5377 supplicium
3435 5318 3540 5357 non

1964 5409 2065 5454 est.
2097 5399 2261 5470 Caput
2288 5400 2452 5464 enim,
2486 5399 2776 5454 secundum
2811 5399 3155 5471 Apostolum,
3185 5393 3441 5461 mulieris,
3471 5393 3549 5448 vir

1967 5491 2182 5563 (EpIm.
2214 5496 2272 5561 ‘v,
2314 5492 2409 5564 23)
2436 5511 2448 5546 ε
2474 5493 2596 5563 quia
2643 5509 2745 5546 non
2790 5503 2862 5547 est
2907 5500 3102 5545 creatus
3149 5490 3296 5541 homo
3342 5497 3548 5558 propter

1966 5585 2242 5648 mulierem,
2274 5585 2364 5640 sed
2403 5585 2583 5639 mulier
2613 5594 2816 5656 prapter
2842 5585 3002 5638 virum
3028 5580 3084 5654 (1
3112 5578 3230 5634 Cor.
3261 5595 3334 5645 xi,
3360 5578 3454 5650 9).
3489 5579 3545 5634 Si

1964 5692 2092 5748 ergo
2118 5685 2276 5746 caput
2314 5692 2468 5732 suum
2497 5691 2733 5746 congruo
2764 5674 2963 5746 pudore
3005 5679 3309 5735 veneretur,
3342 5680 3545 5726 naturae

1966 5769 2204 5826 instituta
2231 5771 2498 5842 custodit,
2531 5786 2635 5827 non
2682 5770 2881 5839 peccati
2923 5777 3182 5824 tormenta
3210 5766 3537 5839 perpetitur,
